4010 6212
2642 233 2669 253 ἡ

389 315 496 379 615
1712 300 2063 366 PROCOPII
2100 294 2341 361 GAZEI
3529 284 3647 351 θὶϐ

391 424 645 479 sublimia
662 429 717 477 et
732 421 984 477 abstrusa
1005 418 1300 490 theologia:
1330 418 1633 483 scrutatur,
1657 416 1833 485 inquit
1855 427 2047 482 magna
2067 409 2473 467 asseveratione
2502 424 2556 461 τι
2585 399 2752 460 Deum
2781 416 2938 457 nemo
2964 398 3093 455 vidit
3121 412 3358 490 unquam
3381 398 3481 462 “,i
3501 411 3643 490 etc.,

391 510 536 580 quod
584 507 924 578 proloquium
961 487 1252 575 signiﬁcat,
1312 505 1478 560 nullis
1537 503 1848 558 intellectus
1901 499 2122 555 humani
2182 497 2389 551 viribus
2440 495 2534 549 Dei
2596 491 2846 580 notitiam
2899 487 3288 580 comprehendi
3346 502 3525 580 posse.
3556 487 3654 540 ln—

393 575 617 668 gressus
667 575 834 666 igitur
872 605 978 661 est,
1015 595 1117 660 ait,
1147 593 1330 648 Moses
1360 593 1415 647 iu
1443 592 1753 662 caliginem,
1786 590 1878 644 tibi
1922 587 2066 643 Deus
2100 593 2242 650 erat,
2277 601 2295 633 ι
2321 581 2412 652 qui
2450 580 2630 651 posuit
2668 576 2926 633 tenebras
2953 578 3197 630 velamen
3237 589 3397 629 suum
3419 575 3487 634 ",
3521 594 3540 626 ι
3581 585 3653 630 ut

396 685 542 739 cauit
574 681 742 735 David
773 681 1158 736 arcanissituis
1190 681 1441 734 initiatus
1471 678 1766 749 mysteriis.

466 772 652 824 Altare
670 785 699 823 ε
728 778 871 824 terra
898 768 1102 840 facietis
1133 768 1284 832 milii,
1315 778 1422 822 etc.
1442 763 1584 838 [XX,
1609 762 1728 835 ΞΜ]
1741 763 1824 817 Ab
1842 762 1989 817 omni
2015 759 2320 815 idololatria
2350 757 2551 812 avertit
2568 770 2699 810 suos
2721 752 2888 818 Deus,
2909 759 2975 806 et
2993 752 3060 806 ad
3090 767 3149 804 se
3187 750 3365 805 solum
3400 749 3651 821 ipsorum

399 860 617 914 animos
645 856 942 912 convertit.
975 855 1204 909 Vidistis
1236 854 1408 916 enim,
1439 857 1583 921 quod
1615 853 1682 906 de
1723 851 1887 911 cado,
1927 847 2084 917 cujus
2105 863 2207 920 ego
2230 861 2353 904 sum
2379 846 2658 909 conditor,
2693 843 2972 897 vobiscum
3009 841 3112 894 sim
3148 840 3473 893 collocutus.
3505 841 3652 904 Quia

400 957 579 999 autem
610 959 705 1014 per
742 941 938 997 Filium
976 941 1304 996 adducimur
1326 941 1395 994 ad
1425 940 1665 1001 Patrem,
1695 938 1764 992 de
1792 937 1914 1006 ipso
1947 950 2165 1005 quoque
2189 936 2335 1004 leges
2366 934 2569 998 sancit,
2595 933 2868 1001 docetque
2900 927 3181 999 quomodo
3214 927 3268 981 in
3304 928 3424 997 ipso
3452 928 3657 980 debea-

404 1048 525 1086 mus
564 1032 711 1083 l'erre
744 1030 975 1081 fructus.
1014 1026 1135 1097 Ipse
1165 1036 1250 1083 est
1286 1029 1459 1081 altare
1486 1027 1556 1080 de
1586 1036 1731 1081 terra
1767 1031 2032 1078 erectum.
2063 1021 2201 1088 Quia
2248 1020 2550 1088 assumpsit
2601 1032 2847 1081 carnem,
2896 1032 3017 1086 quae
3043 1014 3265 1085 quidem
3313 1022 3529 1068 terrena
3566 1019 3657 1066 est

402 1117 447 1170 si
490 1114 773 1168 materiam
806 1114 1091 1181 inspicias.
1121 1112 1177 1166 ln
1226 1112 1332 1167 hoc
1359 1112 1689 1167 adducimur
1732 1120 1786 1165 et
1827 1109 2125 1164 oﬂ'erimur.
2153 1106 2289 1163 Nam
2325 1108 2446 1177 ipse
2473 1114 2752 1161 testatur:
2789 1122 2808 1155 ι
2835 1104 2964 1157 Sine
2998 1118 3084 1156 me
3111 1102 3246 1155 nihil
3294 1101 3521 1171 potestis
3560 1098 3655 1155 fa-

404 1218 530 1257 cere
560 1201 628 1253 “.
669 1221 690 1253 ο
732 1196 868 1265 illis,
899 1201 990 1270 qui
1023 1202 1195 1256 altare
1239 1200 1633 1262 exstruxerint,
1669 1199 1962 1269 pollicetur
1988 1212 2145 1252 suum
2174 1194 2466 1249 adventum
2498 1199 2553 1247 et
2599 1188 3062 1246 benedictionem.
3099 1184 3384 1255 Siquidem
3434 1196 3491 1240 et
3539 1185 3654 1246 his.

405 1290 500 1360 qui
531 1299 687 1359 typos
718 1293 1071 1357 acceperunt,
1103 1287 1351 1342 veritatis
1375 1297 1631 1340 exortum
1659 1284 1959 1352 est-jubar,
1989 1282 2199 1338 scilicet
2233 1279 2512 1333 Christus.
2550 1275 2599 1331 ls
2629 1277 2720 1331 ille
2752 1282 2857 1338 est,
2896 1274 2989 1337 qui
3024 1288 3139 1329 uos-
3159 1272 3378 1327 caelitus
3409 1273 3661 1325 collocu-

407 1359 632 1445 pletavﬁ
668 1382 725 1428 et
758 1374 953 1428 ditavit
980 1382 1185 1427 interna
1217 1372 1619 1437 benedictione,
1670 1385 1836 1441 quam
1874 1369 2189 1440 impartitur
2233 1364 2419 1419 Pater.
2454 1362 2560 1416 Per
2591 1363 2743 1416 illum
2800 1359 3048 1430 adoptati
3093 1373 3287 1414 sumus
3323 1373 3337 1411 ε
3375 1374 3495 1426 qua
3523 1359 3667 1411 ado-

409 1444 525 1534 ptio
555 1464 881 1518 coulirtuata
919 1469 1000 1514 est
1031 1459 1241 1530 Spiritu
1277 1469 1491 1513 sancto.
1526 1459 1793 1514 Praeterea
1817 1447 1962 1523 quod
2013 1455 2292 1524 sequitur,
2325 1466 2547 1520 quoque
2578 1450 2633 1503 in
2676 1449 2900 1503 Christo
2945 1444 3200 1501 effectum
3233 1446 3487 1510 sortitur,
3519 1446 3659 1499 dum

409 1551 664 1620 principit
698 1554 757 1599 ut
808 1560 903 1599 ara
935 1554 1296 1600 construatur
1323 1562 1387 1599 ex
1411 1545 1689 1615 lapidibus
1717 1560 1827 1599 non
1860 1544 2043 1614 politis
2077 1560 2239 1596 manu
2276 1540 2526 1594 artilicis.
2553 1538 2809 1594 Christus
2860 1551 3096 1604 namque
3129 1535 3233 1589 fuit
3254 1534 3397 1604 lapis
3419 1535 3665 1598 electus.

398 1637 712 1705 'attgulat‘is,
763 1637 1065 1703 pretiosus,
1102 1647 1204 1687 nec
1236 1633 1347 1686 ullo
1384 1643 1612 1703 pet-cato
1639 1635 2074 1687 consauciatus:
2115 1629 2337 1683 nescius
2372 1627 2630 1697 excipere
2656 1627 2904 1690 vulnera,
2950 1639 3072 1691 qua:
3100 1622 3425 1677 mortalibus
3464 1621 3668 1690 inlligit

412 1724 687 1793 diabolus.
732 1720 841 1774 Nec
874 1719 1144 1773 dividitur
1170 1722 1403 1775 seorsim
1442 1721 1493 1773 in
1528 1718 1698 1775 Deum
1737 1730 1792 1774 et
1828 1718 2125 1773 hominem.
2161 1714 2278 1768 Non
2322 1715 2468 1768 enim
2504 1712 2717 1766 divisus
2748 1719 2855 1774 est,
2889 1719 2949 1763 ut
2978 1717 3215 1765 testatur
3246 1708 3467 1764 divinus
3509 1710 3666 1779 Apo‘

415 1807 684 1865 stolus'“.
717 1805 812 1860 Vel
849 1807 1060 1875 lapides
1093 1807 1345 1875 impoliti,
1380 1806 1696 1873 siguilieant
1736 1806 2021 1860 ministros
2071 1803 2161 1857 Dei
2207 1817 2316 1857 non
2363 1816 2487 1856 esse
2517 1798 2921 1855 abstrahendos
2961 1798 3015 1851 iit
3068 1797 3220 1850 varia
3257 1807 3311 1851 et
3346 1795 3534 1851 mundi
3563 1813 3668 1851 ne-

417 1897 563 1966 gotia
594 1913 608 1949 :
649 1895 745 1950 sed
782 1894 986 1963 pariter
1032 1908 1271 1962 corpure
1301 1900 1356 1946 et
1399 1892 1588 1945 animo
1614 1892 1812 1948 debere
1842 1907 1963 1947 esse
1991 1891 2210 1946 deditos
2251 1898 2305 1944 et
2353 1896 2703 1943 Consecratus
2737 1887 2907 1941 cultui
2938 1885 3147 1950 divino,
3182 1894 3241 1938 ut
3275 1884 3376 1940 fuit
3408 1893 3666 1942 sanctum

422 1983 520 2038 Dei
577 1983 862 2050 templttm.
900 1979 1224 2048 Prophetico
1251 1986 1436 2032 autem
1474 1993 1625 2033 more
1662 1979 1910 2049 praedicit
1960 1981 2090 2033 oliui
2124 1979 2262 2042 fore,
2304 1989 2363 2032 ut
2409 1976 2761 2031 circumcisio
2815 1975 3122 2029 abolentur.
3191 1992 3209 2025 ι
3239 1972 3352 2028 Nec
3395 1973 3672 2029 ascendes

431 2070 696 2140 gradibus
725 2068 791 2119 ad
819 2082 995 2131 aram,
1030 2085 1049 2117 ι
1094 2066 1144 2120 id
1177 2074 1283 2130 est,
1312 2065 1390 2120 Ne
1424 2067 1502 2120 sis
1534 2076 1913 2136 transgressor
1941 2068 2095 2138 legis.

491 2155 560 2209 Et
595 2156 707 2208 luet:
739 2154 1037 2219 sutttjura,
1061 2159 1172 2205 etc.
1214 2150 1380 2224 [ΧΧΙ.
1416 2151 1494 2224 1.]
1522 2151 1672 2208 luris
1701 2153 1930 2209 l‘ormatn
1963 2136 2134 2221 tenet,
2165 2151 2310 2223 quod
2353 2152 2530 2222 inquit
2558 2169 2571 2204 ι
2607 2149 2663 2204 Si
2704 2149 3067 2221 acquisiveris
3096 2163 3317 2204 servum
3349 2136 3669 2215 Hebraeum,

421 2256 516 2296 Sex
550 2241 708 2293 anuis
744 2244 946 2293 serviet
977 2237 1075 2292 tibi
1104 2237 1172 2291 ".
1224 2256 1243 2289 ι

495 2326 560 2381 Et
588 2330 775 2381 iterum
800 2325 886 2381 :Si
903 2326 1021 2397 quis
1043 2325 1515 2395 vendiderit/ilium
1543 2342 1698 2380 suam
1727 2327 1779 2379 in
1813 2326 2261 2387 servitutem,etc.
2288 2323 2565 2380 Iudicium
2597 2335 2704 2390 est,
2735 2324 2968 2395 exempli
3020 2306 3191 2394 gra‘tia
3220 2339 3234 2377 :
3273 2321 3330 2377 Si
3364 2321 3620 2377 sacerdut
3642 2336 3678 2374 ι

423 2415 530 2469 lilia
562 2423 803 2469 srortata
838 2413 1023 2475 fuerit,
1049 2414 1132 2467 vel
1161 2413 1497 2465 adulterium
1540 2412 1903 2478 commiserit,
1935 2412 2055 2466 viva
2093 2425 2478 2467 concremetur
2511 2431 2525 2467 :
2565 2417 2611 2469 si
2658 2424 2840 2467 autem
2888 2428 2952 2467 ex
3004 2414 3107 2469 alia
3138 2411 3310 2466 fuerit
3340 2420 3467 2464 nata
3500 2409 3675 2473 tribu.

422 2501 702 2571 lapidibus
728 2503 998 2563 obruatur
1016 2499 1083 2553 ιτ.
1123 2517 1143 2551 t
1180 2498 1519 2568 Praeceptum
1560 2510 1667 2562 est,
1698 2500 1935 2567 exempli
1970 2500 2143 2569 gratia
2174 2518 2188 2555 :
2232 2518 2251 2551 ι
2282 2500 2399 2554 Non
2424 2509 2586 2555 erunt
2617 2500 2715 2554 tibi
2745 2501 2819 2553 dii
2858 2500 2946 2552 alii
2983 2506 3180 2569 pra-ter
3214 2514 3298 2552 me
3324 2499 3389 2550 ”.
3432 2516 3451 2549 ι
3496 2499 3675 2566 Impe-

426 2592 563 2643 rium
597 2590 713 2644 sive
754 2587 1094 2647 mandatum,
1142 2587 1379 2657 exempli
1422 2587 1598 2656 gratia
1638 2605 1651 2639 :
1695 2605 1713 2637 ι
1746 2585 2049 2654 Descende,
2097 2598 2153 2643 et
2208 2588 2486 2643 obtestare
2529 2588 2670 2643 ﬁlios
2726 2588 2919 2649 Israel,
2963 2587 3155 2642 dicetis
3206 2604 3218 2638 :
3254 2585 3455 2639 Lavate
3500 2587 3677 2640 stolas

424 2684 660 2742 Vestras,
690 2684 744 2730 et
785 2674 968 2727 triduo
1003 2674 1273 2728 abstinete
1309 2675 1378 2728 ab
1426 2675 1696 2728 uxoribus
1721 2679 1789 2728 ⁸⁸.
1828 2694 1848 2728 ι
1885 2673 2290 2730 Testimonium
2324 2694 2338 2731 :
2370 2676 2649 2739 Obtestor,
2710 2676 2827 2730 sive
2877 2676 2932 2728 in
2981 2676 3360 2729 testimonium
3406 2673 3679 2728 adversus

424 2779 523 2819 vos
565 2763 724 2817 hodie
756 2777 888 2816 voco
916 2762 1119 2816 cmlum
1151 2767 1204 2814 et
1237 2756 1462 2823 terram,
1501 2760 1546 2814 si
1577 2763 1913 2832 transgressi
1942 2762 2164 2818 fueritis
2198 2762 2266 2826 '°,
2298 2781 2317 2814 ι
2365 2770 2470 2818 etc.
2505 2762 2758 2817 Adducet
2787 2778 2912 2816 eum
2953 2762 3213 2817 dominus
3246 2777 3381 2816 suus
3427 2759 3496 2815 ad
3536 2770 3676 2815 con-

425 2867 638 2907 sessum
662 2849 937 2920 judicunt.
989 2846 1064 2901 De
1094 2847 1361 2902 servitute
1390 2848 1642 2901 sexeuuii
1674 2857 1730 2902 et
1765 2851 2228 2914 manumissione,
2257 2849 2625 2905 disseruimus
2679 2850 2735 2904 in
2785 2851 3129 2919 expositione
3176 2852 3359 2919 quarti
3393 2852 3676 2920 przrcetti.

424 2937 536 2993 Pro
560 2938 772 3007 judicio
802 2944 986 2989 autem
1019 2934 1139 2989 sive
1162 2949 1431 2989 consessu
1454 2932 1706 3002 jutlicum
1733 2935 1929 3004 Aquila
1962 2938 2360 3008 interpretatus
2399 2944 2484 2991 est
2515 2956 2530 2991 ι
2564 2939 2633 2990 ad
2671 2938 2819 2992 deos.
2855 2936 2949 2991 Sic
2977 2939 3121 2991 enim
3150 2938 3365 3006 judiees
3393 2937 3678 3005 cognomi-

428 3035 654 3090 nantur,
685 3022 1046 3091 iudicumque
1076 3021 1410 3076 sententiam
1453 3020 1571 3074 sive
1597 3019 1858 3091 sullragia
1889 3035 2049 3077 vocat
2075 3024 2370 3093 judicium,
2429 3031 2489 3077 ut
2543 3039 2710 3093 supra
2743 3024 3144 3079 demonstravit
3177 3024 3378 3089 Moses,
3426 3025 3686 3094 inquit-na

429 3114 497 3165 ad
538 3109 856 3165 Jethrouem
890 3123 1145 3163 socerum
1185 3122 1200 3160 :
1241 3123 1262 3158 ι
1291 3105 1431 3172 Quia
1489 3110 1637 3176 venit
1676 3109 1743 3162 ad
1779 3125 1865 3162 me
1908 3112 2164 3180 populus,
2206 3124 2261 3166 et
2308 3113 2503 3178 quierit
2532 3112 2804 3178 judicium
2841 3129 2869 3166 a
2911 3111 3026 3168 Deo
3053 3114 3119 3168 ".
3160 3132 3178 3163 ι
3217 3114 3554 3184 Quapropter
3587 3110 3684 3165 Dei

427 3197 696 3267 judicium
724 3195 931 3249 dicitur
962 3195 1181 3263 piorum
1216 3194 1489 3249 sententia
1521 3203 1578 3249 et
1609 3196 1875 3250 calculus.
1915 3215 1934 3248 ι
1965 3198 2314 3267 Quaecunque
2343 3198 2514 3262 enim,
2547 3198 2750 3269 inquit,
2795 3199 3096 3270 ligaveritis
3125 3217 3288 3270 super
3319 3209 3489 3267 terra,
3521 3209 3686 3256 erunt

434 3289 598 3355 pgata
624 3290 679 3337 et
718 3283 772 3336 iu
798 3283 954 3336 caelis
982 3283 1050 3334 ".
1090 3298 1111 3331 ι

504 3390 671 3461 280
701 3388 935 3442 Redintet
967 3402 1105 3449 eam,
1125 3395 1233 3442 etc.
1265 3384 1433 3458 [XXL
1468 3387 1546 3459 8.]
1583 3385 1857 3443 Restituet
1895 3405 2014 3445 eam
2044 3416 2087 3465 Α

2191 3394 2472 3462 Ἀπολυτι
2489 3394 2631 3447 ὠσει
2662 3393 2878 3462 αὐτὴν,
2908 3395 3065 3465 δῆλον
3100 3397 3181 3449 ὅτι
3210 3396 3490 3460 ἀναδιδοὺς
3519 3398 3688 3467 αὐτὴν

438 3485 580 3553 patri
613 3480 892 3550 accipiens
940 3479 1061 3548 ipse
1119 3478 1355 3547 pretium
1393 3480 1669 3534 fortassis.
1717 3479 1826 3535 Sed
1890 3496 2012 3551 qua:

2112 3486 2191 3557 τῷ
2238 3488 2423 3556 πατρὶ,
2462 3485 2555 3541 καὶ
2610 3486 2901 3556 λαμὸἀνων
2955 3487 3083 3551 ἴσως
3125 3488 3187 3540 τὸ
3220 3488 3458 3558 τίμημα.
3490 3488 3596 3542 [Ιοῦ
3630 3490 3687 3542 δι

438 3574 581 3629 ratio
628 3571 893 3641 permittit
939 3580 1155 3639 atquu‘tn
1217 3585 1381 3636 esse,
1436 3580 1496 3623 ut
1540 3571 1621 3636 is,
1669 3573 1764 3638 qui
1821 3574 2014 3626 mulie-

2113 3578 2320 3630 δίκαιον
2350 3580 2444 3630 ἐπὶ
2471 3578 2774 3647 παλλακειᾳ
2806 3578 3107 3648 πριάμενον
3135 3580 3227 3632 καὶ
3267 3578 3685 3647 συγγενόμενον,

440 3681 554 3719 rein
588 3664 783 3717 emerit
807 3663 859 3716 in
899 3663 1207 3730 pellicatum
1263 3670 1318 3717 et
1356 3678 1482 3717 cum
1517 3677 1582 3717 ea
1625 3664 2012 3730 concubuerit,

2116 3665 2521 3734 ἀναλαμϐάνειν
2547 3668 2608 3718 τὸ
2630 3667 2846 3736 τίμημα
2872 3684 2887 3734 ;
2922 3667 3067 3736 Πλὴν
3099 3667 3160 3718 τὸ
3188 3668 3528 3736 ἐπαγόμενον
3560 3669 3690 3736 περὶ

439 3758 661 3813 tandem
693 3770 814 3811 eam
864 3756 1150 3809 redliiheat
1200 3756 1342 3825 patri
1389 3755 1663 3825 recipiens
1726 3756 1842 3825 ipse
1892 3770 2015 3826 pre-

2115 3756 2218 3825 τῆς
2249 3756 2351 3826 υἰῷ
2380 3757 2752 3828 συναφθείσης
2795 3760 2850 3810 ὲν
2888 3758 3165 3828 ἐπιτιμίου
3194 3759 3357 3830 λόγῳ.
3390 3761 3483 3813 τό·
3507 3779 3525 3810 ι
3566 3761 3691 3823 Ἕξ⁴

442 3851 602 3914 tiutn,
659 3847 803 3918 quod
858 3849 1013 3915 prius
1058 3861 1157 3917 pro
1214 3847 1305 3900 illa
1356 3844 2016 3902 numeraverat?Verum

2117 3843 2395 3898 ελεύσεται
2419 3846 2628 3916 δωρεὰν
2653 3847 2780 3899 ἀνευ
2804 3848 3087 3917 ἀργυρίου,
3121 3867 3139 3897 ι
3167 3848 3240 3912 ὡς
3262 3848 3469 3919 δωρεὰν
3491 3848 3693 3919 ταύτην

442 3942 587 4010 quod
625 3940 861 3994 infertur
893 3937 962 3992 de
1004 3952 1091 3999 ea,
1132 3953 1255 4006 qua:
1289 3937 1402 3991 lilio
1434 3944 1557 3992 erat
1589 3937 1859 4007 desponsa
1897 3954 2020 4009 pre-

2118 3939 2218 3991 οὐκ
2268 3933 2337 4009 ἦν
2402 3938 2639 4004 ἐξελθεῖν
2686 3939 2799 4008 (86)
2832 3938 3084 4007 (ἀπὸτοῦ
3144 3940 3519 4009 μισθώσαντος
3558 3942 3694 4011 πρὸς

444 4036 502 4086 tii
538 4034 659 4086 loco
695 4032 900 4085 dicitur
931 4048 945 4083 :
999 4046 1018 4078 ι
1045 4028 1372 4099 Egredietur
1418 4028 1612 4098 gratis,
1649 4046 1668 4080 ι
1720 4037 1852 4094 etc.,
1885 4032 2020 4085 satis

2120 4028 2210 4082 τὸν
2244 4028 2484 4100 πατέρα)
2518 4028 2641 4085 ὅθεν
2676 4028 2826 4094 ἴσως
2864 4031 2960 4083 καὶ
3016 4030 3105 4092 τὸ,
3133 4030 3420 4102 λυτρὼσει,
3452 4032 3601 4101 φησί.
3632 4033 3695 4084 Ti

443 4123 689 4179 declarat
734 4136 844 4175 non
902 4120 1073 4175 fuisse
1119 4134 1359 4189 acquum,
1398 4127 1457 4172 ut
1497 4119 1589 4173 illa
1621 4120 1797 4173 exiret
1829 4121 2019 4189 gratis.

2120 4118 2215 4175 οὖν
2252 4124 2369 4174 ἐστι
2398 4123 2480 4185 τὸ,
2518 4141 2536 4173 t
2573 4123 2686 4174 Οὐκ
2714 4120 3091 4186 ἀπελεύσεται,
3118 4122 3306 4193 ὥσπερ
3359 4122 3695 4193 ἀποτρέχου-

443 4215 790 4285 Quapropter
820 4213 964 4267 haud
997 4213 1273 4266 immerito
1303 4210 1455 4265 addit
1490 4211 1733 4278 fortassis
1772 4212 2021 4265 redimet.

2125 4228 2209 4263 σιν
2230 4213 2285 4263 αἱ
2319 4211 2542 4275 δοῦλαις
2585 4230 2606 4263 ι
2646 4211 2715 4265 "H
2737 4213 2918 4264 τοίνυν
2950 4213 3008 4265 τὸ
3040 4214 3115 4282 μὴ
3164 4212 3440 4282 πραθῆναι
3497 4213 3696 4283 ταύτην

444 4306 586 4373 Quid
626 4307 792 4373 igitur
816 4305 920 4359 sibi
967 4303 1104 4366 vult,
1149 4303 1293 4371 quod
1334 4304 1455 4356 ait:
1498 4294 2021 4369 tNou‘egredietur,

2124 4296 2169 4368 ᾧ
2195 4301 2260 4354 ἂν
2306 4302 2467 4373 ἐθέλῃ
2518 4302 2847 4372 παρίστησιν
2884 4318 2899 4333 ⁸
2950 4304 3070 4355 οὐδὲ
3111 4304 3220 4374 γὰρ
3261 4303 3402 4356 ἔθνει
3431 4303 3699 4372 ἑτέρᾳνῆ

446 4407 507 4452 ut
557 4398 761 4452 abeunt
822 4409 1016 4449 servat.
1057 4411 1074 4444 ι
1130 4391 1402 4446 Nimirum
1469 4392 1632 4446 docet
1689 4407 1799 4446 non
1858 4392 2026 4446 licere

2126 4391 2223 4445 καὶ
2275 4393 2447 4463 αὐτὴν
2489 4395 2630 4459 ἁξιοί
2697 4394 2998 4463 λαμϐάνειν
3022 4394 3057 4448 ἃ
3094 4397 3188 4447 καὶ
3214 4397 3344 4466 περὶ
3369 4396 3467 4464 τῆς
3500 4395 3577 4466 τῷ
3602 4395 3703 4464 υἱῷ

447 4490 592 4543 hanc
643 4485 949 4541 venundari
1001 4483 1361 4553 quibuslibet,
1417 4499 1522 4537 nec
1568 4493 1808 4537 exterttre
1854 4482 2025 4552 genti,

2130 4487 2543 4559 συναπτομένης
2572 4488 2758 4555 φησιν,
2793 4487 2855 4538 Εἰ
2886 4486 2943 4539 δὲ
2974 4490 3238 4557 παρεῖχεν
3273 4489 3412 4559 αὐτῇ
3448 4490 3499 4558 (ὁ
3523 4488 3706 4558 πατὴρ

450 4585 547 4632 aut
585 4578 845 4632 dominus
875 4576 1131 4628 fortassis
1168 4574 1322 4644 cupit
1356 4574 1441 4630 vel
1491 4574 1711 4630 allectat
1746 4576 1867 4645 ejus
1922 4592 2027 4630 nu-

2129 4575 2158 4627 ὁ
2192 4575 2329 4645 ἔχων
2359 4576 2459 4646 τὴν
2480 4576 2783 4646 παλλακὴν)
2812 4578 2878 4628 τὰ
2903 4576 3109 4640 δέοντα,
3146 4577 3246 4630 καὶ
3266 4577 3358 4630 τὸν
3390 4577 3705 4646 ἱματισμὸν,

453 4666 617 4735 ptias,
660 4665 824 4720 sicuti
870 4664 1125 4719 dedimus
1170 4663 1239 4719 de
1272 4665 1386 4729 illa,
1429 4681 1594 4734 quam
1642 4667 1787 4722 lilius
1819 4667 2025 4722 domini

2131 4668 2227 4720 καὶ
2272 4666 2371 4737 τὴν
2398 4668 2636 4737 ὁμιλίαν,
2678 4670 2777 4720 οὐκ
2806 4669 3006 4728 ἄδικον.
3033 4671 3080 4720 εἰ
3110 4671 3205 4721 καὶ
3252 4670 3414 4731 αὐτὸς
3437 4667 3707 4738 ὲλάμὸανε

457 4772 681 4811 uxorem
714 4756 891 4810 duxit.
926 4755 983 4808 Si
1023 4765 1206 4809 autem
1248 4756 1325 4809 illi
1360 4756 1650 4827 praebuerit
1691 4759 2020 4823 necessaria,

2128 4755 2223 4825 τὴν
2259 4758 2426 4827 τιμήν
2445 4776 2460 4789 ο
2492 4760 2759 4827 σαφήνεια
2789 4760 2968 4811 τοίνυν
2994 4758 3090 4811 τοῦ
3114 4759 3332 4828 πρώτου
3364 4759 3427 4814 τὸ
3458 4758 3711 4825 δεύτερον

455 4850 736 4910 vestitum,
763 4848 1041 4917 pudicitia:
1064 4849 1320 4918 pretium,
1354 4863 1459 4903 non
1496 4848 1743 4919 iniquum
1771 4858 1855 4905 est
1896 4859 1951 4904 et
1976 4851 2023 4904 si

2132 4846 2212 4918 (τὸ
2235 4847 2363 4917 περὶ
2392 4847 2534 4919 υἱοῦ)
2559 4865 2572 4879 ·
2603 4850 2724 4901 ἐπεὶ
2741 4850 2835 4901 καὶ
2866 4850 2948 4912 τίς
2973 4851 3005 4919 ἡ
3039 4849 3430 4920 ἀποκλήρωσις
3477 4847 3594 4913 τοῦ,
3622 4849 3715 4900 ἐπὶ

455 4941 574 5011 ipse
621 4940 896 5009 acceperit
948 4942 1205 5010 pretium.
1256 4938 1568 4995 Secundum
1626 4942 1810 5010 itaque
1863 4942 2023 5009 pritni

2134 4942 2230 5009 μὲν
2280 4939 2375 4993 τοῦ
2399 4941 2603 5011 πατρὸς
2629 4940 2875 5002 τοιῶσδε.
2933 4942 3028 4995 ἐπὶ
3065 4941 3121 4995 δὲ
3178 4941 3276 4994 τοῦ
3315 4940 3432 4994 υἱοῦ
3475 4941 3715 5010 ἕτέρωςς

451 5030 728 5098 expositio
765 5028 1104 5097 perhibetur.
1139 5026 1272 5080 Nam
1314 5041 1437 5096 quae
1493 5026 1633 5081 foret
1664 5030 1933 5097 exceptio,
1969 5037 2030 5081 ut

2135 5026 2297 5080 Ὥστε
2336 5029 2429 5081 καὶ
2455 5031 2548 5083 ἐπὶ
2576 5030 2671 5082 τοῦ
2702 5030 2906 5101 πατρὸς
2959 5031 3137 5085 κοινὸν
3177 5031 3241 5086 τό
3269 5046 3283 5062 ⁸
3320 5049 3339 5083 ι
3369 5030 3526 5084 Κατὰ
3549 5029 3612 5082 τὸ
3634 5028 3718 5081 δι-

454 5122 615 5174 aliter
646 5122 701 5173 in
735 5128 889 5188 patre
921 5126 976 5173 et
1003 5119 1163 5172 aliter
1197 5120 1248 5172 in
1277 5118 1392 5171 lilio
1422 5117 1524 5173 ista
1557 5117 1721 5172 verba
1755 5118 2029 5187 accipien-

2136 5119 2354 5190 καίωμα
2416 5120 2525 5173 τῶν
2566 5122 2883 5193 θυγατέρων
2945 5126 3162 5194 ποιήσει
3203 5125 3365 5195 αὐτῇ.
3397 5141 3416 5175 ι
3469 5121 3650 5193 Ὅπερ
3689 5119 3719 5172 ό

453 5210 522 5264 da
556 5209 777 5264 essent?
809 5210 998 5278 Itaque
1026 5221 1183 5278 aequo
1208 5206 1333 5277 jure
1379 5216 1487 5261 tam
1520 5215 1732 5277 patrem
1759 5222 1929 5278 quani
1964 5208 2027 5260 [i-

2141 5210 2453 5282 Σύμμαχος,
2486 5211 2605 5266 τῶν
2626 5214 2942 5279 νεανίδων,
2975 5214 3231 5282 ἐξέδωκε.
3286 5213 3446 5270 Κατά
3480 5215 3580 5277 τὰς
3634 5213 3724 5264 εὖ.

523 5363 570 5396 ⁸³
600 5363 757 5418 Joan.
791 5376 831 5425 t,
858 5360 947 5415 l8.
1012 5360 1068 5432 ξ’
1101 5359 1255 5432 Psall
1272 5375 1404 5432 xvii,
1441 5360 1528 5415 l2.
1598 5359 1654 5432 ,‘f
1680 5359 1841 5432 Joau.
1873 5360 2046 5432 iii/,5.

2119 5361 2168 5393 “
2200 5362 2217 5416 l
2246 5363 2373 5418 Cor.
2428 5380 2466 5421 t.
2508 5363 2591 5423 l3.
2692 5366 2737 5400 “
2766 5366 2933 5424 Deut.
2978 5386 3066 5432 xv,
3123 5367 3212 5423 12.
3307 5370 3352 5404 δ’
3385 5366 3559 5423 Levit.
3612 5383 3697 5421 ut

455 5434 511 5490 9.
583 5416 629 5467 ιδ
667 5416 838 5488 Εκοαί
877 5445 971 5495 xx,
1011 5428 1065 5485 δ.
1140 5430 1184 5463 ιο
1217 5416 1403 5484 Exod:
1440 5446 1554 5496 χιχ,
1586 5430 1677 5495 to,
1724 5430 1808 5484 ll.
1883 5416 2032 5484 "De

2151 5448 2227 5499 tv,
2253 5416 2370 5488 ξϐξ
2420 5416 2466 5467 δῖ
2498 5416 2669 5490 Εἰξω.
2709 5416 3066 5502 χνῖίἾᾶἿ
3094 5416 3144 5473 ⁸ί
3159 5416 3566 5501 blank—xviii,

1965 5518 2201 5596 more.

529 5616 641 5688 (86)
774 5616 837 5700 ἐν
853 5613 991 5700 τιῖιβι
1018 5612 1116 5699 ⁸τῷ
1148 5612 1448 5695 ὑπομνήμι
1477 5612 1684 5682 μεταξὺ
1730 5612 1838 5667 τῶν
1885 5612 2107 5680 καμπύλ

2142 5634 2189 5666 ιν
2222 5616 2493 5687 ὀριῦμενα,
2558 5621 2663 5676 οὐκ
2719 5623 2812 5675 ἐπ’
2842 5622 3061 5687 εὐθείας
3120 5621 3331 5675 Iustino
3397 5618 3457 5674 ιν
3498 5614 3580 5688 τῷ
3628 5615 3725 5688 τῆς

462 5685 594 5755 Αιγ.
624 5685 750 5740 iuba.
783 5685 911 5739 alii."
931 5686 1115 5739 tr:de
1149 5686 1257 5737 τῶν
1290 5685 1507 5752 σειρῶν.
