4010 6212
304 283 411 348 an
1276 255 1292 273 '
1418 271 1957 336 COMMENTARII
1996 269 2076 329 1:;
2122 270 2466 334 EXODUM.
3453 264 3561 339 ett

293 392 513 463 γενίδας
545 390 654 462 γὰρ
684 388 923 459 κσυνῲκει
952 384 1125 456 αὐτῷ,
1165 384 1262 455 οὐχ
1291 384 1365 448 ὼς
1409 382 1570 454 δούλη
1601 396 1876 449 καταφρο-

1990 378 2122 431 lium
2171 380 2418 449 obligant
2464 379 2569 434 ista
2632 376 2794 431 verba
2844 394 2857 428 :
2898 394 2914 426 ‹
2946 374 3260 430 Secundum
3292 378 3384 447 jus
3423 380 3562 433 ιίιιιιη

292 486 558 554 νουμένη.
602 480 907 552 Τοιγαροῦν
963 478 1057 532 καὶ
1104 476 1369 541 ἀπιοῦσα,
1422 476 1489 528 τὰ
1535 474 1632 544 τῆς
1662 471 1875 545 ὁμιλίας

1987 486 2108 526 rum
2143 469 2306 525 facirt
2333 472 2435 524 ei.»
2464 468 2828 541 Symmachus
2862 468 2916 522 in
2953 484 3049 522 sua
3082 469 3331 524 versione
3360 471 3564 540 posuit,

300 577 590 647 λαμϐάνει.
625 573 736 628 Καὶ
763 571 923 625 τοῦτο
951 570 1057 642 ἄρα
1078 571 1257 625 κοινὸν
1290 569 1382 623 ἐπὶ
1415 567 1510 623 τοῦ
1541 566 1770 638 πατρός.

1987 581 2084 636 pro
2099 582 2118 615 r
2138 563 2436 619 secundum
2458 564 2548 633 jus
2567 563 2823 627 ﬁliarum,
2837 582 2855 613 ι
2874 562 3160 615 secundum
3180 563 3273 631 jus
3293 562 3564 627 nobilium,

306 668 434 725 Nam
487 667 641 721 illam
678 665 791 720 ﬁlio
850 663 1163 734 conjunxit,
1216 676 1325 716 non
1376 669 1437 715 ut
1493 658 1791 730 ignobilem
1865 664 1919 710 et
1993 672 2230 721 servam,
2276 656 2371 710 sed
2439 664 2497 709 ut
2546 657 2805 711 nobilem.
2862 653 3208 724 Quapmpter
3256 654 3565 740 egrediens.

304 761 447 831 capit
490 757 731 830 pretium
788 754 1090 827 pudicitiae.
1129 754 1196 809 Et
1250 753 1357 810 hoc
1410 751 1632 824 quidem
1673 757 1783 804 tam
1818 748 1887 803 ad
1927 757 2133 817 patrem
2163 763 2326 818 quam
2368 749 2435 803 ad
2478 749 2646 802 lilium
2717 748 3173 819 interpretatione
3243 747 3568 802 trahendum

302 862 406 909 est.
1168 835 1207 868 θ

370 942 433 997 Si
459 943 579 1015 quis
620 942 832 1012 fttralua
867 940 1030 1010 fuerit
1058 940 1289 1009 aliquem
1324 938 1387 992 de
1420 939 1551 1008 ﬁliis
1592 936 1792 999 Israel,
1831 942 1939 989 etc.
1971 929 2279 1000 Allegorice
2314 929 2418 984 sub
2448 927 2759 1015 plagiariis
2808 927 3063 1015 intelligo
3097 926 3565 1015 lizereticos,uqtii
3626 987 3632 1011 ί

298 1010 514 1087 rectum
549 1010 830 1097 religionis
862 1036 919 1082 et
946 1028 1221 1084 libertatis
1251 1028 1445 1083 callem
1478 1028 1761 1096 ingressos
1793 1023 2093 1082 subruunt,
2119 1016 2258 1072 etad
2288 1014 2580 1086 pestiferas
2605 1029 2732 1069 suas
2764 1014 3053 1085 pelliciunt
3079 1014 3389 1084 opiniones.
3422 1010 3569 1066 Mors

298 1127 487 1172 autem
543 1116 630 1172 his
656 1129 815 1185 pinna
860 1116 1152 1170 statuitur.
1189 1113 1473 1187 Scriptura
1506 1120 1692 1168 monet
1726 1117 1785 1164 ut
1837 1125 1906 1164 ne
1935 1105 2179 1177 quidem,
2203 1103 2348 1157 salve
2372 1103 2446 1168 ³³,
2475 1102 2781 1157 dixerimus
2815 1103 2928 1158 illis
2957 1103 3298 1158 hominibus.
3328 1099 3442 1181 Nec
3465 1115 3569 1155 nos

301 1207 578 1260 immanes
612 1211 671 1258 et
717 1202 973 1257 crudeles
1007 1200 1223 1256 efﬁcere
1253 1200 1458 1265 studet,
1493 1199 1590 1254 sed
1638 1199 1766 1253 talia
1799 1198 2057 1266 imperat,
2114 1207 2183 1246 ne
2220 1206 2353 1245 oves
2384 1189 2637 1245 incidant
2667 1190 2722 1243 in
2756 1187 3026 1244 feritatem
3063 1189 3317 1258 luporum
3353 1188 3566 1245 talium.

301 1295 439 1357 Quae
467 1304 703 1360 namque
733 1305 860 1360 pars
898 1289 1077 1345 ﬁdelis
1105 1304 1231 1344 cum
1273 1286 1530 1358 perﬁdo?
1565 1287 1837 1341 Praeterea
1866 1280 2057 1351 adjicit
2089 1296 2105 1336 :
2144 1297 2163 1331 ‹
2196 1278 2261 1332 Et
2293 1277 2708 1333 scortatoribus
2739 1276 2924 1330 saeculi
2958 1275 3125 1344 bujus
3161 1290 3231 1330 ne
3263 1274 3571 1333 admiscea-

303 1378 465 1441 mini,
499 1392 571 1432 ne
598 1393 694 1431 vos
725 1360 793 1431 ex
820 1376 1001 1446 patrio
1052 1375 1313 1431 Ecclesiae
1343 1377 1460 1430 lare
1495 1382 1680 1449 raptos
1720 1371 2021 1442 conjiciunt
2051 1370 2107 1423 in
2144 1367 2453 1423 Ecclesium
2491 1365 2934 1437 malignantium.
2981 1363 3117 1420 Nam
3170 1379 3356 1421 mores
3394 1365 3571 1419 bonos

302 1472 677 1535 corrumpunt
711 1463 987 1532 colloquia
1019 1477 1190 1534 prava
1221 1460 1318 1517 ".i
1359 1461 1475 1521 Hoc
1505 1462 1648 1518 idem
1677 1461 1893 1515 videtur
1926 1457 2280 1515 subindicare
2295 1456 2488 1522 Amos,
2515 1455 2771 1525 inquiens
2803 1472 2816 1508 :
2854 1471 2874 1505 η
2904 1453 3084 1524 Super
3124 1454 3300 1508 tribus
3331 1452 3572 1522 peccatis

303 1548 460 1619 Tyri,
490 1558 546 1603 et
570 1563 735 1623 super
767 1559 1026 1620 quatuor,
1062 1565 1172 1604 non
1200 1556 1518 1605 convertam
1551 1564 1696 1603 eam.
1732 1546 1869 1613 Quia
1898 1546 2245 1602 incluserunt
2279 1545 2529 1614 captivos
2559 1541 2875 1597 Solomonis
2905 1540 2962 1596 in
2996 1540 3288 1596 ldumazam
3319 1542 3387 1592 ⁸⁵.
3412 1558 3430 1591 ι
3466 1538 3573 1594 Per

303 1636 478 1689 alium
521 1637 841 1707 prophetam
874 1637 1176 1715 alloquitur
1203 1634 1411 1711 Tyrum
1443 1645 1499 1690 et
1533 1635 1793 1689 Sidouem
1831 1635 1885 1687 iu
1922 1633 2037 1689 haec
2072 1635 2242 1690 verba
2279 1648 2293 1688 :
2332 1652 2350 1685 ι
2383 1633 2448 1687 Et
2485 1632 2630 1687 ﬁlios
2668 1629 2810 1685 Juda
2838 1638 2896 1686 et
2928 1628 3072 1685 ﬁlios
3105 1626 3411 1684 Jerusalem
3442 1642 3573 1684 ven-

305 1722 536 1778 didistis
569 1724 695 1778 ﬁliis
728 1722 1072 1792 Graecorum,
1107 1732 1166 1778 ut
1196 1739 1292 1778 eos
1325 1723 1678 1794 expelleretis
1702 1722 1820 1777 suis
1852 1721 2051 1777 ﬁnibus
2073 1722 2140 1774 “.
2184 1741 2203 1774 ι

383 1810 585 1879 Operas
604 1810 714 1881 ejus
749 1821 797 1865 et
829 1811 1092 1880 impensas
1122 1811 1177 1864 in
1204 1808 1430 1864 medicos
1462 1809 1637 1881 factas
1670 1808 1960 1882 persolvet,
1980 1819 2089 1864 etc.
2120 1807 2292 1881 [XXL
2318 1807 2405 1881 l9]
2435 1807 2608 1863 Aliter
2631 1808 2810 1880 agitur
2833 1807 2889 1862 iu
2921 1804 3235 1878 evangelica
3270 1801 3570 1876 republica.

304 1896 447 1951 Nam
486 1900 618 1952 dicit
648 1917 661 1953 :
703 1918 721 1951 ι
749 1898 994 1955 Caedenti
1023 1900 1274 1953 dextram
1307 1906 1457 1951 tuam
1494 1898 1715 1961 malum,
1747 1896 1973 1951 obverte
2014 1902 2069 1951 et
2103 1896 2328 1951 alteram
2358 1897 2425 1950 ⁸⁷.
2464 1914 2484 1948 ι

392 1983 454 2040 Si
477 1985 597 2054 quis
627 1986 970 2041 verberaverit
1002 2002 1207 2040 servum
1239 1999 1417 2049 suum,
1458 1994 1564 2040 etc.
1599 1982 1740 2056 [20.]
1771 1983 2090 2053 Capitaliter
2120 1999 2216 2053 per
2250 1985 2433 2038 omnia
2461 1984 2617 2053 punit
2652 1984 2814 2039 iram.
2877 1980 2995 2035 Non
3036 1981 3181 2035 enim
3217 1993 3433 2048 aequum
3466 1984 3570 2039 est.

308 2082 375 2129 ut
407 2074 519 2127 vita
552 2074 827 2153 spolietur
868 2075 913 2129 is
949 2083 1178 2137 temere,
1214 2075 1307 2144 qui
1340 2074 1387 2126 vi
1431 2072 1665 2143 quadam
1697 2072 1982 2142 superiore
2016 2072 2103 2127 cui
2137 2072 2402 2127 resistere
2434 2072 2702 2142 nequivit,
2742 2072 2795 2125 in
2826 2071 3149 2126 servitutem
3182 2066 3437 2121 addictus
3462 2074 3570 2120 est.

309 2160 495 2226 Quare
524 2169 727 2225 autem,
761 2161 852 2216 tibi
886 2178 949 2216 ex
980 2161 1205 2218 vulnere
1237 2161 1323 2216 vel
1350 2161 1577 2216 verbere
1604 2161 1944 2215 convaluerit
1979 2176 2194 2226 servus,
2248 2169 2302 2217 et
2334 2162 2531 2217 deinde
2560 2172 2786 2216 mortem
2826 2160 3024 2215 obierit
3047 2199 3063 2224 ,
3097 2156 3353 2213 dominus
3383 2156 3574 2209 insons

313 2249 654 2303 habebitur?
683 2248 822 2314 Quia
859 2263 1007 2305 mors
1031 2249 1124 2304 illa
1163 2249 1363 2303 accidit
1404 2262 1563 2304 servo
1593 2262 1698 2301 non
1752 2263 1818 2302 ex
1859 2250 1942 2302 ira
1993 2249 2172 2314 herili,
2206 2247 2300 2302 sed
2338 2247 2607 2301 naturalis
2635 2248 2856 2318 quidam
2905 2260 3071 2301 casus
3120 2241 3316 2298 mortis
3347 2254 3572 2297 causam

312 2337 598 2408 praestitit.
626 2336 802 2393 Nemo
840 2338 989 2393 enim
1018 2337 1134 2392 vult
1163 2338 1419 2392 amittere
1449 2349 1694 2400 servum,
1728 2349 1891 2405 quem
1921 2335 2020 2390 sub
2038 2351 2149 2390 rere
2186 2336 2618 2405 comparaverit.

386 2425 452 2478 Et
476 2426 732 2496 puerulus
761 2426 949 2481 exierit
976 2426 1040 2480 ab
1096 2427 1213 2496 ipsa
1248 2426 1540 2495 formatus,
1569 2431 1677 2479 etc.
1704 2423 1800 2496 [22
1827 2421 1848 2495 ]
1880 2421 2049 2477 Aiunt
2079 2421 2503 2491 quadragesimo
2530 2420 2618 2475 die
2652 2418 2819 2474 fetum
2878 2419 2930 2473 iu
2980 2428 3139 2474 utero
3175 2425 3426 2477 materno
3456 2412 3574 2468 for-

311 2527 462 2569 mam
496 2516 766 2584 recipere.
801 2512 1149 2584 Quapropter
1177 2512 1406 2566 tradunt
1441 2511 1627 2566 Mosen
1671 2510 2058 2565 reformautem
2094 2510 2372 2566 lsraelitas
2405 2510 2567 2578 pulso
2600 2508 2928 2579 ASgyptiaco
2967 2524 3180 2577 errore,
3210 2516 3263 2562 et
3290 2506 3574 2562 Christum

319 2612 738 2670 regenerantem
767 2602 1387 2673 humanam‘uaturam,
1424 2615 1544 2668 quae
1582 2597 1867 2653 exciderat
1899 2597 2239 2653 continentia
2276 2598 2330 2651 in
2372 2596 2607 2663 Adamo,
2641 2598 2928 2667 jejunasse
2959 2596 3327 2667 quadraginta
3377 2593 3575 2647 diebus

317 2699 640 2756 utrumque.
672 2688 989 2744 Necessitas
1042 2690 1189 2743 enim
1235 2687 1551 2763 postulabat
1606 2686 2027 2742 immoderatum
2077 2686 2321 2756 primaevi
2367 2686 2613 2757 parentis
2644 2687 2945 2761 appetitum
2978 2686 3162 2741 curari
3195 2682 3575 2753 temperantiae

316 2775 588 2831 remedio.
618 2777 976 2847 Signiﬁcatur
1001 2778 1166 2832 etiam
1201 2777 1305 2831 hoc
1338 2777 1461 2830 loco
1492 2776 1698 2840 anima,
1733 2791 1856 2847 quae
1897 2775 2179 2831 Christum
2226 2789 2324 2845 per
2354 2773 2511 2829 ﬁdem
2541 2775 2811 2844 concipit,
2858 2782 2911 2829 et
2965 2773 3212 2827 divinum
3250 2773 3394 2827 intra
3451 2788 3577 2829 sese

316 2861 527 2917 format
548 2877 880 2925 sermonem,
916 2863 1223 2919 secundum
1260 2865 1360 2918 hoc
1398 2864 1756 2934 proloquium
1787 2881 1801 2918 :
1843 2882 1862 2916 ε
1890 2864 2122 2934 Propter
2148 2870 2351 2917 metum
2382 2870 2558 2928 tuum,
2588 2863 2834 2924 Domine,
2875 2863 2925 2916 in
2958 2870 3116 2917 utero
3143 2862 3500 2932 concepimus
3522 2871 3579 2916 et

315 2949 685 3021 parturiimus
704 2948 807 3004 ³⁸.»
850 2948 1012 3007 Fides
1043 2952 1213 3023 igitur
1241 2958 1325 3007 est
1351 2950 1625 3025 fetus,qui
1648 2951 1865 3008 divinos
1911 2952 1967 3007 in
1995 2953 2155 3015 nobis
2187 2952 2538 3008 characteres
2567 2960 2776 3009 exarat.
2814 2951 3048 3007 Proinde
3080 2954 3145 3007 ad
3188 2951 3434 3014 Galatas,
3483 2951 3578 3021 qui

313 3036 643 3102 defecerant
683 3053 713 3092 a
745 3037 867 3092 ﬁdei
897 3040 1195 3105 soliditate,
1239 3039 1574 3095 vociferatur
1623 3038 1825 3096 Paulus
1858 3057 1872 3096 :
1907 3059 1926 3093 σ
1955 3038 2158 3107 Filioli,
2210 3055 2352 3113 quos
2403 3041 2598 3095 iterum
2630 3040 2899 3115 parturio,
2926 3038 3103 3094 donec
3131 3040 3292 3109 281
3322 3037 3580 3096 Christus

316 3125 588 3181 formetur
622 3127 676 3180 in
710 3126 868 3182 vobis
894 3122 1011 3184 ".3
1052 3127 1109 3182 Si
1141 3130 1264 3199 quis
1285 3130 1454 3199 igitur
1486 3126 1839 3183 fraudulento
1869 3141 2125 3184 sermone
2152 3127 2319 3183 istum
2363 3140 2579 3196 partum
2616 3117 2678 3183 ex
2717 3128 2957 3198 alicujus
3011 3129 3199 3183 animo
3243 3129 3492 3197 eiecerit,
3523 3136 3581 3181 et

320 3214 445 3268 ﬁdei
488 3214 542 3268 in
603 3214 725 3283 ejus
771 3214 955 3269 animo
1000 3214 1260 3270 aborsum
1313 3215 1713 3285 procuraverit,
1757 3214 1812 3269 in
1848 3214 2070 3270 Christo
2103 3215 2268 3269 situm
2299 3217 2405 3270 erit
2446 3230 2674 3291 sponso,
2710 3224 2771 3270 ut
2816 3224 3027 3271 statuat
3058 3231 3165 3286 qua
3205 3230 3364 3287 pcena
3399 3229 3579 3286 quave

318 3301 496 3358 multa
531 3300 579 3356 is
633 3304 707 3356 sit
738 3301 1039 3359 feriendus.
1098 3304 1208 3358 «Et
1260 3304 1415 3358 dabit
1462 3319 1586 3367 cum
1616 3302 1928 3374 ,dignitate.
1958 3321 1977 3355 ›
2027 3302 2082 3358 id
2122 3314 2211 3360 est
2260 3305 2469 3374 gratias
2517 3315 2661 3375 aget,
2708 3303 3042 3374 habebitque
3097 3307 3376 3375 ingentes,
3428 3304 3580 3376 quod

325 3404 438 3442 non
468 3397 524 3443 et
564 3398 742 3445 morte
773 3392 1039 3446 multatus
1068 3391 1159 3447 sit.
1190 3390 1286 3446 Sin
1325 3404 1455 3447 vero
1500 3390 1703 3446 laeserit
1733 3406 1876 3461 eam,
1904 3408 2029 3463 qua:
2069 3391 2180 3463 jam
2209 3393 2388 3464 partui
2426 3394 2605 3449 vicina
2634 3403 2740 3461 est,
2782 3394 2835 3447 in
2860 3403 3110 3450 extremo
3137 3393 3450 3450 versabitur
3476 3410 3577 3467 pc-

322 3477 522 3536 riculo.

397 3562 458 3620 Si
487 3565 605 3641 quis
643 3566 964 3634 percusserit
1004 3564 1213 3620 oculum
1243 3565 1378 3620 servi
1398 3565 1507 3633 sui,
1534 3571 1641 3621 etc.
1669 3564 1807 3639 [26]
1842 3565 2040 3624 lterum
2073 3578 2257 3624 monet
2290 3568 2737 3639 comprimendos
2768 3584 2893 3625 esse
2935 3570 3165 3627 aﬁ‘ecms
3211 3571 3572 3641 impetuasos,

324 3650 576 3716 ediccns,
614 3667 682 3707 ne
720 3653 847 3721 quis
879 3661 1083 3708 temere
1112 3651 1397 3721 delinquat
1430 3653 1509 3707 ira
1540 3654 1783 3722 percitus
1816 3654 1868 3707 in
1896 3663 2171 3720 naturam,
2203 3657 2364 3726 cujus
2398 3656 2664 3711 Dominus
2694 3669 2777 3713 est
2831 3657 2993 3713 Deus.
3022 3656 3157 3712 Nam
3190 3661 3430 3720 servitus
3460 3676 3573 3714 non

327 3747 417 3793 est
453 3738 725 3793 naturalis
751 3740 1002 3806 morbus,
1042 3739 1140 3795 sed
1176 3740 1476 3794 ascititium
1524 3748 1787 3793 censetur
1817 3743 2041 3808 malum,
2074 3756 2404 3817 promauans
2434 3763 2501 3800 ex
2547 3747 2803 3802 avaritia.
2838 3745 2947 3800 Lex
2997 3747 3166 3815 igitur
3224 3748 3443 3817 egregie
3472 3763 3576 3803 nos

328 3824 396 3880 ad
432 3834 719 3883 venturam
750 3827 986 3897 gratiam
1027 3827 1423 3896 praemuniens.
1475 3826 1685 3881 inhibet
1713 3836 1943 3894 naturae,
1973 3840 2161 3901 postea
2208 3844 2305 3902 per
2348 3832 2629 3889 Christum
2678 3833 3079 3896 restaurandae,
3113 3835 3488 3890 mutilationes
3520 3845 3576 3892 et

326 3917 748 3972 occaecationes.
784 3915 989 3972 Oculus
1023 3932 1152 3972 vero
1203 3925 1563 3987 repraesentat
1622 3925 1884 3982 mentem,
1922 3917 1975 3970 in
2044 3933 2153 3988 qua
2198 3927 2457 3974 coruscat
2501 3929 2556 3974 et
2604 3919 2917 3990 resplendet
2972 3920 3085 3984 lux,
3117 3936 3241 3991 qua:
3294 3922 3575 3979 intellectu

327 4004 660 4077 percipitur.
696 4003 764 4060 Ut
794 4005 954 4061 cibus
1005 4006 1298 4061 conﬁcitur
1328 4004 1613 4067 dentibus,
1662 4018 1715 4061 et
1753 4006 1881 4065 inde
1913 4006 1965 4060 in
2007 4004 2367 4061 ventriculum
2418 4006 2683 4076 trajectus
2724 4006 2893 4060 vitam
2927 4009 3210 4083 suggerit:
3248 4011 3321 4064 ita
3352 4012 3488 4064 dura
3520 4019 3577 4066 et

327 4093 939 4171 incomprehensibilia,
975 4110 1095 4164 qua:
1134 4094 1302 4149 habet
1351 4094 1668 4148 divinorum
1728 4093 2053 4164 speculatio,
2103 4093 2303 4151 mentis
2348 4094 2400 4149 vi
2440 4094 2852 4155 commoluntur
2884 4104 2937 4150 et
2991 4093 3231 4151 animam
3296 4099 3574 4157 nutriunt.

332 4178 387 4234 Si
425 4181 592 4250 igitur
625 4181 885 4236 dominus
933 4181 1205 4237 diversam
1238 4190 1459 4237 secutus
1488 4181 1808 4253 religionem
1856 4181 2115 4253 importet
2142 4182 2402 4238 damnum
2440 4183 2660 4253 aliquod
2698 4184 2872 4238 servis
2908 4184 2962 4243 in
3011 4184 3293 4257 religionis
3328 4190 3574 4260 negotio,

330 4265 548 4336 fugiant
576 4268 721 4323 servi
752 4273 915 4339 atque
943 4284 1009 4325 eo
1039 4284 1264 4339 gressus
1294 4268 1496 4334 ferant,
1534 4269 1626 4323 ubi
1658 4270 1894 4324 animam
1929 4269 2157 4325 illaesum
2189 4284 2521 4325 conservare
2549 4278 2774 4342 queant.
2827 4270 2938 4326 Nec
2976 4272 3271 4343 quisquam
3309 4277 3572 4332 rationem

329 4354 532 4410 habeat
557 4354 799 4425 aliquam
841 4357 1078 4419 servitii,
1122 4358 1278 4427 quasi
1323 4357 1427 4412 hoc
1462 4358 1837 4415 necessarium
1884 4356 2003 4413 sit:
2036 4357 2183 4426 quod
2219 4357 2441 4428 quidem
2476 4358 2679 4430 saepius
2744 4357 2926 4414 fecere
2971 4358 3158 4419 ﬁdeles
3202 4362 3373 4427 servi,
3428 4363 3577 4420 haud
3617 4359 3630 4372 ’

328 4442 670 4497 sustinentes
696 4456 853 4512 aequo
882 4443 1068 4498 animo
1096 4445 1229 4510 vim,
1266 4460 1390 4514 qua:
1419 4444 1491 4499 ob
1516 4445 1632 4498 haec
1668 4461 1694 4497 a
1727 4444 1969 4499 dominis
2001 4445 2323 4500 intentatur.

400 4525 460 4581 Si
492 4543 659 4582 cornu
698 4530 909 4601 petierit
935 4538 1124 4585 taurus
1156 4531 1325 4584 virum
1352 4540 1446 4585 aut
1479 4532 1776 4596 mulierem,
1809 4541 1920 4597 etc,
1954 4531 2094 4606 [28.]
2135 4531 2276 4590 Num
2311 4542 2365 4589 et
2396 4533 2562 4591 boves
2594 4532 2706 4591 Deo
2737 4550 2885 4592 cura:
2915 4545 3043 4592 sunt
3069 4539 3113 4572 °°
3140 4538 3164 4592 ‘l
3211 4545 3305 4593 aut
3354 4549 3581 4612 prepter

329 4630 432 4669 nos
459 4616 692 4674 omnino
721 4617 835 4672 haec
885 4617 1041 4682 dicit,
1084 4619 1264 4688 inquit
1309 4619 1537 4673 Paulus:
1585 4620 1877 4688 Compat'at
1928 4621 2134 4673 animal
2189 4620 2462 4676 ferociens
2503 4632 2553 4676 et
2603 4623 2892 4678 robustum
2955 4626 3310 4681 contumeliis
3342 4630 3579 4699 certanti

328 4714 384 4759 et
420 4706 679 4775 superbo,
725 4706 818 4777 qui
852 4723 1073 4778 semper
1106 4710 1256 4779 rupit
1302 4708 1355 4762 iu
1401 4709 1548 4762 owni
1579 4709 1798 4779 negotio
1827 4717 1881 4762 et
1922 4715 2212 4763 contractu
2264 4709 2470 4777 primas
2506 4708 2671 4765 ferre.
2706 4711 2926 4764 Taurus
2959 4713 3003 4765 si
3047 4726 3143 4777 per
3168 4727 3226 4765 se
3260 4715 3578 4783 pauperiem

331 4790 518 4853 faciat,
553 4808 663 4846 non
699 4795 1001 4862 periculum
1041 4795 1134 4848 dat
1165 4796 1389 4850 domin
1418 4810 1539 4849 suo.
1577 4794 1749 4850 Nemo
1799 4796 1947 4849 enim
1998 4814 2097 4867 pro
2125 4786 2320 4852 alienis
2351 4799 2587 4856 delictis.
2629 4815 2863 4868 quorum
2898 4813 3008 4854 non
3060 4815 3255 4857 anetor
3291 4805 3373 4858 vel
3411 4819 3578 4858 causa

328 4890 435 4947 est,
469 4883 649 4951 poenis
681 4883 1014 4954 esagitatur.
1039 4883 1096 4938 Si
1129 4900 1258 4939 vero
1293 4885 1529 4940 consilio
1558 4893 1614 4940 et
1649 4885 1889 4955 impulsu
1922 4885 2128 4940 domini
2163 4886 2479 4956 pauperiem
2514 4885 2702 4951 faciat,
2742 4902 2849 4941 non
2899 4887 3004 4943 sibi
3050 4888 3250 4955 solum,
3283 4892 3378 4946 sed
3413 4894 3581 4948 etiam

330 4968 560 5023 domino
587 4971 821 5038 capitale
852 4973 1181 5041 supplicium
1214 4984 1489 5044 apportat.

405 5054 585 5123 Hujus
613 5058 755 5112 bovis
786 5075 969 5112 carnes
1001 5060 1330 5114 damnantur
1363 5064 1416 5114 in
1450 5061 1587 5126 cibo,
1617 5061 1875 5116 ctc.'N0n
1910 5061 2054 5115 enim
2092 5074 2190 5113 nos
2216 5060 2269 5114 in
2316 5059 2643 5115 societatem
2675 5061 2867 5117 aliena:
2899 5062 3238 5134 impuritatis
3267 5067 3455 5123 venire
3482 5068 3580 5124 de-

330 5152 437 5197 cet.
471 5142 714 5199 Proinde
747 5143 1036 5218 Scriptura
1070 5146 1236 5201 edicit
1272 5164 1286 5201 :
1334 5165 1352 5198 ι
1380 5146 1456 5202 Ne
1491 5149 1989 5203 communicaveris
2019 5148 2213 5202 alienis
2251 5149 2492 5218 peccatis
2521 5150 2587 5203 “.
2613 5168 2631 5200 ι
2669 5149 2934 5207 Dominus
2964 5168 3093 5208 vero
3132 5156 3303 5209 evitat
3342 5156 3580 5225 capitale

331 5232 687 5298 supplicium,
718 5233 763 5287 si
791 5235 844 5286 in
870 5234 1291 5289 aestimationem
1338 5235 1414 5289 rei
1447 5234 1847 5291 condemnatus
1879 5234 2043 5290 fuerit
2092 5250 2120 5288 a
2151 5234 2458 5303 judicibus.
2495 5236 2588 5292 Sic
2616 5246 2671 5291 et
2725 5253 2891 5293 verus
2918 5238 3091 5308 judex
3141 5243 3392 5295 enormia
3444 5243 3577 5295 vitia

330 5327 383 5369 et
407 5320 606 5373 delicta
649 5321 870 5390 capitali
905 5322 1178 5377 sententia
1221 5324 1545 5393 prosternit,
1574 5325 1627 5377 in
1665 5324 1975 5379 minoribus
2002 5325 2216 5379 veniam
2253 5325 2443 5380 tribuit
2476 5327 2520 5381 si
2548 5327 2672 5397 quis
2707 5334 2934 5398 paratus
2959 5327 3125 5384 fuerit
3153 5329 3578 5385 aestimationem

332 5407 407 5457 rei
440 5406 655 5463 offerre.
678 5408 948 5465 Czctcrum
982 5410 1061 5465 rei
1091 5411 1512 5466 aestimationem
1547 5420 1868 5482 compensat
1900 5412 2225 5484 laeryumla,
2260 5428 2423 5483 quam
2461 5414 2801 5486 expresserit
2836 5431 2976 5472 vera!
3004 5416 3347 5488 ptenitentia:
3379 5416 3534 5471 labor
3564 5433 3576 5469 :

400 5604 447 5638 u
476 5593 818 5689 "."Prﬂ'n‘p:
851 5680 860 5689 .
893 5612 939 5645 ’δ
969 5611 988 5666 1
1017 5610 1161 5689 cm}.
1180 5627 1231 5677 ν’
1267 5610 1473 5689 93.1.93
1511 5627 1611 5689 xv;
1633 5608 1723 5689 5'5?
1801 5612 1983 5689 33A}!

1994 5615 2490 5689 951,9.“5‘1081.
2532 5635 2615 5688 ιιι,
2668 5620 2722 5677 6.
2800 5623 2845 5656 ετ
2882 5621 3075 5677 Matth.
3109 5639 3163 5687 v,
3215 5621 3303 5678 59.
3381 5621 3427 5655 δε
3461 5620 3577 5686 Isa.

333 5690 484 5741 XXVI,
526 5678 606 5734 l8.
685 5681 728 5713 ⁵⁹
768 5680 945 5740 Calat.
983 5698 1053 5741 tv.
1100 5679 1185 5735 19.
1264 5682 1308 5711 ⁶⁰
1344 5680 1360 5732 1
1390 5681 1520 5735 Cor.
1581 5678 1657 5747 ι’κ,
1690 5687 1743 5736 εν.
1821 5684 1861 5716 ’⁸⁸
1906 5685 1916 5736 l

715 5681 728 5711 ⁹
768 5680 945 5740 Calat.
983 5698 1053 5741 tv.
1100 5679 1185 5735 19.
1264 5682 1308 5711 ⁶⁰
1344 5680 1360 5732 l
1390 5681 1520 5735 Cor.
1581 5678 1657 5747 ι’κ,
1690 5687 1743 5736 ει.
1821 5684 1861 5716 ’⁸⁸
1906 5683 2094 5742 lTim.
2126 5702 2177 5754 ν,
2208 5686 2298 5742 29..

614 5772 882 5834 Parnoc.
927 5776 1041 5835 Cn.
1089 5774 1468 5843 LXXXVII.
2990 5855 2999 5862 ‘
3133 5782 3214 5846 ΞΟ
