4010 6212
451 296 556 363 819
1740 306 2088 368 PROCOPII
2149 309 2192 369 Ο
2206 307 2391 369 Ill-EI
3567 306 3675 373 620

454 412 703 466 similiter
736 420 789 467 et
821 413 1248 482 commiseratio,
1281 432 1389 486 qua
1425 417 1691 480 allicimur
1717 430 1847 486 erga
1895 430 2214 487 pauperem,
2260 418 2472 473 minora
2503 417 2701 473 delicta
2734 418 2936 475 abolet.
2974 417 3215 473 Avaritia
3264 418 3317 473 in
3349 433 3511 475 causa
3565 431 3675 487 est,

452 500 596 568 quod
631 499 857 570 majoris
887 503 1233 557 astimantur
1278 503 1427 560 ﬁlius
1452 502 1509 560 et
1537 506 1646 560 lilia
1684 503 1780 573 qui
1821 502 2007 557 libera
2046 512 2175 559 sunt
2208 503 2544 560 conditionis
2571 545 2586 569 ,
2616 520 2779 574 quam
2831 520 3023 560 servus
3050 515 3104 559 et
3151 521 3331 561 serva.
3366 508 3423 561 In
3452 509 3677 563 Christo

449 587 582 643 Jcsu
614 587 762 641 nulla
802 586 1107 643 diﬂerentia
1137 590 1221 644 vel
1269 590 1429 645 liberi
1458 592 1540 647 vel
1572 592 1713 646 servi
1738 596 1845 644 est.
1888 587 2060 659 Igitur
2092 589 2230 643 nihil
2259 591 2329 644 ab
2361 589 2650 660 anigmate
2677 591 2861 646 dillert
2903 607 3145 662 prasens
3174 594 3349 649 locus.
3391 590 3674 664 Siquidem

449 676 685 729 ﬁliorum
718 684 775 729 et
805 674 1041 735 liliarum
1076 677 1198 732 loco
1230 677 1503 732 habentur
1526 678 1730 741 sancti,
1755 676 1854 746 qui
1887 688 2072 730 veram
2101 684 2385 731 sectantur
2435 678 2774 749 religionem.
2811 676 2965 734 Servi
3005 688 3060 733 et
3087 679 3297 734 ancilla
3352 690 3677 750 reputantur

447 771 714 830 quotquot
753 763 961 830 peccati
995 762 1129 831 jugo
1175 772 1526 832 premuntur.
1571 765 1716 820 Deus
1764 764 1954 832 itaque
1999 761 2156 816 aliter
2192 762 2404 831 judicat
2438 763 2724 832 delictum,
2750 780 2861 836 quo
2888 764 3185 833 oﬂ‘enditur
3228 765 3386 836 pius;
3417 774 3475 822 et
3507 781 3676 838 porro

445 850 604 901 aliter
636 850 823 917 plcetit
851 850 1232 912 commissum,
1257 851 1488 921 quodin
1521 853 1753 921 impium
1784 849 2171 905 committitur.
2816 868 2843 891 -

521 934 583 990 εἰ
605 935 722 1005 quis
756 937 1019 1004 aperuerit
1051 937 1354 1000 cisternam,
1374 946 1480 992 etc.
1500 936 1796 1009 |XX|,55.]
1824 935 1942 992 Non
1957 942 2169 1007 oportet
2182 950 2283 992 nos
2309 936 2462 992 fratri
2496 952 2697 1008 ponere
2724 936 3204 1007 oﬂendiculum,ttl
3229 954 3332 996 nos
3370 939 3498 995 inde
3527 939 3673 993 utili-

446 1032 615 1076 tatem
655 1023 896 1092 aliquam
930 1023 1257 1093 capiamus;
1293 1024 1432 1086 sive,
1457 1031 1518 1077 ut
1557 1040 1670 1078 rem
1702 1025 1950 1095 apertius
1975 1024 2225 1093 eloquar,
2259 1038 2367 1078 non
2394 1039 2461 1079 ex
2510 1024 2858 1080 incommodo
2888 1026 3115 1083 alterius
3159 1042 3258 1084 nos
3306 1036 3494 1083 nostra
3524 1042 3674 1082 com-

445 1113 603 1165 moda
637 1126 957 1180 comparare
1005 1111 1184 1166 decet.
1215 1110 1488 1167 Caterum
1535 1114 1835 1168 cisternam
1869 1113 2045 1182 aperit
2074 1113 2158 1168 vel
2205 1111 2362 1176 fodit,
2394 1112 2489 1183 qui
2521 1114 2670 1167 eruit
2720 1128 2787 1168 ex
2821 1114 2931 1168 imo
2962 1114 3257 1184 Scriptura
3304 1125 3677 1171 sacrosancta

444 1213 660 1262 sensus,
693 1213 795 1252 nec
826 1196 1138 1268 superﬁcici
1174 1199 1331 1268 nuda
1363 1199 1612 1254 inhaeret.
1663 1199 1800 1254 Nam
1831 1200 1885 1253 in
1932 1199 2204 1269 profundo
2231 1208 2286 1254 et
2322 1200 2483 1271 quasi
2521 1199 2577 1254 in
2615 1199 2794 1271 adytis
2829 1200 3130 1270 Scriptura
3162 1216 3335 1256 sacra
3377 1203 3508 1258 latet
3538 1203 3678 1257 vivi-

444 1287 543 1341 lica
574 1286 675 1340 vis.
716 1285 843 1340 llac
892 1295 1072 1340 autem
1137 1286 1219 1340 vis
1254 1286 1391 1340 nihil
1425 1294 1512 1341 est
1555 1286 1723 1352 aliud,
1755 1301 1920 1355 quam
1960 1293 2162 1340 aterna
2206 1285 2337 1351 vita,
2388 1287 2551 1341 sicuti
2599 1294 2891 1342 attestatur
2924 1287 3174 1343 Cbt'iStus
3205 1288 3395 1344 dicens
3430 1308 3443 1343 :
3494 1308 3512 1341 ι
3546 1291 3679 1345 Hac

440 1384 522 1430 est
548 1375 657 1428 vita
687 1385 911 1440 aterna,
943 1382 1002 1428 ut
1035 1381 1377 1443 cognoscant
1406 1381 1460 1429 te
1484 1375 1664 1429 solum
1692 1388 1882 1430 verum
1917 1371 2109 1437 Deum,
2140 1381 2195 1427 et
2230 1388 2391 1442 quem
2438 1372 2636 1429 misisti
2663 1371 2851 1428 Jesum
2897 1373 3174 1428 Christum
3205 1375 3272 1427 ⁶².
3309 1394 3328 1426 ι
3368 1373 3473 1441 Qui
3501 1375 3678 1445 igitur

439 1464 556 1517 suis
583 1462 880 1524 laboribus,
932 1475 1069 1529 quos
1106 1459 1372 1528 impendit
1405 1461 1760 1516 enucleanda
1809 1459 2131 1529 Scriptura,
2178 1460 2302 1513 aliis
2351 1459 2614 1530 prodesse
2643 1459 2844 1529 studet,
2898 1462 2948 1517 is
2982 1461 3185 1516 dicitur
3208 1461 3444 1517 elfodere
3472 1463 3677 1517 cister-

437 1564 587 1604 nam.
619 1547 818 1603 Verum
842 1547 943 1604 hic
977 1558 1141 1601 caute
1170 1547 1335 1616 282
1367 1546 1656 1618 imperitos
1680 1556 1736 1603 et
1766 1546 1936 1603 rudes
1964 1545 2175 1610 doceat,
2213 1546 2358 1615 quod
2392 1561 2487 1617 per
2532 1545 2767 1602 cadaver
2816 1547 2983 1601 tacite
3016 1548 3286 1610 innuitur,
3342 1563 3410 1603 ne
3455 1547 3680 1604 scilicet

438 1652 537 1692 sua
571 1635 821 1691 doctrina
868 1634 1127 1693 interitus
1166 1634 1429 1697 alteratur
1459 1633 1660 1688 animae
1706 1641 1933 1699 sancta,
1969 1647 2089 1704 qua
2115 1639 2200 1688 est
2245 1647 2315 1687 ex
2363 1632 2564 1699 Israel,
2616 1642 2711 1687 aut
2768 1631 3037 1703 profana,
3066 1649 3188 1705 qua
3229 1633 3461 1689 oriunda
3488 1646 3677 1691 estex

436 1720 717 1793 gentibus.
748 1720 858 1775 Bos
895 1720 1042 1775 enim
1079 1727 1135 1775 et
1173 1721 1364 1775 asinus
1390 1720 1446 1775 in
1482 1722 1602 1791 lege
1634 1720 1775 1775 hanc
1807 1720 2219 1776 distinctionem
2252 1719 2570 1788 important.
2599 1717 2657 1773 Si
2692 1719 2800 1775 tale
2829 1719 2961 1790 quid
2991 1720 3275 1786 acciderit,
3304 1721 3628 1775 multabitur
3654 1741 3675 1790 ;

438 1825 625 1867 rerum
655 1807 891 1863 cadaver
929 1808 1032 1877 ipsi
1067 1808 1496 1878 adjudicabitur.
1545 1807 1637 1862 Sic
1668 1822 1890 1878 quoque
1938 1821 2087 1861 mors
2115 1805 2394 1875 pereuntis
2437 1805 2515 1859 illi
2548 1806 2928 1877 imputabitur.
2958 1805 3304 1878 QuaprOpter
3349 1806 3554 1863 Paulus
3588 1809 3679 1863 in-

435 1899 555 1961 quit
581 1915 594 1949 :
631 1916 649 1947 ι
675 1894 861 1949 Nolite
909 1894 1041 1949 dare
1078 1895 1471 1951 oll‘endiculum
1501 1895 1707 1951 Judais
1732 1904 1787 1951 et
1816 1892 2025 1949 Gracis
2046 1903 2101 1949 et
2131 1892 2391 1948 Ecclesia
2422 1892 2519 1948 Dei
2541 1893 2608 1947 “.
2641 1912 2660 1945 ι
2692 1893 2948 1950 Haretici
2982 1910 3197 1965 quoque
3231 1894 3442 1955 fodiunt
3474 1898 3677 1952 cister-

436 2001 557 2048 llas,
586 1985 716 2039 dum
758 1982 955 2037 falsam
991 1981 1263 2041 inducunt
1293 1983 1616 2055 religionem
1654 2000 1666 2037 :
1699 1989 1757 2037 at
1797 1983 1883 2037 ha
1910 1981 2162 2037 cisterna
2194 1989 2586 2052 nuncupantur
2620 1990 2881 2055 pertusa,
2914 1998 3035 2058 qua
3083 1998 3193 2040 non
3227 1992 3462 2053 possunt
3494 1985 3678 2039 conti-

436 2059 566 2125 nere
596 2086 785 2139 aquas.

506 2156 566 2212 Si
599 2158 827 2227 alicujus
859 2166 1046 2224 taurus
1078 2156 1306 2215 alterius
1342 2172 1508 2211 cornu
1535 2157 1765 2227 petierit,
1798 2165 1906 2211 etc.
1934 2153 2075 2228 [35.]
2105 2154 2165 2212 Si
2191 2156 2317 2228 quis
2346 2155 2601 2213 cbnsulto
2632 2156 2868 2226 aliquem
2900 2156 3100 2226 injuria
3131 2156 3375 2213 all'ecerit
3401 2157 3677 2215 instinctu

435 2248 697 2313 avaritiae,
729 2245 1009 2316 aequitatis
1036 2244 1177 2300 ratio
1216 2244 1504 2316 permittit,
1537 2252 1597 2298 ut
1635 2244 1837 2314 injuria
1873 2241 2102 2299 aﬂ‘ectus
2137 2243 2568 2298 emolumentum
2613 2242 2795 2312 capiat
2824 2257 2894 2298 ex
2947 2242 3133 2314 iujurii
3190 2243 3371 2306 bonis.
3423 2259 3707 2300 comma-“

436 2348 668 2403 nemque
696 2334 1013 2403 experiatur
1052 2331 1345 2386 latitiam:
1388 2329 1559 2385 sicuti
1594 2345 1624 2386 e
1677 2330 1904 2401 regione
1938 2330 2004 2392 is.
2055 2330 2151 2402 qui
2190 2330 2506 2384 inconsulto
2549 2328 2812 2399 injuriam
2844 2328 3039 2384 iecerit
3084 2331 3275 2395 alicui,
3321 2347 3676 2391 communem

434 2422 545 2476 sibi
572 2420 741 2476 faciat
778 2420 1038 2491 iujitriam
1080 2418 1230 2489 passi
1259 2418 1502 2473 cladem.
1536 2417 1662 2471 llac
1688 2417 1871 2471 Omnia
1903 2417 2172 2472 docentur
2205 2431 2302 2486 per
2332 2415 2447 2470 hac
2481 2416 2667 2480 verba,
2696 2416 2899 2485 quibus
2940 2415 3210 2486 jubentur
3239 2418 3472 2474 cadaver
3523 2420 3682 2477 inter

433 2525 556 2567 sese
580 2508 848 2565 dividere.
877 2507 985 2562 Lex
1016 2505 1287 2578 siquidem
1329 2503 1434 2559 sub
1476 2502 1766 2561 iuvolucro
1796 2503 2062 2559 inducere
2115 2502 2249 2559 illttd
2284 2502 2503 2572 satagit,
2539 2501 2688 2573 quod
2734 2501 2976 2558 dicitur:
3018 2521 3036 2556 ι
3065 2502 3315 2563 Gaudete
3358 2521 3481 2562 eum
3532 2522 3678 2579 gau-

431 2598 687 2655 dentibus
720 2616 734 2653 :
762 2606 818 2653 et
840 2594 967 2652 ﬂete
996 2610 1121 2651 cum
1152 2593 1416 2649 ﬂentibus
1440 2593 1510 2647 “.
1533 2609 1553 2644 ›
1596 2591 1653 2647 Si
1684 2592 1811 2662 quis
1840 2606 1972 2647 vero
1998 2592 2242 2647 avaritia
2266 2592 2566 2646 obsecutus
2597 2605 2663 2644 ex
2698 2589 2866 2643 animi
2898 2593 3185 2661 proposito
3218 2600 3374 2648 certo
3408 2593 3674 2665 injuriam

432 2688 598 2743 alicui
635 2686 903 2754 intulerit,
951 2694 1102 2742 certe
1149 2676 1574 2741 astimatiouem
1630 2681 1851 2752 injuria
1896 2683 2191 2752 persolvet,
2243 2681 2506 2748 solusque
2548 2677 2857 2749 periculum
2913 2681 3062 2749 passi
3095 2681 3354 2736 damnum
3395 2683 3448 2736 in
3508 2698 3671 2738 suam

432 2778 672 2831 animam
724 2775 973 2844 recipiet.
1028 2770 1147 2827 Non
1204 2769 1354 2826 enim
1406 2769 1686 2841 aquitatis
1734 2770 1877 2825 ratio
1927 2771 2156 2839 patitur,
2208 2777 2266 2823 ut
2318 2768 2376 2822 in
2432 2768 2510 2833 id,
2559 2767 2704 2837 quod
2747 2776 2984 2838 possunt
3020 2768 3104 2839 (si
3161 2769 3306 2826 bona
3356 2765 3669 2842 respicias)

432 2863 626 2933 lujusti
655 2861 1112 2925 condemnentur,
1150 2859 1247 2914 sed
1281 2858 1543 2913 damnum
1577 2858 1840 2923 sentient,
1872 2865 1927 2913 et
1962 2855 2168 2923 clades,
2199 2868 2364 2925 quam
2405 2853 2664 2909 invexere
2702 2852 2971 2924 proximo,
3008 2853 3063 2908 in
3091 2854 3334 2925 ipsorum
3365 2859 3545 2929 capita
3578 2874 3677 2915 re-

431 2951 656 3006 dundct.

503 3040 561 3093 Si
584 3038 702 3109 quis
739 3037 950 3107 furatus
988 3034 1151 3104 fuerit
1176 3032 1353 3088 bovem
1386 3043 1475 3087 aut
1511 3041 1677 3099 orem,
1706 3040 1813 3089 etc.
1870 3029 2058 3104 [XXIL
2093 3026 2170 3101 l.]
2202 3026 2518 3082 Animantia
2550 3029 2664 3083 hac
2695 3029 2998 3087 secundum
3024 3029 3199 3101 legem
3225 3030 3387 3087 ambo
3428 3046 3670 3088 censen-

432 3137 522 3181 tur
554 3126 779 3187 n.uuda,
799 3123 1030 3193 solaque
1060 3121 1532 3192 quantitatcinter
1561 3135 1686 3175 sese
1708 3119 1995 3176 dill‘erunt.
2016 3117 2123 3173 Bos
2151 3115 2374 3188 quidem
2405 3117 2753 3187 agricultura
2780 3116 3000 3172 dicatus
3028 3125 3115 3172 est
3141 3130 3157 3169 :
3204 3125 3258 3171 at
3282 3117 3402 3173 ovis
3425 3119 3534 3190 plu;
3553 3121 3669 3176 ima

431 3210 718 3266 wmmoda
754 3209 847 3263 dat
877 3221 979 3262 suo
1010 3221 1242 3277 corpore
1268 3206 1504 3273 homini,
1538 3216 1593 3262 et
1618 3207 1764 3262 inter
1790 3205 2082 3263 fructifera
2114 3211 2486 3275 computatur.
2518 3203 2695 3260 Ambo
2737 3213 2922 3260 autem
2962 3205 3419 3276 signiﬁcationem
3466 3209 3673 3264 habent

430 3303 670 3370 piorum,
703 3297 796 3368 qui
849 3296 1176 3351 incumbunt
1211 3303 1266 3350 et
1301 3294 1675 3349 iucubuerunt
1708 3309 1885 3351 sacra
1913 3293 2212 3363 Scriptura
2240 3294 2420 3348 caulis
2451 3301 2504 3348 et
2532 3294 2791 3348 stabulis.
2824 3293 3059 3354 Plurimi
3111 3303 3242 3348 sunt
3274 3294 3422 3349 fures
3449 3304 3503 3349 et
3548 3297 3674 3366 pla-

430 3386 614 3456 giarii,
645 3384 737 3454 qui
774 3382 1131 3438 obambulant
1169 3381 1496 3436 insidiantes
1526 3380 1809 3448 Ecclesiis,
1842 3378 2215 3451 perfodientes
2255 3379 2374 3449 ejus
2409 3394 2597 3434 muros
2632 3390 2686 3435 et
2738 3381 2909 3436 tacite
2955 3387 3305 3451 penetrantes
3342 3382 3508 3436 variis
3536 3383 3673 3437 illu-

432 3475 685 3530 siouibus
710 3480 765 3527 et
815 3471 1105 3525 fraudibus
1150 3469 1433 3540 capientes
1462 3479 1519 3525 et
1555 3469 1624 3525 de
1663 3467 1925 3524 Ecclesia
1954 3467 2228 3522 soliditate
2274 3466 2557 3522 trahentes
2600 3468 3004 3538 simpliciorum
3057 3468 3292 3523 animos.
3343 3467 3668 3525 Secundum

433 3560 844 3632 proportionem
875 3557 1043 3628 igitur
1066 3556 1374 3627 spiritualis
1406 3555 1755 3628 quantitatis,
1798 3562 1853 3610 et
1884 3557 2183 3613 secundum
2228 3556 2351 3610 ﬁdei
2388 3557 2843 3627 magnitudinem.
2879 3558 2933 3613 hi
2967 3559 3024 3613 in
3050 3560 3292 3629 quinque
3323 3560 3416 3615 alii
3452 3563 3504 3615 in
3527 3577 3672 3629 qua-

432 3659 558 3702 tuor
600 3647 951 3700 damnantur.
981 3642 1105 3698 Non
1147 3643 1298 3699 enim
1332 3659 1523 3699 oumes
1555 3657 1748 3700 sumus
1795 3642 2033 3712 aquales
2088 3644 2371 3714 religionis
2431 3645 2657 3700 intuitu.
2701 3643 3096 3716 Unusquisque
3128 3661 3365 3717 namque
3413 3654 3666 3702 nostrum

430 3735 593 3789 habet
620 3732 895 3805 peculiare
927 3731 1130 3786 donum
1158 3745 1225 3786 ex
1252 3729 1382 3795 Deo,
1421 3729 1514 3784 hic
1560 3728 1782 3798 quidem
1818 3730 1920 3796 sic,
1966 3731 2104 3786 alius
2144 3747 2272 3787 vero
2322 3734 2404 3788 sic
2428 3732 2495 3786 ⁸⁸.
2555 3731 2614 3786 Si
2646 3733 2774 3802 quis
2811 3742 2993 3788 autem
3041 3733 3483 3803 deprehendatur
3509 3736 3562 3789 in
3606 3751 3671 3790 re

433 3824 552 3893 ipsa
583 3829 637 3877 et
664 3827 853 3884 noctu,
886 3819 950 3873 ιιι
977 3829 1082 3883 est,
1118 3820 1298 3874 adhuc
1330 3819 1595 3873 rnutilans
1619 3819 1858 3873 animam
1888 3827 1943 3872 et
1974 3818 2152 3873 noctis
2189 3833 2356 3888 opera
2395 3828 2736 3888 perpetratis,
2773 3817 3046 3873 moriatur
3075 3819 3283 3875 indicta
3318 3835 3488 3876 causa
3526 3839 3588 3874 ac
3612 3827 3664 3877 si

431 3911 487 3966 in
516 3907 815 3979 praliovel
854 3907 997 3962 bello
1038 3905 1418 3962 occubuisset.
1462 3903 1521 3959 Si
1561 3914 1743 3961 autem
1787 3906 1903 3960 dies
1934 3905 2194 3970 illuxerit,
2233 3906 2287 3960 id
2334 3917 2441 3973 est,
2473 3906 2520 3960 si
2551 3920 2678 3959 vera
2711 3906 2997 3975 religionis
3035 3908 3228 3961 notitia
3263 3907 3443 3964 adhuc
3467 3910 3521 3963 in
3546 3910 3670 3978 ipso

433 3995 750 4060 radiaverit,
788 3993 964 4049 furem
999 4008 1109 4048 non
1142 3993 1378 4063 amplius
1403 3993 1613 4063 patitur
1637 3992 1815 4061 capite
1846 3992 2169 4062 periclitari.
2194 3989 2394 4060 ,Noctis
2424 3991 2694 4060 siquidem
2731 4006 2899 4062 Opera
2924 3993 3233 4062 puniuntur
3262 4010 3276 4047 :
3315 3992 3480 4049 Venia
3502 3998 3672 4051 datur

431 4085 541 4149 his,
573 4097 696 4154 qua
728 4082 784 4137 in
817 4080 938 4137 luce
970 4081 1413 4136 committuntur.
1450 4079 1593 4137 Deus
1625 4082 1893 4153 siquidem
1926 4080 2132 4151 ignovit
2166 4079 2363 4133 delicta
2395 4079 2701 4150 priscorum
2738 4094 2837 4149 per
2868 4079 3236 4151 ignorantiam
3266 4090 3320 4135 et
3346 4083 3397 4136 in
3424 4086 3670 4140 tenebris

429 4172 746 4226 commissa.
782 4166 879 4224 His
908 4169 1160 4236 congruit
1216 4168 1352 4224 illud
1395 4168 1605 4222 dictum
1640 4185 1654 4222 :
1704 4187 1721 4220 ι
1754 4166 1858 4235 Qui
1889 4168 2163 4237 quondam
2203 4169 2371 4220 eratis
2406 4167 2667 4232 tenebra,
2705 4181 2853 4221 nunc
2892 4168 3026 4222 estis
3055 4166 3147 4222 lux
3198 4170 3248 4223 in
3284 4170 3511 4225 Domino
3534 4171 3600 4224 “.
3641 4193 3663 4224 ι

428 4261 509 4314 Ad
540 4274 663 4315 eum
699 4258 924 4313 modum
957 4265 1012 4312 et
1042 4256 1264 4323 Paulus,
1294 4256 1387 4327 qui
1432 4254 1616 4310 fuerat
1650 4255 2025 4324 blasphemus.
2050 4252 2388 4323 justilicatus
2437 4261 2552 4319 est;
2594 4253 2965 4320 venundatur,
3024 4253 3117 4324 qui
3175 4254 3402 4309 multam
3452 4257 3672 4321 solvere

426 4348 637 4415 nequit,
663 4345 875 4400 scilicet
905 4344 997 4413 qui
1024 4358 1133 4397 non
1167 4350 1346 4412 potest
1381 4343 1436 4396 in
1468 4357 1594 4397 vera
1626 4356 2006 4412 perseverare,
2041 4348 2102 4395 ut
2121 4338 2300 4402 decet,
2333 4340 2683 4410 pmttiteulia,
2710 4347 2764 4395 et
2785 4352 3067 4411 permanet
3097 4341 3151 4395 in
3189 4344 3437 4412 pristinis
3466 4354 3672 4399 contu-

427 4433 657 4486 maciter
683 4430 853 4484 vitiis.
910 4427 1071 4480 Exuti
1120 4428 1286 4496 igitur
1318 4428 1550 4493 honore,
1593 4429 1687 4498 qui
1727 4427 1991 4497 competit
2028 4424 2240 4489 liberis,
2294 4426 2568 4480 audinut‘:
2606 4445 2624 4478 ι
2663 4425 2804 4481 Ecce
2836 4426 2907 4481 ob
2954 4435 3179 4496 peccata
3218 4437 3399 4484 vestra
3449 4432 3663 4507 venditi

426 4519 565 4572 estis
595 4517 661 4569 ⁸⁷.
700 4534 720 4568 ι
769 4513 828 4569 Si
879 4516 1005 4585 quis
1055 4528 1184 4568 vero
1231 4514 1615 4568 fraudulentus
1663 4513 1909 4583 primam‘
1940 4512 2249 4568 adhibuerit
2300 4518 2656 4571 tentationem
2686 4557 2701 4583 ,
2757 4516 2990 4577 necdum
3035 4517 3328 4586 perdiderit
3365 4531 3419 4574 et
3475 4535 3676 4575 corru-

428 4606 569 4672 perit
640 4603 969 4672 deceptum,
1046 4600 1099 4655 in
1171 4598 1394 4670 duplqu
1464 4598 1946 4654 condcmnabitur.
2008 4598 2144 4654 Nam
2225 4602 2402 4668 illum,
2463 4604 2625 4671 cujus
2694 4604 2892 4657 anima
2956 4603 3190 4659 insidias
3253 4606 3491 4673 struxit,
3556 4624 3668 4664 non

427 4690 596 4757 cepit.
645 4686 980 4743 Reservatur
1036 4688 1181 4742 enim
1235 4685 1489 4740 Domino.
1555 4683 1620 4739 Et
1685 4684 1850 4748 mala,
1901 4700 2023 4756 qua
2083 4689 2345 4757 parabat,
2410 4690 2529 4763 ipse
2588 4692 2795 4762 patitur
2842 4691 3083 4762 capitale
3118 4695 3403 4750 sustinens
3451 4695 3669 4767 suppli-

428 4792 595 4829 ClUll].
1043 4824 1056 4829 _
3212 4795 3222 4805 .

501 4888 697 4959 Siquis
725 4888 1001 4956 pecoribus
1042 4886 1292 4939 immissis
1333 4884 1534 4939 lmerit
1570 4901 1758 4955 agrum
1789 4884 2038 4955 alicujus,
2065 4895 2173 4941 etc.
2205 4886 2308 4960 [5.]
2354 4887 2472 4943 Non
2520 4890 2664 4943 enim
2693 4905 2796 4945 nos
2820 4898 3040 4959 oportet
3065 4899 3277 4957 nostra,
3330 4893 3423 4946 sed
3475 4893 3549 4946 eti
3570 4910 3667 4956 nu,

430 4992 552 5047 qua
583 4984 712 5032 sunt
735 4975 992 5038 aliorum,
1019 4988 1284 5043 quarere.
1327 4970 1707 5041 Depascuntur
1738 4987 1953 5041 agrum,
1988 4972 2306 5040 Ecclesiam,
2342 4986 2396 5031 et
2436 4977 2657 5031 Domini
2688 4978 2877 5033 vineas
2927 4978 3022 5032 lilii
3058 4978 3442 5034 hareticorum
3487 4981 3670 5035 instar

432 5079 699 5120 saevarum
732 5064 1065 5134 belluarum.
1104 5061 1300 5114 Verum
1338 5061 1565 5114 baresis
1616 5059 1780 5130 283
1825 5068 2082 5117 auctores
2110 5060 2355 5131 peetiferi
2407 5077 2601 5131 pcenas
2643 5065 2790 5118 luent
2834 5065 3103 5131 omnimn,
3150 5081 3272 5134 qua
3315 5065 3552 5120 haeretici
3608 5069 3664 5121 in

428 5152 732 5209 Ecclesiam
770 5150 985 5211 Domini
1034 5150 1380 5218 deliquerint.
1417 5146 1643 5202 Recidet
1674 5150 1820 5201 enim
1861 5148 1915 5200 in
1938 5146 2088 5217 ipsos
2122 5148 2399 5213 interitus,
2430 5150 2519 5202 cui
2569 5164 2673 5204 nos
2705 5149 3074 5215 involverunt,
3107 5154 3223 5222 qui,
3252 5151 3381 5207 dum
3415 5152 3665 5208 adlta-re-

433 5257 555 5299 mus
590 5254 736 5295 sana
765 5237 1058 5303 doctrina,
1090 5252 1471 5304 comparamur
1497 5234 1881 5303 amantissimo
1917 5244 1970 5288 ct
2001 5235 2369 5305 pulcherrimo
2402 5249 2534 5306 agro
2575 5236 2755 5305 quoad
2801 5237 3063 5293 animam.
3118 5239 3465 5309 Quapropter
3496 5242 3660 5305 mala,

428 5342 552 5399 qua
581 5326 740 5383 nobis
766 5323 1059 5390 dederunt,
1090 5325 1369 5394 patientur
1394 5334 1447 5377 et
1472 5322 1599 5392 ipsi.

497 5416 559 5472 Si
595 5416 728 5485 ignis
782 5429 1022 5483 egressus
1075 5414 1130 5467 in
1176 5416 1378 5482 spinas,
1432 5421 1542 5467 etc.
1577 5410 1685 5484 [6.]
1724 5410 1840 5465 Non
1876 5411 2024 5466 enim
2057 5411 2214 5465 decet
2261 5422 2318 5465 ut
2355 5412 2456 5474 illi,
2497 5411 2592 5482 qui
2640 5412 2706 5466 ad
2739 5412 3077 5481 perdendum
3108 5422 3160 5467 et
3185 5415 3654 5484 corrumpendqu

433 5507 573 5570 uati,
613 5503 777 5560 etiam
819 5503 1107 5555 destruant
1159 5502 1335 5570 ipsum
1371 5502 1599 5555 bonum.
1652 5499 1835 5567 Spina
1884 5498 2191 5553 secundum
2244 5498 2588 5554 intellectum
2635 5500 2993 5572 allegoricqu
3024 5500 3442 5567 existimantur,
3472 5503 3661 5573 religio

497 5692 541 5721 "
564 5689 719 5744 Joan.
751 5703 881 5755 xvu,
910 5689 961 5743 3.
1039 5688 1083 5720 ⁸³
1110 5686 1131 5741 ι
1162 5685 1286 5741 Cor.
1333 5701 1384 5750 ι,
1414 5683 1499 5741 52.
1579 5685 1624 5714 ⁸⁸³
1651 5684 1804 5742 Rom.
1840 5698 1936 5743 xu.
1973 5683 2060 5738 l5.
2137 5682 2179 5715 ⁸⁵
2210 5680 2228 5733 l
2258 5681 2386 5736 Cor.
2411 5696 2508 5749 vn,
2554 5681 2604 5736 7.
2683 5684 2728 5716 "
2753 5681 2953 5754 Ephes.
2989 5700 3040 5750 v,
3069 5684 3119 5736 8.
3236 5684 3278 5715 τ’
3302 5682 3413 5738 lse.
3444 5699 3496 5748 L,
3535 5687 3585 5739 l.
