4010 6212
357 356 452 420 621
1467 355 1940 416 COMMENTAR

2033 355 2114 416 ΙΝ
2153 353 2500 418 EXODUM.
3494 353 3597 414 69.2

354 471 596 524 erratica
655 465 938 530 haeretica,
987 465 1237 534 inquam,
1291 471 1344 518 et
1371 463 1714 532 Grzeeanica,
1761 479 1884 534 qua:
1929 463 2152 534 quidem
2195 466 2377 520 nutrit
2425 466 2603 536 ignem
2638 471 2690 517 et
2726 460 2974 519 incendit
3005 461 3268 532 gehennm
3295 461 3592 520 flammam.

355 557 473 611 Sub
517 562 701 626 segete
746 553 1073 623 accipienda
1126 561 1256 607 sunt
1303 553 1460 606 mitia
1515 553 1801 617 alimenta,
1839 567 1965 622 quae
2015 555 2184 606 vitam
2217 561 2499 622 vegetam.
2561 549 2684 604 Haec
2719 557 3120 619 comparantur
3143 549 3442 614 doctrinis,
3474 565 3596 618 qua:

353 643 574 698 viviﬁco
603 655 748 712 pane
779 655 978 710 netnpe
1022 639 1249 694 Christo
1285 653 1418 694 suos
1489 640 1734 694 asseclas
1785 647 2041 708 pascunt.
2091 640 2330 709 Campus
2365 654 2498 693 vero
2548 639 2745 709 planus
2777 647 2831 691 et
2863 637 2970 691 iter
3002 635 3334 712 facientibus
3363 635 3598 690 idoneus

349 731 636 803 iudicatur
671 728 960 799 Scriptura
1004 741 1184 783 sacra.
1235 725 1437 782 Omnia
1487 728 1634 782 enim
1661 727 1879 782 obviam
1920 737 2050 782 sunt
2076 735 2133 794 et
2167 726 2326 796 quasi
2357 725 2412 780 in
2449 731 2753 794 conspectu
2780 723 3221 794 intelligentibus
3251 721 3597 792 Scripturam

353 817 662 874 secundum
699 817 966 882 litteram,
1017 821 1281 884 rectaque
1333 823 1599 884 putantur
1639 815 1769 881 illis,
1807 813 1902 884 qui
1949 809 2287 869 invenerint
2313 813 2567 868 notitiam
2594 812 2882 878 Ecclesiae,
2925 813 3116 881 itaque
3145 811 3402 866 doctores
3439 809 3600 865 ﬂam-

337 922 442 962 ina
474 920 702 959 suorum
735 919 1055 960 sermonum
1091 903 1538 958 adversariorum
1594 902 1784 974 spinas
1824 909 2223 958 consumentes
2273 900 2404 954 dum
2463 899 2888 970 patrocinentur
2934 899 3178 962 veritati,
3213 897 3520 953 industrios
3547 905 3602 949 et

351 1003 554 1048 cautos
590 999 931 1046 conservant
967 1005 1036 1044 ne
1072 991 1218 1062 quod
1251 991 1510 1045 veritatis
1551 991 1750 1060 dogma
1805 987 2176 1058 despicerent.
2221 987 2278 1041 Si
2309 986 2442 1057 quid
2477 1003 2662 1041 rerum
2694 987 2758 1042 ad
2797 986 3124 1058 religionem
3149 985 3600 1040 necessariarum

353 1079 500 1151 ignis
539 1079 912 1147 absumpserit
951 1093 1060 1132 una
1096 1093 1223 1132 cum
1255 1078 1434 1148 spinis
1478 1077 1595 1133 sive
1643 1077 1829 1140 malis,
1859 1075 2118 1131 Ecclesia:
2141 1075 2334 1130 ductor
2368 1073 2713 1145 negligentiae
2741 1088 2934 1144 pmnas
2965 1072 3140 1128 dabit.
3636 1111 3640 1132 ;

425 1170 626 1241 Siquis
659 1169 920 1238 deceperit
956 1170 1210 1240 virginem
1264 1171 1496 1224 nondum
1549 1169 1884 1238 desponsam,
1914 1179 2020 1224 etc.
2057 1163 2243 1238 [XXIL
2275 1164 2386 1238 i6.]
2435 1165 2772 1220 Adulterium
2827 1165 3075 1219 mulieris
3117 1164 3239 1217 'viro
3275 1171 3462 1232 nuptm
3504 1177 3600 1217 re-
3659 1159 3662 1164 ⁷

353 1266 654 1329 praesentat
669 1256 1018 1326 eopule,qua
1042 1256 1327 1327 iungimur
1359 1252 2240 1326 Deo,destructionemcUtrisque
2265 1256 2347 1312 lex
2369 1255 2600 1326 capitale
2617 1256 2824 1324 ii'rogat
2857 1254 3209 1324 supplicium.
3233 1251 3364 1306 Nam
3385 1253 3604 1308 adulter
3658 1261 3668 1278 ‘

353 1344 500 1400 male
533 1342 812 1399 seminat:
863 1343 1122 1398 adultera
1171 1343 1314 1398 male
1344 1357 1536 1398 semen
1579 1344 1810 1414 excipit;
1861 1340 2146 1411 Virginem
2198 1342 2536 1412 desponsam
2568 1342 2816 1412 intellige
2847 1341 3113 1402 animam,
3151 1354 3272 1409 quae
3303 1354 3452 1392 nunc
3483 1339 3602 1407 pri-

349 1445 504 1486 mum
534 1431 790 1486 eruditur
819 1430 872 1486 in
905 1431 1200 1500 religione,
1251 1431 1488 1485 necdum
1537 1429 1784 1502 perfecte
1835 1429 2134 1498 conjuncta
2185 1441 2274 1484 est
2311 1429 2421 1485 Deo
2451 1446 2466 1483 :
2499 1429 2592 1484 sed
2623 1435 2912 1498 exspectat
2944 1427 3129 1481 adhuc
3179 1429 3341 1497 quasi
3373 1427 3601 1498 nuptias

351 1517 624 1588 baptismi
661 1517 892 1584 donum,
930 1518 1306 1572 arrbabonem
1337 1517 1746 1588 quodammodo
1787 1527 1980 1572 tenens
2015 1517 2386 1574 institutionis
2435 1531 2768 1583 sermonem,
2820 1515 3284 1584 quemadmodum
3329 1515 3600 1583 scriptum

351 1617 476 1661 est:
533 1623 552 1656 ι
587 1605 858 1675 Copulavi
888 1620 985 1660 vos
1017 1606 1112 1659 uni
1140 1605 1286 1670 viro,
1319 1613 1380 1658 ut
1421 1605 1692 1673 virginem
1721 1613 1936 1660 castam
1964 1604 2309 1674 praestaretis
2354 1601 2580 1658 Christo
2615 1602 2682 1655 ⁵⁸.
2716 1619 2734 1653 ι
2771 1601 3041 1658 Pranerea
3079 1603 3392 1658 animarum
3429 1616 3602 1673 spon-

350 1706 452 1748 sus
481 1691 538 1746 in
575 1690 864 1762 prophetis
895 1691 976 1747 sic
1012 1691 1263 1762 loquitur
1301 1709 1315 1746 :
1349 1709 1367 1742 ι
1403 1689 1770 1762 Despondebo
1815 1701 1868 1746 te
1905 1691 2041 1746 mihi
2077 1692 2132 1746 in
2166 1691 2568 1760 sempiternum
2619 1689 2677 1744 in
2706 1689 2948 1762 iustitia,
2985 1691 3040 1744 in
3067 1690 3304 1760 iudicio,
3343 1693 3397 1744 in
3432 1691 3602 1744 mise-

353 1777 626 1844 ricordia,
685 1779 743 1834 in
791 1779 1400 1836 commiserationibus.
1455 1778 1524 1832 Et
1571 1779 1934 1850 despondebo
1989 1787 2041 1835 te
2076 1779 2208 1834 mihi
2265 1767 2320 1832 in
2350 1777 2480 1846 ﬁde,
2515 1786 2571 1832 et
2623 1791 2930 1849 cognosces
2962 1776 3133 1832 Deum
3173 1777 3242 1830 ".
3286 1795 3304 1828 ι
3343 1775 3399 1831 Si
3433 1775 3603 1846 igitur

351 1865 540 1922 anima
563 1866 642 1937 [in
690 1865 798 1922 fide
848 1867 1063 1921 novitia
1115 1867 1370 1932 vitiatur,
1414 1874 1691 1936 corruptae
1717 1867 2055 1938 virginitatis
2107 1865 2543 1922 insimulabitur.
2577 1865 2716 1920 Nam
2744 1865 2852 1921 sub
2888 1880 3056 1920 manu
3113 1873 3199 1920 est
3233 1865 3454 1935 sponsi,
3503 1865 3600 1935 qui

353 1969 484 2010 mox
511 1955 689 2026 ipsam
719 1954 909 2009 ducet.
941 1953 1075 2020 Qua:
1101 1969 1233 2010 vero
1273 1955 1462 2030 anima
1497 1955 1743 2010 nondum
1797 1954 2079 2026 sponsalia
2113 1955 2398 2010 contraxit
2439 1968 2567 2009 cum
2602 1953 2828 2009 Christo
2854 1951 3237 2008 intercedente
3268 1951 3395 2015 fide,
3433 1952 3603 2021 eique

353 2043 520 2099 fucus
547 2043 730 2100 factus
759 2041 930 2098 fuerit
967 2043 1040 2098 ab
1071 2042 1371 2110 haereticis,
1406 2044 1588 2100 errori
1617 2042 1890 2113 implicita
1929 2051 2015 2098 est
2087 2041 2306 2112 Saepius
2339 2041 2487 2098 enim
2537 2041 2888 2096 ethnicorum
2927 2038 3321 2096 etJudaeorum
3355 2039 3602 2094 lueretici

352 2130 426 2184 ad
471 2145 596 2186 sese
643 2131 993 2200 pellexerunt
1037 2133 1294 2189 incautas
1357 2133 1594 2189 animas.
1667 2130 1948 2206 Seductor
1993 2131 2169 2187 solvet
2200 2129 2355 2185 Patri
2401 2127 2703 2199 spirituum
2751 2143 2942 2199 poenas
2979 2131 3208 2184 nomine
3251 2142 3598 2188 sermonum,

351 2218 562 2290 quibus
599 2219 838 2276 miseros
869 2219 1196 2274 sollicitavit
1229 2237 1243 2273 :
1275 2219 1442 2290 hique
1479 2235 1580 2290 pro
1626 2219 1797 2274 multa
1844 2218 2332 2290 computabuntur.
2389 2217 2543 2274 Uxor
2576 2231 2708 2272 vero
2739 2216 2864 2286 eius
2897 2216 3145 2271 manebit
3175 2217 3352 2271 donec
3393 2215 3601 2271 ablutis

353 2305 616 2362 sordibus
668 2321 898 2364 reversa
952 2304 1124 2362 fuerit
1183 2306 1251 2362 ad
1304 2307 1621 2362 veritatem.
1660 2304 1800 2362 Etsi
1829 2305 1960 2376 quld
2001 2306 2222 2376 pietatis
2252 2305 2436 2360 adhuc
2486 2304 2783 2359 inhaeserit
2837 2303 2918 2357 illi
2965 2303 3185 2359 mulieri
3231 2319 3296 2358 ex
3339 2304 3600 2374 operibus

351 2391 631 2461 pristinis,
668 2407 778 2448 non
827 2392 1177 2463 permanebit
1217 2395 1363 2462 apud
1411 2393 1823 2447 fraudulentum
1877 2391 2256 2464 deceptorem,
2306 2393 2419 2447 imo
2465 2391 2770 2447 auferetur.
2813 2389 3102 2462 Espendet
3149 2399 3331 2448 autem
3375 2391 3600 2446 neruine

351 2492 534 2548 paena:
564 2495 878 2544 sermones,
913 2480 1120 2552 quibus
1151 2479 1468 2536 ludiﬁcatus
1509 2489 1594 2534 est
1621 2480 1917 2550 virginem.

421 2592 551 2646 Πᾶν
583 2579 975 2662 κοιμώμενοί
983 2594 1135 2664 μετὰ
1170 2594 1466 2661 κτήνουςο
1501 2593 1734 2659 θανάτῳ
1773 2593 1922 2648 ἀπο-
1952 2576 2000 2633 Α

2098 2598 2314 2650 Omnem
2343 2595 2435 2666 qui
2467 2595 2665 2649 dormit
2695 2611 2813 2648 cum
2837 2595 3102 2664 jumento,
3138 2605 3247 2650 etc.
3285 2591 3425 2666 [19.]
3463 2591 3597 2646 Nam

347 2683 659 2738 κτενεῖται.
687 2685 851 2752 Μίξις
873 2685 984 2758 γὰρ
1019 2685 1184 2756 νοητὴ
1213 2684 1351 2755 πρὸς
1403 2683 1528 2739 νοῦν
1562 2684 1788 2753 ἀλογίαν
1836 2701 1923 2737 νο-

2029 2687 2076 2744 si
2123 2689 2248 2757 quis
2291 2688 2574 2744 intellectu
2627 2688 2892 2758 praeditus
2942 2688 3242 2743 amicitiam
3276 2696 3330 2742 et
3363 2687 3600 2741 familia-

348 2773 615 2844 σήσαντα,
677 2773 910 2829 θανάτου
970 2776 1233 2846 πρόξενος
1289 2777 1401 2839 τοῖς
1447 2789 1506 2830 τε
1549 2775 1801 2846 φθαρεῖσι
1827 2775 1922 2828 καὶ

2029 2778 2248 2832 ritatem
2299 2778 2640 2834 contraxerit
2665 2794 2790 2834 cum
2829 2778 3050 2833 homine
3083 2778 3266 2844 bruto,
3311 2779 3449 2832 nihil
3489 2776 3595 2832 uisi

348 2865 652 2936 φθείρουσι.
1635 2853 1648 2864 ’

2031 2881 2258 2927 mortem
2296 2877 2530 2940 uterque
2568 2869 2858 2924 lucrantur
2901 2884 2970 2924 ex
2997 2883 3063 2924 ea
3093 2867 3489 2924 familiaritate.

419 2973 476 3031 id
502 2978 652 3032 enim
679 2970 816 3033 satis
847 2976 902 3030 in
937 2975 1188 3032 Levitico
1225 2977 1560 3049 explicatur.

421 3081 568 3138 Nam
598 3095 650 3138 et
678 3102 766 3140 vos
798 3087 961 3141 eratis
998 3087 1283 3156 peregrini,
1311 3093 1421 3142 etc.
1457 3086 1598 3162 [21.]
1651 3087 1863 3144 Fuistis
1897 3087 2115 3158 quidem
2167 3088 2469 3160 peregrini,
2503 3095 2558 3143 at
2589 3103 2698 3143 non
2729 3103 2842 3160 quo
2877 3087 2958 3144 illi
2991 3089 3182 3144 modo.
3226 3087 3411 3144 Defuit
3442 3089 3596 3144 enim

348 3171 508 3226 vobis
542 3171 697 3242 regio
739 3181 794 3226 et
835 3179 1004 3226 terra.
1040 3173 1114 3226 At
1145 3173 1226 3227 illi
1276 3173 1331 3228 in
1366 3177 1694 3230 societatem
1745 3177 2063 3244 reipublicae
2108 3183 2162 3230 et
2215 3176 2396 3248 legum
2450 3175 2778 3231 admittendi
2837 3185 2989 3233 sunt.
3017 3175 3284 3244 Quamvis
3317 3177 3596 3248 peregrini

347 3258 722 3313 abstinuerint
750 3257 1075 3330 Egyptiaca
1107 3261 1508 3330 superstitione
1541 3270 1595 3316 et
1625 3263 1962 3318 accesserint
2014 3263 2078 3316 ad
2122 3261 2313 3328 Deum,
2351 3263 2539 3318 tamen
2593 3263 2828 3328 indicat,
2861 3264 3006 3335 quod
3045 3265 3326 3334 peregrini
3359 3265 3437 3318 illi
3483 3280 3596 3319 non

347 3345 574 3397 omnino
602 3343 901 3399 habuerint
941 3359 1130 3401 carnis
1164 3347 1672 3404 circumcisionem.
1713 3348 1823 3404 Nec
1874 3351 2020 3405 enim
2071 3349 2280 3404 liebrrei
2327 3352 2382 3405 in
2413 3349 2660 3422 Egypto
2705 3366 2899 3406 omnes
2926 3351 3352 3408 circumcisione
3383 3353 3588 3416 signati

346 3439 529 3486 erant.
565 3430 740 3502 Igitur
795 3434 900 3487 hoc
935 3425 1059 3489 loco
1109 3434 1470 3490 circumcisio
1533 3436 1840 3506 spiritualis
1887 3436 2209 3506 accipienda
2244 3447 2352 3502 est,
2397 3452 2520 3506 qua:
2550 3452 2651 3507 per
2674 3437 3076 3493 continentiam
3103 3453 3162 3494 se
3189 3439 3386 3495 exerit.
3429 3439 3596 3510 284

349 3515 557 3586 Insigni
594 3518 944 3587 providentia
998 3519 1261 3588 dignatur
1307 3521 1552 3590 pupillos
1600 3535 1655 3577 et
1711 3523 1906 3578 viduas
1953 3533 2180 3594 propter
2229 3524 2588 3579 solitudinem
2623 3524 2892 3594 ipsorum.
2925 3523 2993 3578 Et
3028 3526 3270 3593 graviter
3296 3527 3484 3588 edicit,
3525 3543 3595 3579 ne

347 3607 474 3676 quis
503 3608 589 3662 his
622 3608 884 3678 iniuriam
939 3608 1128 3664 faciat.
1183 3608 1294 3664 Nec
1338 3619 1451 3663 tam
1485 3613 1761 3681 corporis,
1795 3627 1958 3682 quam
2009 3613 2207 3666 anima:
2255 3612 2514 3681 injurias,
2548 3614 2754 3683 quibus
2782 3614 3080 3683 opportuni
3130 3623 3262 3669 sunt
3298 3615 3406 3677 illi,
3447 3615 3594 3668 inhi-

351 3693 459 3748 bet.
496 3693 669 3750 Nemo
705 3696 852 3750 enim
901 3697 1146 3766 pupillos
1177 3697 1262 3750 vel
1294 3695 1591 3750 stultitiam
1649 3697 1733 3752 vel
1770 3699 2254 3768 intemperantiam
2287 3700 2507 3764 doceat,
2548 3699 2660 3753 imo
2701 3699 3039 3768 sapientiam
3073 3707 3127 3756 et
3156 3703 3590 3771 temperantiam

347 3779 437 3836 his
467 3781 744 3837 instillare
797 3783 1076 3850 instituat,
1123 3789 1399 3852 quatenus
1455 3783 1654 3838 dextra
1703 3783 1890 3839 indole
1937 3783 2145 3840 fuerint
2191 3785 2408 3856 prmditi
2442 3785 2510 3841 ad
2555 3786 2910 3856 recipiendos
2939 3787 3117 3842 divini
3148 3787 3424 3860 sermonis
3451 3789 3588 3843 cha-

349 3877 618 3924 ractercs.

417 3975 538 4031 Diis
579 3995 684 4032 non
735 3979 1042 4045 maledices,
1089 3988 1198 4037 etc.
1248 3975 1396 4057 [28.]
1445 3982 1568 4039 Non
1621 3983 1932 4039 maledictis
1983 3983 2233 4040 inec-sses
2275 3983 2520 4054 iudices,
2575 3997 2634 4041 ut
2667 3995 2898 4058 apparet
2929 4003 2995 4043 ex
3029 3990 3418 4059 sequentibus,
3455 4004 3582 4042 eum

343 4064 482 4119 dicit
521 4082 536 4119 :
574 4085 592 4116 ο
631 4066 984 4137 Principibus
1040 4070 1232 4140 p0puli
1269 4072 1348 4125 tui
1377 4087 1487 4128 non
1524 4071 1842 4127 maledices.
1888 4090 1908 4124 ι
1970 4069 2298 4126 Reverentia
2359 4074 2632 4144 siquidem
2679 4075 2978 4132 deferenda
3015 4087 3101 4132 est
3135 4077 3584 4150 magistratibus,

343 4159 398 4205 et
439 4151 681 4207 sollicite
736 4155 1064 4218 cavendum,
1109 4173 1178 4211 ne
1229 4159 1374 4212 clam
1428 4159 1482 4211 in
1515 4157 1738 4212 illorum
1804 4155 2124 4214 incidamus
2190 4157 2459 4214 furorem.
2493 4159 2668 4216 Omne
2716 4171 2896 4218 autem
2940 4165 3279 4230 convicium,
3335 4165 3481 4234 quod
3529 4165 3584 4217 in

347 4253 540 4293 verum
593 4239 842 4308 iactatur
897 4241 1230 4310 principem,
1285 4243 1486 4300 falsum
1531 4252 1635 4299 est.
1683 4241 1959 4300 Praeterea
2005 4245 2100 4314 qui
2148 4244 2390 4301 detrahit
2437 4247 2751 4317 iudicibus,
2787 4251 2999 4320 spernit
3032 4251 3581 4323 iegem,ipsumque,

343 4325 436 4395 qui
467 4324 632 4381 nobis
657 4326 830 4396 legem
856 4325 1030 4382 dedit.
1079 4325 1315 4384 Plurimi
1363 4329 1434 4384 ad
1485 4330 1622 4397 haec,
1675 4331 1806 4386 dum
1849 4345 1959 4386 non
1994 4333 2276 4389 abstinent
2307 4336 2583 4392 conviciis
2610 4339 2971 4406 proscindere
3007 4341 3344 4410 proximum,
3381 4355 3582 4396 assue-

344 4412 536 4498 tudine
573 4412 792 4498 tandem
823 4413 994 4468 etiam
1025 4413 1082 4467 in
1125 4413 1298 4470 Deum
1331 4416 1576 4485 iaculari
1623 4419 1879 4473 convicia
1921 4434 2032 4474 non
2081 4420 2518 4478 abhorruerunt.
2572 4422 2665 4479 Sic
2693 4421 2866 4480 Judaai
2917 4426 3161 4482 didicere
3188 4427 3582 4498 blasphemare

345 4496 540 4563 Deum,
572 4497 704 4554 dum
735 4513 846 4554 non
885 4505 1182 4555 cessarunt
1213 4503 1487 4558 maledico
1519 4519 1616 4560 ore
1659 4519 2029 4575 conspurcare
2059 4507 2318 4564 doctores
2365 4509 2529 4580 legis.
2567 4511 2647 4566 Ad
2694 4527 2821 4567 eum
2855 4515 3075 4568 modum
3105 4496 3398 4570 exercitati
3432 4515 3581 4571 caede

343 4588 732 4674 prophetarum
766 4597 819 4641 et
845 4587 1144 4674 iustorum,
1191 4589 1314 4644 ausi
1348 4588 1576 4645 fuerunt
1617 4591 1964 4648 Dominicum
2016 4593 2353 4664 profundere
2401 4599 2752 4669 sanguinem.
2811 4599 3163 4674 Quapropter
3204 4604 3384 4674 inquit
3419 4601 3580 4658 Chri-

339 4685 498 4730 stus:
541 4692 561 4725 ι
618 4672 678 4728 ln
712 4674 976 4729 cathedra
1029 4673 1202 4732 Musis
1255 4676 1448 4732 sedent
1508 4677 1726 4736 Scriba:
1773 4688 1827 4736 et
1873 4680 2156 4736 Pharisaei.
2200 4681 2402 4739 Omnia
2445 4685 2634 4756 igitur,
2689 4703 2811 4758 qua:
2845 4672 3050 4743 dicunt
3073 4672 3490 4756 vobis,facite;
3525 4701 3580 4744 at

341 4761 646 4814 secundant
677 4775 849 4832 opera
878 4777 1070 4818 eorum
1104 4779 1215 4819 non
1248 4763 1416 4822 facite
1453 4767 1523 4820 ⁷ο.
1571 4786 1590 4820 ι
1640 4766 1780 4823 Hinc
1832 4769 1998 4824 etiam
2049 4767 2255 4827 Paulus
2299 4773 2542 4841 seipsum
2601 4775 2962 4844 reprehendit
2993 4785 3048 4830 et
3077 4777 3316 4846 colligit,
3349 4795 3470 4833 cum
3509 4779 3575 4832 lio

339 4848 530 4937 bet-ius
585 4848 855 4937 invectus
893 4859 1044 4906 esset
1093 4851 1152 4906 in
1186 4868 1464 4910 summum
1522 4855 1866 4926 pontificem.
1901 4855 2249 4928 Quapropter
2299 4860 2484 4930 inquit
2515 4861 2675 4916 Eliud
2705 4863 2848 4930 apud
2881 4861 3080 4918 Jobum
3115 4882 3128 4919 :
3166 4884 3184 4918 ‹
3227 4865 3433 4937 impius
3489 4877 3578 4921 est

336 4934 662 5004 quicunque
685 4934 888 4992 dixerit
917 4937 1070 5008 regi:
1108 4937 1298 5010 Inique
1327 4941 1446 5012 agis
1473 4940 1545 4995 ".
1581 4960 1601 4993 ι
1637 4941 2004 5012 lmpiissimus
2050 4942 2216 4998 fuerit
2255 4944 2310 4998 in
2347 4947 2730 5015 magistratus,
2763 4950 2855 5018 qui
2893 4965 3002 5005 non
3033 4934 3324 5009 reveretur
3361 4957 3572 5011 vultum

337 5021 440 5074 viri
482 5022 781 5111 venerandi
816 5041 830 5077 :
866 5039 968 5079 nec
996 5025 1279 5082 honorare
1319 5028 1476 5082 novit
1524 5029 1676 5084 viros
1713 5031 1978 5100 integros.
2041 5030 2098 5085 In
2147 5029 2470 5088 Proverbiis
2503 5033 2704 5104 legitur
2737 5051 2750 5088 :
2789 5019 2810 5087 ἱ
2865 5033 3098 5094 Multare
3131 5039 3311 5095 virum
3357 5042 3571 5111 justum

337 5123 446 5162 non
475 5117 564 5164 est
593 5107 913 5176 honestum,
945 5125 1134 5182 neque
1161 5123 1412 5168 sanctum
1447 5113 1705 5171 insidiari
1750 5115 2078 5188 proceribus
2101 5118 2273 5188 iustis
2302 5120 2368 5176 τε.
2401 5139 2422 5171 ι

337 5304 349 5316 ⁹
403 5217 634 5278 Carnem
673 5219 916 5316 α-ῡεειίὶι
949 5229 1163 5291 captam
1195 5239 1302 5277 non
1341 5224 1529 5292 edetis,
1582 5227 1674 5281 sed
1723 5226 1984 5298 objicietis
2037 5227 2181 5292 cani,
2231 5235 2340 5283 etc.
2381 5227 2519 5302 [31.]
2557 5230 2848 5303 Scriptura
2906 5251 3064 5292 sacra
3105 5237 3476 5310 impudentem
3517 5253 3573 5296 et

335 5308 613 5394 impurum
650 5308 790 5394 solet
823 5321 1026 5365 vocare
1063 5323 1280 5373 canem,
1334 5313 1422 5367 cui
1453 5314 1714 5384 congruit
1751 5315 1938 5372 omnis
1972 5330 2160 5372 sermo
2185 5355 2202 5382 ,
2253 5316 2348 5386 qui
2403 5317 2462 5372 in
2494 5321 2794 5389 perniciem
2854 5308 3198 5393 animarum,
3225 5329 3472 5394 procedit
3517 5343 3572 5386 et

327 5390 594 5489 diabolo,
623 5393 756 5489 sine
778 5411 892 5489 quo
945 5411 1056 5489 non
1103 5395 1236 5451 licet
1279 5397 1464 5489 dicere
1486 5400 1786 5489 anathema
1827 5399 1962 5458 Jesu
1984 5402 2072 5456 η’.
2099 5403 2442 5461 Obmittendi
2479 5413 2609 5462 sunt
2639 5408 2827 5480 itaque
2853 5390 3337 5487 sermonem—quos
3369 5417 3418 5474 si
3445 5421 3570 5489 quis

329 5481 624 5548 receperit,
649 5481 820 5540 cedat
851 5483 910 5536 in
942 5482 1273 5538 alimentum
1314 5483 1560 5542 diabolo.

321 5647 878 5786 1...:ICIOEO1.”1’IB.Q.
987 5654 1030 5688 ‘9
1058 5651 1194 5711 Osee
1235 5671 1296 5722 tt,
1333 5656 1419 5722 i9,
1445 5655 1536 5710 20.
1613 5660 1687 5730 _"°
1717 5659 1906 5716 Matth.
1937 5679 2094 5730 nm,
2121 5663 2176 5730 2,
2214 5663 2268 5722 '5.
2377 5667 2418 5700 '“
2453 5665 2554 5724 Job
2605 5666 2802 5736 xxxiv,
2853 5671 2940 5728 18.
3041 5677 3086 5708 ⁷³
3117 5674 3278 5732 Prov.
3312 5693 3446 5736 XVII.
3475 5679 3578 5746 26..
