4010 6212
415 310 518 376 523
1707 312 1997 375 PROCOP

2094 310 2340 374 (ΕΑΖ-ΕΙ
3557 295 3667 366 θΞι

493 419 619 472 Non
647 415 896 483 suscipias
933 432 1194 473 mutarent
1227 436 1440 484 canum,
1482 429 1586 478 etc.
1641 411 1861 496 [XXIIL
1919 421 1998 496 1.]
2044 421 2393 494 Quapropter
2435 418 2657 490 quidam
2702 415 3050 471 Nomotheta:
3109 413 3406 486 prohibent
3453 417 3664 473 auritis

417 506 655 560 testibus
686 503 829 558 ferre
898 504 1318 562 testimonium:
1369 515 1424 560 et
1463 507 1700 563 Oculatis
1748 509 2088 580 permittitur
2127 511 2392 575 testibus,
2433 509 2591 581 quasi
2637 506 2715 562 rei
2763 504 2965 562 veritas
2997 503 3287 558 oculorum
3330 502 3660 560 testimonio

415 593 817 655 confirmetur;
837 599 893 645 at
918 591 1265 646 mendacium
1301 597 1594 649 roboretur
1619 598 1834 651 aurium
1871 599 2208 654 testimonio.

488 682 750 750 Pauperis
784 699 887 738 non
927 683 1256 738 misereberis
1292 683 1344 738 in
1377 684 1609 754 judicio,
1637 696 1746 742 etc.
1954 686 2088 741 Nam
2133 685 2352 757 jnstitia
2407 687 2654 742 divinum
2701 683 2976 754 quoddam
3009 689 3091 738 est
3128 689 3183 736 et
3215 680 3522 742 sincerum,
3556 694 3660 736 nec

414 769 542 825 odio
573 770 658 824 vel
684 771 862 846 gratia
889 774 1288 840 corrumpitur.
1339 773 1689 846 Quapropter
1737 776 2018 843 eleganter
2074 777 2284 830 dictum
2335 788 2453 831 est:
2507 795 2524 826 t
2571 773 2848 828 .ludiciunt
2885 772 2979 844 Dei
3036 783 3121 827 est
3156 771 3227 836 ",
3282 790 3300 822 ι
3349 779 3462 826 etc.
3510 769 3660 840 iuste

411 858 624 927 justum
655 845 995 929 sequeris“.
1041 879 1060 913 ι
1089 858 1227 915 Nam
1258 861 1447 930 justus
1494 863 1538 916 si
1573 845 1720 932 perit
1759 863 1932 931 jnste,
1983 864 2102 933 ejus
2151 875 2254 920 est.
2299 863 2455 934 Opus
2487 871 2570 917 est
2603 862 2771 932 igitur
2807 860 3084 931 sapientia
3123 857 3190 913 ad
3221 858 3654 914 discernendum

412 937 624 1015 justum
653 963 667 1000 :
699 961 801 999 nec
834 953 1041 1001 tetttere
1079 955 1134 1000 et
1161 949 1480 1016 importune
1513 948 1921 1003 decurrendum
1951 963 2035 1006 est
2063 951 2129 1006 ad
2177 949 2640 1007 tttisericordiam.
3631 953 3638 958 ’

489 1031 550 1086 Si
579 1035 870 1088 occurreris
911 1035 1026 1088 bovi
1065 1036 1270 1089 inimici
1299 1039 1400 1099 tui,
1430 1047 1535 1091 etc.
1573 1035 1674 1110 [4.]
1709 1036 1918 1091 Eximia
1958 1038 2252 1092 clententia
2300 1038 2388 1090 ltic
2433 1035 2685 1099 ducetur,
2718 1048 2786 1088 ne
2814 1032 3030 1088 scilicet
3076 1046 3376 1087 noceamus
3404 1028 3658 1094 inimico,

415 1121 527 1175 imo
561 1121 690 1174 huic
725 1122 853 1176 totis
891 1123 1168 1190 prodesse
1210 1125 1532 1181 Studeamus
1583 1127 1814 1180 viribus.
1863 1126 2034 1190 Quem
2082 1140 2215 1180 vero
2255 1125 2432 1188 laedet,
2485 1123 2576 1192 qui
2631 1135 2732 1176 nec
2767 1120 2992 1174 inimico
3023 1119 3260 1188 injurias
3287 1133 3410 1172 esse
3447 1117 3503 1171 in
3533 1116 3657 1170 ani-

416 1226 564 1263 mum
626 1208 891 1264 inducit?
951 1208 1222 1266 Praeterea
1263 1214 1404 1267 tollit
1463 1215 1650 1267 odium
1705 1223 1759 1269 et
1808 1213 2145 1268 discordiam
2197 1226 2469 1281 spargens
2513 1209 2727 1264 semina
2770 1207 2942 1276 pacis.
2997 1205 3330 1262 Beneficium
3379 1201 3654 1274 siquidem

417 1297 598 1366 rcipsa
653 1296 845 1350 datum
899 1299 1172 1354 amicitias
1223 1304 1527 1358 conciliare
1581 1302 1755 1365 novit,
1811 1309 1865 1355 et
1915 1301 1984 1355 ad
2027 1299 2367 1355 referendam
2421 1296 2650 1369 gratiam
2699 1295 2854 1366 pellit
2891 1295 3170 1349 hominem
3203 1309 3312 1348 non
3347 1308 3443 1360 per
3471 1291 3658 1347 omnia

415 1386 690 1452 iniquum.
744 1387 847 1450 Qui
906 1403 1036 1440 vero
1086 1388 1386 1444 instruitur
1439 1408 1546 1445 non
1592 1391 1878 1460 despicere
1915 1389 2187 1457 jumenta,
2227 1386 2502 1458 quomodo
2533 1399 2640 1438 non
2669 1383 2944 1452 insignem
2979 1382 3424 1437 benevolentiam
3454 1389 3507 1433 et
3555 1379 3658 1434 hu-

411 1475 740 1526 manitatem
800 1473 1064 1528 exhibeat
1113 1475 1464 1532 hominibus?
1497 1479 1587 1533 Sic
1617 1489 1672 1533 et
1713 1479 1996 1538 Christus,
2029 1477 2282 1546 quamvis
2316 1473 2592 1542 lapidibus
2623 1478 2900 1540 peteretur
2925 1468 2996 1522 ab
3029 1468 3322 1533 Israelitis,
3356 1477 3538 1521 tamen
3567 1479 3659 1521 ac-

411 1567 613 1618 clamat
643 1582 656 1618 :
699 1582 717 1615 ι
757 1563 940 1619 Donec
973 1565 1118 1620 diem
1154 1567 1367 1621 habetis
1392 1569 1694 1632 ambulate,
1742 1585 1812 1623 ne
1853 1565 2095 1622 tenebrae
2129 1579 2227 1617 vos
2257 1559 2680 1631 apprehcttdant
2702 1559 2769 1624 ";
2804 1576 2821 1610 ι
2859 1573 2923 1612 ac
2950 1557 2999 1612 si
3029 1557 3240 1612 diceret
3276 1574 3288 1610 :
3329 1554 3650 1612 Benefacite

341 1693 348 1700 .
410 1653 661 1706 inimicis
696 1653 918 1716 vestris,
951 1660 1006 1706 et
1037 1663 1191 1708 orate
1225 1671 1325 1724 pro
1361 1656 1446 1710 his
1481 1657 1574 1725 qui
1613 1673 1711 1710 vos
1742 1663 2152 1726 persequuntur
2175 1649 2241 1704 ⁷⁸.
2281 1669 2299 1702 ι

485 1737 676 1792 Tribus
741 1738 1062 1807 (corporibus
1118 1743 1242 1793 anni
1293 1743 1420 1818 mihi
1458 1743 1653 1812 festum
1695 1743 2051 1802 celebrabitis,

2092 1747 2200 1793 etc.
2247 1733 2388 1809 [LL]
2439 1734 2582 1789 Deus
2614 1749 2739 1788 cum
2775 1733 2844 1788 sit
2875 1733 3108 1804 spiritus
3143 1732 3306 1803 285
3336 1731 3655 1802 spirituales

408 1823 576 1878 habet
601 1826 974 1887 celebritates,
1035 1843 1176 1895 quas
1227 1829 1413 1884 nullus
1459 1831 1834 1898 frequentabit
1891 1840 2164 1888 terrenus.
2203 1837 2260 1879 ιιι
2299 1840 2398 1878 nec
2441 1823 2754 1893 spiritualis
2783 1832 3082 1885 terrenam,
3118 1821 3185 1874 de
3216 1820 3419 1890 quibus
3447 1819 3655 1873 dictum

409 1923 494 1966 est
525 1930 538 1965 :
571 1930 589 1960 ι
625 1911 1018 1984 Solentnitates
1047 1921 1242 1968 vestra:
1275 1915 1328 1968 itt
1364 1917 1598 1979 luctum,
1649 1921 1704 1972 et
1751 1919 2040 1972 cantilenae
2071 1926 2286 1973 .vestra:
2315 1915 2367 1966 in
2399 1911 2828 1964 lamentationes
2867 1917 2922 1963 et
2954 1907 3214 1974 lugubria
3241 1907 3490 1960 carmina
3525 1906 3592 1959 ".
3626 1923 3646 1958 ι

409 1998 884 2064 Qtlctlladtlttltill."
929 2017 948 2050 ι
993 1999 1094 2065 Qui
1154 2002 1330 2055 credit
1363 2005 1417 2056 itt
1452 2021 1556 2068 me,
1593 2021 1700 2059 non
1735 2007 1988 2060 condenti

2074 2021 2139 2059 ur
2170 2023 2183 2059 :
2235 2013 2289 2058 at
2321 2002 2410 2071 qui
2465 2016 2570 2054 non
2612 1999 2813 2061 credit,
2844 1997 2955 2065 jam
2983 1997 3387 2052 condemnatus
3415 2005 3503 2050 est
3522 1995 3593 2049 ἐς
3631 2013 3651 2048 ι

409 2088 486 2140 sic
545 2087 690 2140 inter
742 2103 858 2150 eos,
905 2090 998 2155 qni
1051 2088 1170 2144 dies
1228 2090 1400 2146 festos
1439 2093 1548 2146 Deo
1590 2110 1698 2148 non
1747 2094 2047 2148 carnaliter
2097 2093 2332 2164 agitant,
2386 2105 2495 2143 non
2537 2087 2868 2158 jttdicantur
2923 2095 2978 2139 et
3025 2083 3492 2139 czndcmnantur.
3537 2080 3658 2138 Nisi

409 2180 627 2230 adesset
669 2176 877 2228 mensis
928 2191 1200 2240 ttoverum
1256 2177 1691 2246 fructunm,tton
1745 2181 1944 2235 licebat
2001 2181 2172 2234 festos
2223 2178 2510 2232 celebrare
2561 2175 2682 2228 dies
2737 2172 2996 2226 Domino.
3028 2169 3084 2226 Si
3115 2170 3422 2242 requiritur
3448 2170 3655 2224 mensis

407 2277 677 2314 novorum
720 2262 1024 2322 fruetutnn,
1055 2262 1212 2329 cedo,
1241 2265 1334 2334 qui
1371 2277 1499 2320 sunt
1546 2269 1670 2321 novi
1719 2269 1796 2322 illi
1857 2267 2111 2323 fructus?
2143 2267 2199 2320 Si
2247 2265 2515 2334 intelligis
2559 2269 2844 2327 externos,
2879 2274 3020 2330 quos
3068 2259 3233 2314 teilus
3287 2259 3429 2312 alma
3481 2256 3660 2312 futtdit

408 2349 649 2410 fruetus,
687 2351 936 2418 profecto
967 2351 1012 2405 si
1049 2367 1225 2406 annus
1262 2354 1446 2410 serius
1499 2354 1716 2411 fructus
1768 2355 1832 2409 ad
1884 2357 2258 2410 maturitatem
2309 2351 2677 2423 produxerit:
2707 2359 2858 2405 certe
2893 2363 3003 2404 non
3039 2348 3290 2402 imminet
3321 2347 3525 2400 mensis
3560 2360 3658 2399 no-

407 2450 602 2489 vorum
659 2435 965 2493 fructuum.
1014 2439 1284 2494 l‘rteterea
1343 2441 1388 2496 si
1439 2443 1713 2498 sterilitas
1761 2455 1948 2497 emrta
1998 2442 2186 2506 fuerit,
2237 2441 2489 2510 nullique
2519 2438 2592 2494 ob
2641 2437 2692 2491 id
2723 2437 2950 2506 pronati
2992 2435 3203 2490 fuerint
3255 2433 3494 2498 fructus,
3537 2447 3658 2503 quo

404 2534 570 2591 parto
599 2525 799 2578 festttm
829 2541 1055 2596 agemus
1085 2526 1356 2582 Domino?
1387 2527 1776 2584 Verumtamen
1823 2533 2122 2600 quotannis
2165 2531 2336 2584 festos
2375 2529 2493 2582 dies
2523 2525 2966 2595 agerejubemur
2993 2539 3126 2580 voce
3161 2523 3371 2578 divina.
3411 2522 3650 2577 Praeter-

407 2627 470 2663 ca
539 2628 648 2680 qtto
687 2611 850 2666 modo
901 2628 1234 2684 peragamus
1276 2617 1588 2671 secundum
1624 2617 1848 2680 festum,
1887 2621 2032 2689 quod
2077 2635 2184 2672 non
2237 2619 2414 2672 solum
2449 2615 2644 2670 messis
2676 2613 2772 2669 sed
2798 2623 2852 2667 et
2886 2613 3259 2682 primitiarum
3287 2612 3656 2682 cognomina-

403 2699 542 2750 tttt'?
593 2701 648 2751 Si
679 2699 826 2752 enim
879 2700 969 2753 cui
1028 2702 1246 2758 fructus
1281 2714 1584 2758 nascantur
1623 2705 1933 2769 novissimi,
1967 2707 2246 2776 quomodo
2292 2705 2495 2759 festum
2532 2701 2918 2771 frequentabit
2963 2701 3228 2755 laborans
3275 2698 3506 2768 penuria
3535 2699 3654 2768 pri-

402 2785 722 2838 ntiliarutnf
768 2785 912 2851 Quid
975 2785 1141 2842 faciet
1199 2790 1313 2854 iile,
1365 2792 1453 2844 cui
1505 2791 1746 2846 defuerit
1780 2808 1929 2861 ager,
1980 2795 2096 2862 lege
2137 2792 2365 2846 disertis
2395 2788 2582 2844 verbis
2612 2788 2875 2841 dicente:
2918 2804 2938 2837 ι
2972 2785 3216 2854 Operam
3252 2794 3495 2847 tuorum,
3532 2800 3656 2854 qua

402 2873 545 2926 seris
595 2877 648 2926 in
697 2889 832 2943 agro
864 2885 978 2928 tuo.
1021 2895 1039 2927 ο
1079 2875 1368 2941 Quomodo
1415 2880 1638 2934 tertiam
1687 2881 2061 2934 celebritatem
2121 2879 2382 2933 exordiar
2416 2889 2584 2945 Opera
2639 2873 3144 2928 consummationis
3193 2888 3300 2927 non
3355 2873 3563 2927 habens
3596 2873 3652 2928 in

401 2961 552 3014 exitu
619 2964 748 3014 anni
794 2963 817 3014 ?
869 2961 925 3016 Si
977 2963 1108 3016 anni
1162 2963 1288 3019 finis
1345 2966 1584 3019 incurrit
1635 2968 1690 3020 itt
1742 2967 2020 3021 decimum
2067 2982 2332 3025 mensem,
2385 2963 2595 3018 accidit
2628 2973 2688 3016 ut
2723 2963 2887 3016 tertia
2929 2961 3226 3015 celebritas
3253 2961 3492 3028 agitetur
3521 2967 3653 3014 ante

399 3045 636 3114 Pascha,
668 3049 813 3116 quod
847 3049 1007 3103 nobis
1047 3050 1191 3118 parit
1242 3053 1452 3106 mensis
1497 3053 1729 3122 primus.
1775 3054 1890 3120 Qua
1931 3055 2146 3108 ratione
2176 3053 2469 3106 celebritas
2499 3051 2688 3105 exitus
2723 3049 2776 3102 in
2811 3049 3055 3118 septimo
3095 3063 3282 3103 mense
3307 3048 3649 3112 celebratur,

401 3135 498 3204 qui
536 3144 720 3189 tamen
763 3152 972 3190 annum
1004 3154 1116 3191 non
1152 3137 1292 3193 finit.
1329 3138 1602 3194 Caeterum
1637 3142 1749 3195 lucc
1783 3143 1951 3198 missa
2007 3143 2294 3203 faciamus,
2329 3150 2383 3193 et
2410 3153 2710 3208 sequamur
2742 3137 2816 3202 id,
2851 3136 2998 3204 quod
3033 3135 3280 3190 dicitur:
3315 3135 3565 3188 Ascende
3595 3135 3651 3188 in

403 3235 665 3285 montem,
717 3233 771 3277 et
823 3227 1187 3281 ascendentes
1239 3237 1424 3282 mente
1461 3231 1874 3286 constituamus
1920 3231 2036 3284 dies
2081 3231 2206 3284 illos
2261 3227 2494 3280 Domino
2537 3225 2778 3278 dicatos.
2826 3222 3033 3277 Ordine
3063 3223 3303 3292 quodam
3366 3223 3652 3286 coltmrent

403 3312 512 3364 illa:
543 3312 915 3367 celebritates.
942 3308 1010 3366 Ni
1045 3317 1391 3384 pratcesserit
1443 3319 1642 3386 prima,
1679 3321 1918 3372 secunda
1963 3319 2113 3386 sequi
2174 3317 2365 3386 nequit
2401 3331 2414 3367 :
2451 3314 2712 3367 similiter
2742 3311 3038 3365 dicendum
3073 3323 3159 3366 est
3213 3313 3280 3366 de
3310 3315 3500 3373 tertia,
3530 3327 3656 3380 quis

325 3455 342 3464 ,
403 3416 511 3454 non
554 3403 723 3466 venit,
759 3403 864 3455 nisi
921 3405 1304 3470 praeeuntibus
1353 3405 1596 3461 duabus.
1649 3405 1704 3460 In
1747 3409 1994 3461 secundo
2033 3408 2182 3459 festo
2226 3421 2334 3455 non
2377 3418 2600 3470 possunt
2651 3401 2916 3469 Colligere
2947 3415 3114 3468 Opera
3151 3416 3268 3453 mea
3317 3401 3526 3463 omnia,
3556 3400 3657 3455 sed

404 3491 602 3550 saltem
631 3504 753 3558 qua:
785 3491 1078 3545 scminavi.
1111 3489 1230 3544 Non
1273 3493 1421 3546 enim
1463 3496 1776 3548 necessitas
1811 3496 1941 3548 mihi
1982 3496 1987 3546 i

2068 3493 2247 3546 ambit
2281 3494 2461 3552 soiutn
2501 3490 2836 3550 sentinattdi,
2876 3488 2970 3542 sed
3005 3495 3056 3541 et
3083 3488 3370 3556 platttandi
3404 3501 3458 3542 et
3495 3488 3651 3558 plan-

404 3586 491 3630 tas
522 3576 732 3642 tuettdi,
785 3579 1154 3648 potandique.
1212 3579 1268 3634 Si
1329 3580 1498 3650 igitur
1549 3583 1700 3636 voles
1750 3581 2103 3651 frequentare
2159 3569 2351 3632 tesﬁtnt
2410 3580 2744 3647 Azymoruttt
2783 3575 2835 3628 in
2887 3590 3074 3629 mense
3104 3591 3367 3628 novarum
3406 3574 3653 3644 frugntn,

401 3680 542 3718 exue
577 3673 816 3718 veterem
873 3665 1156 3722 hominem
1216 3683 1342 3721 cunt
1380 3669 1640 3738 Operibus
1689 3669 1831 3734 suis,
1875 3679 1930 3723 et
1977 3667 2184 3722 evadas
2225 3679 2398 3718 novus
2445 3665 2630 3724 homo,
2683 3671 2739 3714 nt
2794 3655 3000 3716 mensis
3049 3659 3176 3714 festi
3230 3676 3494 3716 novorum
3537 3663 3656 3716 fru-

400 3761 616 3816 ctuntn,
649 3752 722 3806 sit
767 3751 867 3805 tibi
917 3769 1100 3810 novus
1146 3763 1202 3810 et
1235 3763 1394 3810 tuus.
1447 3755 1548 3810 Hic
1596 3757 1744 3809 enim
1801 3756 2008 3811 mensis
2055 3773 2164 3808 non
2219 3755 2471 3818 ntrispte
2500 3760 2608 3802 tant
2665 3749 2952 3803 veteribus
3010 3765 3177 3818 quant
3209 3741 3366 3804 novis
3401 3751 3657 3806 addictus

399 3846 503 3890 est.
545 3833 746 3890 Verum
789 3841 1071 3908 quomodo
1119 3843 1330 3896 erimus
1378 3842 1549 3896 novi?
1591 3841 1649 3896 Si
1699 3857 1972 3896 esttantus
2032 3851 2264 3895 veterem
2325 3839 2599 3890 hominem
2649 3853 2774 3890 cum
2807 3835 3071 3904 operibus
3103 3837 3244 3901 suis,
3272 3845 3326 3891 et
3353 3837 3654 3892 induamus

399 3939 626 3988 novum,
683 3925 777 3994 qui
831 3938 1131 3981 renovatur
1163 3929 1230 3982 ad
1284 3931 1658 4002 cognitionem
1711 3930 2015 3985 secundum
2067 3928 2364 3996 imaginem
2419 3923 2742 3978 Conditoris
2795 3924 2862 3975 το.
2895 3923 3026 3988 Qua:
3059 3923 3229 3992 igitur
3261 3924 3333 3978 sit
3363 3924 3656 3980 celebritas

398 4015 760 4082 Azymorutn,
795 4025 848 4068 et
873 4016 967 4086 qui
1001 4017 1112 4072 sint
1165 4033 1336 4087 panes
1388 4014 1464 4073 illi
1515 4021 1694 4096 azynti
1747 4023 1912 4074 docet
1950 4015 2202 4070 Paulus:
2262 4034 2280 4065 ι
2334 4013 2540 4067 Pascha
2577 4023 2830 4066 nostrum
2876 4026 2977 4080 pro
3009 4011 3172 4066 nobis
3215 4012 3534 4068 immolatus
3568 4022 3658 4066 est

397 4101 675 4157 Christus.
709 4100 898 4174 Itaque
955 4103 1154 4160 festum
1212 4105 1336 4176 ejus
1385 4108 1728 4162 celebremus
1791 4123 1897 4160 non
1965 4105 2020 4158 in
2075 4101 2344 4158 fermento
2389 4103 2598 4166 veteri,
2642 4117 2822 4170 neque.
2902 4101 2954 4152 in
2999 4098 3269 4155 fermento
3325 4102 3544 4156 malitiae
3599 4109 3656 4156 et

396 4193 682 4256 versutiaa,
711 4193 807 4248 sed
839 4193 892 4247 in
920 4176 1154 4264 panibus
1187 4193 1462 4252 fermento
1485 4197 1830 4261 carentibus,
1857 4197 1959 4250 hoc
1987 4201 2089 4256 est,
2126 4195 2182 4246 in
2220 4179 2551 4244 sine‘erltare‘
2580 4199 2634 4242 ct
2673 4189 2904 4241 vctitate
2927 4187 2994 4240 ⁸⁸.
3027 4205 3048 4238 ι
3084 4185 3212 4240 litec
3237 4189 3426 4242 eadem
3453 4196 3509 4242 et
3569 4189 3655 4242 te:

397 4287 826 4345 commonstrat,
863 4281 1170 4348 inquiens:
1213 4302 1232 4335 ι
1289 4285 1683 4338 Eraeicabitur
1731 4283 1914 4337 omnis
1951 4279 2159 4344 anima,
2211 4277 2302 4331 ubi
2358 4276 2646 4328 inventum
2695 4274 2861 4328 fuerit
2909 4273 3269 4328 fermentum.
3308 4293 3327 4326 ι
3368 4273 3425 4342 Si
3455 4276 3652 4330 eadem

398 4375 530 4421 sunt
565 4367 620 4420 in
651 4375 957 4436 conspectu
987 4368 1102 4432 Dei,
1135 4368 1496 4436 fermentum,
1527 4371 1888 4434 adulterium,
1926 4367 2214 4428 scortatio,
2241 4372 2294 4418 et
2345 4363 2628 4428 Sodomia,
2675 4375 2850 4430 quare
2883 4360 3102 4429 singula
3137 4362 3228 4414 illa
3270 4362 3652 4430 peculiaribus

399 4453 616 4507 inhibet
644 4453 900 4522 legibus?
944 4453 1000 4506 Si
1035 4455 1202 4523 igitur
1253 4458 1513 4526 possides
1563 4457 1899 4512 fermentum
1939 4453 2181 4514 malitiae,
2230 4465 2333 4504 nec
2381 4447 2836 4502 esterminaveris
2866 4460 3028 4500 omne
3059 4445 3391 4503 fermentum
3423 4450 3652 4504 malitiae

399 4539 469 4596 de
497 4539 789 4608 Principali
825 4549 980 4609 parte
1036 4541 1230 4605 animi,
1286 4559 1410 4612 qnte
1471 4545 1666 4597 domus
1713 4549 1993 4604 censetur,
2046 4539 2294 4608 profecto
2345 4535 2651 4591 auctoritas
2705 4534 2890 4606 divina
2923 4535 3196 4605 praecipit,
3233 4547 3290 4590 ιιι
3321 4539 3648 4592 eradiceris.

400 4623 537 4680 Nam
573 4625 882 4692 necessitas
909 4626 1154 4694 postulat
1183 4637 1240 4682 ut
1277 4630 1344 4693 is,
1384 4631 1476 4700 qui
1526 4631 1774 4702 attigerit
1815 4643 2057 4684 trtettsem
2114 4639 2380 4680 novarunt
2417 4626 2656 4692 frugum,
2695 4621 3016 4684 inttovetur,
3051 4637 3153 4677 nec
3192 4623 3497 4696 quidquam
3534 4625 3647 4694 pri-

401 4713 562 4768 stiam
590 4712 830 4767 retineat
865 4713 1040 4769 fa-cis.
1099 4716 1342 4786 Antiqua
1393 4720 1798 4788 prarterierunt,
1853 4733 1988 4773 ecce
2037 4727 2174 4768 nova
2224 4713 2370 4764 facta
2415 4719 2546 4765 sunt
2575 4710 2642 4764 ⁵¹.
2693 4708 2834 4774 Quia
2871 4721 3059 4764 autem
3105 4712 3327 4780 inquit:
3376 4729 3396 4762 ι
3446 4713 3647 4768 Tribus

401 4800 751 4868 temporibus
790 4803 942 4864 anni,
982 4819 1002 4853 ι
1037 4808 1172 4866 ctc.,
1201 4805 1438 4873 primum
1468 4807 1857 4860 enarrabimus
1916 4805 2094 4876 ipsum
2141 4813 2370 4870 annum.
2398 4798 2678 4851 Christus
2706 4795 2867 4852 Jesns
2898 4811 3007 4865 quo
3039 4805 3288 4866 tempore
3315 4798 3448 4852 mihi
3480 4813 3648 4868 appa-
3735 4811 3748 4823 ·

399 4887 540 4952 ruit,
573 4887 666 4956 qui
689 4885 926 4956 justitiae
959 4904 1125 4945 verus
1159 4889 1252 4944 Sol
1307 4891 1653 4961 perhibetur,
1689 4892 1980 4946 constituit
2023 4888 2153 4944 mihi
2210 4901 2452 4942 mensem
2507 4886 2767 4954 primum.
2805 4885 2941 4938 Duttt
2989 4883 3133 4939 enim
3163 4885 3344 4939 adhuc
3377 4886 3647 4940 haerebam

399 4975 457 5030 in
488 4972 754 5045 Egypto,
801 4991 912 5028 non
956 4976 1067 5030 vidi
1116 4993 1358 5033 mensem
1403 4982 1662 5049 primum,
1697 4993 1797 5032 nec
1848 4978 1895 5031 is
1951 4977 2082 5030 mihi
2122 4975 2463 5030 iutmiuebat.
2519 4971 2939 5043 Quamprimum
2999 4989 3131 5027 vero
3175 4987 3398 5044 coepero
3448 4975 3650 5028 festum

401 5060 688 5114 celebrare
722 5059 961 5125 Domini,
996 5063 1207 5119 dicitur
1237 5064 1302 5119 ad
1337 5082 1421 5119 me
1451 5083 1463 5119 :
1491 5065 1698 5121 Mensis
1746 5067 1834 5120 hic
1891 5063 1963 5120 sit
1993 5066 2148 5120 vobis
2192 5063 2524 5134 principium
2574 5062 2865 5116 mensium.
2903 5079 2921 5112 t
2971 5060 3038 5116 Et
3069 5061 3536 5131 quemadmodum
3567 5060 3653 5116 sol

401 5148 630 5202 metitur
665 5159 721 5201 et
753 5163 854 5201 suo
890 5164 1062 5204 cursu
1097 5152 1336 5205 absolvit
1366 5161 1658 5207 externum
1687 5154 1832 5207 hunc
1857 5169 2060 5206 annum
2094 5169 2106 5205 :
2157 5153 2230 5204 ita
2253 5153 2488 5221 iustitiae
2518 5149 2610 5204 Sol
2645 5149 2811 5220 286
2840 5159 3127 5220 acceptum
3175 5150 3391 5219 pet-fiett
3422 5161 3650 5214 annum,

400 5235 563 5302 cujus
590 5239 810 5290 sanatio
850 5237 904 5290 itt
940 5238 1043 5291 alis
1075 5239 1216 5307 ejus,
1252 5239 1414 5293 sicuti
1468 5241 1703 5295 habetur
1730 5241 1783 5292 in
1827 5239 2099 5310 Propheta
2130 5239 2176 5272 ⁸⁸
2209 5257 2222 5293 :
2265 5257 2282 5290 ι
2321 5237 2672 5292 Timentibus
2712 5248 2896 5293 autem
2927 5254 3124 5295 notttett
3161 5252 3345 5290 meum
3369 5239 3654 5291 exorietur

407 5323 508 5376 Sol
529 5323 762 5391 justitia-
787 5323 852 5386 ⁸³,
888 5325 977 5377 lux
1009 5327 1222 5380 scilicet
1252 5342 1404 5390 vera,
1441 5343 1562 5396 qna:
1599 5329 1872 5379 illuminat.
1903 5341 2116 5380 omnem
2143 5327 2424 5380 hominem
2451 5328 2760 5378 venientem
2789 5325 2842 5378 in
2873 5325 3142 5380 mundum
3172 5325 3238 5378 ⁸⁵.
3279 5344 3300 5376 ι
3331 5323 3467 5378 Cum
3503 5327 3652 5378 enim

402 5411 476 5465 sit
535 5424 744 5477 sermo,
807 5411 994 5466 radios
1044 5428 1178 5468 suos
1231 5413 1484 5468 itnmittit
1515 5399 1576 5466 in
1627 5417 1864 5468 animas.
1925 5413 2158 5479 Quidam
2230 5414 2545 5484 intelligunt
2594 5428 2798 5466 annum
2831 5421 3139 5482 acceptum,
3194 5428 3360 5482 quem
3389 5411 3650 5467 Christus

505 5590 551 5622 ⁷³
586 5589 740 5642 Deut.
775 5607 810 5649 t.
854 5590 938 5646 ΓΙ.
1015 5589 1062 5622 ’⁸
1098 5589 1254 5654 Deut,
1298 5607 1408 5648 χιι.
1439 5591 1528 5646 ‘20.
1605 5591 1840 5649 ".Joatt.
1879 5611 1976 5656 xn,
2004 5594 2088 5647 55'.

2081 5635 2092 5647 .
2170 5596 2215 5628 "°
2241 5593 2442 5648 Matth.
2471 5610 2525 5658 ι’,
2563 5593 2648 5647 Η.
2725 5593 2768 5625 ⁷⁷
2802 5593 2966 5648 Amos
3003 5608 3116 5652 vm.
3153 5593 3237 5646 ft).
3314 5592 3362 5623 ⁷³
3400 5589 3655 5652 Joandtt,

357 5661 486 5726 ’18.
592 5661 636 5693 "
662 5661 878 5714 Coloss.
917 5676 994 5723 ιιι,
1050 5663 1102 5716 9.
1163 5663 1246 5714 l0.
1359 5661 1606 5716 1mltior.
1638 5679 1700 5730 v,
1750 5660 1800 5728 7,
1823 5660 1878 5714 8.
1927 5665 1940 5698 ε

392 5742 441 5773 εδ
479 5732 631 5784 ΙΙυςιιι.
685 5747 722 5794 ς,
787 5733 838 5783 ε).

2091 5666 2215 5720 Cor.
2268 5681 2320 5730 ν,
2363 5666 2448 5719 17.
2563 5665 2608 5696 ⁸*
2641 5663 2786 5719 l‘sal.
2842 5681 2926 5729 ut,
2966 5664 3018 5718 5.
3129 5664 3174 5695 ⁸³
3207 5662 3437 5718 Malaclt.
3489 5677 3562 5724 tv,
3599 5659 3655 5717 2.
