4010 6212
327 216 430 287 825
1416 227 1958 290 COMMENTAle
2003 229 2083 290 IN
2121 231 2462 295 EXODUM.
3392 306 3404 318 ,
3469 245 3576 308 6.6

326 334 501 388 solum
538 332 917 388 annuntiavit.
969 333 1035 388 Et
1065 349 1200 392 sane
1233 337 1340 390 tria
1363 339 1764 402 ostenduntur,
1803 339 1932 396 dum
1975 341 2282 396 celebravit
2330 343 2566 409 l’asrha,
2617 352 2671 401 et
2708 347 3048 417 prmdicavit,
3105 361 3163 405 ιιι
3191 367 3376 411 monet
3403 358 3580 412 Joan-

323 434 424 476 nes
469 420 522 473 in
560 418 880 492 Evangelia.
914 423 968 477 In
999 423 1106 478 hoc
1141 425 1329 494 itaque
1367 442 1514 482 anno
1563 429 1837 498 agitamus
1869 440 1982 485 tres
2028 431 2151 486 dies
2189 431 2401 497 festos;
2429 435 2496 489 de
2531 435 2706 505 primo
2741 439 3098 493 sermori'nati
3134 457 3367 500 smnus:
3401 449 3578 515 expli-

320 522 516 562 cemus
561 524 707 562 nunc
749 511 1084 568 secundum.
1119 511 1394 578 Caeterum
1437 515 1491 569 in
1540 517 1721 572 medio
1771 518 2066 588 utriusque
2098 518 2269 589 (quod
2315 523 2692 592 praemonendi
2737 535 2956 596 sumus)
2994 528 3257 596 ponitur:
3294 552 3311 584 ι
3349 511 3582 587 Nonu-

321 594 540 650 deberis
580 611 765 650 coram
823 613 910 652 me
959 616 1170 655 vacuus
1198 601 1264 658 ⁸³.
1296 621 1314 652 ι
1349 601 1546 660 Omnis
1573 603 1852 674 siquidem
1909 606 2075 661 homo
2145 609 2350 676 plenus
2393 619 2477 664 est
2519 617 2576 665 et
2621 611 2868 668 abundat
2903 594 3139 670 scientia
3178 624 3234 672 et
3263 621 3584 689 cognitione

321 679 642 747 Trinitatis,
689 684 1058 754 singulasque
1107 692 1258 742 novit
1307 699 1501 742 exacte
1551 689 1901 760 distinguere
1961 708 2255 764 personas,
2329 699 2742 770 virtutibusque
2771 704 3031 758 omnibus
3081 714 3165 759 est
3228 679 3614 764 instructusa

317 769 428 822 Aut
464 769 510 822 si
549 769 636 823 his
672 781 846 834 caret,
877 773 1124 828 abundat
1175 776 1537 844 Opinionibus
1561 783 1620 832 et
1649 778 1720 832 ob
1746 793 1842 832 eas
1877 795 2086 838 vacuus
2139 785 2396 840 habetur.
2437 786 2606 842 Nemo
2651 769 2837 844 autem
2871 807 3080 848 vacuus
3109 791 3252 850 festo
3279 813 3338 851 se
3371 798 3584 853 Sociare

317 855 506 910 audet.
544 854 698 910 Talis
740 873 872 914 vero
901 857 1092 926 fuerit,
1126 863 1222 933 qui
1261 877 1368 917 non
1399 863 1575 920 ederit
1608 879 1781 936 panes
1815 865 2241 928 inl‘ermentatos
2273 873 2331 928 in
2368 889 2557 930 mense
2593 891 2862 933 novarum
2897 877 3138 951 frugum.

387 1004 500 1061 Καὶ
557 1005 775 1076 ἑορτὴν
813 1009 920 1066 τοῦ
975 1011 1264 1084 θερισμοῦ
1321 1018 1910 1087 πρωτογεννημάτων

2084 1021 2332 1078 Secunda
2388 1023 2574 1093 igitur,
2627 1023 2722 1087 ait.
2755 1024 3034 1082 celebritas
3085 1045 3302 1098 operum
3351 1039 3584 1096 tuorum,

317 1098 599 1165 ποιήσεις
624 1099 743 1154 τῶν
774 1099 966 1172 ἔργων
995 1120 1134 1172 σου,
1171 1099 1272 1161 ’ὧν
1309 1105 1386 1162 ἂν
1427 1109 1684 1177 σπείρης
1723 1111 1796 1162 ἐν
1826 1109 1914 1176 τῷς

317 1187 477 1282 ἀηρῷ
505 1189 810 1261 σου.Ἕχει
838 1193 949 1256 πᾶς
975 1193 1261 1263 ἄνθρωπος
1293 1196 1482 1267 άγρδν,
1515 1199 1573 1251 ἐν
1600 1192 1645 1267 ᾧ
1669 1199 1904 1272 σπείρει.

321 1275 457 1353 Περὶ
489 1275 550 1335 οὗ
585 1285 801 1351 φησινὸ
834 1284 1158 1351 ’Λπόστολος
1183 1303 1198 1317 ·
1255 1305 1274 1338 ι
1318 1289 1383 1340 "0
1417 1289 1512 1344 ἐὰν
1562 1291 1758 1363 σπείρῃ
1811 1292 1907 1346 άν-

319 1371 560 1442 θρωπος,
583 1371 743 1426 τοῦτο
765 1375 860 1428 καὶ
891 1374 1119 1448 θερίσει.
1148 1395 1166 1428 ι
1207 1409 1273 1422 --
1303 1398 1322 1432 ι
1343 1379 1403 1434 Ὀ
1433 1380 1674 1452 σπείρων
1708 1383 1788 1446 είς
1810 1383 1908 1454 τὴν

321 1463 526 1534 σάρκα,
561 1465 626 1518 ὲκ
651 1465 752 1536 τῆς
776 1467 980 1540 σαρκὸς
1009 1467 1214 1542 θερίσει
1235 1469 1446 1544 φθοράν
1467 1490 1482 1504 ·
1511 1474 1540 1526 ὁ
1573 1473 1628 1528 δὲ
1663 1474 1920 1546 σπείρων

322 1557 404 1618 είς
429 1556 491 1608 τὸ
520 1555 761 1626 πνεῦμα,
793 1557 859 1612 ἐκ
877 1557 973 1612 τοῦ
999 1559 1306 1631 πνεύματος
1338 1561 1542 1632 θερίσει
1587 1563 1734 1634 ζωὴν
1775 1565 1909 1620 αἰώ-

323 1660 457 1698 νιον.
490 1667 507 1695 ι
543 1645 754 1699 Οὐκοῦν
787 1647 958 1719 ἀγρὸς
980 1648 1042 1702 τὸ
1067 1648 1310 1722 πνεῦμα,
1339 1654 1396 1706 ὲν
1429 1648 1473 1722 ᾧ
1501 1655 1772 1726 σπείρων,
1814 1655 1912 1723 ζή-

325 1752 409 1788 τει
436 1735 522 1788 ἵνα
545 1735 806 1812 ἀνατείλῃ
865 1753 950 1792 σοι
1001 1743 1507 1814 πρωτογεννήματα
1532 1761 1548 1776 ο
1601 1741 1676 1799 ὧν
1730 1746 1906 1810 ἐκτὸς,

327 1827 431 1878 οὐκ
462 1825 526 1879 ἆν
554 1827 865 1896 ὲορτάσαις.
911 1829 1046 1886 Τίνα
1094 1832 1308 1899 ταῦτα;
1366 1836 1394 1888 ὁ
1442 1835 1500 1889 δὲ
1549 1835 1761 1905 καρπὸς
1814 1835 1910 1888 τοῦ

331 1917 1054 1994 πἰεύματοςὰγάπη,χαρὰ,
1123 1927 1337 1996 εἰρήνη,
1393 1928 1764 1998 μακροθυμία,
1819 1931 1910 1999 ἐγ·

330 2009 582 2080 κρᾶτεια.
619 2011 758 2082 Περὶ
783 2005 857 2066 ὧν
885 2014 1072 2083 ἔλεγεν
1093 2018 1122 2070 ὁ
1153 2017 1375 2088 Ἰησοῦς·
1415 2039 1434 2070 ι
1480 2020 1612 2074 Ἀπὸ
1637 2021 1914 2098 τῶνικαρ-

332 2099 452 2152 πῶν
469 2099 650 2154 αὐτῶν
684 2103 1056 2171 ἐπιγνώσεσθε
1088 2108 1308 2172 αὐτούς.
1335 2128 1354 2162 ι
1396 2110 1674 2183 Θερισμοῦ
1731 2113 1912 2167 τοίνυν

330 2187 366 2262 ἡ
399 2193 587 2264 ἑορτή.
623 2194 786 2248 Ποίου
815 2195 1008 2252 τούτου
1040 2215 1056 2264 ;
1087 2216 1106 2250 ι
1143 2200 1275 2254 Ἰδοὺ
1303 2201 1449 2270 λέγω
1481 2203 1631 2272 ὑμῖν,
1666 2205 1912 2277 ἐπάρατε

332 2281 460 2346 τοὺς
491 2281 809 2354 ὀφθαλμοὺς
855 2286 1032 2354 ὑμῶν,
1102 2289 1193 2342 καὶ
1243 2289 1516 2346 θεάσασθε
1569 2293 1668 2358 τὰς
1705 2287 1910 2366 χώρας,

333 2369 419 2424 ὃτι
441 2370 632 2426 λευκαί
683 2373 792 2427 είσι
839 2376 981 2446 πρὸς
1024 2377 1310 2451 θερισμόν.
1347 2381 1406 2435 '0
1432 2381 1667 2452 θερίζων
1706 2359 1917 2454 ⁷ρισθὺν
1947 2359 1989 2415 Β

333 2463 624 2534 λαμϐάνει,
655 2465 752 2520 κα)⁸
777 2469 1002 2538 συνάγει
1063 2471 1276 2542 καρπὸν
1306 2475 1388 2536 εις
1421 2473 1569 2546 ζωὴν
1621 2478 1858 2532 αἰώνιον.
1890 2496 1910 2529 ι

334 2555 549 2609 οὐκοῦν
578 2558 810 2629 σπείρας
845 2561 928 2622 ei;
953 2561 1044 2616 τὸν
1067 2563 1359 2634 εἰρημένον
1387 2565 1577 2638 ἀγρὸν,
1619 2566 1918 2638 πειράθητι

335 2644 557 2716 θερίσαι
592 2647 853 2721 θερισμὸν
905 2653 1462 2724 πρωτογεννημάτων
1497 2673 1511 2688 ο
1541 2654 1682 2710 ὥστε
1726 2655 1802 2728 μὴ
1836 2653 1919 2710 εῐ-

336 2739 427 2794 ναί
455 2757 553 2794 σου
611 2741 1028 2816 ἀναϐαλλόμενα
1080 2748 1173 2800 καὶ
1225 2747 1630 2819 ὑπερτιθέμενα
1658 2749 1728 2803 τὰ
1753 2749 1920 2819 σπέρ-

339 2849 510 2901 ματα,
542 2833 658 2886 ἀλλ’
686 2834 764 2900 ὡς
804 2837 1034 2909 ποιῆσαί
1061 2855 1123 2891 σε
1149 2841 1208 2892 ἐν
1245 2839 1484 2911 πρώτοις
1544 2841 1838 2910 ἀναφέρειν
1859 2841 1920 2894 τὸ

337 2924 594 2995 δράγμαθ
625 2926 654 2980 ὃ
683 2927 758 3000 μὴ
790 2929 930 3000 ἔχων
984 2931 1088 2984 οὐκ
1142 2931 1208 2984 ἂν
1233 2931 1546 3002 ἑορτάσαις,
1607 2931 1717 2984 οὐδ’
1750 2932 1818 2985 ἂν
1848 2929 1946 3002 μὴ’

338 3013 374 3088 ᾖ
404 3017 578 3071 ταῦτα
601 3019 709 3072 τῶν
742 3020 921 3098 ἔργων
952 3039 1068 3088 σου,
1094 3022 1186 3076 καὶ
1213 3021 1306 3076 τοῦ
1330 3023 1504 3094 ἀγροῦ
1534 3041 1649 3076 σου.
1699 3024 1924 3094 Πρωτο-

339 3114 662 3182 γεννὴματα
689 3113 766 3179 δὲ,
797 3114 875 3186 τῷ
923 3115 1284 3186 ἀνυπερθὲτῳ
1305 3130 1318 3145 ⁸
1357 3112 1494 3190 ἴναῇ
1530 3114 1639 3186 πρὸ
1686 3113 1799 3168 τῶν
1829 3113 1926 3168 άλ-

337 3199 448 3257 λων
486 3205 550 3258 τὰ
578 3205 666 3271 σὰ,
689 3207 764 3275 μὴ
822 3207 998 3279 χρόνῳ
1077 3209 1264 3280 μόνον,
1300 3206 1436 3264 ἀλλὰ
1473 3211 1567 3261 καὶ
1599 3207 1678 3277 τῷ
1732 3204 1923 3276 διαφέ-

343 3311 513 3366 ροντι,
547 3297 642 3350 καὶ
670 3297 748 3368 τῷ
770 3298 1094 3368 βεϐιωκέναι
1163 3298 1580 3371 φιλοτιμότερον
1608 3297 1717 3352 τῶν
1751 3299 1832 3362 εἰς
1861 3297 1924 3352 τὸ

2009 1105 2370 1184 quwseminas
2397 1116 2449 1168 in
2469 1131 2618 1184 agro,
2637 1127 2743 1170 etc.
2774 1114 2987 1189 [XXllL
3032 1118 3143 1191 l6.]
3173 1117 3340 1174 Nemo
3380 1132 3586 1175 incrta-

2014 1206 2143 1258 lium
2167 1212 2272 1268 est,
2298 1205 2388 1274 qui
2421 1220 2529 1259 non
2559 1207 2841 1276 possideat
2873 1223 3064 1278 agrum
3097 1210 3150 1263 in
3189 1227 3350 1280 quem
3379 1213 3587 1266 semini

2013 1295 2207 1366 jactet.
2261 1295 2375 1350 Huc
2414 1297 2720 1366 respiciens
2754 1297 2955 1353 Paulus
2988 1301 3298 1369 apostolus,
3351 1301 3526 1372 inquit
3574 1325 3587 1358 :

2020 1407 2038 1439 ι
2079 1387 2234 1454 Quod
2261 1389 2616 1444 seminaverit
2647 1390 2834 1454 homo,
2857 1390 2999 1445 idem
3027 1401 3080 1445 et
3109 1399 3277 1444 metet
3305 1391 3386 1458 ⁸⁶;
3421 1410 3438 1442 ι
3474 1393 3590 1446 sive

2017 1488 2074 1534 ut
2122 1478 2436 1548 elegantius
2481 1478 2852 1546 explanetur:
2909 1478 2979 1532 L't
3014 1489 3316 1533 sementem
3369 1478 3588 1541 feceris.

2017 1569 2092 1623 ita
2120 1578 2314 1624 metes.
2351 1586 2372 1619 ι
2431 1568 2537 1634 Qui
2591 1575 2894 1623 sementem
2953 1567 3086 1622 facit
3138 1568 3192 1620 in
3225 1583 3468 1631 caznem,
3525 1583 3586 1622 ex

2017 1675 2184 1715 carne
2229 1667 2397 1714 metet
2448 1661 2882 1728 corruptionmn.
2945 1658 3050 1724 Qui
3088 1659 3326 1714 seminat
3373 1661 3440 1712 itr
3477 1660 3593 1728 spi-

2017 1753 2206 1815 ritum,
2241 1769 2305 1808 ex
2343 1753 2543 1820 spiritu
2581 1760 2748 1806 metet
2777 1754 2942 1806 vitam
2999 1763 3258 1804 mternam
3312 1749 3380 1803 ⁸⁷.
3423 1769 3440 1802 ι
3493 1750 3595 1802 llu-

2018 1860 2126 1914 que
2163 1859 2293 1913 ager
2353 1852 2438 1899 cst
2479 1843 2731 1914 spiritus,
2789 1844 2845 1897 in.
2887 1859 2997 1913 quo
3063 1857 3256 1898 serens
3297 1857 3482 1910 quaere
3534 1851 3596 1896 ut

2020 1936 2118 1988 tibi
2165 1933 2492 2015 proveniant
2535 1933 2817 2002 primitiae.
2861 1932 2982 1988 sine
3011 1932 3214 2001 quibus
3246 1947 3354 1983 nun
3389 1931 3594 1999 potetis

2022 2026 2224 2081 festum
2255 2024 2398 2079 diem
2431 2024 2713 2078 celebrare
2754 2023 3006 2078 Domino.
3041 2021 3143 2075 Sed
3177 2037 3296 2090 qua:
3331 2030 3457 2074 sunt
3491 2019 3598 2074 illa:

2021 2106 2310 2188 primitias?
2368 2115 2604 2169 Fructus
2667 2117 2926 2183 spiritus,
2994 2113 3243 2179 dilectio,
3305 2112 3595 2181 gaudium,

1968 2228 1976 2236 ·
2023 2225 2148 2279 par,
2195 2207 2606 2278 longanimitas,
2667 2205 3032 2272 continentia,
3082 2205 3147 2258 de
3175 2203 3375 2273 quibus
3416 2201 3599 2270 loqui-

2029 2311 2120 2355 tur
2167 2300 2380 2357 Jesns:
2441 2321 2460 2354 ι
2526 2302 2569 2354 Α
2605 2365 2609 2369 ι
2644 2299 2919 2356 fructibus
2995 2313 3190 2352 eorum
3249 2295 3599 2364 cognoscetis

2017 2406 2113 2446 eos
2147 2391 2214 2446 ⁸⁸.
2259 2409 2278 2442 ι
2322 2390 2522 2448 Messis
2558 2392 2728 2461 igitur
2759 2388 3052 2443 celebritas
3085 2394 3188 2442 est.
3230 2385 3293 2442 Et
3327 2400 3448 2454 quae
3481 2382 3600 2436 illa?

2026 2502 2044 2535 ι
2083 2483 2220 2537 Ecce
2257 2482 2382 2536 dico
2417 2481 2571 2536 vobis
2606 2479 2847 2536 :Tollite
2876 2478 3074 2532 oculos
3133 2483 3374 2538 vestros,
3433 2481 3488 2528 et
3519 2472 3601 2525 vi-

2017 2573 2145 2630 dete
2195 2573 2477 2643 regiones,
2519 2572 2646 2642 quia
2683 2570 2823 2625 alba:
2876 2578 3009 2625 sunt
3055 2568 3124 2624 a’d
3174 2581 3435 2622 messem.
3495 2564 3599 2630 Qui

2021 2666 2199 2730 metit,
2227 2665 2537 2720 mercedem
2594 2664 2817 2732 accipit,
2849 2673 2910 2717 et.
2936 2667 3234 2730 congregat
3274 2657 3506 2712 fructum
3546 2657 3601 2709 in

2021 2756 2193 2808 vitam
2250 2755 2609 2810 aeternam”.
2671 2771 2690 2804 ι
2752 2752 2947 2821 Itaque
2998 2765 3187 2805 semen
3246 2762 3514 2818 spargens
3546 2745 3603 2798 in

2021 2848 2341 2917 pranlictnm
2375 2861 2588 2915 agrum,
2617 2859 2821 2900 conare
2875 2843 3074 2900 deinde
3110 2849 3316 2897 metere
3369 2853 3602 2892 messem

2025 2940 2436 3010 primitiarum;
2491 2957 2562 2996 ne
2604 2938 2735 2994 dum
2799 2937 3178 3009 procrastinas
3210 2943 3265 2989 et
3303 2932 3490 2987 differs
3519 2947 3607 2986 sc-

2028 3040 2266 3086 mentem
2309 3030 2518 3099 facere,
2562 3047 2807 3101 nequeas
2843 3029 3065 3084 tandem
3117 3025 3456 3096 manipulum
3490 3024 3606 3092 pri-

2026 3125 2310 3178 mitiarum
2341 3123 2559 3188 offerre,
2593 3127 2734 3178 citra
2772 3137 2934 3191 quem
2972 3136 3080 3174 non
3114 3119 3321 3187 poteris
3349 3115 3609 3184 frequen-

2027 3225 2144 3268 tare
2199 3212 2398 3268 festum
2446 3213 2686 3268 Domini.
2725 3210 2822 3266 Has
2873 3208 3240 3280 pret-urenda:
3299 3213 3451 3266 sunt,
3503 3213 3609 3256 etsi

2025 3321 2134 3360 non
2177 3303 2383 3360 fuerint
2413 3305 2481 3361 de
2509 3305 2773 3374 operibus
2824 3304 2932 3358 tuis
2986 3309 3040 3357 et
3079 3315 3212 3370 agro
3264 3308 3379 3352 tuo.
3413 3294 3612 3366 Impri-

341 3386 563 3457 πνεῦμα
597 3391 952 3461 σπειρσνῖων.

2021 3396 2126 3451 niis
2163 3391 2619 3451 nondiﬂ’erendae
2653 3404 2786 3450 sunt
2816 3393 3096 3464 primitiae,
3147 3401 3200 3444 ut
3233 3391 3314 3443 ha:
3351 3403 3460 3458 pra:
3507 3401 3612 3438 cre-

339 3477 477 3532 teris
526 3485 632 3533 line
679 3495 806 3535 esse
858 3482 1291 3547 existimentur,
1337 3498 1464 3537 .non
1519 3481 1698 3537 solum
1758 3483 1974 3539 ratione
2019 3488 2311 3556 temporis,
2349 3487 2446 3548 sed
2481 3487 2647 3542 etiam
2697 3487 2913 3542 ratione
2959 3483 3322 3548 excellen'izr,
3400 3488 3456 3532 ut
3525 3476 3611 3531 vi-

343 3567 532 3623 dearis
564 3571 770 3626 vixisse
793 3571 956 3640 digne
990 3573 1100 3637 his,
1133 3573 1226 3644 qui
1262 3575 1314 3628 in
1352 3573 1608 3645 spiritum
1641 3583 1848 3629 serent.

417 3683 634 3738 Accidit
686 3683 834 3739 enim
892 3695 949 3740 ut
995 3689 1120 3754 quis
1170 3687 1429 3750 scminet,
1474 3703 1574 3742 nec
1631 3694 1815 3742 tamen
1857 3687 2006 3741 vivat
2061 3695 2117 3740 ιιι
2174 3686 2257 3756 pri
2283 3686 2431 3741 uitiae
2488 3683 3065 3763 progignanturz‘sed
3100 3681 3333 3736 secundi
3361 3688 3414 3733 et
3452 3677 3604 3733 tertii

347 3773 676 3843 proveniant
734 3771 954 3830 fructus
989 3775 1128 3828 nihil
1162 3776 1436 3831 distantes
1469 3791 1500 3829 a
1543 3774 1841 3830 frumento.
1897 3774 2140 3842 Quidam
2181 3775 2338 3829 metit
2384 3775 2622 3830 eximios
2659 3774 2896 3838 fructus,
2935 3774 3079 3826 alius
3118 3773 3312 3824 minus
3343 3767 3604 3828 eximios,

353 3861 556 3915 tertius
591 3861 750 3916 metit
793 3859 1011 3917 fructus
1041 3872 1205 3918 vento
1237 3871 1557 3932 corruptos,
1601 3863 1770 3918 sicuti
1805 3863 1972 3920 habet
2020 3861 2407 3932 propheticum
2451 3863 2762 3916 oraculum.
2815 3859 3163 3952 Aliieemina
3197 3856 3458 3952 mandant
3490 3856 3612 3952 snio

349 3953 454 4010 eis,
480 3963 604 4018 quae
637 3948 847 4004 dantur
899 3949 1156 4014 locustae,
1202 3950 1420 4006 brucho
1450 3959 1507 4004 et
1539 3966 1739 4006 erucae.
1793 3949 1914 4022 [loc
1937 3949 2162 4010 accidit,
2215 3947 2439 4018 quando
2467 3949 2680 4002 semina
2719 3962 2823 4001 non
2861 3945 3066 4001 fuerint
3094 3943 3256 4014 digna
3289 3951 3346 3996 ιιι
3385 3942 3615 3995 benedi-

349 4035 589 4090 ctionem
618 4035 902 4108 accipiant
935 4051 962 4090 a
998 4035 1127 4092 Deo.
1170 4035 1492 4092 Traduntur
1537 4038 1708 4108 igitur
1759 4035 2145 4108 hujuscemodi
2191 4035 2673 4105 corruptionibus,
2727 4033 2873 4102 quod
2909 4047 3014 4086 non
3056 4030 3224 4128 digna
3251 4037 3608 4128 censeantur,

354 4129 414 4176 ut
435 4121 742 4178 offerantur
788 4132 844 4178 et
893 4123 1254 4194 imponantur
1307 4139 1420 4179 ara;
1474 4123 1592 4179 Dei.
1625 4123 1812 4178 Tertia
1857 4122 2154 4178 celebritas
2190 4128 2277 4177 est
2329 4121 2690 4191 perfectionis
2721 4129 2777 4176 et
2815 4121 3318 4174 consmmnationis
3356 4133 3611 4186 operum,

352 4215 405 4262 ct
435 4210 938 4265 consummationis
973 4211 1191 4265 mundi.
1246 4209 1398 4266 Hanc
1435 4209 1780 4278 frequentat,
1816 4212 1910 4282 qui
1957 4209 2207 4282 perfecte
2242 4209 2484 4280 prolicit,
2520 4216 2728 4274 etcum
2755 4207 2925 4270 Paulo
2959 4206 3208 4260 clamat:
3251 4223 3270 4256 ι
3307 4203 3412 4258 Per
3449 4219 3555 4274 que
3579 4223 3610 4256 ιι

353 4296 486 4352 mihi
515 4295 758 4368 mundus
799 4296 1101 4354 cruciﬁxus
1133 4308 1247 4362 est,
1289 4307 1345 4354 et
1371 4315 1474 4370 ego
1505 4299 1716 4355 mundo
1739 4301 1812 4355 9°.
1859 4319 1878 4352 ι
1916 4297 2015 4354 llic
2059 4312 2185 4353 cum
2231 4297 2286 4350 in
2333 4311 2502 4353 carne
2538 4296 2710 4362 vivat,
2761 4313 2878 4350 non
2923 4293 3230 4352 secundum
3263 4308 3482 4348 carnem
3512 4295 3614 4347 mi-

354 4381 498 4438 litat.
535 4380 655 4437 Non
691 4384 937 4438 intuetur
963 4399 1089 4455 quze
1121 4384 1303 4440 oculis
1327 4385 1586 4455 subjecta
1616 4393 1770 4454 sunt,
1807 4387 1904 4443 sed
1938 4385 2138 4456 aspicit
2171 4398 2400 4440 aeterna.

429 4491 624 4548 Tribus
649 4493 974 4560 temporibus
999 4495 1152 4562 anni,
1190 4496 1549 4564 conspicietur
1581 4513 1735 4555 omne
1788 4497 2144 4553 masculinum
2193 4505 2342 4552 tuum
2389 4512 2574 4551 coram
2615 4495 2844 4549 Domino
2876 4493 2984 4548 Deo
3014 4503 3124 4556 tuo,
3157 4502 3267 4547 etc.
3299 4490 3438 4564 [ΓΛ]
3471 4492 3612 4577 Quid

293 4637 304 4646 ,
355 4593 540 4634 causa
572 4589 680 4644 est,
718 4581 866 4650 quod
901 4584 1138 4638 seorsim
1173 4583 1288 4638 hare
1321 4584 1590 4656 praecipit,
1658 4601 1760 4642 nec
1799 4585 2142 4656 coniunctim
2193 4585 2250 4639 in
2303 4583 2452 4638 hunc
2487 4583 2709 4638 modmn
2745 4584 2964 4638 locutus
3009 4589 3136 4636 est:
3177 4579 3284 4636 Ter
3316 4581 3616 4650 quotannis

359 4666 560 4722 festum
597 4667 956 4728 celebrabitis
1012 4669 1174 4736 mihi,
1225 4678 1281 4726 et
1328 4687 1493 4728 omne
1549 4672 1918 4728 masculinum
1961 4671 2264 4744 apparebit
2315 4686 2500 4726 coram
2535 4669 2770 4724 Domino
2807 4668 2916 4724 Deo
2945 4669 3081 4723 tuo?
3107 4665 3284 4738 Opera
3315 4668 3484 4736 igitur
3516 4682 3620 4720 noo

358 4763 473 4810 stra
503 4770 627 4824 quae
655 4753 913 4824 facimus,
957 4767 1054 4814 aut
1113 4759 1384 4816 dicuntur
1424 4777 1549 4817 esse
1596 4761 1814 4824 mulier,
1843 4759 2058 4814 scilicet
2119 4759 2166 4814 si
2233 4757 2472 4814 serimus
2531 4757 2586 4812 in
2616 4773 2865 4822 carnem,
2897 4770 3020 4826 quae
3045 4754 3270 4825 quidem
3297 4769 3464 4824 Opera
3491 4764 3620 4809 sunt

358 4849 588 4897 externa
627 4850 682 4896 et
708 4859 1004 4902 enervata:
1039 4857 1135 4904 aut
1163 4849 1520 4919 appellantur
1553 4849 1658 4910 vir,
1721 4848 1938 4903 scilicet
1984 4847 2029 4902 si
2081 4847 2312 4917 Spiritus
2351 4845 2693 4900 ediderimus
2749 4859 2938 4913 opera,
2977 4859 3097 4912 qua:
3119 4841 3236 4898 sola
3266 4841 3430 4911 digna
3466 4851 3621 4904 sunt,

363 4936 424 4980 ut
447 4929 807 4999 proferantur
856 4933 914 4988 in
957 4945 1261 5006 conspectu
1323 4935 1439 4992 Dei.
1489 4935 1828 5006 Dedignatur
1880 4935 2153 5004 siquidem
2213 4933 2416 4988 intueri
2450 4931 2734 4986 tnulieres.
2775 4931 2939 5000 287
2978 4929 3254 4986 Convenit
3283 4931 3460 4999 igitur
3489 4930 3625 4985 solis

367 5017 474 5081 his,
512 5017 608 5088 qui
643 5019 890 5077 viriliter
915 5032 1112 5094 agunt,
1161 5025 1374 5096 agitare
1421 5025 1775 5080 celebritates
1815 5023 2050 5078 Domini.
2102 5023 2235 5075 Cum
2280 5019 2628 5090 praedixisset
2663 5017 2858 5087 legem,
2909 5018 3245 5072 secrevisset
3280 5015 3500 5084 injuriae
3531 5033 3626 5070 oc-

365 5108 672 5184 casionem,
706 5111 1083 5170 collaudasset
1112 5113 1166 5168 id
1195 5116 1346 5184 quod
1384 5115 1562 5169 tendit
1598 5116 1662 5168 ad
1697 5115 1990 5169 utilitatem
2023 5109 2288 5180 proximi,
2345 5107 2731 5177 proposttis~ct
2767 5106 2909 5158 viam
2969 5104 3097 5160 vita:
3133 5119 3257 5173 qua:
3291 5103 3395 5160 sibi
3425 5103 3622 5174 placet.

367 5175 652 5264 postremo
695 5197 916 5254 induxit
971 5175 1295 5273 spiritnaies
1347 5203 1730 5265 celebritates,
1788 5201 1922 5270 ipsis
1959 5175 2311 5269 cogitandum
2363 5196 2688 5265 relinquens
2717 5194 2872 5248 illum
2904 5193 3156 5248 laborem
3199 5192 3420 5246 tandem
3448 5192 3627 5246 exitu-

367 5297 490 5338 rum
537 5285 592 5340 in
621 5287 1074 5346 oblectationem.
1111 5289 1316 5346 lterum
1343 5299 1454 5347 tres
1491 5293 1614 5346 illas
1651 5289 2016 5344 Celebritates
2080 5285 2388 5356 dirigamus
2441 5283 2494 5337 in
2550 5282 2852 5337 Christum.
2901 5280 3009 5336 Sed
3040 5281 3110 5336 de
3139 5278 3316 5349 prima
3351 5279 3513 5333 verba
3548 5277 3628 5332 {ev

438 5478 592 5605 1‘81
629 5485 680 5541 d.
720 5503 873 5555 “ut,
911 5489 995 5545 15.
1073 5487 1120 5521 ⁸⁵
1151 5486 1331 5542 Gaiat.
1371 5502 1438 5551 vx,
1472 5488 1526 5542 8.
1580 5485 1624 5516 ⁸⁷
1657 5485 1792 5540 ibim

2033 5453 2222 5534 ιιιιιιι.
2283 5494 2378 5544 vn,
2427 5476 2512 5531 ιθ.
2628 5478 2670 5509 ’τ’
2709 5475 2867 5531 ιυιιιι.
2912 5493 2983 5540 ιγ,
3017 5475 3118 5540 53,
3159 5472 3248 5527 56.
3371 5471 3419 5502 νο
3448 5468 3628 5528 Galat.

371 5563 550 5610 v1.14.
