4010 6212
407 233 511 301 ϐῒῖ
1710 239 2066 305 PROCOPII
2111 241 2348 305 GAZJE'.
2772 262 2783 277 ε
3538 238 3648 307 628

410 353 616 418 euntis,
673 367 799 408 cum
839 352 1159 424 paschalem
1218 354 1601 412 enarravimus
1628 336 2032 413 celebritatem.
2064 356 2137 412 At
2186 357 2246 413 in
2293 354 2535 414 secunda
2561 368 2793 414 eernere
2853 362 2941 413 est
2992 352 3265 427 primitias
3311 354 3559 410 renovati
3590 366 3651 412 et

412 441 709 494 restaurali
740 439 1007 505 hominis,
1047 439 1330 496 Christum
1367 456 1562 514 nempe
1586 442 1693 498 sub
1724 450 1855 515 typo
1905 445 2167 516 manipuli
2208 443 2582 516 primitiarum
2622 443 2895 500 oblatum.
2948 442 3087 497 Nam
3140 442 3318 498 instar
3365 442 3647 512 spicarum

413 536 465 579 et
500 526 799 581 aristarum
832 527 1188 582 refloruimus
1232 529 1288 582 in
1341 528 1571 587 mundo.
1622 528 1973 601 Quapropter
2017 531 2331 588 testabatur
2369 522 2664 598 Christus,
2699 529 2855 587 albas
2894 543 3020 587 esse
3048 530 3332 601 regiones.
3365 528 3464 584 Hie
3492 529 3655 586 Citri-

413 622 533 667 stus
574 613 677 669 fuit
724 615 1005 686 primitiae,
1057 631 1236 671 novus
1286 614 1529 681 ﬂuetus,
1559 626 1615 674 et
1645 617 2046 690 primogenitus
2070 633 2139 675 ex
2170 619 2429 693 mortuis,
2461 618 2871 675 transformans
2896 618 3083 672 omnia
3121 616 3190 670 ad
3230 615 3554 680 novitatem.
3589 624 3648 672 et

378 701 697 771 .cxpellens
725 710 1079 760 vetustatem.
1114 701 1234 769 llic,
1271 704 1518 776 inquam,
1555 720 1655 775 pro
1689 706 1851 763 nobis
1878 707 2032 763 visus
2084 715 2173 763 est
2220 706 2276 762 in
2311 713 2614 778 conspectu
2664 704 2756 760 Dci
2797 712 2855 760 et
2881 704 3085 760 Patris.
3118 702 3352 774 Propter
3385 718 3488 759 nos
3519 718 3656 759 eon-

412 788 630 842 scendit
663 792 863 856 cmlos,
918 798 979 845 ut
1034 790 1351 860 manipulus
1405 807 1674 848 novarum
1730 792 1953 864 frugum
2006 792 2229 848 oblatus
2277 794 2445 864 patri.
2503 793 2620 848 lmo
2654 794 2772 864 ipse
2802 794 2856 847 in
2887 806 3012 847 sese
3042 791 3267 846 adducit
3299 804 3400 846 nos
3426 791 3481 845 in
3515 806 3654 847 con-

413 884 669 944 spectum
713 874 916 931 Patris.
975 876 1100 946 ipse
1133 877 1429 946 siquidem,
1471 888 1531 934 ut
1563 880 1728 945 Deus,
1760 890 1847 937 est
1874 889 2187 936 coarternus
2228 878 2375 934 Patri
2410 896 2426 934 :
2453 889 2509 935 et
2538 895 2660 945 nos,
2686 894 2809 942 nos,
2843 879 3095 949 inquam,
3126 878 3221 948 qui
3257 877 3466 933 fuimus
3498 879 3655 933 abdi-

414 959 521 1013 cati
558 974 587 1012 a
628 959 787 1014 Patre
825 961 969 1014 irato
1025 969 1255 1029 propter
1311 962 1813 1031 transgressionem
1869 964 2067 1019 Adami
2113 972 2170 1020 et
2224 976 2538 1035 peceatum.
2574 966 2723 1037 quod
2754 968 2808 1021 in
2841 981 2943 1021 nos
2972 975 3262 1037 grassatur
3294 983 3309 1021 :
3350 965 3567 1020 reduxit
3596 968 3653 1020 in

413 1054 774 1115 conspectum
817 1044 1022 1102 Patris.
1062 1047 1404 1103 Accedamus
1439 1063 1589 1104 nunc
1639 1049 1710 1105 ad
1762 1052 1981 1106 tertiam
2035 1052 2467 1117 solemnitatem,
2522 1069 2693 1124 quam
2740 1068 2963 1124 quoque
3013 1054 3380 1109 excutiamus.
3423 1050 3657 1108 Videtur

332 1124 355 1174 ἶ
413 1134 603 1202 itaque
636 1134 908 1201 septimus
936 1133 1146 1187 mensis
1185 1139 1404 1203 tempus
1470 1137 1977 1197 consummationis
2023 1138 2364 1209 significare.
2415 1139 2575 1195 Tunc
2620 1144 2766 1197 enim
2797 1156 2965 1212 opera
3002 1141 3056 1195 in
3098 1139 3377 1196 thesauris
3402 1139 3525 1209 ejus
3564 1155 3657 1197 re-

413 1220 635 1273 condita
668 1219 1051 1284 recludentur,
1085 1226 1139 1273 et
1161 1217 1364 1288 judicii
1394 1227 1693 1292 tempestas
1722 1223 1777 1277 in
1823 1240 1923 1281 nos
1975 1227 2325 1287 redundabit.
2356 1229 2706 1302 Quapropter
2732 1230 3149 1286 meminerimus
3177 1229 3450 1286 dicentis:
3496 1248 3516 1282 ι
3547 1228 3661 1286 Νο-

412 1304 510 1359 lite
539 1304 697 1360 vobis
755 1306 1021 1377 colligere
1060 1305 1355 1362 thesauros
1410 1321 1581 1376 super
1650 1317 1821 1373 terra,
1854 1312 1949 1366 ubi
1991 1314 2139 1370 tinea
2189 1325 2246 1373 et
2278 1332 2465 1389 aerugo
2497 1318 2764 1381 absumit.
2798 1327 2854 1373 et
2907 1320 3002 1374 ubi
3054 1318 3207 1374 fures
3243 1316 3572 1390 perfodiunt
3600 1327 3659 1373 et

414 1390 693 1445 furantur.
729 1388 985 1461 Colligite
1010 1390 1171 1446 vobis
1203 1392 1389 1460 potius
1423 1392 1721 1450 thesauros
1738 1395 1794 1450 in
1822 1398 1986 1455 caelis
2019 1400 2123 1456 ’νῆ
2158 1420 2178 1454 ι
2216 1403 2375 1458 Νυιιε
2400 1388 2548 1458 enim
2583 1418 2773 1460 revera
2803 1416 3051 1459 extrema
3081 1388 3263 1476 agitur
3291 1415 3443 1461 astas.

487 1496 611 1553 Non
654 1500 980 1568 sacriﬁcabis
1012 1516 1168 1568 super
1186 1500 1499 1569 [erittantum
1522 1505 1828 1575 sanguinem
1846 1507 2046 1566 incensi
2065 1514 2319 1576 mei,ete.
2342 1512 2559 1585 [XXIIL
2596 1512 2710 1585 18.]
2761 1512 3075 1569 Diil‘erentia
3112 1515 3200 1568 est
3230 1513 3662 1572 sacrificiorum.

415 1586 674 1651 Quaedam
720 1587 956 1641 vietinue
989 1585 1301 1642 otl‘eruntur
1331 1598 1461 1647 toto:
1505 1609 1520 1646 :
1567 1596 1935 1662 quarumdam
1969 1610 2157 1667 partes
2194 1599 2582 1673 tantummodo
2623 1599 2997 1655 incenduntur
3029 1600 3082 1654 in
3118 1616 3244 1655 ara.
3281 1600 3657 1667 Quarumdem

416 1674 645 1741 sanguis
678 1670 928 1735 offertur,
976 1689 1179 1730 carnes
1219 1690 1354 1730 vero
1392 1678 1657 1735 eduntur.
1703 1680 1975 1738 Dicuntur
2021 1694 2203 1740 autem
2246 1686 2354 1740 illa
2397 1670 2590 1741 hostiae
2635 1686 2959 1741 holocausta
3003 1695 3060 1741 et
3099 1687 3352 1759 paciﬁca,
3393 1688 3524 1757 quia
3557 1702 3664 1757 pro

416 1768 651 1826 peccato
680 1758 957 1813 abolendo
993 1760 1394 1816 incenduntur.
1452 1761 1613 1819 Nune
1642 1781 1774 1821 vero
1804 1784 1915 1824 non
1963 1771 2227 1829 incendes
2260 1789 2440 1845 neque
2483 1773 2681 1831 offeres
2727 1780 3051 1846 sanguinem
3096 1758 3223 1830 eum
3270 1776 3510 1846 panibus
3552 1775 3666 1829 fer-

416 1846 717 1908 mt-ntatis,
766 1845 865 1901 sed
897 1862 1022 1900 cum
1059 1848 1295 1917 panibus
1341 1848 1615 1907 fermento
1650 1856 1994 1915 carentibus.
2042 1859 2179 1915 Nam
2214 1861 2545 1918 fermentum
2580 1878 2778 1919 massa:
2820 1845 3047 1921 mistum
3088 1866 3449 1920 mutationem
3495 1864 3663 1918 indu-

417 1930 516 1989 cit.
562 1937 618 1983 et
667 1930 908 1984 farinam
955 1932 1168 1988 acidam
1207 1935 1436 1991 reddit:
1471 1944 1528 1992 et
1568 1952 1633 1993 ex
1677 1938 2000 1999 fermentata
2039 1962 2220 2002 massa
2252 1948 2525 2018 accipitur
2561 1964 2714 2020 pars,
2768 1965 2893 2019 quae
2942 1967 3162 2021 quoqtte
3211 1952 3265 2005 in
3327 1950 3660 2005 fermentum

418 2019 645 2074 transit.
693 2018 754 2071 Et
803 2018 856 2071 in
891 2019 1035 2075 hunc
1080 2022 1305 2077 modum
1348 2024 1589 2092 primum
1624 2024 1962 2084 fermentum
1992 2031 2047 2086 in
2083 2035 2291 2090 multas
2328 2036 2443 2089 abit
2482 2018 2893 2107 generationes.
2938 2018 3105 2094 sicuti
3145 2039 3314 2093 etiam
3349 2036 3517 2109 ignis,
3549 2050 3662 2106 quo

418 2103 698 2158 exstincto
740 2120 1092 2163 reservamus
1128 2107 1395 2178 reliquias
1434 2109 1492 2164 in
1524 2110 1731 2175 cinere,
1759 2114 1963 2182 quibus
1991 2132 2024 2172 e
2058 2119 2247 2175 cinere
2284 2103 2811 2192 dimoto'produetis
2840 2124 3013 2179 alium
3045 2103 3400 2180 suseitamusv
3441 2103 3650 2192 ignem.

419 2190 691 2246 Craterum
728 2192 1009 2248 incertum
1058 2202 1165 2259 est,
1207 2210 1276 2250 an
1307 2197 1647 2269 accipientes
1690 2200 2021 2258 fermentum
2052 2221 2188 2276 pure
2221 2209 2354 2263 illud
2384 2190 2740 2266 fermentent.
2780 2208 3025 2267 Proinde
3050 2212 3397 2279 per‘ineerta
3431 2190 3523 2264 illa
3556 2225 3660 2267 nos

422 2292 455 2329 a
490 2277 762 2333 fet-mento
794 2282 1142 2338 dehortatur.
1182 2282 1297 2339 Sub
1328 2284 1433 2340 hoc
1464 2288 1623 2357 quasi
1662 2289 1915 2358 symbolo
1957 2302 2144 2354 monet
2191 2296 2530 2366 voluptatem
2561 2312 2685 2353 esse
2727 2277 3213 2354 contemnendam.
3242 2295 3380 2352 Nam
3416 2296 3660 2352 fermen-

421 2373 537 2418 tum
576 2381 684 2421 non
715 2376 799 2422 est
826 2370 1014 2438 cibus,
1047 2373 1141 2426 sed
1174 2372 1451 2441 quoddam
1487 2376 1600 2430 cibi
1639 2386 1692 2431 et
1728 2379 1868 2447 gulae
1903 2379 2329 2437 irritamentum.
2371 2383 2643 2441 Praeterea
2681 2386 2785 2442 sub
2815 2386 3096 2441 fermento
3134 2399 3237 2442 ceu
3271 2383 3524 2456 symbolo
3558 2398 3660 2439 nos

423 2452 705 2517 mixtionet,
743 2471 813 2509 ne
851 2472 988 2510 vana
1040 2460 1303 2529 opinione
1353 2460 1628 2517 inflemur.
1667 2462 1905 2535 Sanguis
1952 2468 2307 2524 victimarum
2341 2469 2689 2529 demonstrat
2723 2473 2988 2535 animant.
3047 2486 3173 2543 qua
3216 2452 3353 2527 libat
3401 2468 3658 2526 Domino.

426 2538 625 2596 Verum
660 2543 803 2597 haud
836 2547 985 2615 pium
1016 2557 1102 2601 est
1128 2549 1469 2619 conjungere
1493 2557 1549 2605 et
1579 2554 1938 2610 commiscere
1973 2571 2059 2620 ea.
2088 2573 2211 2628 qua}
2240 2559 2678 2617 commistionetn
2708 2560 2794 2616 sui
2824 2568 3028 2616 natura
3063 2538 3373 2632 refugiunt.

495 2628 618 2684 Non
648 2632 845 2700 iacebit
872 2634 1132 2704 pinguedo
1171 2636 1292 2706 festi
1325 2638 1426 2693 mei
1465 2653 1630 2709 usque
1653 2657 1808 2696 mane
1831 2682 1847 2708 ,
1880 2653 1989 2699 etc.
2030 2644 2146 2701 lmo
2174 2645 2360 2716 potius
2401 2646 2475 2702 sit
2507 2646 2739 2703 materia
2762 2661 2940 2704 sacra
2971 2628 3229 2703 flammai.
3266 2646 3417 2702 Infra
3442 2645 3513 2701 de
3554 2644 3661 2701 hoc

421 2724 477 2769 ct
509 2717 637 2772 aliis
666 2719 883 2773 dicetur
910 2722 1228 2777 sacrificiis.
3352 2727 3367 2739 ’

498 2826 779 2884 Primitias
808 2831 1077 2899 fructuum
1107 2843 1263 2888 terra!
1287 2843 1392 2889 tua:
1416 2834 1610 2904 inferet
1641 2837 1696 2891 in
1724 2838 1940 2892 domum
1975 2837 2191 2896 Domini
2218 2842 2340 2909 Dei,
2371 2852 2480 2901 etc.
2518 2842 2660 2917 [l9].
2688 2840 2815 2898 Haec
2843 2841 3262 2913 prrecipiunlur.
3288 2846 3347 2893 ιη
3388 2838 3501 2895 Sim
3537 2851 3664 2908 ενι·

420 2913 462 2966 ιί
495 2929 511 2969 :
548 2924 603 2971 et
634 2917 761 2972 hine
790 2918 1049 2975 alimenta
1094 2923 1451 2993 porrigantur
1485 2925 1963 2993 saecrdotibus_et
1995 2927 2224 2988 Levitis.
2251 2913 2633 3005 Anagogieus'
2659 2932 2863 2987 horum
2899 2944 3100 2986 sensus
3151 2941 3317 2999 supra
3353 2925 3663 2982 elucidatua

421 3010 532 3059 εει..

491 3134 618 3190 Non
646 3151 833 3206 coquet
891 3152 1090 3208 agnum
1141 3136 1197 3194 in
1223 3138 1359 3196 facte
1398 3150 1587 3197 malm
1624 3159 1768 3209 suc,
1795 3152 1907 3201 etc.
2017 3142 2067 3192 Α

2162 3150 2287 3220 οὐχ
2298 3149 2556 3220 ἐφήσεις
2584 3147 2736 3220 ἄρνα
2753 3148 3087 3220 irritant
3110 3144 3332 3216 μητρὸς
3359 3141 3568 3197 αὑτοῦ.
3593 3142 3665 3197 Ἦ

419 3223 543 3281 Non
574 3228 865 3285 exscindes
897 3246 1096 3298 agnum
1114 3245 1181 3286 ex
1225 3240 1380 3289 utero
1412 3235 1631 3298 matris.
1684 3234 1992 3309 festumque

2101 3242 2178 3315 μὴ
2209 3239 2455 3295 ἐκϐαλὼν
2482 3243 2624 3312 ἄρνα
2643 3241 2753 3294 ἀπὸ
2786 3239 2993 3311 μητρὸς
3016 3238 3246 3310 ἑψήσῃς·
3267 3236 3302 3307 ἢ
3332 3234 3480 3305 ὲψῶν
3499 3233 3660 3305 ἄρνα,

419 3323 1075 3394 eoques".Autsicoquis
1098 3320 1323 3394 agnum.
1351 3342 1419 3383 ne
1447 3329 1879 3398 superinfundas
1904 3334 1991 3388 lac

2102 3332 2178 3403 μὴ
2220 3332 2485 3405 ὲπιδάλῃς
2515 3333 2577 3385 τὸ
2622 3333 2765 3402 γάλα
2797 3333 2897 3398 τῆς
2926 3329 3135 3403 μητρὸς
3182 3327 3347 3382 αὑτοῦ
3367 3341 3382 3357 ·
3412 3326 3447 3389 ἦ
3471 3327 3532 3378 ιν
3557 3324 3668 3396 ὅσῳ

421 3412 619 3466 matris
659 3413 803 3481 ejus.
832 3414 942 3470 Aut
972 3416 1293 3486 quantisper
1334 3432 1513 3487 agnus
1543 3427 1789 3473 materna
1825 3420 1993 3476 ubera

2097 3419 2376 3490 γαλουχεῖ,
2411 3421 2472 3473 οὐ
2497 3418 2681 3483 (idest;
2705 3422 2800 3473 καὶ
2821 3419 3069 3492 ἐφήσεις.
3104 3419 3170 3472 ⁸0
3200 3417 3293 3470 καὶ
3323 3413 3545 3486 μᾶλλον,
3576 3412 3667 3466 διὰ

425 3504 907 3574 siccat,tantisper
938 3521 1061 3560 eum
1097 3507 1406 3563 immolabis
1446 3516 1502 3564 et
1535 3522 1757 3579 eoques.
1786 3508 1989 3567 Verum

1301 3508 1406 3563 Ibis
1446 3516 1502 3564 et
1535 3522 1757 3579 eoques.
1786 3508 1989 3567 Verum
2097 3512 2159 3565 τὸ
2183 3511 2280 3583 τῆς
2307 3510 2573 3582 τεκούσης
2590 3511 2884 3585 ὀδυνηρόν,

426 3595 529 3648 hoc
564 3595 739 3664 magis
784 3598 1089 3652 cavendum
1124 3613 1249 3655 esse
1283 3598 1608 3654 adhortatur
1637 3608 1855 3671 propter
1887 3601 1993 3658 do-

423 3691 591 3742 lorem
621 3684 764 3742 fele.

490 3818 763 3875 Nimirum
793 3821 897 3877 hac
934 3822 1121 3878 eadem
1148 3825 1218 3881 de
1241 3839 1410 3883 causa
1446 3825 1626 3898 inquit
1658 3830 1713 3884 in
1740 3827 1993 3886 Levitieo
2035 3845 2049 3882 :
2090 3843 2111 3878 ι
2144 3823 2392 3881 Vitulum
2436 3830 2533 3878 aut
2559 3837 2717 3878 orem
2753 3828 2847 3877 aut
2883 3824 3127 3892 capram,
3163 3820 3209 3877 si
3244 3826 3525 3892 prognata:
3552 3817 3673 3873 iue-

422 3906 560 3969 rint.
584 3915 750 3963 erunt
778 3920 986 3979 septem
1014 3910 1215 3966 diebus
1241 3915 1345 3968 sub
1379 3922 1581 3971 matre.
1619 3916 1719 3971 Die
1749 3923 1947 3971 octavo
1976 3923 2031 3970 et
2066 3914 2210 3968 ultra
2247 3912 2594 3982 recipiuntur
2625 3913 2682 3966 in
2718 3910 3052 3965 sacriﬁcium
3080 3916 3137 3964 et
3170 3924 3373 3963 munus
3416 3905 3670 3962 Domino.

430 3991 668 4047 Vitulum
696 4003 751 4049 et
776 4011 931 4051 ovem
951 4038 965 4060 ,
1015 3998 1191 4069 288
1217 4009 1448 4056 matrem
1475 4012 1530 4057 et
1552 4003 1673 4071 ejus
1703 4003 1913 4073 prolem
1945 4017 2055 4058 non
2078 4000 2390 4056 mactabitis
2422 4015 2532 4054 uno
2559 3999 2650 4053 die
2679 4000 2747 4053 ".
2774 4018 2793 4051 ο
2818 3999 3031 4069 Agnum
3057 3996 3220 4052 modo
3265 4003 3426 4067 partu
3457 3993 3672 4049 editum

424 4091 479 4133 ιιι
520 4081 810 4136 lactentem
846 4087 1076 4138 mactari
1126 4101 1235 4139 non
1277 4088 1410 4143 sinit
1444 4105 1458 4143 :
1490 4087 1806 4144 Ostendens
1836 4104 1959 4143 eum
1998 4089 2179 4145 adhuc
2208 4103 2331 4144 esse
2373 4087 2756 4157 imperfectum
2779 4125 2794 4148 .
2834 4095 2890 4142 et
2927 4085 3161 4157 proinde
3196 4083 3290 4154 Qui
3327 4083 3552 4138 modum
3585 4081 3672 4135 in-

428 4169 646 4225 tellertu
682 4170 884 4239 polleat
928 4187 1027 4226 nec
1071 4174 1254 4230 adhuc
1293 4184 1526 4232 sanctus
1561 4179 1653 4245 sit,
1687 4176 1761 4233 ob
1789 4191 1853 4232 ea
1887 4192 1997 4232 non
2027 4190 2152 4232 esse
2187 4186 2474 4244 acceptum
2507 4183 2562 4230 et
2588 4182 2810 4244 gratum
2862 4173 2997 4229 Deo.
3036 4172 3215 4243 Hujus
3259 4170 3453 4226 farinae
3490 4176 3671 4229 erant.

426 4255 493 4309 ad
526 4273 664 4326 quos
703 4259 899 4313 scribit
931 4257 1175 4315 Paulus:
1218 4281 1237 4314 ι
1280 4260 1419 4317 Nam
1453 4278 1578 4318 cum
1627 4263 1875 4318 debeatis
1932 4260 2153 4320 ratione
2201 4262 2469 4334 temporis
2505 4262 2763 4317 doctores
2818 4276 2979 4327 esse,
3010 4262 3210 4317 iterum
3263 4274 3405 4330 opus
3460 4257 3674 4313 habetis

423 4357 510 4405 eo,
542 4345 638 4412 qui
677 4359 772 4398 vos
809 4343 1028 4406 doceat,
1067 4361 1188 4415 quae
1222 4358 1353 4403 sunt
1378 4349 1649 4404 elementa
1681 4349 1941 4420 principii
1968 4353 2322 4425 oraculorum
2357 4350 2469 4405 Dei.
2499 4349 2565 4405 Et
2600 4349 2621 4403 l'
2634 4349 2743 4405 acti
2771 4350 2907 4406 estis
2938 4349 3019 4413 hi.
3052 4347 3143 4416 qui
3180 4349 3325 4403 lacte
3365 4362 3467 4402 nec
3498 4344 3675 4400 solido

426 4430 553 4482 cibo
584 4444 725 4497 opus
755 4431 963 4486 habent
986 4434 1054 4485 “.
1093 4450 1113 4483 ι
1162 4433 1255 4489 Die
1279 4444 1476 4490 octavo
1508 4446 1564 4491 et
1590 4436 1822 4506 reliquis
1847 4438 2080 4499 diebus.
2110 4439 2205 4507 qui
2256 4446 2511 4492 octavum
2541 4436 3020 4507 consequebantur
3053 4450 3235 4506 usque
3267 4434 3325 4488 in
3373 4431 3673 4493 inﬁnitum,

428 4514 811 4570 referebantur
866 4516 926 4572 in
973 4533 1261 4574 numerum
1302 4527 1357 4574 et
1402 4536 1563 4576 usum
1605 4522 1977 4578 victimarum.
2024 4522 2294 4580 Caeterum
2344 4523 2464 4580 dies
2497 4531 2731 4579 octavus
2771 4523 3066 4578 adumbrat
3122 4522 3286 4578 nobis
3333 4519 3514 4580 diem.
3564 4532 3674 4587 quo

425 4604 684 4660 Christus
722 4608 1027 4662 resurrexit
1073 4622 1102 4661 a
1134 4609 1392 4672 mortuis,
1426 4611 1686 4682 ceditque
1717 4612 1771 4666 in
1809 4612 2143 4682 principium
2180 4611 2367 4668 saeculi
2402 4610 2554 4676 novi,
2587 4610 2776 4681 prisco
2808 4611 3016 4666 saeculo
3060 4609 3200 4680 legis
3241 4615 3451 4680 septem
3478 4605 3675 4660 diebus

426 4694 708 4762 prioribus
733 4694 972 4751 evoluto.
1004 4695 1252 4752 Primum
1284 4697 1559 4769 siquidem
1598 4702 1863 4757 sarculum
1902 4702 2083 4757 adhuc
2115 4699 2220 4753 fuit
2252 4697 2543 4769 profanum
2584 4705 2844 4767 respectu
2895 4699 3186 4768 temporis,
3238 4712 3350 4767 quo
3385 4694 3469 4749 lex
3506 4691 3677 4745 valuit

422 4788 478 4834 et
514 4782 701 4838 cultus
731 4784 1010 4851 carnalis;
1060 4801 1248 4841 verum
1297 4785 1358 4841 ﬁt
1393 4787 1448 4841 in
1493 4787 1713 4845 Christo
1742 4804 1949 4845 munus
1982 4796 2197 4859 gratum
2232 4794 2287 4841 et
2316 4794 2600 4855 acceptum
2633 4793 2829 4840 octavo
2861 4785 2951 4840 die
2978 4794 3032 4839 et
3064 4782 3501 4855 insequentibus.
3537 4778 3673 4833 Nam

424 4867 646 4923 Christo
684 4871 901 4927 vocatio
937 4887 1159 4929 cessare
1201 4874 1417 4945 nequit,
1455 4874 1678 4930 initium
1710 4876 1941 4946 capiens
1993 4875 2481 4932 resurrectionem.
2526 4872 2744 4931 Ponens
2780 4884 2961 4929 autem
3001 4874 3173 4944 legem
3204 4871 3488 4926 Christum
3535 4884 3675 4922 con-

423 4966 756 5022 eernentes,
815 4960 1083 5029 praenovit
1120 4959 1263 5018 Deus
1298 4959 1613 5018 Judaaorum
1663 4964 2074 5020 intractabilem
2108 4962 2537 5018 inobedientiatn
2576 4977 2743 5017 omne
2797 4963 3038 5027 regimen
3080 4968 3136 5014 et
3179 4959 3533 5014 moderamen
3575 4953 3676 5008 ab-

425 5053 707 5100 nuentem.
738 5044 1084 5117 Quapropter
1113 5051 1631 5107 exterminabantur
1660 5054 1857 5109 merito
1896 5061 1953 5107 ut
1986 5050 2298 5122 parricidm,
2329 5050 2422 5120 qui
2459 5063 2655 5103 manus
2679 5049 2830 5104 caede
2860 5050 3017 5104 herili
3060 5046 3426 5104 ernentarint.
3461 5042 3674 5140 Verum

421 5145 534 5186 non
571 5131 741 5188 semel
773 5133 1073 5191 Jerusalem
1106 5137 1325 5207 penitus
1364 5137 1639 5196 interibit.
1675 5138 1790 5194 imo
1814 5141 2057 5195 manebit
2083 5140 2218 5194 orba
2248 5144 2576 5208 exspectans
2598 5135 2963 5191 novissimum
2998 5144 3214 5204 tempus
3234 5176 3250 5199 ,
3278 5147 3387 5202 quo
3422 5128 3676 5185 servabi-

421 5225 533 5281 tur,
552 5228 738 5274 seeuta
760 5235 1064 5291 praaeuntcs
1091 5235 1300 5294 gentes.
1321 5224 1683 5297 Symmachus
1717 5228 2111 5296 interpretatus
2136 5232 2222 5281 est
2246 5244 2261 5278 :
2284 5223 2407 5279 Non
2437 5222 2652 5293 parabis
2685 5221 2896 5276 Iam-dum
2936 5222 2987 5275 in
3020 5222 3155 5274 lacte
3186 5219 3372 5272 matris
3411 5231 3543 5275 sum.
3564 5220 3675 5267 etc.

420 5308 556 5375 Quae
604 5312 888 5367 translatio
949 5312 1129 5377 docet,
1183 5326 1501 5384 peccatores
1550 5331 1659 5371 non
1700 5332 1857 5385 posse
1896 5315 2111 5371 comedi
2150 5315 2328 5369 adhuc
2391 5312 2630 5368 infantes
2672 5319 2725 5366 et
2767 5312 2872 5367 sub
2899 5321 3072 5365 matre
3100 5308 3325 5363 malitia:
3356 5306 3439 5359 lac
3468 5304 3679 5358 ducen-

424 5405 535 5463 tes,
568 5398 673 5452 nisi
701 5399 858 5469 prius
882 5401 951 5455 ad
979 5401 1260 5456 meliorem
1298 5402 1621 5457 deferantur
1656 5403 1962 5458 doctrinam
2002 5411 2057 5458 et
2087 5400 2513 5455 institutionem.
2544 5396 2693 5453 Haedi
2725 5396 2999 5467 siquidem
3034 5397 3364 5457 creduntur,
3398 5397 3674 5462 quotquot

421 5500 451 5542 a
478 5485 610 5541 lmva
633 5494 843 5544 stantes
865 5487 1022 5558 juxta
1056 5489 1291 5546 tribunal
1312 5488 1544 5555 Christi,
1569 5491 1804 5547 audiunt
1829 5491 2105 5548 dicentem
2130 5488 2417 5544 Dominum
2444 5505 2460 5544 :
2489 5506 2508 5538 ‹
2539 5488 2735 5551 Διηειι,
2760 5498 2918 5540 ιιιιιειι
2961 5498 3242 5553 nunquam
3275 5479 3401 5536 novi
3441 5491 3538 5533 vos
3567 5475 3672 5529 ’⁸.-

501 5661 579 5694 ""
621 5661 809 5719 Matth.
842 5679 919 5732 vx,
958 5664 1041 5732 l9,
1069 5663 1160 5719 ‘20.
1237 5663 1278 5694 "
1309 5661 1480 5719 Levit.
1515 5678 1646 5732 xm,
1675 5663 1764 5729 9.7,
1790 5662 1860 5716 28
1959 5663 2003 5695 ”
2028 5663 2084 5716 Iit

1367 5663 1480 5719 erit.
1515 5678 1646 5732 xm,
1675 5663 1764 5729 9.7,
1790 5662 1860 5716 28
1959 5663 2003 5695 θ’
2028 5662 2194 5717 Ilcbr.
2224 5678 2277 5727 ι’,
2314 5661 2399 5714 12.
2472 5656 2826 5725 θ³Μειι1.1ι.νιι⁹
2861 5654 2950 5711 23.
