2005 3106
199 121 251 152 629
742 123 1009 154 COMMENTARII
1032 122 1072 153 IN
1092 123 1262 153 EXODUM.
1757 120 1810 152 630

196 178 248 205 Nec
256 177 396 212 sanequis
412 176 517 205 coxerit
530 176 612 204 etiam
628 185 728 213 agnum
747 179 774 206 in
784 180 852 207 lacte
864 184 996 205 materno.
1006 177 1073 204 Nam
1083 179 1202 205 infantes
1217 178 1244 204 in
1255 176 1364 212 negotio
1380 175 1713 211 Christi,etimperfectos
1723 175 1813 204 adhuc

194 221 283 253 quoad
299 221 431 252 animum,
447 220 618 255 impossibile
629 224 670 248 est
680 221 744 249 duci
762 230 811 257 per
823 223 912 257 ignem
927 227 953 248 et
968 222 1169 249 tribulationrs.
1193 220 1417 256 Evspectan-lum
1437 223 1479 247 est
1494 219 1581 247 donec
1597 219 1733 255 attingant
1747 224 1812 247 arta-

194 269 249 291 tem
265 264 385 296 virilem,
403 268 431 291 et
445 264 474 291 in
492 264 630 298 spirituali
653 264 816 293 fortitudine
835 265 1008 292 adolescant.
1024 264 1159 292 Przetcrea
1176 265 1228 292 sub
1245 268 1310 299 typo
1325 263 1444 298 quodam
1460 263 1569 295 innuit,
1588 271 1641 290 non
1659 264 1752 290 omnia
1771 264 1813 290 in-

195 308 312 334 teritura
337 312 451 342 propter
468 307 643 343 tyrannidem
664 316 773 343 gravem
787 330 794 340 ,
809 316 870 343 qua:
892 308 967 343 ipsos
986 313 1095 336 maneat
1113 317 1119 335 :
1138 308 1184 336 sed
1204 308 1280 343 ipsos
1301 314 1499 343 permansuros
1522 310 1550 334 et
1571 306 1722 335 duraturos
1733 307 1812 342 quasi

193 350 360 385 quibusdam
376 351 601 378 suceessionibus
623 351 733 385 generis
745 370 752 383 ,
769 352 833 379 dum
850 352 902 379 hoc
919 353 948 379 in
963 352 1010 379 illo
1025 352 1098 378 aliud
1117 352 1143 379 in
1162 352 1217 378 alio
1234 350 1645 385 incolumitatem'adipiscitur,
1666 349 1721 377 Deo
1735 357 1813 377 aver-

194 399 272 422 sante
287 402 399 422 suarum
416 399 605 421 creaturarum
620 395 776 422 universale
788 397 936 423 excidium.
954 396 992 422 Ad
1003 396 1059 422 haec
1070 394 1258 421 decenterista
1276 394 1474 428 praedicuntur.
1491 393 1560 423 Nam
1573 393 1743 420 conveniunt
1755 400 1813 420 ser-

194 440 323 466 monibus
341 439 455 469 Christi,
475 446 523 473 per
540 447 621 473 quem
637 439 779 473 deperdita
797 444 946 467 servantur
963 443 990 466 et
1006 439 1177 466 revirescunt
1193 438 1225 464 ad
1243 438 1338 463 vitam.

231 481 263 508 Et
278 490 335 509 ecca
343 490 388 516 ego
400 483 475 509 mitto
489 483 608 517 angelum
618 491 701 509 meum
715 487 775 510 ante
790 483 882 517 facient
894 489 976 514 tuam,
987 488 1039 510 etc.
1053 482 1157 518 [XXHL
1168 481 1225 517 20.]
1241 481 1354 514 Quidam
1366 481 1441 508 aiunt
1456 480 1627 515 prophetam,
1639 484 1666 507 et
1676 479 1812 514 loquentis

195 526 222 551 in
240 526 300 560 ipso
317 533 422 556 vocem,
448 533 528 559 quem
547 526 707 560 prophetam
724 526 857 560 iubentur
877 528 983 554 audire.
1002 527 1143 553 Sermonis
1165 530 1254 552 autem
1272 524 1444 551 confirmatio
1457 529 1499 552 cst
1514 532 1600 559 opus,
1613 523 1686 558 quod
1709 530 1814 550 sermo-

194 577 257 596 nem
274 570 464 603 consequitur.
478 569 632 596 Persuasus
650 570 735 605 igitur
752 576 778 598 et
793 570 896 598 faciens
911 578 970 605 qua:
988 571 1170 606 imperantur,
1192 570 1302 597 habebit
1318 576 1462 604 patronum
1479 574 1505 597 et
1519 569 1703 600 defensorem,
1718 568 1813 596 docto-

196 620 273 643 rum.
288 613 335 647 qui
359 621 408 639 sua
428 613 556 647 dogmata
583 614 706 640 tuebitur
725 622 773 647 per
794 622 823 642 se
845 623 851 640 :
873 622 922 641 ncc
937 621 979 646 ea,
1000 615 1064 641 licet
1088 619 1234 643 conentur,
1259 617 1389 648 poterunt
1409 613 1559 640 adversarii
1582 612 1741 647 infringere.
1761 612 1812 645 Qui

151 670 160 675 —
195 663 260 683 vero
279 657 410 691 propheta
431 657 505 690 ipsos
523 657 630 683 induxit
646 658 672 684 in
688 662 790 684 terram
812 658 986 692 promissam,
1004 658 1082 685 Iesus
1102 662 1154 688 est.
1172 658 1242 684 filius
1258 657 1366 684 scilicet
1381 657 1463 689 Nave,
1481 657 1504 684 si
1523 661 1667 684 externum
1684 656 1814 683 conside-

196 707 258 726 rare
273 700 340 726 velis
359 699 464 727 Jesum.
482 700 508 726 Si
524 704 613 727 autem
630 700 709 728 Jcsus
725 705 778 732 est,
794 702 839 735 qui
857 707 1018 735 prmsentem
1040 702 1120 727 habet
1138 701 1301 731 orationem,
1321 701 1345 727 ei
1365 701 1446 727 ctiam
1467 705 1611 734 competet,
1629 700 1699 734 quod
1727 699 1812 727 infer-

195 744 264 768 tur:
288 751 297 766 ι
319 741 424 769 Nomen
445 743 516 769 enim
535 750 624 768 meum
643 747 685 770 cst
708 751 790 778 super
806 745 874 776 ipso.
897 753 906 769 ›
929 743 957 771 Si
976 751 1064 771 sermo
1083 745 1128 771 ille
1152 745 1287 778 profertur
1307 752 1320 770 a
1344 743 1434 776 Patre,
1459 743 1600 770 sciendum
1625 747 1666 770 est
1684 742 1736 770 hoc
1752 742 1813 770 loco

196 784 261 817 diei,
278 785 368 819 magni
385 786 495 812 consilii
512 786 636 820 angelum
653 786 687 818 ³⁵,
703 787 748 820 qui
764 791 806 814 est
819 791 845 814 et
860 795 954 814 revera
972 792 1084 816 vocatur
1104 790 1175 816 Deus
1197 789 1278 815 sicuti
1295 788 1390 820 Pater,
1408 789 1453 822 qui
1471 788 1560 823 ipsum
1576 787 1680 822 genuit.

234 840 275 865 Οὐ
283 839 338 874 γὰρ
358 840 576 872 ὑποστείληται
600 847 637 866 σε
651 848 660 868 ’,
681 840 714 867 τὸ
738 840 793 874 γὰρ
811 840 906 875 ὄνομά
917 850 978 875 μου
995 839 1016 865 Α

1067 843 1127 870 Non
1144 843 1330 878 subterfugiet,
1355 849 1408 869 etc.
1428 842 1610 877 Symmachus
1630 842 1711 869 vertit
1727 850 1734 869 :
1753 839 1813 870 Non

194 884 281 910 ἐστὶν
295 885 439 917 ὲπάὑτῷ.
456 886 493 911 Τὸ
508 886 541 918 δ’,
555 885 646 920 Οὺμὴ
657 887 870 919 ὑποστείληται
882 907 888 918 ,
906 887 979 921 Σύμ-

643 887 870 919 νύποστείληται
882 907 888 918 ,
906 887 979 921 Σύμ-
1034 890 1146 916 remitlct
1162 894 1295 922 peccatum
1313 892 1434 914 uestrum.

197 938 284 964 μαχος
299 931 456 963 ἐκδέδωκεν,
474 933 535 958 Οὐκ
553 932 665 966 ἀφήσει
680 932 865 966 παράπτωμα
885 933 977 967 ὑμῶν.

233 984 396 1012 Destruendo
410 986 539 1018 destruet.
553 993 577 1014 et
592 988 791 1015 rounuimtendo
810 989 970 1015 comminutas
989 993 1092 1015 statuas
1108 988 1226 1017 illorum.
1241 992 1294 1014 «te.
1317 987 1386 1023 ['21.]
1410 986 1467 1014 Sub
1483 986 1581 1014 statuis
1597 986 1677 1021 quasi
1699 986 1727 1013 in
1742 987 1813 1014 aani-

195 1032 286 1062 gmate
310 1028 496 1064 intelliguntur
523 1031 710 1058 haereticorum
729 1032 874 1064 dogmata,
889 1040 949 1067 qua:
963 1038 1037 1059 stare
1058 1037 1085 1058 et
1109 1032 1186 1057 firma
1204 1039 1263 1057 esse
1283 1034 1423 1064 putantur.
1449 1030 1577 1063 Quaedam
1595 1030 1719 1065 dogmata
1731 1049 1739 1062 ,
1754 1038 1815 1065 qua!

196 1073 292 1099 sensui
309 1078 336 1100 et
353 1073 502 1100 intellectui
535 1079 630 1101 nostro
662 1075 712 1102 sub
742 1075 785 1102 his
807 1075 905 1102 statuis
940 1075 1122 1109 ingeruntur,
1142 1078 1206 1101 sunt
1227 1074 1341 1100 civilia:
1358 1081 1417 1108 qua!
1442 1072 1563 1108 profecto
1595 1073 1712 1100 convelli
1738 1073 1815 1101 nefas

198 1115 324 1142 duxerim
342 1125 349 1144 :
368 1116 424 1142 imo
437 1117 464 1143 in
477 1125 526 1144 sua
543 1117 607 1145 ccdc
623 1118 894 1152 permaneautsolida
913 1124 938 1145 et
956 1119 1129 1145 inconcussa.
1147 1118 1244 1144 Verum
1261 1117 1397 1151 dogmata.
1418 1124 1477 1150 qua:
1493 1116 1527 1143 ad
1540 1123 1633 1143 casum
1651 1123 1702 1143 nos
1720 1116 1814 1151 impel-

197 1159 269 1190 lunt,
286 1159 418 1186 diruenda
438 1165 514 1191 sunt,
529 1165 556 1188 et
573 1162 606 1187 ita
622 1161 767 1191 diruenda.
785 1166 814 1188 ut
833 1165 969 1196 nequeant
983 1162 1057 1189 refici
1072 1162 1171 1189 iterum
1186 1166 1212 1188 et
1227 1160 1366 1195 conjungi.
1384 1160 1446 1187 llrcc
1460 1160 1532 1187 enim
1560 1160 1749 1194 exprimuntur
1768 1167 1815 1194 per

197 1202 273 1230 illam
291 1202 442 1237 emphasim
463 1213 470 1230 :
500 1212 509 1229 ι
529 1203 697 1241 Destruendo
717 1204 860 1236 destrues,
882 1209 909 1231 et
925 1205 1093 1232 conterenda
1111 1211 1248 1232 conteres.
1269 1213 1277 1229 ι
1298 1196 1398 1231 Νςιῐηέἰ
1411 1211 1461 1234 ea,
1477 1211 1539 1238 quat
1560 1202 1708 1230 demolitus
1725 1202 1813 1237 fuero,

197 1245 297 1273 iterum
312 1251 435 1278 exstruo.
456 1248 590 1281 meipsum
605 1252 836 1282 transgressorem
850 1248 999 1275 constituo.

234 1289 316 1325 289
336 1290 369 1318 Et
386 1291 537 1318 benedicam
554 1292 617 1325 pani
635 1297 693 1323 tua,
708 1296 732 1318 at
748 1292 807 1318 riuo
823 1296 884 1323 tuo,
900 1296 925 1319 et
940 1300 1015 1326 aquis
1031 1296 1100 1323 tum;
1113 1297 1137 1319 et
1154 1296 1271 1318 avertam
1285 1291 1372 1320 abacta
1388 1291 1540 1325 languorem
1551 1311 1558 1322 ,
1575 1294 1629 1318 etc.
1730 1289 1815 1316 Polli-

197 1337 278 1360 cetur
294 1334 425 1362 alimenta
440 1340 466 1362 et
482 1335 639 1362 sanitatem.
655 1334 767 1362 Interim
784 1335 848 1362 dum
866 1336 1031 1362 mentionem
1048 1336 1114 1363 facit
1130 1335 1303 1363 solummodo
1319 1342 1414 1362 rerum
1432 1335 1651 1362 necessariarum
1663 1353 1671 1366 ,
1686 1334 1775 1360 obiter
1788 1339 1815 1360 et

199 1379 409 1412 temperantiam
428 1379 507 1406 nobis
525 1380 710 1406 commendat.
729 1379 863 1407 Praeterea
882 1380 1079 1407 documentum
1098 1372 1311 1407 saluberrimum
1330 1378 1472 1411 exhibuit,
1489 1378 1561 1413 quod
1579 1377 1651 1405 nihil
1669 1377 1814 1411 praedicto-

199 1429 261 1447 rum
277 1429 327 1449 nos
341 1426 436 1457 pascat
448 1423 488 1450 vel
500 1423 589 1457 juvet,
604 1424 659 1450 imo
673 1423 760 1458 magis
777 1424 866 1456 laedat,
881 1424 904 1451 si
922 1423 993 1450 Deus
1009 1424 1055 1450 illa
1072 1430 1125 1450 non
1143 1422 1352 1458 prosperaverit
1368 1429 1415 1449 sua
1432 1420 1633 1449 benedictione.
1653 1419 1765 1447 Videtur
1778 1419 1813 1448 ad

199 1464 268 1497 haec,
284 1465 349 1495 illis.
365 1466 411 1500 qui
429 1467 560 1500 praedicta
576 1467 691 1499 iaciunt.
708 1468 832 1502 promitti
851 1468 966 1503 mystica
983 1475 1091 1494 mensa.

238 1508 298 1535 .‘Vun
315 1510 364 1535 erit
382 1510 482 1536 sterilis
501 1519 580 1544 neque
598 1511 678 1537 vidua
696 1511 723 1538 in
743 1516 813 1538 terra
833 1516 888 1544 tua,
908 1517 960 1538 etc.
979 1510 1050 1546 [26.]
1069 1510 1188 1536 Externa
1208 1508 1367 1536 fecunditas
1385 1508 1505 1543 pertinet
1521 1507 1554 1535 ad
1573 1514 1632 1540 eos,
1650 1507 1697 1542 qui
1718 1506 1815 1541 magna

200 1551 332 1585 cupidine
351 1552 482 1580 affectant
501 1553 649 1580 fecundam
669 1554 786 1588 prolem.
804 1555 914 1581 lutei-na
933 1554 1087 1581 fecunditas
1106 1552 1289 1587 apprehendit
1308 1552 1386 1582 illos,
1403 1551 1448 1586 qui
1466 1551 1596 1585 pmdicta
1613 1554 1816 1585 exsequuntur,

199 1597 229 1620 et
248 1594 467 1623 benedictionem
488 1600 699 1631 consequuntur
719 1606 725 1624 ι
745 1598 846 1631 quibus
866 1597 949 1625 rebus
970 1598 1008 1624 ita
1029 1597 1193 1629 formantur,
1212 1601 1239 1622 ut
1258 1600 1429 1631 cognoscant
1446 1596 1570 1630 ipsorum
1587 1593 1668 1622 olIicii
1686 1600 1765 1625 esse,
1783 1600 1818 1620 ne

201 1638 257 1665 sint
275 1639 386 1666 steriles
404 1645 431 1666 et
449 1639 589 1667 infecundi
608 1646 698 1667 mente
714 1645 742 1667 et
759 1648 851 1676 opere.

238 1679 387 1708 Numerum
404 1682 507 1710 dierum
526 1687 632 1709 tuorum
651 1683 777 1717 implebo,
796 1687 851 1711 etc.
870 1683 1019 1711 Perducam
1039 1688 1064 1710 te
1081 1684 1108 1710 in
1126 1683 1298 1718 splendidam
1318 1687 1343 1710 et
1359 1682 1514 1716 valentem,
1531 1689 1720 1718 annosamque
1736 1690 1817 1710 sene-

201 1727 285 1751 ctam.
303 1723 339 1751 Ut
363 1725 499 1760 promittit
521 1725 686 1753 immaturas
709 1731 811 1754 mortes
835 1727 1070 1760 inobedientibus,
1092 1727 1128 1754 ita
1153 1727 1301 1762 pollicetur
1320 1726 1515 1753 obedientibus
1547 1725 1695 1754 Nestorcos
1718 1734 1817 1753 annos.

201 1766 262 1794 Non
279 1768 352 1795 enim
373 1769 497 1796 ostendit
516 1770 636 1804 singulis
654 1771 796 1804 praefixum
813 1777 875 1797 esse
893 1775 999 1797 certum
1018 1771 1081 1797 vita:
1101 1771 1183 1798 ﬂuent
1196 1791 1202 1803 ,
1222 1770 1286 1797 dum
1305 1770 1366 1796 vita:
1384 1774 1487 1797 nostra:
1505 1773 1614 1804 tempus
1635 1778 1685 1805 pro
1703 1771 1820 1797 arbitrio

203 1818 275 1838 nllllc
294 1812 410 1843 minuit,
430 1820 503 1839 nunc
522 1813 653 1847 producit
671 1807 696 1840 et
714 1813 840 1840 extendit
859 1822 865 1840 :
883 1813 955 1848 quod
975 1814 1086 1848 quidem
1105 1821 1280 1850 nequaquam
1300 1813 1452 1845 accideret,
1471 1813 1495 1840 si
1514 1813 1632 1848 singulis
1650 1818 1741 1841 certus
1758 1813 1821 1841 vitae

202 1855 376 1889 praestitutus
396 1861 469 1883 esset
489 1858 637 1884 terminus.
654 1856 726 1884 Deus
747 1856 858 1890 quidem
877 1857 935 1883 haec
952 1858 1045 1884 omnia
1064 1858 1265 1892 praecognoscit
1284 1864 1290 1883 :
1309 1864 1359 1883 nec
1377 1860 1467 1883 tamen
1487 1856 1593 1884 idcirco
1610 1856 1670 1891 ejus
1687 1859 1820 1891 praenotio

201 1898 339 1926 credenda
355 1902 398 1927 est
413 1906 475 1926 esse
491 1900 628 1927 terminus
644 1904 745 1926 nostrae
761 1901 832 1927 vitae.
848 1899 897 1927 Dei
914 1901 1051 1927 terminus
1063 1921 1069 1933 ,
1086 1909 1167 1935 quem
1186 1904 1290 1927 nostra:
1306 1900 1367 1926 vitae
1384 1900 1480 1934 ponit,
1497 1900 1612 1934 respicit
1629 1900 1715 1927 animi
1732 1901 1819 1927 nostri

203 1943 392 1977 propositum,
409 1947 491 1977 prout
506 1943 635 1970 virtutem
653 1943 694 1970 vel
712 1942 808 1970 vitiu'm
825 1943 1060 1978 apprehendimus
1076 1952 1082 1970 :
1100 1943 1217 1978 proinde
1233 1944 1274 1969 vel
1292 1943 1442 1977 ampliatur
1457 1942 1499 1970 vel
1516 1943 1692 1970 contrahitur
1707 1950 1758 1977 pro
1773 1951 1819 1969 ar-

204 1985 288 2014 bitrio
304 1985 362 2017 Dei,
377 1994 428 2014 nec
443 1986 588 2020 quamdam
603 1987 796 2014 necessitatem
812 1986 943 2021 importat
956 1987 1131 2013 mortalibus.
1146 1986 1248 2013 Natura
1263 1994 1344 2019 suum
1360 1993 1471 2012 cursum
1487 1993 1501 2012 a
1516 1985 1572 2013 Deo
1585 1986 1734 2020 accipiens,
1749 1994 1821 2020 saepe

202 2027 387 2064 interpulatur
401 2029 593 2057 accidentibus
610 2030 750 2060 materiae,
767 2029 999 2064 quemadmodum
1018 2028 1086 2057 nihil
1103 2031 1162 2058 sine
1178 2030 1280 2065 pietate
1297 2029 1480 2064 prohibuerit.
1495 2029 1523 2056 Si
1541 2034 1633 2057 autem
1648 2029 1819 2057 contrarium

203 2073 326 2103 evenerit
342 2074 538 2107 peccatoribus
553 2078 580 2101 et
593 2073 689 2108 justis,
704 2074 761 2100 hzce
778 2077 892 2108 propter
904 2082 955 2102 nos
970 2073 1029 2100 ﬁeri
1045 2074 1225 2104 credendum.
1239 2078 1266 2101 et
1283 2074 1309 2100 in
1326 2081 1377 2100 nos
1396 2072 1492 2099 reduci
1508 2077 1617 2107 oportet
1632 2078 1663 2100 ut
1677 2078 1819 2105 auctores,

204 2123 255 2144 nec
273 2116 307 2144 ad
325 2116 399 2151 justa
417 2121 444 2145 et
461 2118 572 2145 elimata
588 2117 635 2145 Dei
652 2118 769 2151 judicia.
788 2118 931 2153 Eleganter
947 2125 1013 2145 vero
1031 2118 1137 2153 inquit,
1155 2125 1210 2145 non
1228 2117 1379 2148 mensibus,
1400 2124 1454 2143 non
1465 2117 1545 2144 annis
1561 2116 1645 2143 vitam
1663 2117 1825 2152 supplicum

203 2167 319 2188 suorum
338 2161 538 2189 numerandam
555 2170 627 2190 esse.
644 2162 712 2189 Nam
731 2171 793 2189 vere
810 2163 870 2190 dies
886 2162 939 2190 viri
958 2160 1094 2196 sapientis
1111 2165 1154 2188 est
1171 2160 1376 2195 comparandus
1394 2160 1505 2187 szeculo.
1522 2159 1594 2187 Bene
1610 2163 1744 2195 praeterea
1762 2163 1819 2186 tra—

203 2203 278 2232 ditur
295 2214 303 2231 :
320 2205 451 2239 Supplebo
467 2226 474 2237 ,
490 2210 562 2238 etc.,
579 2211 691 2241 propter
706 2214 790 2233 vacua
808 2206 912 2234 virtute
928 2209 956 2234 et
973 2205 1107 2240 sapientia
1126 2205 1272 2232 iuterstitia
1283 2224 1290 2236 ,
1308 2212 1369 2238 qum
1387 2208 1452 2231 sunt
1469 2204 1496 2230 in
1512 2203 1606 2230 animo
1623 2203 1795 2238 prolicieutis
1811 2211 1818 2229 ε

203 2253 285 2282 quem
302 2248 359 2275 vult
374 2248 407 2275 ad
423 2249 580 2283 exemplum
597 2249 696 2277 musici
714 2250 891 2281 instrumenti
908 2250 942 2277 ad
958 2256 1123 2278 concentum
1140 2249 1256 2283 adduci,
1272 2254 1302 2276 ut
1317 2253 1471 2276 consonent
1485 2254 1512 2276 et
1527 2248 1676 2277 concinant
1691 2248 1823 2276 decenter

203 2291 278 2320 illius
295 2292 417 2320 hominis
431 2293 578 2325 voluntas.
596 2301 739 2321 sermones
756 2299 782 2321 et
801 2295 884 2322 facta.
902 2293 965 2322 Hmc
984 2295 1069 2331 igitur
1085 2293 1211 2321 habenda
1230 2296 1295 2320 sunt
1313 2300 1362 2328 pro
1380 2292 1495 2324 diebus.
1512 2299 1582 2327 quos
1598 2291 1716 2326 justitim
1732 2291 1779 2319 Sol
1796 2292 1822 2318 iu

204 2337 306 2376 animis
322 2337 427 2364 nostris
444 2339 558 2365 metitur
576 2347 584 2365 :
600 2346 675 2367 nunc
692 2339 803 2373 quidem
822 2339 1032 2374 particularitcr
1049 2336 1157 2371 fulgens
1174 2334 1327 2362 sectmdum
1344 2334 1516 2361 credentium
1534 2335 1753 2368 proportionem-
1770 2333 1832 2366 Ubi.

204 2383 295 2407 autem
311 2379 352 2412 id,
369 2380 442 2415 quod
458 2389 491 2408 ex
507 2386 584 2416 parte
601 2381 698 2413 fuerit,
716 2381 914 2414 iueassabitur,
930 2380 1124 2408 universaliter
1139 2379 1196 2406 sive
1213 2383 1287 2406 totus
1302 2377 1466 2412 splendebit.
1483 2377 1541 2404 Hoc
1554 2378 1623 2409 erit,
1638 2377 1750 2412 quando
1763 2385 1825 2412 per-

204 2429 288 2458 petuo
303 2432 369 2452 suos
384 2424 478 2452 radios
494 2425 645 2453 ostentabit
661 2425 737 2451 nullo
754 2426 844 2452 noctis
861 2425 1018 2452 interventu
1036 2423 1203 2458 prohibitus.
1222 2422 1359 2456 Propheta
1376 2421 1512 2456 siquidem
1530 2420 1568 2447 ait
1584 2430 1590 2447 :
1612 2430 1621 2446 l
1639 2420 1699 2448 Non
1717 2421 1825 2449 occidet

205 2466 273 2500 ipsis
289 2467 330 2494 sol
339 2468 372 2494 ⁸⁵.
394 2477 404 2493 ι
423 2468 575 2495 llliusmodi
591 2468 698 2495 dierum
715 2469 814 2504 plenus
829 2473 888 2496 erat
903 2469 1056 2495 Abraham.
1073 2466 1104 2493 Et
1116 2467 1257 2501 justorum
1273 2466 1332 2493 dies
1348 2465 1376 2492 in
1391 2468 1535 2492 numerato
1550 2467 1625 2492 tenet
1641 2464 1730 2498 Deus;
1750 2465 1824 2491 nulla

206 2512 339 2538 memoria
354 2511 485 2545 dignatur
497 2512 556 2539 dies
571 2512 730 2546 impiorum,
745 2517 774 2539 ut
789 2513 880 2539 videre
894 2517 935 2540 est
953 2512 979 2538 in
994 2511 1119 2546 exemplo
1132 2517 1241 2541 earum,
1256 2510 1302 2544 qui
1319 2509 1352 2536 ab
1369 2508 1463 2541 Setho,
1479 2511 1506 2536 et
1521 2508 1632 2535 illorum
1649 2509 1696 2543 qui
1710 2509 1827 2536 descen.

206 2553 276 2581 dunt
291 2555 325 2581 ab
338 2555 435 2582 Caino.
449 2554 487 2582 De
503 2556 546 2582 his
561 2555 660 2582 diebus
677 2556 798 2590 loquitur
815 2556 897 2582 David
908 2577 915 2589 ,
933 2556 1029 2583 dicens
1047 2565 1052 2582 :
1073 2565 1081 2580 ι
1101 2554 1139 2582 Nc
1156 2555 1247 2587 rapias
1264 2561 1307 2580 me
1323 2554 1349 2580 in
1365 2552 1479 2579 dimidio
1495 2552 1602 2580 dierum
1620 2560 1746 2580 meorum
1759 2552 1793 2580 ".
1813 2561 1823 2578 ι

244 2595 278 2624 Et
297 2597 416 2624 timorem
433 2606 518 2624 meum
535 2598 640 2624 mittam
657 2599 702 2633 qui
718 2599 850 2626 antecedet
867 2603 906 2631 te,
923 2603 977 2626 etc.
995 2598 1063 2634 [‘27.]
1081 2598 1143 2625 lltce
1163 2597 1282 2625 formido
1300 2597 1377 2624 novit
1395 2596 1535 2631 potentius
1552 2596 1698 2632 proﬂigare
1716 2597 1825 2628 hostes.

207 2647 290 2675 quam
310 2641 450 2669 immensa:
469 2642 554 2676 copim
571 2642 716 2669 militares.
732 2642 766 2668 At
786 2642 931 2669 cbaritatis
949 2643 1033 2668 timor
1051 2641 1180 2676 praecedit
1198 2640 1268 2676 pios,
1286 2641 1332 2675 qui
1351 2640 1506 2668 innascitur
1520 2639 1662 2676 perfectis.
1680 2639 1732 2668 Per
1745 2639 1826 2667 ambo

206 2683 279 2710 enim
301 2684 347 2711 illa
366 2685 467 2712 colitur
484 2689 511 2711 et
530 2686 682 2712 honoratur
700 2685 782 2714 Deus.
801 2685 852 2718 Qui
873 2686 945 2713 hunc
965 2685 1092 2713 timorem
1112 2685 1205 2717 habet,
1226 2693 1278 2712 non
1298 2689 1401 2712 metuet
1417 2692 1431 2711 a
1449 2685 1548 2713 timore
1565 2689 1712 2718 nocturno,
1731 2684 1790 2712 sive
1809 2690 1834 2713 a.

212 2726 319 2755 dextris
334 2727 391 2755 sive
407 2735 440 2756 ex
457 2728 570 2763 angulo,
588 2728 646 2756 sive
660 2736 692 2756 ex
709 2729 798 2756 ventis
815 2729 935 2762 malitiae,
954 2730 1013 2756 sive
1027 2737 1059 2756 ex
1076 2729 1271 2756 alTectionibus
1289 2728 1455 2763 ignominim.

244 2814 266 2831 "
285 2814 337 2842 Isa.
355 2824 393 2848 iv,
409 2815 426 2842 6
442 2823 498 2843 sec.
515 2824 578 2844 tu.
616 2817 640 2832 ’⁵
660 2816 710 2844 lsa.
727 2825 770 2850 ιλ,
784 2817 820 2844 20
856 2818 878 2834 ⁹⁶
900 2817 970 2845 l‘sel.
985 2825 1024 2851 ei,
1040 2820 1087 2848 ‘25.
