4010 6212
395 274 494 350 ml
1556 342 1579 352 ς
1726 274 2077 335 raocortt
2118 272 2363 337 eam
3554 276 3664 345 632

470 404 535 460 Et
570 404 812 460 emittam
838 396 1118 453 crabrones
1153 402 1275 451 ante
1304 392 1860 466 te,ete.[XXlll,28.j
1882 393 2189 450 Crabrones
2228 410 2291 450 ex
2340 395 2683 449 oecultonou
2704 393 2922 464 praevisi
2964 395 3264 450 catduntet
3287 396 3661 454 consauciant

397 493 686 551 lrthziliter
708 498 900 559 caput,
928 492 982 540 et
1012 499 1135 555 qua:
1167 483 1340 555 capiti
1372 491 1502 537 sunt
1529 496 1767 538 annexa.
1797 480 1867 536 Ut
1896 481 2065 552 igitur
2089 497 2153 535 ex
2185 480 2451 549 praedicto
2477 498 2638 536 versu
2670 489 2841 552 patet,
2868 482 3122 537 videmus
3153 482 3320 537 Deum
3352 498 3449 553 per
3474 485 3668 539 mine-

395 581 613 638 tissima
646 578 865 633 insecta
888 615 902 638 ,
937 588 1035 644 per
1067 572 1277 628 culices
1299 613 1313 637 ,
1348 585 1452 626 nec
1483 585 1592 640 non
1628 585 1794 625 ranas
1826 570 2052 624 domare
2084 584 2246 639 posse
2277 569 2554 637 superbos
2577 568 2893 640 Egyptios.
2922 569 3217 640 Signiﬁcat
3248 587 3472 642 quoque
3499 585 3559 627 se
3588 587 3659 626 ex

393 672 537 728 cmlo
580 668 648 724 de
694 664 1017 737 improviso,
1057 668 1253 730 prtetcr
1293 674 1469 730 spem,
1511 658 1817 714 missurum
1858 657 2146 712 auxilium.
2189 656 2247 711 Si
2295 656 2670 712 extimescitis
2714 656 2904 726 c0pias
2949 658 3408 726 alienigenarum,
3447 666 3658 714 metum

396 758 613 831 ponite,
645 752 1017 810 crabronibus
1051 758 1105 804 et
1139 748 1321 818 vespis
1360 745 1658 816 infringam
1694 746 1916 800 illorum
1955 746 2258 817 impetum,
2292 745 2557 815 ipsosque
2593 745 2735 801 dabo
2766 748 2970 831 victos.
3002 747 3163 800 Amat
3195 747 3342 800 enim
3383 747 3525 801 Deus
3560 763 3662 817 per

396 830 604 917 paucos
638 842 896 902 vincere,
934 845 994 893 ut
1032 837 1206 906 liquet
1244 832 1496 905 exemplo
1531 832 1846 899 Gedeonis,
1884 834 1978 903 qui
2019 834 2289 890 trecentis
2327 833 2472 890 fudit
2511 830 3115 891 innumeras'bostium
3153 833 3366 904 rorias.
3401 835 3659 891 Praedirit

397 941 696 1003 praeterea,
731 940 855 998 quae
896 932 1228 996 sequuntur,
1273 936 1342 976 ne
1385 920 1478 976 ubi
1523 919 1687 993 290
1726 920 2011 988 vicerunt,
2049 919 2289 977 victoria
2334 921 2704 990 insolescant,
2750 937 2974 993 suaeque
3009 921 3199 977 virtuti
3237 922 3522 978 victoriam
3563 936 3656 981 ac»

395 1026 612 1087 ceptatn
644 1015 848 1070 ferant.
1586 1086 1591 1091 ν

324 1132 330 1155 ι
469 1104 594 1160 Non
620 1103 831 1173 ejiciam
861 1118 948 1156 eos
981 1115 1120 1155 anno
1152 1114 1280 1164 uno,
1313 1107 1421 1153 etc.
1453 1088 1594 1168 [‘29.]
1627 1094 1764 1151 Nam
1802 1095 1932 1151 fera:
1965 1094 2210 1168 fugitant
2239 1097 2528 1154 domicilia
2561 1095 2862 1154 multorum
2896 1088 3206 1162 hominum,
3240 1101 3300 1153 ut
3328 1096 3423 1168 qui
3455 1100 3651 1153 natura

304 1184 328 1210 ’“
395 1196 508 1250 illis
536 1192 878 1263 imperitent.
912 1190 1181 1243 Caeterum
1217 1184 1550 1242 solitudines
1581 1193 1638 1241 et
1671 1186 1931 1242 solitaria
1960 1185 2079 1242 loca
2114 1185 2474 1257 frequentare
2502 1196 2937 1243 consueverunt.
2967 1185 3080 1242 Nec
3114 1187 3246 1241 licet
3275 1187 3495 1242 animos
3528 1187 3651 1240 illo-

396 1299 541 1343 rum,
576 1280 668 1350 qui
707 1277 1051 1334 festinabant
1080 1277 1135 1328 in
1169 1282 1373 1328 terram
1408 1272 1739 1342 promissam
1777 1271 1832 1326 in
1868 1288 2038 1327 unum
2072 1275 2408 1330 contrahere
2440 1274 2705 1331 liberatos
2737 1274 3066 1345 ignorantia:
3096 1275 3355 1338 vinculis,
3387 1284 3441 1331 et
3471 1275 3651 1330 abun-

395 1368 595 1421 dantes
641 1363 986 1431 refertosque
1026 1361 1211 1414 divina
1254 1360 1514 1414 scientia.
1557 1356 1669 1412 Nec
1709 1359 1858 1413 enim
1904 1361 2111 1430 perpeti
2158 1370 2432 1432 possunt,
2474 1362 2519 1417 si
2566 1362 2694 1431 quis
2736 1362 3111 1431 ignorantiam
3159 1363 3405 1433 ipsorum
3446 1362 3652 1417 eximat

397 1455 628 1522 animis;
662 1469 763 1508 nec
797 1452 1039 1508 tolerare
1067 1456 1308 1520 possunt
1336 1447 1607 1503 doctrinm
1632 1448 1965 1503 aﬂluentiam
1996 1447 2246 1506 nimiam.
2275 1448 2547 1504 Caeterum
2581 1463 2689 1503 non
2717 1449 2854 1515 vult,
2885 1457 2944 1503 ut
2971 1448 3284 1503 dominium
3317 1460 3481 1504 terra:
3509 1451 3648 1503 citra

400 1544 585 1610 pradia
620 1549 673 1597 ct
706 1540 952 1611 pericula
986 1538 1308 1607 acquirant.
1338 1533 1475 1589 Nam
1508 1552 1630 1606 quae
1662 1537 1878 1607 magnis
1907 1536 2153 1607 parimus
2186 1536 2348 1616 nobis
2382 1536 2699 1601 laboribus,
2731 1536 2952 1590 illorum
2988 1538 3394 1607 possessionem
3428 1537 3649 1608 plurimi

400 1631 659 1685 facimus.
699 1627 968 1682 Prteterea
1012 1625 1221 1690 omnis,
1261 1624 1352 1694 qui
1394 1623 1447 1678 in
1488 1624 1677 1694 praelia
1710 1634 1992 1690 versatur,
2030 1626 2292 1695 implorat
2331 1624 2606 1678 auxilium
2641 1623 2921 1689 divinum,
2965 1632 3025 1678 ut
3060 1624 3329 1679 liberetur
3364 1624 3433 1678 ab
3471 1624 3652 1678 immi-

400 1726 561 1772 nente
598 1714 879 1786 periculo,
913 1713 1129 1768 scilicet
1160 1727 1229 1767 ne
1260 1706 1314 1765 in
1349 1718 1681 1781 potestatem
1717 1709 1966 1767 hostium
2003 1712 2281 1767 deveniat.
2314 1709 2398 1765 Ad
2428 1709 2544 1766 hate
2575 1709 2792 1775 anima,
2824 1724 2946 1778 quae
2978 1710 3097 1765 sine
3127 1710 3354 1783 pulvere
3382 1718 3436 1765 et
3465 1711 3653 1765 labore

401 1805 615 1873 potitur
656 1801 957 1857 et-fruitur
991 1801 1271 1864 libertate,
1314 1814 1377 1853 ea
1425 1800 1491 1852 ad
1539 1798 1855 1853 socordiam
1896 1805 1951 1854 et
1998 1798 2389 1870 negligentiam
2432 1794 2686 1865 inclinat,
2726 1796 3079 1870 obnoxiaque
3119 1807 3173 1853 et
3217 1806 3527 1868 opportuna
3569 1808 3653 1854 est

400 1890 654 1946 hostibus
691 1888 1065 1944 invisibilibus
1099 1905 1111 1941 :
1144 1895 1197 1941 ct
1236 1884 1460 1939 tandem
1500 1885 1730 1961 patitur,
1762 1900 1885 1955 qua:
1920 1885 2121 1942 fecisse
2155 1886 2452 1940 didicimus
2489 1885 2547 1953 in
2580 1884 2880 1956 Evangelia
2917 1886 3193 1956 impurum
3229 1886 3523 1957 spiritum,
3554 1887 3652 1955 qui

399 1978 785 2033 revertebatur
817 1977 871 2032 in
910 1975 1178 2046 pristinas
1215 1973 1375 2030 sedes
1413 1971 1625 2041 junctis
1658 1972 1764 2028 sibi
1795 1981 2007 2041 septem
2041 1974 2169 2029 aliis
2199 1972 2598 2029 deterioribus.
2630 1972 2902 2029 Paulatim
2941 1972 3112 2045 igitur
3139 1974 3402 2028 exturbat
3441 1973 3653 2030 incolas

397 2074 593 2131 terrae,
625 2063 803 2118 donec
837 2063 904 2118 ad
937 2076 1260 2117 mensuram
1291 2061 1473 2116 relatis
1504 2059 1844 2130 implementi
1873 2059 2081 2116 Christi
2113 2062 2451 2131 pertingant.
3643 2052 3655 2064 ⁸

474 2151 541 2207 Et
571 2152 709 2207 dabo
740 2152 871 2222 ﬁnes
905 2159 1043 2216 tuas,
1071 2157 1178 2204 etc.
1211 2146 1351 2220 [δι]
1382 2147 1619 2204 Pomerii
1651 2148 2017 2219 prolationem
2047 2150 2347 2218 promittit,
2380 2150 2426 2205 si
2459 2149 2761 2206 observent
2789 2151 2963 2224 legem
3001 2166 3015 2203 :
3049 2151 3285 2223 pomerll
3318 2155 3654 2209 cosrctatio-

399 2257 523 2296 nem
555 2242 820 2301 minatur,
852 2239 897 2293 si
930 2239 1102 2309 legem
1134 2236 1639 2306 transgrediantur.

396 2388 400 2397 ,
469 2327 513 2381 Λ
552 2326 670 2380 Dan
701 2342 863 2396 usque
896 2324 1146 2388 Bcrsabe,
1176 2335 1284 2391 etq.
1319 2321 1433 2379 lioc
1463 2324 1694 2393 contigit
1725 2322 2082 2396 regnantibus
2112 2322 2319 2379 Davide
2347 2330 2401 2380 et
2436 2321 2735 2382 Salomone
2766 2344 2781 2381 :
2812 2340 3049 2397 quorum
3081 2341 3308 2398 regnum
3340 2335 3651 2397 promotum

397 2422 484 2470 est
516 2429 692 2485 usque
720 2413 786 2468 ad
818 2412 1173 2483 Euphratem.

470 2502 530 2561 Si
560 2504 802 2557 servieris
827 2501 931 2557 diis
962 2501 1203 2567 illorum,
1231 2509 1386 2555 erant
1414 2499 1510 2553 tibi
1537 2500 1881 2570 offendicula,
1909 2509 2020 2558 etc.
2049 2498 2186 2575 [δᾶ]
2216 2501 2351 2554 Nam
2385 2499 2429 2556 si
2467 2499 2572 2555 iter
2599 2498 2821 2555 facienti
2851 2499 3185 2557 offendicula
3213 2501 3388 2572 posita
3423 2500 3650 2570 fuerint,

398 2589 736 2661 defatigatur
768 2599 823 2646 et
861 2589 1073 2644 itineris
1110 2589 1383 2644 molestiis
1423 2588 1715 2644 divexatur
1748 2590 1990 2660 graviter
2023 2590 2345 2658 priusquam
2386 2588 2491 2643 iter
2524 2587 2796 2658 perﬁciat.
2833 2589 3106 2646 Praeterea
3147 2590 3330 2645 anima
3370 2590 3437 2646 ad
3480 2590 3648 2647 Deum

397 2676 504 2733 iter
533 2676 850 2749 ingrediens
883 2676 1069 2747 impiis
1097 2676 1421 2745 ambagibus
1452 2675 1521 2730 ab
1553 2675 1752 2732 itinere
1782 2684 1937 2731 recto
1964 2674 2327 2730 abstrahilur.

468 2765 704 2821 Ascende
744 2764 815 2819 ad
856 2762 1024 2818 Deum
1066 2772 1120 2817 tu
1158 2772 1211 2818 et
1247 2764 1450 2827 Aaron,
1490 2778 1666 2833 usque
1702 2763 1769 2816 ad
1805 2762 1953 2818 hunc
1990 2763 2171 2818 locum
2215 2772 2229 2814 :
2269 2763 2641 2831 Apparuerunt
2682 2763 2734 2816 in
2773 2761 2885 2817 loco
2920 2761 3039 2830 Dei,
3080 2772 3131 2818 et
3166 2764 3386 2819 ederunt
3419 2773 3470 2818 et
3508 2764 3652 2820 bibe-

337 2910 341 2917 ,
396 2864 554 2917 runt,
588 2865 693 2909 etc.
727 2851 848 2924 [24,
884 2850 1065 2923 l-H.]
1094 2850 1317 2906 Assolct
1349 2849 1636 2919 Scriptura
1666 2864 1822 2905 sacra
1854 2849 2504 2930 frcquent'cr‘Ecclesiam
2534 2836 2830 2907 nominare
2862 2855 2966 2908 ista
2998 2868 3165 2915 voce,
3197 2854 3501 2923 pra'sertim
3536 2854 3651 2923 spi-

318 2918 335 2937 \
397 2942 656 3002 ritualem
698 2939 1000 2995 Ecclesiam
1045 2939 1252 2993 montis
1290 2937 1395 2992 sub
1435 2938 1659 2991 nomine
1695 2938 2163 3007 comprehendere
2183 2920 2354 3005 avet,
2395 2945 2448 2994 et
2486 2947 2710 3010 propter
2745 2939 2888 2994 hanc
2927 2948 3163 2994 terrenae
3202 2938 3462 2995 Ecclesia:
3499 2941 3648 2995 istud

384 3019 599 3081 ἰιοιιιεη
633 3024 909 3080 attribuit.
941 3023 1077 3078 Nam
1110 3025 1201 3089 qui
1233 3023 1287 3077 in
1318 3023 1585 3078 Ecelesiis
1613 3034 1925 3085 versantur,
1957 3026 2090 3079 nihil
2125 3026 2328 3081 humile
2358 3027 2648 3091 sentiunt;
2678 3042 2866 3080 verum
2900 3029 3167 3098 segregati
3199 3029 3268 3083 ab
3300 3034 3646 3083 terrenarum

399 3128 589 3169 rerum
620 3128 754 3168 cura
787 3120 842 3168 et
869 3111 1024 3177 faece,
1054 3112 1318 3167 sublimes
1348 3109 1601 3165 feruntur
1625 3121 1679 3165 et
1706 3112 1953 3166 caelestia
1984 3113 2313 3168 meditantes
2344 3115 2691 3183 perquirunt.
2720 3111 2855 3168 Nam
2885 3124 3139 3184 potentes
3171 3114 3264 3170 Dei
3294 3115 3651 3171 vehementer

398 3214 569 3270 supra
604 3209 807 3254 terram
841 3197 970 3253 elati
1005 3207 1155 3254 sunt.
1191 3197 1255 3252 Et
1290 3198 1487 3252 iterum
1528 3215 1541 3252 :
1579 3216 1598 3249 ι
1638 3198 1774 3265 Quis
1807 3198 2058 3254 ascendit
2092 3201 2146 3254 in
2185 3208 2425 3254 montem
2464 3198 2679 3254 Domini
2700 3200 2780 3254 "2
2818 3220 2838 3253 ι
2875 3209 3008 3265 etc.,
3041 3202 3134 3272 qui
3171 3217 3327 3257 mons
3362 3202 3432 3256 ab
3467 3203 3649 3271 impiis

400 3284 593 3343 scandi
636 3287 850 3357 nequit.
892 3287 1073 3354 Quare
1105 3285 1343 3361 populus
1381 3300 1489 3340 non
1527 3286 1776 3340 ascendit
1814 3286 1870 3339 in
1910 3288 2189 3340 montem?
2225 3286 2363 3352 Quia
2405 3289 2560 3342 multi
2596 3296 2742 3348 sunt,
2764 3288 2967 3353 vocati,
3006 3298 3063 3343 at
3095 3289 3251 3344 electi
3289 3289 3529 3359 pauci”.
3569 3288 3647 3345 Ex

401 3374 520 3438 his,
552 3376 644 3444 qui
683 3391 743 3431 se
779 3374 833 3429 in
873 3384 1110 3428 montem
1146 3383 1471 3443 receperunt
1493 3413 1508 3432 .
1542 3371 1723 3429 Moses
1755 3375 1906 3430 solus
1936 3375 2151 3430 accedit
2183 3378 2247 3429 ad
2282 3374 2448 3431 Deum
2470 3415 2485 3440 ,
2519 3378 2736 3431 eminus
2767 3388 2951 3431 autem
2983 3391 3108 3431 cum
3143 3378 3373 3446 reliquis
3399 3378 3652 3436 c0usistit

400 3466 607 3525 Aaron,
636 3463 891 3532 quamvis
922 3470 1110 3532 typum
1141 3470 1356 3530 gereret
1381 3460 1587 3515 Christi
1616 3461 1727 3515 veri
1759 3461 2056 3530 pontiﬁcis,
2084 3480 2181 3534 per
2205 3479 2367 3534 quem
2397 3468 2560 3520 etiam
2594 3481 2694 3521 nos
2723 3480 3018 3522 censemur
3042 3466 3225 3536 regale
3252 3468 3647 3522 sacerdotium.

401 3550 753 3622 Quapropter
780 3565 889 3605 non
921 3550 1230 3606 contemnit
1262 3559 1504 3604 nostram
1535 3548 1937 3613 conditionem,
1968 3550 2062 3605 sed
2092 3552 2539 3624 descendensad
2571 3568 2672 3608 nos
2703 3554 2846 3609 inter
2872 3567 2972 3608 nos
3006 3561 3273 3608 moratur.
3304 3552 3480 3608 Moses
3510 3570 3651 3623 prae-

402 3640 576 3693 fertur
608 3637 769 3693 fratri
806 3645 867 3692 ut
902 3648 1192 3709 sequester
1225 3646 1279 3692 et
1327 3636 1535 3691 arbiter
1568 3637 1839 3692 naturalis
1873 3636 2207 3706 lcglslatoris
2260 3647 2314 3693 et
2357 3637 2484 3703 Dei,
2519 3647 2796 3710 quatenus
2833 3648 2886 3694 et
2925 3640 3042 3710 ipse
3083 3640 3185 3711 legi
3225 3641 3648 3711 subjiciebatur.

399 3724 664 3792 Quamvis
698 3725 878 3782 Moses
913 3727 1122 3795 absque
1151 3726 1373 3780 Aaroue
1407 3739 1516 3778 non
1552 3739 1724 3779 ausus
1764 3723 1929 3779 fuerit
1966 3725 2173 3780 intrare
2204 3726 2271 3781 ad
2307 3725 2650 3783 Pharaonem
2674 3765 2690 3792 ,
2725 3726 2822 3782 sed
2857 3728 3008 3782 illum
3042 3736 3101 3781 ut
3134 3728 3517 3783 auxiliatorcm
3553 3744 3649 3783 ac-

401 3814 548 3883 cepit
576 3821 631 3867 et
662 3813 877 3868 socium
907 3813 1141 3883 periculi
1170 3812 1239 3867 ab
1268 3810 1410 3875 Deo,
1443 3814 1700 3882 quamvis
1730 3812 2001 3882 dignitate
2037 3813 2175 3866 foret
2207 3813 2512 3868 secundus.
2541 3814 2909 3871 Ascendimus
2939 3814 3110 3886 igitur
3134 3816 3293 3884 quasi
3323 3816 3375 3869 in
3407 3823 3645 3870 montem

401 3899 459 3954 in
494 3911 715 3955 sanctas
743 3910 797 3955 et
827 3915 1100 3977 supernas
1133 3902 1481 3966 mansiones,
1507 3900 1604 3970 qui
1638 3913 1832 3955 sumus
1862 3900 2041 3955 sancti
2068 3911 2121 3955 et
2150 3900 2342 3977 electi,
2373 3915 2472 3955 nee
2501 3909 2683 3959 tamen
2712 3902 3067 3957 ascendimus
3094 3903 3200 3957 nisi
3234 3903 3416 3972 stipati
3448 3904 3651 3957 comite

398 3986 646 4043 Christo.
678 3987 814 4042 Nam
846 3988 1032 4044 Aaron
1064 4003 1189 4043 cum
1221 3989 1304 4043 bis
1338 3997 1477 4053 erat,
1508 3988 1635 4042 licet
1665 3988 1773 4043 illis
1805 3988 2285 4054 adnumeraretur,
2314 3988 2411 4058 qui
2441 3987 2660 4041 eminus
2689 3988 2946 4043 collocati
2980 3998 3159 4044 erant.
3189 3988 3445 4044 Christus
3475 3987 3652 4057 siqui-

399 4074 522 4129 dem
567 4076 788 4131 eminus
829 4077 1089 4133 consistit.
1130 4085 1360 4147 propter
1398 4092 1534 4142 nos,
1573 4083 1632 4130 ut
1671 4083 1724 4131 et
1765 4089 1865 4131 nos
1911 4090 2035 4130 cum
2074 4091 2139 4130 eo
2178 4084 2233 4131 et
2279 4091 2375 4146 per
2410 4091 2535 4130 eum
2579 4078 3084 4146 appmpinqucmus
3121 4075 3294 4132 Patri.
3329 4076 3465 4131 Cum
3502 4077 3648 4129 enim

398 4161 655 4219 Christus
691 4175 886 4219 natura
925 4164 996 4219 sit
1028 4164 1361 4234 conjunetus
1394 4162 1576 4227 Patri,
1609 4163 1654 4220 si
1690 4163 1810 4233 ejus
1844 4164 2147 4236 participes
2180 4163 2310 4219 facti
2350 4163 2625 4218 fuerimus
2662 4181 2756 4235 per
2788 4160 3054 4234 Spiritum
3077 4203 3092 4227 ,
3127 4174 3524 4219 eonnectemur
3556 4178 3651 4233 per

398 4252 579 4320 ipsum
625 4268 846 4323 quoque
885 4251 1053 4310 Patri‘
1077 4254 1132 4307 in
1177 4253 1379 4308 divinae
1420 4261 1632 4308 natura:
1675 4253 1995 4307 societatem
2032 4251 2334 4307 venientes.
2373 4248 2484 4305 Nec
2524 4252 2685 4306 aliter
2717 4252 2793 4305 illi
2836 4251 3246 4306 contenderunt
3290 4254 3341 4305 in
3384 4260 3648 4316 montem,

399 4354 564 4409 quam
598 4342 750 4411 prius
779 4340 1065 4397 exercitati
1098 4343 1367 4411 sanguine
1395 4339 1626 4403 Christi,
1655 4341 1749 4410 qui
1780 4339 1935 4395 dedit
1969 4338 2327 4409 semetipsum
2363 4339 2598 4409 pretium
2637 4338 3035 4409 redemptionis
3069 4354 3169 4409 pro
3197 4340 3381 4402 nobis,
3412 4337 3652 4393 offerens

399 4442 556 4481 suam
587 4443 839 4489 carnem,
867 4435 927 4482 ut
956 4428 1440 4499 irreprehensibile
1470 4428 1840 4492 sacriﬁcium,
1874 4425 1983 4481 Deo
2009 4434 2066 4481 et
2094 4425 2261 4480 Patri.
2298 4425 2546 4481 Diluculo
2573 4427 2753 4490 enim,
2785 4429 2892 4492 ait,
2922 4426 3097 4483 Moses
3129 4442 3280 4480 aram
3314 4427 3525 4497 posuit,
3554 4429 3656 4481 ad—

372 4513 538 4587 .didit
567 4514 644 4568 illi
675 4514 970 4569 duodecim
1002 4515 1211 4582 lapides
1240 4513 1543 4575 secundum
1577 4530 1868 4570 numerum
1900 4515 2190 4569 duodecim
2223 4515 2468 4570 tribuum
2501 4515 2690 4571 Israel.
2721 4514 3018 4571 Dimittens
3049 4524 3234 4570 autem
3268 4515 3651 4571 adolescentes

401 4599 639 4656 ﬁliorum
668 4600 858 4665 lsraei,
889 4600 1060 4670 jussit
1091 4611 1148 4656 ut
1178 4600 1412 4657 oderant
1441 4604 1767 4658 holocausta
1795 4610 1851 4658 et
1881 4602 2079 4658 vitulos
2110 4601 2440 4658 sacrificiqu
2474 4604 2690 4660 salutis.
2716 4604 2824 4656 Ara
2855 4620 3018 4673 quam
3052 4605 3104 4658 in
3136 4603 3416 4659 radicibus
3445 4606 3651 4658 montis

401 4696 708 4752 statuerat,
740 4689 1085 4760 signiticahat
1116 4687 1276 4762 291
1313 4689 1622 4745 Ecclesiam
1659 4707 1824 4761 suiter
1855 4701 2001 4747 terra
2022 4733 2037 4758 ,
2071 4690 2375 4757 subiectam
2410 4705 2539 4745 vero
2572 4706 2828 4760 supernae
2860 4691 3121 4746 Ecclesiae
3155 4691 3648 4760 primogenitorum

404 4775 589 4831 matri.
620 4778 785 4831 Aram
824 4778 966 4833 hanc
999 4779 1223 4847 cingere
1250 4780 1406 4849 jubet
1436 4778 1726 4834 duodecim
1763 4782 1942 4837 tribus
1964 4820 1978 4845 ,
2012 4779 2170 4849 quasi
2208 4779 2254 4833 is
2291 4779 2476 4844 locus,
2510 4786 2703 4848 utpote
2734 4777 2980 4833 Ecclesia
3016 4778 3108 4833 Dei
3131 4819 3145 4842 ,
3178 4779 3265 4834 his
3295 4780 3379 4832 vel
3415 4779 3653 4833 mavime

397 4873 760 4933 competeret.
784 4865 1039 4922 Christus
1066 4882 1305 4937 namque
1332 4867 1514 4937 inquit
1543 4883 1558 4922 :
1591 4886 1610 4919 ι
1642 4865 1765 4923 Non
1795 4883 1915 4923 sum
1945 4868 2151 4923 missus
2180 4866 2288 4921 nisi
2319 4866 2383 4920 ad
2417 4865 2662 4937 perditas
2692 4882 2821 4922 oves
2851 4867 3051 4921 domus
3081 4867 3328 4922 israel”.
3361 4886 3379 4917 ι
3414 4866 3521 4921 Sed
3549 4866 3654 4921 viri

402 4951 636 5019 expediti
668 4960 724 5007 et
753 4950 924 5007 fortes
959 4955 1232 5023 peracturi
1262 4962 1420 5008 erant
1449 4955 1659 5010 Christi
1689 4954 2040 5026 mysterium,
2068 4962 2126 5006 ut
2155 4952 2505 5007 indicabatur
2534 4968 2632 5022 per
2660 4956 2861 5008 missos
2891 4953 3014 5007 illos
3038 4954 3294 5022 juvenes.
3328 4953 3439 5008 lloc
3467 4961 3650 5007 autem

403 5050 703 5095 exsecutos
732 5055 854 5095 esse
881 5040 1254 5110 comperimus
1287 5044 1586 5112 apostolos,
1615 5043 1707 5113 qui
1741 5043 1794 5096 in
1826 5057 2016 5098 omnes
2046 5041 2196 5095 orbis
2226 5042 2419 5110 plagas
2450 5041 2626 5106 missi,
2656 5039 3011 5111 Evangelium
3042 5042 3443 5096 annantiabant
3469 5039 3651 5095 addu-

401 5134 593 5182 centes
625 5127 973 5193 holocausta,
1002 5128 1217 5183 scilicet
1251 5127 1464 5194 ﬁdeles,
1496 5130 1601 5184 [ide
1629 5138 1684 5185 et
1709 5131 1912 5185 virtute
1938 5138 2259 5185 cxornatos.
2288 5128 2403 5183 lloc
2429 5144 2557 5183 vero
2583 5145 2723 5200 opus
2752 5129 3103 5185 desiderabat
3127 5130 3427 5198 juvenilem
3458 5139 3512 5182 et
3541 5126 3653 5180 for-

403 5222 510 5267 tem
547 5215 817 5279 animum,
854 5215 948 5285 qui
989 5231 1097 5269 non
1136 5215 1448 5270 ﬂecteretur
1483 5217 1718 5272 terrenis
1753 5219 1943 5282 rebus,
1979 5227 2033 5271 et
2064 5232 2190 5271 vere
2224 5217 2409 5292 dicere
2450 5227 2636 5286 posset
2672 5234 2686 5270 :
2728 5235 2745 5267 ι
2786 5214 2915 5270 Mihi
2952 5219 3134 5272 vivere
3168 5214 3426 5272 Christus
3454 5223 3561 5279 est,
3595 5222 3653 5268 et

406 5302 544 5355 tnori
578 5302 794 5356 lucrum
819 5304 860 5355 ί.
898 5320 917 5354 ι
953 5300 1154 5356 Verum
1190 5310 1369 5357 autem
1402 5304 1732 5367 sacriﬁcium
1767 5304 2225 5374 pradignrabatur
2260 5321 2355 5375 per
2384 5306 2608 5359 vitulos.
2632 5302 2818 5360 Vitulo
2847 5305 3116 5375 siquidem
3150 5304 3393 5375 perfecto
3421 5316 3650 5372 compa-

386 5400 559 5445 ratur
584 5389 842 5447 Christus
873 5399 1098 5461 propter
1124 5389 1508 5447 fortitudinem
1537 5399 1595 5447 et
1623 5393 1939 5462 puritatem.
1967 5393 2263 5450 Coufertur
2284 5404 2336 5450 et
2364 5396 2535 5448 vitulo
2565 5411 2754 5464 parvo.
2782 5395 2920 5462 Quia
2950 5411 3057 5451 non
3091 5398 3263 5450 subiit
3285 5396 3477 5466 jugum
3512 5395 3652 5464 legis

405 5479 629 5542 servile,
657 5493 782 5533 cum
816 5477 982 5543 foret,
1011 5487 1204 5549 utpote
1236 5476 1404 5544 Deus,
1435 5480 1592 5535 iiber.
1614 5477 1833 5534 Vitulus
1864 5481 2121 5537 subditur
2141 5483 2277 5553 jugo
2302 5483 2605 5565 interdum,
2638 5482 2915 5537 interdum
2946 5484 3207 5539 immunis
3233 5491 3318 5539 est
3343 5484 3413 5537 ab
3438 5495 3647 5537 aratro.

406 5561 502 5627 Sic
533 5568 791 5625 Christus
813 5568 1090 5643 .bajulavit
1125 5582 1378 5635 carnem,
1414 5584 1535 5640 qua:
1569 5577 1687 5625 erat
1723 5570 1939 5625 subdita
1974 5572 2104 5642 jugo
2140 5561 2379 5642 peccati,
2413 5573 2634 5626 interim
2670 5586 2698 5625 a
2736 5582 2966 5643 peccato
3002 5582 3119 5629 erat
3156 5573 3475 5644 purissima.
3508 5568 3649 5624 Nam

478 5725 522 5758 θ’
564 5723 708 5796 Ρρει.
744 5743 894 5793 unt,
926 5727 979 5783 5.
1059 5726 1113 5811 ξ’
1157 5726 1345 5783 Matth.
1380 5745 1472 5801 xx,
1510 5728 1591 5785 lG.
1668 5718 1709 5763 ‘5’
1754 5730 1941 5786 Matth.
1982 5748 2061 5801 av1

1178 5726 1345 5782 ιῙμιιῗι.
1380 5745 1472 5801 xx,
1510 5728 1591 5785 16.
1668 5718 1709 5763 ⁵9
1754 5730 1941 5786 Matth.
1982 5748 2070 5801 xv,
2103 5728 2193 5783 “24'.
2276 5733 2288 5764 ¹
2333 5731 2563 5803 Phiiipp.
2600 5728 2761 5800 1,21.
