2005 3106
151 154 205 191 633
695 156 965 187 COMM‘ENTARII
978 157 1018 187 IN
1040 157 1211 189 EXODUM.
1720 159 1772 193 εει

150 213 344 243 coml.:mnarit
362 218 501 248 peccatum
517 212 545 239 in
561 220 654 240 carne.
671 212 774 239 Dicitur
788 221 896 248 quoque
912 213 1030 246 vitulus,
1047 213 1111 248 quia
1129 221 1196 240 nova
1213 213 1265 240 fuit
1279 217 1417 241 creatura.
1433 213 1522 249 Hujus
1538 217 1670 252 sanguine
1685 225 1773 252 ropu-

152 260 205 287 tum
219 258 342 293 aspergit
357 256 443 284 Moses
459 264 568 284 necnon
583 257 670 290 ipsum
687 256 798 284 librum.
811 256 955 291 Siquidem
969 257 1012 285 lex
1027 257 1188 293 imperfecta
1202 262 1254 291 est,
1271 264 1320 285 nec
1334 258 1394 292 quit
1409 259 1582 287 sanctitatem
1598 260 1662 288 dare
1676 270 1682 287 :
1698 266 1724 288 ct
1738 258 1773 289 ad

153 311 208 331 eam
224 309 285 328 rem
303 300 487 334 pra‘standam
503 304 563 335 eget
578 299 691 326 Christi.

187 344 313 372 Diluean
324 344 441 371 exstruit
455 351 544 373 aram.
561 346 614 370 etc.
633 342 762 370 Lucifero
777 343 850 370 enim
872 343 1002 376 micante,
1024 349 1052 372 et
1067 344 1204 378 spirituali
1227 350 1322 372 exorto
1335 344 1390 377 die,
1407 344 1489 379 cujus
1512 349 1627 373 exortus
1660 339 1774 382 compe;

154 390 223 418 scuit
246 388 329 423 hujus
346 389 409 415 vita!
422 387 565 423 pressantis
583 391 701 419 noctein,
720 387 848 422 apparuit
870 386 1044 421 splendidum
1072 385 1200 413 Ecclesiae
1219 385 1313 420 jubar.
1330 386 1383 412 Ara
1398 394 1463 413 vero
1480 391 1533 419 est,
1552 386 1578 413 in
1596 395 1650 422 qua
1668 388 1775 422 peragit

152 431 256 459 Christi
273 430 442 465 mysterium.
454 429 611 455 Astitcrunt
629 429 652 455 ei
669 429 758 455 tribus
775 434 856 456 terra;
871 436 939 462 quas
959 430 1159 463 portendebant
1172 430 1317 457 duodecim
1337 430 1452 465 lapides,
1468 435 1498 457 ut
1515 435 1588 465 patet
1599 438 1633 458 ex
1649 431 1774 458 testimo—

152 475 198 502 nio
212 474 295 503 Petri,
313 473 430 500 dicentis
448 482 454 499 :
471 482 479 493 ι
502 472 528 498 In
539 480 592 506 quo
605 472 655 505 ipsi
674 480 783 507 quoque
804 473 889 498 veluti
904 473 956 498 vivi
972 472 1075 507 lapides
1091 472 1275 503 :editicemini,
1292 472 1391 500 domus
1406 472 1570 507 spiritualis,
1585 472 1773 500 sacerdotium

152 520 279 544 sanctum
302 519 321 541 ¹.
342 525 350 541 ι
370 516 447 541 Tunc
465 522 574 548 quoque
592 515 618 540 in
630 519 780 549 conspectu
800 514 903 541 fuimus
919 514 1020 548 Patris,
1035 516 1413 550 quemadmodumscriptum
1426 520 1469 543 est
1485 527 1491 543 ι
1510 525 1520 541 ι
1535 516 1614 543 Mane
1628 516 1783 550 assistamL

151 564 178 587 et
196 559 308 586 videbis
324 560 410 585 me'.»
425 557 451 584 ln
473 558 546 584 hunc
561 557 646 591 igitur
667 558 777 585 modum
797 558 927 584 instructi
947 558 1157 584 accurrimusin
1179 563 1310 590 montem,
1329 557 1509 592 priustamen
1524 557 1599 584 Mose
1630 558 1772 585 scribente

151 600 235 627 verba
254 597 374 625 Domini.
389 598 456 625 Nam
470 606 597 632 superna:
616 599 796 633 profectionis
817 600 934 634 cupidos
967 602 1061 629 tenere
1083 606 1193 634 oportet
1208 601 1294 628 menti
1311 601 1477 635 insculptum
1497 606 1525 628 et
1546 602 1662 629 incisam
1684 602 1772 636 legem

152 641 275 674 Domini,
290 643 412 670 dicentes
430 652 436 669 :
457 653 465 668 ι
482 641 509 669 ln
527 644 608 670 corde
625 651 684 670 meo
697 643 790 670 abdidi
802 644 917 670 oracula
930 648 986 674 tua,
1003 650 1036 669 ne
1053 643 1100 669 tibi
1121 649 1241 676 unquam
1257 649 1365 676 peccem
1377 641 1398 669 ⁸.
1418 652 1427 667 ι
1443 642 1502 669 lluc
1520 641 1599 675 facit,
1615 642 1690 677 quod
1703 643 1774 670 scri-

152 685 228 712 bitur
248 694 255 712 :
277 694 286 711 ι
308 684 441 719 Loqueris
459 684 491 711 de
505 685 558 711 illis
575 684 674 711 sedens
690 685 717 711 in
735 685 828 716 domo.
843 685 895 711 iter
912 684 1027 718 faciens,
1041 686 1158 716 cubans,
1178 690 1205 712 et
1218 693 1336 720 surgens
1351 685 1372 711 '.
1394 694 1404 711 ι
1422 685 1634 720 Quapropteret
1644 686 1776 713 viderunt

152 727 257 760 locum,
275 729 321 755 ιιὺὶ
340 732 453 755 steterat
489 729 560 754 lleus
578 727 671 754 lsrael.
692 727 774 754 Color
790 728 835 754 ille
851 731 1030 762 reprzcsentat
1047 728 1160 758 cmiuiu,
1185 727 1212 753 in
1233 734 1288 761 quo
1303 726 1454 760 requiescit
1470 727 1542 753 inter
1558 727 1673 761 angelos
1691 727 1774 754 habi-

154 775 228 801 tans,
246 774 272 797 et
287 774 402 797 sanctus
415 769 486 796 inter
497 774 609 796 sanctos
627 770 681 795 alta
697 769 789 803 quiete
813 769 918 802 fruens,
936 770 1097 798 ostendente
1117 771 1168 797 hoc
1183 777 1310 797 sermone
1330 769 1395 802 illis,
1411 770 1457 804 qui
1475 770 1610 797 hactenus
1623 771 1773 798 multorum

152 815 268 841 deorum
285 815 484 849 superstitione
500 813 608 841 fuerant
626 814 814 848 conspurcati,
831 818 858 841 et
871 819 1025 841 creaturam
1048 811 1151 838 divinis
1177 811 1331 838 honoribus
1347 811 1502 843 coluerant,
1516 812 1616 839 ccelum
1634 819 1700 839 vero
1719 811 1774 840 Deo

150 862 214 882 esse
230 855 396 888 subjectum.
415 854 493 887 Quod
508 863 572 882 vero
591 855 628 881 ibi
649 855 792 882 ederintct
809 855 942 886 biberint,
955 856 1074 892 explicat
1087 856 1203 883 delicias
1218 856 1246 882 iu
1262 856 1362 882 caelum
1376 855 1578 883 scandentibus
1589 860 1771 890 praeparatas.

151 898 230 932 Quod
248 900 365 933 positum
383 903 444 926 est:
466 909 473 924 ι
489 899 587 925 Nullus
603 898 748 930 dissensit,
769 907 778 923 ι
797 901 863 928 etc.,
881 898 902 924 si
922 898 1020 924 seriem
1043 897 1211 924 narrationis
1224 897 1373 928 intuearis,
1396 896 1440 924 hic
1455 899 1509 925 erit
1525 905 1625 925 sensus
1645 906 1653 924 :
1669 896 1772 925 Omnes

152 940 309 967 ineolumes
322 940 478 967 conservati
492 944 565 967 sunt.
586 939 614 966 Si
634 946 697 967 vero
715 939 885 973 spiritualem
900 946 1010 967 sensum
1027 941 1090 968 hinc
1108 941 1210 968 elicere
1234 940 1320 973 voles,
1345 940 1448 967 indicat
1474 948 1571 969 omnes
1582 941 1610 969 in
1633 941 1775 977 religionis

152 984 264 1019 negotio
276 984 452 1011 consensisse
471 991 526 1011 uno
542 984 645 1010 animo.

186 1039 234 1066 Διὸ
252 1039 315 1074 περὶ
330 1040 379 1074 τῆς
392 1039 573 1075 ἁειπαρθένου
582 1038 638 1073 (87)
660 1038 839 1074 προφητεύων
860 1038 873 1064 ὁ
885 1046 937 1072 μοι-

1027 1045 1179 1080 Sapphirus
1188 1047 1387 1072 commonstrat
1401 1043 1508 1071 beatam
1518 1044 1670 1080 Virginem,
1679 1044 1711 1071 de
1720 1050 1774 1079 qua

150 1085 248 1120 κάριος
265 1082 325 1110 ’1ὼὸ
339 1104 345 1115 ,
375 1093 384 1109 ι
406 1084 455 1118 Γῆ,
486 1084 578 1118 φησίν
601 1083 630 1114 ἐξ
650 1083 736 1117 αὐτῆς
768 1082 938 1114 ἐξελεύσεται.

151 1131 245 1165 ἄρτος,
262 1129 436 1156 ὑποκάτωθεν
466 1130 589 1165 ἐστράφη
604 1129 669 1155 ὡσεὶ
685 1129 751 1165 πῦρ.
770 1129 859 1159 Τόπος
870 1137 939 1154 σαπ-

151 1175 247 1209 φείρου
266 1176 289 1201 οξ
306 1175 374 1201 λίθοι
396 1175 494 1209 αὐτῆς·
514 1184 523 1200 ›
538 1175 567 1201 τὸ
580 1175 699 1209 καθαρδν
721 1175 776 1209 (88)
791 1175 837 1201 κοιλ¹
862 1173 938 1207 ἆγιον

150 1221 198 1246 tu‘t
212 1221 345 1254 ἀμίαντον
359 1220 407 1254 τῆς
423 1219 572 1255 παρθενίας
602 1220 682 1253 σῶμα
699 1220 806 1255 δηλῶν·
836 1220 883 1246 καὶ
896 1220 937 1245 ὅτι

150 1266 197 1293 τὸν
225 1265 272 1292 τοῦ
299 1267 382 1301 νόμου
407 1265 473 1292 Θεὸν
497 1266 600 1293 τέτοκε.
619 1267 672 1292 Καὶ
688 1267 715 1292 ἐν
731 1266 769 1299 τῷ
784 1266 904 1300 ’ᾼσματι
922 1265 938 1299 ή

149 1312 245 1347 νύμφη
257 1313 322 1347 περὶ
331 1312 378 1339 τοῦ
390 1312 508 1347 νυμφίου
521 1313 598 1347 φησι·
615 1323 624 1338 ι
641 1312 735 1338 Κοιλία
747 1311 828 1338 αὐτοῦ
842 1311 938 1342 πυξίον

150 1358 321 1392 ἐλεφάντινον
337 1359 382 1385 ὲπὶ
398 1359 472 1385 λίθου
485 1359 655 1393 σαπφείρου·
674 1368 682 1384 ι
699 1358 802 1384 κοιλίαν
818 1358 937 1392 Χριστοῦ

149 1405 270 1431 καλοῦσα
281 1405 326 1432 t-‘iv
337 1406 417 1440 χορὸν
438 1405 493 1431 τῶν
507 1405 593 1439 ἁγίων
608 1405 653 1431 τὸν
668 1405 733 1440 παρ’
747 1404 831 1431 αὐτοῦ
843 1404 939 1439 λοχευ-

150 1451 243 1478 θέντα.
258 1452 383 1487 Nam!pr
399 1451 490 1487 (89)δὲ
505 1451 542 1482 ὡς
559 1450 653 1482 πυξίον
670 1449 853 1484 ἐλεφάντινον,
870 1451 938 1485 ὅπερ

148 1497 180 1523 οὐ
198 1497 380 1532 παραδέχεται
395 1498 491 1533 ῥύπον.
511 1498 572 1524 Ἐπὶ
586 1497 666 1523 τοῦτο
684 1497 738 1531 (90)
755 1497 802 1522 καὶ
812 1496 939 1522 κωδίκιλ-

150 1542 197 1570 λον
211 1544 362 1579 γράφονται
374 1544 423 1570 οὐκ
447 1543 568 1577 ἐπιγείου
587 1543 684 1578 ἀρχῆς,
702 1542 759 1568 ἀλλ’
775 1542 939 1578 ἐπουρανίου

151 1589 304 1626 βασιλείας·
320 1599 328 1615 ι
349 1590 410 1616 Ἐπὶ
429 1590 503 1616 λίθου
520 1590 548 1616 δὲ
565 1589 744 1624 σαπφείρου,ι
761 1589 852 1623 φησιν,
866 1589 940 1614 ἐπει-

152 1635 186 1671 δὴ
201 1636 238 1667 ὡς
258 1636 290 1663 ἂν
306 1637 320 1662 ὁ
334 1636 486 1672 σάπφειρος
504 1636 680 1670 προσ-πελάσῃ
696 1635 855 1669 πράγματι,
874 1634 938 1660 τοῦ-

150 1687 183 1706 το
197 1680 265 1715 πρὶς
282 1680 379 1706 ἑαυτὸν
399 1681 550 1707 ἐπισπᾶται
561 1688 567 1694 ⁸
599 1680 670 1706 οὕτω
686 1680 733 1706 καὶ
750 1681 763 1706 ὁ
779 1680 833 1707 τῶν
850 1679 937 1714 ἁγίων

151 1725 232 1760 χορὸς
246 1726 308 1757 τοὺς
336 1726 536 1760 πλησιάζοντας
549 1726 593 1752 διὰ
611 1726 660 1760 τῆς
676 1725 804 1757 πίστεως,
824 1726 871 1751 καὶ
890 1725 938 1760 τῆς

151 1773 341 1807 πνευματικῆς
365 1773 486 1808 χάριτος,
500 1773 539 1803 εις
556 1772 688 1807 οὐρανοὺς
703 1772 842 1806 ἀνιμᾶται.

990 1092 1156 1118 vaticinatus
1167 1089 1230 1123 Job,
1243 1090 1348 1125 inquit:
1369 1099 1378 1115 ι
1389 1089 1474 1117 Terra
1485 1098 1517 1117 ex
1533 1090 1591 1124 ipsa
1604 1090 1773 1124 egredietur,

990 1137 1069 1172 panis
1084 1137 1178 1163 subter
1191 1143 1286 1163 versus
1297 1140 1339 1163 est
1352 1136 1434 1171 quasi
1449 1134 1533 1174 ignis,
1549 1136 1627 1163 locus
1643 1134 1774 1169 Sapphiri

990 1182 1096 1216 lapides
1112 1182 1173 1215 cius
1188 1181 1241 1207 "7|
1262 1181 1365 1216 quibus
1379 1181 1469 1208 verbis
1481 1181 1641 1216 designatur
1656 1180 1775 1215 purissi-

990 1235 1064 1253 mum
1082 1226 1206 1261 Virginis
1220 1233 1321 1260 corpus
1335 1231 1379 1259 ;et
1397 1227 1470 1261 quod
1487 1227 1575 1262 legem
1593 1221 1640 1254 Dei
1659 1234 1775 1261 pepere-

990 1272 1036 1299 rit.
1054 1272 1190 1298 Praeterea
1210 1272 1238 1298 in
1269 1271 1392 1299 Canticis
1411 1273 1588 1299 canticorum
1615 1279 1718 1307 sponsa
1740 1271 1777 1298 de

990 1325 1094 1351 sponso
1113 1317 1199 1343 canit:
1222 1326 1232 1342 ι
1252 1315 1355 1343 Venter
1374 1317 1435 1351 ejus
1454 1318 1524 1352 pixis
1556 1317 1678 1344 eburnea
1705 1316 1776 1344 insi-

990 1368 1066 1391 stens
1084 1363 1167 1397 lapidi
1183 1363 1311 1397 sapphiro
1323 1363 1345 1389 ⁸.
1363 1372 1372 1388 ›
1391 1363 1519 1390 Ventrem
1535 1363 1637 1390 Christi
1650 1363 1777 1390 nominat

991 1415 1149 1438 sanctorum
1177 1409 1310 1443 chorum,
1332 1416 1413 1444 quem
1433 1408 1491 1442 ipse
1512 1409 1540 1435 ln
1561 1409 1660 1435 almam
1687 1409 1775 1434 lucem

990 1456 1126 1492 protraxit
1143 1459 1170 1482 et
1189 1455 1266 1482 l'ovit.
1286 1456 1312 1483 Is
1328 1462 1393 1482 vero
1414 1455 1534 1482 mundus
1549 1455 1721 1489 perhibetur,
1748 1457 1778 1480 ut

990 1502 1063 1536 pixis
1083 1501 1216 1534 eburnea,
1239 1508 1300 1535 qua!
1321 1499 1389 1527 nihil
1406 1499 1508 1534 intpuri
1531 1500 1637 1534 recipit.
1658 1509 1667 1525 ι
1686 1498 1793 1533 δυνατ-

992 1546 1081 1580 lapide
1098 1545 1260 1580 sapphiro,»
1277 1549 1332 1572 etc.
1342 1544 1411 1577 Quia
1430 1544 1577 1579 sappliirus
1586 1552 1694 1571 onmem
1709 1544 1778 1571 vici-

991 1599 1053 1618 nam
1074 1590 1218 1617 materiam
1239 1594 1365 1625 potenter
1378 1590 1504 1617 attrahit.
1522 1590 1563 1617 Ad
1580 1597 1642 1617 eum
1667 1590 1777 1616 modum

991 1641 1106 1664 sanctus
1127 1642 1286 1663 sanctorum
1310 1636 1413 1663 chorus
1437 1643 1497 1668 eos,
1512 1634 1559 1670 qui
1584 1635 1617 1663 ad
1637 1636 1726 1670 ipsqu
1750 1635 1779 1662 in

993 1681 1044 1708 ﬁde
1063 1689 1126 1708 vera
1149 1682 1290 1709 accedunt
1304 1681 1414 1716 Spiritu
1433 1684 1530 1707 sancto
1552 1679 1661 1712 imbuti,
1687 1684 1778 1707 trans-

991 1728 1075 1756 mittit
1093 1728 1119 1755 in
1134 1728 1233 1756 ccelos.

189 1830 222 1859 Et
235 1839 345 1866 surgens
364 1830 451 1866 Moses
463 1831 571 1866 ejusque
591 1831 712 1857 minisler
733 1830 812 1858 Jews
832 1832 1018 1863 ascenderunt.
1044 1833 1215 1860 ειομΜυεθε
1232 1835 1359 1862 vocatur,
1377 1834 1407 1858 ut
1432 1831 1479 1866 qui
1494 1834 1676 1864 suscepturus
1701 1835 1775 1857 esset

158 1873 257 1908 legem.
274 1872 355 1900 Jcsus
367 1875 421 1899 non
435 1877 550 1899 vocatus
570 1872 693 1899 ascendit
708 1879 762 1898 una
780 1879 841 1898 cum
859 1872 943 1899 Mose.
954 1873 1034 1903 J.-sus
1046 1880 1137 1903 autem
1155 1880 1198 1903 est
1211 1879 1293 1911 typus
1310 1875 1425 1907 Christi,
1438 1874 1486 1909 qui
1505 1882 1558 1900 non
1572 1878 1687 1900 vocatur
1703 1880 1718 1899 ε
1730 1873 1778 1899 Ρη.

151 1919 197 1943 tre
214 1919 245 1942 ut
259 1915 361 1942 caeteri.
378 1914 445 1942 Nam
462 1923 571 1949 semper
587 1919 629 1942 est
648 1915 727 1941 nobis
743 1919 853 1949 prresto,
873 1922 899 1942 et
911 1917 1015 1944 vocatis
1030 1921 1109 1951 parat
1123 1918 1206 1948 viam,
1220 1921 1249 1943 ut
1261 1924 1308 1951 per
1327 1924 1387 1944 eam
1406 1917 1439 1943 ad
1460 1915 1569 1941 Patrem
1591 1914 1695 1949 ingredi
1715 1922 1778 1948 pos-

152 1956 219 1988 sint,
234 1964 318 1991 agens
335 1961 427 1992 partes
444 1956 605 1983 Medialoris
630 1961 655 1983 et
682 1957 797 1983 Arbitri.
817 1957 990 1991 lmpossibile
1016 1967 1134 1994 namque
1150 1963 1201 1992 est,
1221 1963 1251 1987 ut
1267 1959 1524 1994 appropinquemus
1542 1958 1598 1985 Deo
1617 1957 1691 1984 Patri
1708 1957 1778 1984 citra

153 2008 233 2034 opem
255 2000 413 2027 Mediaturis
427 2004 454 2027 et
466 2000 565 2026 arbitri
579 2000 695 2027 Christi.

151 2041 233 2080 292
247 2041 280 2068 Et
297 2042 428 2069 descendit
438 2041 525 2077 gloria
538 2041 584 2068 Dei
599 2048 676 2074 “iper
689 2046 798 2068 montem
809 2041 943 2073 Sina,ctc.
955 2043 1063 2080 [XXIV.
1079 2043 1133 2079 l6.]
1143 2042 1325 2078 Roprehcndit
1343 2044 1414 2075 il‘os,
1424 2047 1469 2078 qut
1481 2045 1629 2078 opinantur
1646 2042 1777 2076 quasdam

151 2086 349 2113 ambulatorias
376 2086 512 2119 potentius
529 2089 555 2112 et
570 2085 686 2112 virtutes
699 2086 864 2112 commorari
883 2086 952 2120 apud
967 2085 1060 2111 Deum.
1075 2083 1133 2110 Non
1150 2084 1225 2110 enim
1241 2083 1325 2110 Deum
1340 2084 1428 2111 solum
1447 2091 1494 2118 per
1507 2091 1536 2110 se
1553 2082 1732 2109 descendisse
1748 2081 1776 2108 in

152 2132 273 2154 montem
291 2131 448 2157 attestatur,
465 2126 511 2154 sed
523 2127 607 2154 etiam
624 2127 740 2161 gloriam
755 2127 841 2162 ipsius
860 2137 866 2154 :
889 2128 945 2154 sive
962 2127 1110 2154 indicando
1130 2127 1216 2161 ipsius
1240 2127 1422 2162 potentiarum
1446 2127 1487 2153 vel
1508 2127 1639 2153 virtutum
1658 2133 1778 2160 prasen-

154 2171 220 2198 liam
237 2171 311 2205 (nam
330 2175 357 2198 et
369 2171 444 2205 regis
459 2171 544 2206 gloria
557 2171 658 2197 dicitur
675 2171 802 2198 militaris
819 2172 939 2205 manus),
954 2170 1012 2197 sive
1021 2169 1256 2196 existimationem
1266 2172 1293 2195 et
1306 2168 1406 2195 divina:
1420 2168 1515 2203 glorise
1528 2167 1627 2194 famam
1640 2167 1777 2194 celebrem

151 2212 334 2240 osxendendo.
351 2213 387 2238 Pr
395 2219 483 2239 msens
494 2212 684 2247 spectaculum
699 2212 734 2238 ita
751 2214 858 2239 animos
866 2213 987 2238 omnium
1004 2212 1189 2243 conﬁrmavit,
1204 2216 1234 2238 ut
1253 2211 1412 2239 ﬁrmissime
1426 2212 1574 2239 crederent
1588 2211 1672 2237 Deum
1688 2210 1777 2245 ipsum

153 2255 239 2290 leges,
258 2263 321 2290 quze
335 2256 395 2282 lata:
424 2259 498 2288 sunt,
517 2255 655 2283 sanxisse.
678 2254 720 2282 Nil
736 2249 871 2290 prohibet,
890 2259 918 2282 ut
936 2256 1072 2290 intelligas
1090 2263 1182 2283 veram
1207 2255 1322 2291 gloriam
1336 2255 1435 2291 patris,
1449 2255 1550 2282 Filium
1569 2254 1690 2287 scilicet,
1707 2261 1777 2288 qua-

150 2297 288 2330 tenuslas
303 2301 373 2329 erat,
391 2297 426 2324 ibi
443 2298 614 2332 apparuisse.

186 2350 240 2379 Καὶ
251 2350 512 2385 ἐκάλυψεν-αὑτὸν
527 2352 545 2385 ἠ
560 2350 673 2386 νεφέλη
691 2350 725 2383 ἐξ
741 2351 862 2386 ἡμέρας.
880 2350 935 2378 Καὶ

150 2395 282 2424 ἐκάλεσε
295 2398 402 2431 Κύριος
425 2397 479 2424 τὸν
495 2397 630 2431 Μωῡσνῆν
648 2396 683 2432 τῇ
698 2398 791 2431 ἡμέρᾳ
806 2397 844 2432 τῇ
858 2398 940 2425 ἑϐδό-

1030 2350 1063 2378 Ει
1097 2352 1242 2379 occultavit
1273 2352 1358 2386 ipsum
1378 2352 1460 2378 nubes
1481 2350 1607 2383 interdiu,
1629 2354 1654 2377 et
1679 2349 1780 2377 vocavit

996 2398 1122 2424 Dominus
1144 2397 1239 2425 Mosen
1264 2398 1375 2433 δρριὶηιο
1395 2397 1439 2425 die
1463 2398 1490 2424 in
1515 2397 1599 2423 medio
1621 2396 1700 2431 ignis,
1724 2400 1779 2423 etc.

148 2452 192 2478 μη
207 2443 241 2470 ἐκ
253 2443 352 2478 μέσον
366 2442 421 2478 τῆς
434 2444 577 2478 νεφέλης.
594 2444 645 2470 Τὸν
661 2443 717 2470 ἴσον
734 2443 850 2478 ἀριθμὸν
883 2444 938 2469 ἀπ-

993 2445 1124 2471 Eunidem
1141 2451 1288 2473 numerum
1312 2444 1467 2478 assignavit
1491 2442 1663 2478 generationi
1685 2442 1780 2469 mutuli

151 2489 303 2524 ἑνειμικαὶ
317 2490 350 2524 τῇ
366 2489 411 2515 τοῦ
419 2489 521 2524 κόσμου
537 2489 655 2521 γενὲσῖε,
672 2489 717 2515 καὶ
730 2490 761 2524 τῇ
776 2489 820 2514 τοῦ
840 2489 938 2523 ὁρατι-

151 2534 201 2562 κοῦ
213 2535 311 2569 γένους
319 2535 432 2571 ἐκλογῇ,
441 2536 491 2572 τὴν
505 2535 586 2568 ἑξάδα.
599 2545 605 2551 ·
622 2535 783 2570 βουλόμενος
797 2535 938 2567 Emistin,

187 2623 197 2639 ⁸
213 2622 309 2651 lPetr.
328 2631 359 2655 ll,
377 2623 404 2649 5.
441 2622 532 2650 'Psal.
549 2632 573 2654 r,
590 2624 618 2650 5.
658 2623 667 2638 ⁵
680 2623 752 2650 l’sal.
785 2622 935 2655 cxvut,ll.

994 2497 1020 2519 et
1037 2491 1164 2518 clcctioni
1179 2491 1270 2525 populi
1284 2490 1439 2517 lsraelitici.
1454 2489 1478 2516 Is
1490 2494 1580 2516 autem
1597 2497 1728 2516 numerus
1740 2497 1782 2517 se~

996 2537 1091 2564 uarius
1103 2542 1156 2564 est.
1170 2536 1278 2569 Quibus
1294 2536 1387 2563 verbis
1401 2535 1479 2563 docet
1490 2543 1519 2563 se
1533 2542 1597 2562 esse
1608 2534 1781 2562 conditorem

994 2623 1004 2637 ⁵
1019 2622 1095 2650 Deut.
1115 2631 1149 2655 vi,
1168 2624 1195 2650 7.
1233 2624 1268 2639 ⁸-⁷
1281 2623 1333 2651 ιιι)
1343 2632 1439 2656 xxviii,
1454 2623 1483 2658 5,
1496 2625 1523 2654 6.
1538 2625 1549 2642 ⁸
1561 2625 1636 2655 Cant.
1650 2632 1680 2657 ν,
1698 2626 1742 2658 Η,

929 2667 1043 2696 NOTAE.

187 2714 242 2750 (87]
256 2715 288 2741 Ἥ
304 2714 333 2741 δὲ
348 2714 499 2750 σάπφειρος
514 2714 624 2750 (Edunt
644 2713 768 2750 nutriri
785 2712 865 2750 ᾴχίςιν
890 2721 939 2747 ση-

155 2747 260 2784 μαίνειν
270 2747 420 2785 ιιαρῦἐνονι
438 2747 502 2785 περὶ
514 2747 547 2785 ἧς
565 2748 744 2785 προφητεύων
757 2749 772 2775 ὀ
791 2747 862 2780 Ὶὼΰ,
893 2757 936 2775 κτ.

153 2786 168 2811 ὁ
184 2785 231 2819 τῆς
246 2784 320 2819 Δύγέ
332 2784 396 2811 uir}.

178 2820 245 2861 ’(38)
265 2821 301 2847 Τὸ
333 2820 452 2857 καθαρὸν
482 2820 560 2856 σῶμα
574 2820 622 2855 τῆς
642 2819 775 2855 παρθένου
787 2818 884 2853 δηλῶν.
911 2818 939 2845 Ὀ

152 2863 203 2882 απ

993 2714 1084 2777 Α’(89)
1091 2716 1236 2777 άΙὲἳοθὰιριοιιι
1251 2716 1280 2742 δὲ
1294 2716 1332 2748 ὡς
1341 2716 1436 2749 πυξίον
1444 2716 1474 2743 τὸ
1489 2714 1667 2750 ἐλεφάντινον.
1685 2711 1716 2740 ὐ
1729 2716 1782 2749 cf);

1017 2758 1061 2777 νγ.
1073 2760 1090 2777 κ
1131 2772 1138 2777 .

1156 2786 1210 2813 ἀπὸ
1223 2786 1280 2819 τοῦ,
1299 2787 1345 2822 ἐπὶ
1364 2786 1453 2820 τοῦτο,
1471 2786 1534 2822 ἄχρι
1546 2784 1603 2816 τοῦ,
1627 2781 1776 2818 βαηιλειατς

995 2820 1023 2846 οὐ
1036 2822 1155 2857 περιέχει
1174 2823 1186 2848 ὀ
1202 2822 1293 2857 εἰρημ.
1311 2821 1375 2849 κώδ.
