2005 3106
168 109 222 143 637
674 142 675 145 η
714 117 985 152 COMMENTARII
1006 121 1047 151 IN
1065 121 1239 153 EXODUM.
1742 122 1795 156 G33

165 168 225 196 sive
240 166 355 201 Thr-oni,
375 167 434 197 sive
451 168 624 206 Principatus
635 192 643 205 ,
661 173 717 202 sive
738 173 907 206 Potestates.
924 176 982 204 sive
1012 176 1231 210 Dominationes,
1243 177 1300 205 sive
1316 176 1446 205 Potentiae
1461 176 1493 203 ".
1510 175 1557 204 Hm
1571 176 1720 204 secundum
1747 177 1794 205 Dei

164 211 346 256 voluntatem.
360 212 514 240 universam
541 216 679 244 sustinent
706 224 799 246 arcam
822 227 828 244 :
844 220 970 255 hancque
991 219 1114 254 bajulant
1133 221 1160 248 in
1174 227 1298 248 nostrum
1313 220 1495 248 ministerium
1511 220 1589 248 missi
1600 216 1711 256 propter
1725 228 1773 248 eos
1784 239 1793 253 ,

167 256 214 301 qui
227 255 409 301 hﬁfl'tfdiiarior
420 256 481 290 iure
497 258 656 287 sortiuntur
673 261 802 289 salutem.
816 262 864 290 Ha:
882 264 1014 298 potenti!
1027 265 1107 300 quasi
1122 265 1287 301 quibusdam
1302 266 1417 294 annulis
1430 264 1576 293 animabus
1592 255 1793 293 servandorum

170 299 278 343 inserti,
292 299 370 327 humi
388 300 510 334 abiectos
524 302 560 329 ad
572 304 681 331 excelsa
698 306 809 334 virtutis
821 307 944 343 erigunt.

202 341 237 369 Et
248 343 331 377 facies
344 345 570 378 propitiatorium,
584 347 778 380 intpnailionem
803 341 938 385 auri-puri
950 373 957 383 ,
973 355 1026 380 etc.
1044 352 1138 387 LXXV,
1158 352 1214 388 17.]
1231 352 1414 387 lmpositionis
1438 360 1537 380 nomen
1564 351 1697 386 signiﬁcat
1725 357 1795 378 arcta

170 387 339 421 operculum,
355 388 480 416 Christus
497 397 562 417 vero
578 390 634 418 fuit
648 392 712 419 illud
725 396 885 427 operculum
901 400 926 422 et
939 397 1169 430 propitiatorinm.
1182 387 1248 423 Nam
1266 397 1366 424 Paulus
1378 397 1434 423 ait:
1455 406 1463 422 ι
1477 397 1560 429 Quem
1574 394 1795 430 proposuitDeus

168 432 390 466 Ρτοβῖίῖθῑίοηθῐη
409 441 456 467 Per
470 434 549 461 ﬁdem
570 435 597 462 ίη
616 436 705 469 ἱρείης
720 439 866 473 sanguine,
884 440 919 466 ad
934 440 1245 473 ostensionemjustitim
1264 449 1320 468 suze
1338 442 1371 467 ὀ.
1387 440 1443 466 lluc
1461 440 1526 467 facit
1541 439 1662 466 Jomnis
1677 446 1796 473 promnt-

167 475 263 501 tialum
282 483 289 501 :
311 485 320 500 ί
337 475 369 501 Et
384 477 442 510 ipse
454 481 496 504 est
508 479 668 514 propitiatio
682 488 732 514 pro
748 483 872 514 peccatis
888 483 993 509 nostris
1010 484 1044 509 “.
1066 492 1075 508 ι
1098 483 1147 510 Per
1167 484 1256 518 ipsum
1271 484 1407 518 siquidem
1425 487 1553 518 optamus
1567 488 1593 510 et
1607 483 1725 517 petimus
1734 489 1796 508 om-

167 518 213 544 nia
228 518 310 546 bona.
326 528 335 545 ‹
347 518 485 547 Hactenus
502 522 614 556 (inquit)
634 524 702 550 nihil
718 525 854 559 petivistis
869 526 895 552 in
910 526 1022 554 nomine
1037 535 1106 554 meo.
1120 527 1218 558 Petite,
1232 529 1377 554 etdabitur
1389 528 1468 554 nobis
1479 528 1530 554 η.»
1553 526 1604 553 Per
1621 526 1710 559 ipsum
1722 525 1795 552 enim

166 561 292 595 placatus
303 568 347 590 est
363 563 455 596 Pater,
473 566 505 592 ad
520 575 599 601 quem
616 569 810 596 contendimus
828 577 876 603 per
893 569 1044 597 Christum.
1065 571 1125 603 Ipse
1143 578 1259 604 namque
1272 571 1339 597 dicit
1354 580 1360 597 :
1379 580 1387 596 ε
1408 571 1462 605 Ego
1474 579 1533 597 smn
1552 571 1594 596 via
1611 571 1632 585 ¹³
1648 568 1794 603 Αἰκοβιιηι

166 606 270 633 ostium
286 607 319 634 ἰ.
336 607 390 635 Nec
408 610 570 644 quisquam,
584 612 637 639 nisi
663 620 711 646 per
727 621 780 644 me,
796 614 873 640 venit
889 614 921 640 ad
952 614 1058 640 Patrem
1073 614 1106 641 ’⁸.
1125 624 1134 639 ι
1152 614 1225 640 Licet
1241 614 1369 641 Christus
1387 614 1468 642 fuerit
1483 615 1554 641 inter
1572 621 1632 644 nos,
1646 617 1737 639 tamen
1754 611 1796 638 di-

166 650 259 676 vinam
275 651 394 678 obtinuit
411 653 538 687 gloriam,
559 663 620 688 qua:
641 657 731 690 ipsum
752 656 876 684 decebat.
898 657 1072 693 Quapropter
1093 660 1284 693 propitiatorio
1306 660 1437 686 adhibent
1452 658 1612 690 Cherubim,
1636 657 1683 691 qui
1703 657 1793 692 ipsum

167 697 300 721 tueantur
318 700 345 722 et
363 697 531 724 custodiant.
552 698 583 725 ili
606 707 716 732 semper
739 700 881 727 intuentur
897 702 986 736 ipsum
1011 703 1096 729 nescii
1113 703 1221 729 visione
1248 703 1337 736 ipsius
1361 702 1529 730 exsaturari.
1548 702 1606 728 Alis
1627 702 1685 728 suis
1702 700 1794 727 velant

166 743 272 769 arcam,
287 739 367 765 sicuti
379 739 465 767 lsaias
482 741 565 768 tradit
585 743 619 774 ’⁸,
639 742 784 778 Seraphim
802 744 948 772 obtexisse
960 745 1069 772 duabus
1085 746 1135 772 alis
1150 746 1243 779 pedes,
1262 751 1287 772 et
1302 746 1409 773 duabus
1424 746 1528 772 vultum
1544 745 1614 779 ejus,
1633 750 1656 770 et
1678 744 1793 777 reliquis

166 780 275 809 duabus
292 783 408 810 volasse.
427 784 531 811 Nomen
551 791 640 813 autem
658 787 802 814 Cherubim
817 788 956 822 portendit
968 789 1100 815 inlinitam
1116 791 1262 823 quamdam
1275 790 1410 820 notitiam,
1421 793 1448 816 et
1465 789 1607 823 sapientia:
1624 787 1790 814 aﬂluentiam

166 825 377 853 redundantem:
394 827 481 854 Simul
515 836 622 863 quoque
640 830 775 857 docemur
796 831 900 858 vultum
915 832 960 859 Dei
978 841 1031 859 non
1048 840 1129 868 posse
1146 840 1160 858 a
1177 833 1284 859 mortali
1301 840 1437 867 quoquam
1451 830 1696 866 conspici.Lucem
1707 830 1791 861 enim,

166 869 210 902 (ut
223 869 305 896 habet
320 869 422 898 Paulus
438 872 471 903 1⁷)
485 872 659 900 inaccessam
677 873 826 902 inhabitat.
851 874 987 903 Prmterca
1008 876 1080 902 Deus
1099 875 1156 910 ipse
1170 876 1206 902 ita
1222 877 1368 910 compellat
1380 875 1472 902 Mosen
1491 884 1497 902 :
1517 884 1526 900 ‹
1544 874 1627 901 Nemo
1642 873 1743 901 videbit
1754 872 1795 899 fa-

166 913 235 938 ciem
247 912 294 939 Dei
309 918 336 940 et
347 914 420 942 vivet
442 915 464 930 ¹⁸
480 924 486 948 ;
505 924 594 950 neque
614 917 708 949 etiam,
725 918 749 944 si
767 919 830 952 quis
847 920 1025 954 conspicatus
1044 919 1127 946 fuerit
1142 919 1201 952 ejus
1223 920 1336 954 vestigia
1352 922 1378 945 et
1390 919 1459 945 vias.
1477 928 1486 943 ‹
1503 917 1696 945 lnscrutahilia
1718 917 1792 944 enim

166 957 281 987 vestigia
298 956 374 991 ejus,
388 964 413 985 et
427 958 693 994 impervestigabiles
707 961 757 988 vite
773 962 832 995 ejus
847 962 882 993 ’⁸,
903 972 912 987 ι
928 963 1014 996 inquit
1033 962 1143 989 Paulus.
1160 961 1294 989 Prteterea
1324 962 1407 989 David
1423 962 1461 988 ait
1480 971 1486 988 :
1511 972 1520 987 ι
1542 962 1569 988 In
1591 961 1658 987 mari
1674 961 1717 987 via
1735 965 1792 992 tua,

166 1004 193 1026 et
207 1001 311 1028 semita:
330 1006 382 1029 tua:
396 1002 423 1029 in
437 1004 514 1038 aquis
529 1005 642 1032 multis?
653 1004 685 1033 Et
699 1006 812 1040 vestigia
824 1011 868 1034 tua
884 1014 938 1033 non
951 1005 1186 1040 deprchendemur
1203 1006 1251 1039 (rel
1268 1010 1469 1041 cognoscentur
1481 1006 1526 1038 ³ο).
1540 1015 1549 1031 ι
1566 1004 1638 1031 Marc
1654 1004 1725 1031 enim
1738 1011 1790 1031 non

165 1044 276 1078 recipit,
294 1049 339 1071 ant
354 1046 375 1072 si
394 1047 501 1081 recipit,
514 1055 568 1074 non
593 1052 684 1075 servat
702 1050 847 1084 vestigium
867 1051 953 1084 pedis.
973 1049 1112 1077 Fortassis
1137 1050 1282 1084 Scrapliim
1300 1050 1480 1084 perhibentur
1494 1057 1559 1076 suos
1577 1049 1659 1083 pedes
1676 1052 1704 1075 et
1727 1055 1793 1075 suos

165 1087 259 1114 vultus
272 1089 361 1116 celare
373 1089 433 1117 alis.
448 1089 514 1117 Nam
530 1090 556 1117 in
574 1090 620 1118 Dei
641 1092 777 1126 sapientia
793 1101 847 1120 non
863 1099 902 1121 est
925 1095 966 1121 vel
988 1094 1151 1129 principium
1167 1094 1207 1121 vel
1227 1095 1306 1121 linem
1324 1094 1454 1127 reperire.
1480 1093 1648 1128 Principium
1680 1090 1793 1119 humani

166 1132 289 1166 corporis
304 1138 450 1167 caputrst,
470 1134 585 1169 ejusque
602 1134 662 1163 ﬁnis
677 1135 804 1164 feruntur
822 1145 883 1164 esse
903 1138 957 1172 ped:

1013 1137 1148 1164 Caeterum
1175 1138 1266 1164 omnia
1293 1137 1337 1163 illa
1358 1137 1499 1164 evidenter
1524 1136 1638 1163 edocent
1667 1139 1693 1163 et
1718 1136 1793 1163 evin-

166 1181 232 1201 cunt
246 1176 441 1210 ministerium,
460 1178 531 1211 quod
551 1178 675 1206 defertur
687 1179 741 1211 his,
758 1181 792 1207 ad
808 1188 877 1215 quos
893 1181 1066 1214 sempiterna:
1080 1181 1143 1208 vitae
1171 1180 1335 1208 devolvetur
1362 1181 1518 1207 hatreditas.
1541 1180 1590 1206 llic
1616 1179 1794 1207 absconditur

169 1218 203 1245 ab
218 1219 270 1246 alis
284 1220 430 1247 Cherubim
443 1228 519 1253 arca,
534 1221 591 1249 illic
610 1223 644 1250 ab
659 1219 810 1258 Seraphim'
821 1225 873 1252 alis
886 1225 1040 1260 contegitur
1057 1224 1160 1252 vultus.
1174 1224 1247 1251 idem
1265 1224 1411 1259 utrobique
1424 1224 1551 1251 consistit
1563 1232 1671 1251 sensus.

202 1271 291 1305 Supra
310 1273 528 1306 propitiatorium
552 1283 696 1310 cognoscar
711 1277 771 1310 tibi,
788 1281 812 1304 et
831 1278 926 1313 loquar
940 1278 996 1310 tibi,
1020 1282 1077 1305 etc.
1103 1278 1172 1314 [‘22.]
1188 1279 1238 1306 Hic
1256 1279 1409 1311 erudimur,
1427 1279 1554 1313 quamvis
1596 1277 1745 1304 inaniverit
1763 1284 1793 1301 se

166 1313 302 1347 (λπῖεῑιη.
314 1320 404 1344 tamen
420 1324 474 1344 non
489 1318 619 1352 humano,
635 1321 683 1347 sed
698 1321 792 1348 divino
808 1329 884 1348 more
901 1322 967 1348 dicit
987 1330 994 1348 ε
1013 1331 1022 1347 ‹
1040 1313 1138 1357 Egoret
1152 1313 1231 1349 Pater
1261 1330 1344 1349 unum
1356 1322 1438 1358 294
1448 1331 1544 1349 sumus
1559 1322 1591 1348 ³¹.
1612 1330 1621 1346 ι
1639 1322 1669 1347 Et
1686 1329 1693 1347 :
1713 1330 1722 1346 ε
1740 1320 1794 1353 0ιὶ

166 1366 210 1385 me
224 1359 301 1393 vidit,
318 1360 385 1387 vidit
398 1361 505 1388 Patrem
522 1363 555 1388 ³¹.
575 1372 584 1388 ι
604 1362 712 1396 Quibus
734 1372 766 1391 ex
786 1365 880 1392 verbis
900 1365 1112 1400 elicitur,-quod
1132 1366 1305 1401 prmcesserit
1321 1374 1364 1392 om
1374 1366 1490 1401 m-quod
1508 1370 1630 1392 creatum
1651 1368 1703 1395 est,
1729 1364 1794 1391 licet

165 1409 276 1430 carnem
293 1404 402 1432 tandem
418 1405 549 1433 induerit.
571 1406 768 1435 Verumtamen
784 1414 899 1436 cunctos
917 1409 1058 1442 mortales,
1079 1410 1162 1436 etiam
1178 1411 1269 1445 quoad
1287 1410 1498 1441 humanitatem,
1519 1409 1614 1436 multis
1631 1407 1793 1443 par-afangis

166 1447 297 1474 excessit.
314 1447 540 1483 Propitialorium
558 1451 715 1478 inauratum
733 1451 853 1479 divinam
869 1453 971 1480 Christi
991 1453 1151 1480 manifestat
1170 1459 1308 1480 naturam.
1325 1453 1354 1480 Ei
1375 1458 1467 1480 autem
1488 1457 1685 1487 comparantur
1702 1451 1793 1478 homi-

166 1497 225 1520 nes,
244 1495 381 1525 quatenus
395 1492 422 1519 in
438 1493 526 1527 ipsius
547 1495 689 1529 exemplar
707 1503 769 1523 sese
785 1495 993 1524 transformant.
1009 1496 1099 1525 Locus
1125 1505 1198 1531 vero,
1219 1498 1266 1532 qui
1287 1497 1333 1524 illa
1348 1498 1433 1532 capit,
1455 1504 1469 1523 a
1482 1497 1562 1532 vulgo
1576 1504 1630 1523 non
1651 1496 1792 1528 calcatur,

165 1537 194 1560 et
207 1533 308 1562 Sancta
325 1540 484 1563 sanctorum
500 1538 671 1565 nominatur.
946 1551 950 1554 ”

206 1589 241 1617 Et
258 1598 337 1624 pones
363 1600 444 1625 panes
472 1594 659 1627 propositionis
677 1603 755 1630 super
787 1603 904 1623 mensam
927 1603 1016 1623 coram
1035 1605 1075 1623 mc
1094 1604 1204 1630 semper,
1222 1599 1274 1623 etc.
1299 1595 1368 1632 [30.]
1387 1594 1528 1623 Manifeste
1553 1595 1630 1622 nobis
1653 1601 1794 1621 common-

167 1639 271 1663 stratur
284 1635 361 1669 panis
382 1644 413 1663 ex
429 1637 500 1663 cmlo
513 1638 592 1665 datus
610 1639 790 1672 apponendus
808 1639 836 1667 in
861 1640 964 1668 mensis
986 1641 1090 1667 sanctis
1114 1640 1306 1667 ecclesiarum.
1333 1639 1365 1665 Et
1380 1639 1471 1666 omnia
1497 1646 1573 1671 vasa,
1594 1647 1653 1674 quae
1670 1638 1793 1666 serviunt

167 1679 283 1714 mystico
292 1679 353 1706 usui
370 1687 535 1708 arcanorqu
548 1681 717 1715 divinorum,
731 1683 868 1710 credenda
886 1687 951 1711 sunt
965 1690 1027 1710 esse
1039 1682 1094 1718 typi
1110 1682 1331 1710 manifestissimi
1354 1682 1524 1710 futurorum.

203 1734 238 1760 Et
255 1734 337 1768 facies
357 1734 546 1762 candelabrum
557 1743 588 1762 ea:
600 1744 666 1762 auro
681 1744 761 1770 puro,
776 1740 831 1764 etc.
845 1734 923 1771 [δι]
935 1737 1056 1763 Aureum
1074 1735 1270 1762 candelabrum
1287 1739 1380 1770 typum
1398 1735 1499 1762 Christi
1512 1734 1600 1769 gerit,
1619 1738 1729 1769 propter
1744 1742 1793 1763 na-

169 1781 236 1804 turae
249 1778 436 1805 sinceritatem
450 1786 556 1812 puram.
572 1788 581 1804 t
601 1779 804 1807 Candelabrum
826 1780 862 1807 sit
878 1784 960 1808 torno
975 1779 1161 1811 elaboratum,
1177 1788 1186 1804 ι
1208 1784 1261 1806 etc.
1278 1779 1356 1812 Quod
1372 1778 1484 1806 additur
1502 1778 1535 1805 ad
1558 1778 1720 1813 elegantiam
1744 1779 1793 1807 de-

171 1821 390 1848 monstrandam.
405 1821 491 1856 Major
508 1823 561 1850 erit
574 1822 648 1849 nitor
661 1827 688 1850 et
702 1823 838 1857 elegantia
848 1823 871 1851 si
888 1828 913 1850 te
927 1822 1042 1850 verteris
1058 1822 1091 1849 ad
1108 1821 1354 1857 pulchritudinem,
1370 1829 1429 1856 quae
1446 1829 1500 1848 non
1514 1821 1588 1849 cadit
1606 1821 1658 1848 sub
1670 1829 1790 1855 sensum,

174 1864 222 1891 sed
238 1864 298 1891 solo
315 1864 455 1892 intellectu
475 1866 637 1900 percipitur.
649 1866 717 1894 Nam
735 1866 874 1894 formosus
892 1870 943 1898 est,
951 1866 982 1895 si
998 1865 1092 1894 formae
1111 1866 1274 1899 elegantiam
1293 1866 1438 1897 intuearis,
1450 1873 1531 1901 supra
1545 1873 1642 1892 omnes
1657 1864 1726 1893 lllios
1742 1865 1793 1892 ho-

172 1908 277 1935 minum
291 1908 325 1935 ³³.
338 1908 363 1934 id
379 1912 433 1940 est,
450 1908 545 1936 format
560 1910 695 1945 elegantia
724 1911 811 1936 anteit
827 1917 924 1937 omnes
942 1909 1071 1936 mortales
1085 1908 1164 1936 facile
1181 1917 1187 1935 ε
1203 1909 1312 1936 Surculi
1324 1908 1381 1935 sive
1396 1909 1507 1940 calami,
1523 1908 1569 1942 qui
1584 1908 1715 1942 utrinque
1728 1908 1793 1934 emis

173 1956 248 1983 nv-nt,
262 1959 294 1979 ex
307 1952 379 1986 ipso,
392 1952 494 1987 inquit,
511 1953 663 1987 procedant
679 1953 855 1980 candelabro.
872 1953 1000 1981 Christus
1010 1953 1082 1980 enim
1094 1960 1156 1980 cum
1165 1960 1236 1980 unus
1251 1953 1298 1984 sit,
1310 1952 1434 1979 infinitus
1451 1957 1477 1979 et
1493 1952 1596 1978 mullus
1606 1958 1669 1978 esse
1682 1956 1798 1986 putatur:

168 1994 204 2022 ob
221 1995 381 2023 varietatem
397 1996 601 2030 operationum.
617 1995 686 2029 Lux,
705 1997 773 2028 vita,
791 1997 913 2032 potentia
932 1997 989 2024 sive
997 1997 1097 2028 virttis,
1115 1996 1362 2030 immortalitasque
1377 1999 1467 2027 vocat,
1478 2002 1539 2030 quae
1551 1994 1663 2022 nomina
1676 1995 1797 2030 adeptus:

168 2042 211 2067 cst
224 2039 260 2067 ob
281 2040 373 2067 varias
388 2040 574 2074 operationes.
590 2040 647 2068 Nec
661 2041 722 2075 ejus
738 2041 859 2078 potentia
870 2040 991 2073 aliunde,
1007 2048 1089 2075 quam
1107 2047 1139 2066 ex
1152 2047 1212 2067 sese
1225 2039 1334 2074 pendet,
1348 2039 1445 2073 plenus
1456 2039 1593 2066 exsistens
1604 2042 1633 2066 et
1649 2038 1802 2069 abundans.

169 2083 228 2109 suis
238 2083 449 2117 operationibus
464 2087 492 2111 et
507 2084 667 2111 virtutibus.
682 2083 737 2111 Nec
755 2088 848 2111 tamen
867 2084 1001 2119 peccaris,
1014 2084 1037 2111 si
1053 2084 1157 2110 lumina
1173 2090 1207 2110 ex
1225 2082 1318 2110 multis
1330 2082 1448 2110 surculis
1463 2082 1504 2109 vei
1519 2082 1633 2110 calamis
1648 2082 1789 2110 micantia.

169 2133 203 2152 ne
215 2125 285 2153 lucis
302 2127 330 2153 in
348 2127 524 2154 tabernaculo
541 2135 610 2162 penu
619 2128 659 2153 ria
672 2128 719 2157 sit,
736 2127 784 2154 illa
801 2128 956 2155 credideris
968 2122 1055 2155 sancti
1072 2126 1190 2162 Spiritus
1205 2130 1405 2161 reprmscntare
1429 2126 1522 2153 varios
1548 2126 1651 2157 radios,
1664 2126 1733 2160 quos
1749 2132 1794 2152 se-

170 2169 319 2204 ptemplice
331 2170 468 2198 divisione
481 2163 595 2205 exponit
612 2170 700 2198 Isaias
711 2171 744 2197 ³⁵.
760 2171 848 2198 Aliter
863 2176 890 2198 et
906 2172 932 2198 in
945 2172 1016 2198 hunc
1031 2172 1141 2198 modum
1159 2170 1335 2204 interpretari
1350 2173 1428 2204 poles
1444 2170 1495 2197 hoc
1510 2169 1612 2197 dictum
1627 2178 1635 2202 ;
1657 2178 1665 2194 ‹
1686 2168 1723 2196 Ex
1739 2176 1794 2195 uno

170 2213 221 2240 fuit
236 2221 306 2241 auro
321 2222 400 2249 puro,
422 2224 430 2240 ι
447 2218 501 2243 etc.
515 2214 646 2242 Christus
665 2219 739 2242 totus
755 2215 869 2243 omnino
885 2219 926 2243 est
948 2216 1030 2245 Deus,
1053 2222 1103 2242 nec
1120 2214 1154 2241 ad
1171 2222 1231 2241 eum
1247 2213 1370 2245 modum,
1389 2221 1443 2248 quo
1475 2213 1559 2240 creati
1576 2212 1718 2244 mortales,
1735 2212 1794 2239 exi-

170 2256 300 2283 stimatur
315 2258 515 2285 sanctiticatus.
531 2257 609 2290 Quod
637 2264 701 2285 vero
714 2261 788 2284 totus
803 2258 839 2285 sit
851 2262 960 2289 unctus,
972 2258 1097 2294 designat
1111 2266 1242 2286 numerus
1258 2257 1385 2285 senarius
1398 2256 1653 2285 calamorum.Hinc
1661 2257 1795 2284 donorum

170 2298 327 2326 distributio
342 2300 415 2334 large
429 2299 587 2328 effunditur.
607 2310 616 2327 ι
642 2301 710 2329 Huic
727 2301 809 2329 datus
819 2306 861 2329 est
878 2310 968 2329 sermo
986 2302 1141 2337 sapientiae,
1159 2302 1198 2329 illi
1215 2309 1306 2329 sermo
1326 2301 1506 2336 cognitionis,
1522 2306 1550 2328 et
1566 2301 1702 2328 discretio
1715 2300 1795 2335 spiri-

171 2347 246 2370 tuum
260 2344 294 2375 ³⁸,
309 2347 363 2371 etc.
381 2343 442 2370 Non
459 2343 534 2371 cnim
548 2344 701 2372 secundum
718 2353 886 2378 mensuram,
914 2351 941 2373 ut
957 2347 1046 2382 inquit
1069 2347 1189 2376 Joannes
1202 2348 1235 2381 ³⁸,
1259 2348 1306 2375 dat
1320 2348 1444 2382 spiritum
1462 2355 1469 2374 :
1488 2346 1535 2374 sed
1554 2354 1587 2374 ex
1608 2347 1696 2382 ipsius
1711 2345 1798 2381 plenis

171 2388 266 2415 tudine
280 2395 330 2414 nos
344 2395 440 2415 omnes
455 2389 623 2423 accepimus.

207 2445 240 2472 Et
254 2447 370 2480 impone:
383 2446 543 2474 candelabro
558 2447 693 2482 lucernas,
709 2453 733 2475 et
753 2449 877 2477 lucebunt
892 2457 925 2477 ex
941 2458 992 2476 una
1009 2454 1129 2483 aspectu.
1145 2453 1201 2476 etc.
1219 2448 1289 2484 [37.]
1311 2448 1338 2474 In
1356 2447 1430 2475 libro
1443 2447 1631 2475 Numerorum
1646 2447 1687 2474 sic
1705 2447 1799 2481 sclipa

171 2495 228 2516 tum
247 2489 402 2524 reperimus
421 2499 428 2518 :
451 2499 460 2516 ι
483 2491 504 2518 E
529 2491 642 2527 regione
656 2493 816 2520 candelabri
837 2493 965 2521 accendit
978 2494 1107 2520 lucernas
1121 2492 1157 2518 ".
1178 2502 1187 2517 ι
1208 2493 1277 2519 Nam
1298 2493 1341 2518 lux
1365 2492 1473 2518 nullum
1499 2490 1678 2526 splendorem
1702 2494 1798 2519 trans.

173 2534 256 2561 mittit
271 2535 304 2560 ad
317 2535 377 2566 eos,
393 2535 442 2570 qui
458 2542 489 2563 se
505 2539 637 2563 avertunt
652 2543 666 2562 a
695 2535 768 2569 Deo;
785 2545 879 2564 verum
899 2538 942 2565 his
955 2537 1092 2572 splendet.
1112 2536 1159 2571 qui
1184 2544 1232 2571 per
1258 2536 1514 2563 sanctiﬁcationem
1540 2537 1622 2562 tracti
1640 2536 1743 2563 {iuerint
1768 2537 1799 2565 in

172 2583 354 2613 conspectum
370 2578 418 2606 Dei
436 2588 443 2606 :
466 2578 562 2614 ibique
571 2580 703 2607 steterint
717 2581 808 2608 versis
822 2582 848 2608 in
871 2581 956 2608 Deum
970 2581 1094 2608 vultibus
1109 2581 1144 2607 ob
1159 2579 1222 2606 ﬁdei
1239 2580 1416 2607 alacritatem
1430 2585 1456 2606 et
1472 2580 1534 2606 vita-
1547 2580 1598 2614 pim
1617 2579 1796 2614 gravitatem.

172 2620 348 2657 Quapropter
363 2629 411 2658 per
428 2622 529 2650 lsaiam
550 2627 711 2657 peccatores
729 2623 830 2652 all'atur
847 2624 918 2653 Deus
937 2634 944 2652 :
962 2634 971 2651 ι
990 2624 1110 2658 Quando
1129 2624 1313 2652 extendet-itis
1329 2623 1364 2650 ad
1383 2631 1435 2656 Inc,
1456 2629 1580 2651 avertam
1600 2624 1697 2651 oculos
1720 2631 1797 2651 meos

210 2707 230 2745 ‘_'
247 2708 352 2735 Colossi.
370 2717 390 2740 ι.
407 2709 449 2738 16.
491 2711 512 2728 ¹⁰
530 2712 610 2739 Rom.
628 2719 668 2742 ιιι,
681 2712 727 2739 25.
765 2712 786 2729 "
802 2712 811 2740 Ι
828 2713 906 2740 Joan.
922 2721 953 2745 ιι,
966 2714 993 2740 2.
1031 2713 1058 2728 "
1073 2712 1152 2739 Joan.
1168 2695 1225 2744 xvi,
1240 2711 1275 2739 23
1305 2707 1328 2724 ’³
1364 2711 1442 2740 Joan.
1462 2720 1518 2739 xiv.
1540 2712 1566 2740 6.
1603 2713 1627 2729 “
1639 2713 1719 2740 Joan.
1735 2710 1804 2741 x39.

171 2740 356 2779 :’_JOP._D._XIV,
370 2744 396 2772 6.
436 2747 459 2762 "
473 2747 525 2775 lsa.
538 2754 579 2776 vl.
595 2747 623 2773 2.
663 2740 685 2763 ⁵⁷
701 2747 709 2773 l
732 2746 803 2774 Tim.
820 2755 857 2777 νι,
878 2748 921 2775 15.
947 2740 983 2765 ’³³
997 2748 1084 2776 Exod.
1102 2756 1198 2779 vxxul,
1216 2740 1260 2775 ΞΟ.
1299 2748 1322 2764 ’ν
1339 2747 1418 2774 Rom.
1446 2756 1481 2778 in,
1497 2748 1540 2775 33.
1579 2748 1601 2763 '°
1617 2747 1690 2774 Psal.
1709 2753 1804 2779 mm,

169 2775 215 2816 90-
227 2777 276 2819 __"
292 2777 370 2819 19311::
388 2789 414 2812 π,
427 2781 472 2810 30.
513 2782 534 2819 θ’
548 2775 627 2810 lnau.
642 2790 697 2816 xlv,
710 2782 737 2810 9.
779 2784 802 2799 "
817 2775 888 2812 Psal.
909 2791 978 2816 attv,
992 2785 1018 2812 5.
1059 2783 1081 2798 "'
1098 2783 1149 2811 isa.
1164 2775 1201 2816 xt,
1213 2783 1230 2810 ἓ
1246 2791 1324 2819 seqq.
1366 2784 1389 2800 "
1404 2775 1487 2811 ιευτζ
1506 2791 1553 2815 xu,
1569 2783 1647 2811 7-10.
1687 2781 1709 2797 ⁸⁸
1723 2775 1801 2809 λυκηξ

169 2814 212 2842 tu.
227 2813 271 2840 5i.
312 2814 334 2830 "
348 2814 426 2844 Num.
446 2825 505 2845 vtn.
519 2818 535 2844 3
