4010 6212
398 239 504 307 639
982 232 993 242 ’
1693 232 1981 300 PROCOP

2084 238 2325 300 cum
2836 208 2839 221 ’
3315 316 3320 321 ,
3545 237 3650 302 oio

399 367 430 404 a
471 350 629 406 vobis
656 348 723 405 ³³.
767 368 786 403 ι
822 349 890 405 At
919 346 1068 405 oculi
1105 349 1323 405 Domini
1361 367 1528 421 super
1553 349 1765 422 jus-tos,
1790 357 1850 404 ut
1871 351 2022 406 canit
2065 351 2238 408 David
2270 352 2335 406 ‘9.
2373 350 2489 407 Hoc
2521 350 2916 407 caneieiabrutn
2945 351 3087 408 vidit
3112 352 3417 409 Licharias
3452 354 3515 410 ⁸⁸.
3536 360 3648 409 An-

399 439 578 508 gelus,
622 439 716 508 qui
752 437 903 495 istud
928 437 1202 500 ostendit,
1239 454 1350 494 rem
1393 454 1611 493 omnem
1652 439 1708 493 in
1750 438 2032 493 Christum
2066 443 2444 504 transmovet,
2496 438 2771 508 inquiens
2812 454 2825 490 :
2862 436 2928 491 lli
2973 448 3105 495 sunt
3153 441 3299 497 oeuli
3334 439 3445 515 Dei
3470 443 3650 514 inspi—

399 525 612 580 cientes
643 527 958 581 universam
994 533 1202 580 terram
1234 526 1299 578 δι.
1334 545 1351 577 ι
1389 524 1523 579 Nam
1569 526 1902 580 acutissime
1935 525 2123 580 omnia
2159 527 2468 596 perlustrat
2505 526 2691 581 divina
2720 526 3102 596 providentia.
3134 526 3435 597 Cognoscit
3465 531 3652 588 omnia

399 612 563 666 etiam
602 628 722 682 qua:
762 613 1086 668 intenebris
1127 614 1322 675 latent,
1355 613 1510 681 juxta
1536 614 1710 668 illud:
1750 632 1769 664 ι
1810 612 1873 666 Et
1902 614 1997 668 lux
2028 628 2155 668 cum
2192 628 2260 668 eo
2287 622 2377 668 est
2412 612 2480 668 δ’.
2540 633 2558 666 ι
2597 612 2980 668 ludicatenim
3007 626 3061 670 et
3095 623 3380 671 scrutatur
3407 633 3570 673 sensa
3593 627 3653 674 ct

400 702 771 770 cogitationes
808 703 995 757 cordis
1023 703 1089 757 "'.
1148 700 1261 756 Nec
1291 703 1398 755 ulla
1435 710 1690 756 creatura
1729 716 1837 756 non
1874 710 1958 756 est
1998 700 2293 757 manifesta
2323 701 2378 755 in
2414 701 2593 771 ipsius
2625 711 2935 772 conspectu
2960 701 3026 756 “.
3058 721 3077 754 ι
3111 702 3305 757 Omnia
3344 713 3475 760 sunt
3505 708 3651 764 nuda

400 799 453 842 et
495 790 814 858 resupinata
843 791 1021 845 oculis
1045 790 1168 860 ejus
1200 790 1311 843 ".1
1352 788 1623 843 Praeterea
1657 804 1756 859 per
1791 804 1960 843 unum
1993 804 2061 843 ex
2105 789 2392 859 prophetis
2419 790 2503 843 sic
2529 787 2681 842 fatur
2716 807 2729 843 :
2773 806 2793 835 ο
2840 788 2986 845 Deus
3030 790 3484 860 appropinquans
3524 810 3651 849 sum

399 892 521 946 ego,
557 880 693 933 dicit
728 879 1016 943 Dominus,
1052 890 1104 933 et
1137 894 1245 934 non
1283 880 1424 933 Dens
1469 894 1497 931 ιι
1555 879 1740 947 longe.
1797 875 2053 946 Nunquid
2115 877 2388 931 occultari
2429 876 2659 945 poterit,
2688 884 2886 930 utnon
2927 876 3143 931 videant
3170 877 3241 934 ‘°.
3293 897 3312 930 ι
3347 877 3651 938 Zarharias

403 967 766 1035 cuiuspicatus
789 968 936 1021 duos
972 983 1160 1022 ramos
1191 968 1500 1038 oleaginos,
1538 966 1679 1021 satis
1709 965 1974 1033 cognovit
2006 979 2102 1021 eos
2133 977 2259 1019 esse
2287 963 2427 1019 duos
2459 965 2568 1020 olei
2611 964 2731 1019 sive
2773 964 3131 1034 pinguedinis
3157 966 3320 1031 ﬁlios,
3351 968 3444 1037 qui
3487 977 3653 1025 stete-

401 1062 525 1106 runt
557 1054 611 1106 in
654 1066 955 1121 conspectu
990 1054 1209 1108 Domini
1256 1054 1526 1107 universas
1566 1060 1731 1107 terra:
1763 1052 1829 1106 δ’.
1874 1052 1946 1105 At
1981 1051 2037 1106 hi
2088 1058 2222 1105 sunt
2261 1051 2494 1121 populus
2521 1051 2747 1121 gentilis
2780 1058 2835 1106 et
2880 1050 3249 1117 Israeliticus,
3281 1053 3564 1107 Christum
3597 1056 3651 1109 in

401 1142 584 1196 medio
640 1142 926 1205 habentes,
971 1158 1000 1197 a
1032 1157 1143 1210 quo
1174 1152 1387 1212 ungunt
1430 1142 1571 1195 oleo.
1605 1139 1796 1194 Oleum
1844 1154 1977 1194 vero
2014 1149 2176 1210 typus
2215 1147 2299 1194 est
2343 1137 2583 1209 Spiritus
2650 1139 2852 1205 sancti,
2887 1140 3348 1209 quemadmodum
3384 1143 3654 1210 scriptum

399 1237 504 1283 est.
533 1247 552 1281 ι
586 1232 944 1299 tmpinguasti
987 1234 1110 1285 oleo
1163 1239 1325 1299 caput
1352 1244 1533 1285 meum
1566 1229 1635 1284 “.
1667 1247 1686 1279 ι
1725 1228 1895 1282 Vocat
1967 1241 2062 1282 eos
2120 1239 2305 1280 ramos
2350 1224 2626 1280 detractos
2671 1226 2830 1281 oliva'
2884 1242 2984 1281 nec
3030 1226 3229 1289 olivas,
3285 1235 3414 1293 etc.,
3451 1230 3654 1297 quibus

401 1317 586 1370 verbis
612 1328 882 1372 monstrat
920 1320 1214 1389 utriusque
1253 1317 1441 1389 populi
1495 1316 1709 1371 ﬁdeles.
1744 1313 1867 1369 Non
1903 1313 2049 1371 enim
2088 1328 2282 1369 omnes
2331 1312 2714 1369 crediderunt.
2771 1313 3079 1384 Pr0pterca
3129 1314 3303 1369 David
3350 1318 3657 1387 alloquitur

398 1400 683 1458 Christum
721 1421 889 1473 super
917 1420 1120 1476 sponsa
1142 1422 1241 1460 sua
1266 1418 1320 1459 et
1364 1406 1491 1459 ﬁliis
1515 1419 1610 1474 per
1645 1404 1804 1458 fidem
1832 1403 1886 1457 in
1938 1402 2114 1471 ipsum
2160 1400 2607 1471 trauSplantatis:
2634 1420 2652 1453 ι
2692 1401 2840 1457 Uxor
2876 1410 2969 1456 tua
2995 1410 3053 1457 ut
3083 1402 3215 1458 vitis
3252 1402 3518 1473 frugifera
3544 1407 3653 1460 mit

401 1490 458 1543 in
490 1489 755 1546 lateribus
784 1492 979 1548 domus
1025 1502 1151 1558 tum,
1181 1500 1234 1547 et
1274 1492 1369 1546 lilii
1404 1494 1482 1545 tui
1522 1493 1670 1547 sicut
1709 1491 1972 1561 plantula:
1999 1490 2271 1545 olivarum
2316 1490 2369 1543 in
2418 1489 2656 1544 circuitu
2701 1504 2909 1544 mensa:
2946 1499 3052 1543 tuae
3094 1491 3161 1544 δ’.
3203 1511 3222 1543 ι
3274 1490 3454 1544 Vitam
3503 1494 3653 1546 enim

413 1579 759 1646 aequirimus
783 1580 945 1650 295
975 1596 1042 1635 ex
1076 1580 1505 1651 participatione
1538 1578 1797 1649 spiritus,
1835 1584 1892 1633 et
1927 1577 2096 1633 vitam
2142 1592 2536 1647 recuperamus
2580 1578 2635 1632 in
2673 1586 2868 1633 sancta
2896 1578 3107 1633 Christi
3144 1595 3333 1635 mensa
3374 1580 3538 1635 ﬁdem
3593 1583 3651 1637 in

400 1666 582 1739 ipsum
615 1670 759 1723 intra
792 1687 894 1724 nos
933 1671 1289 1738 recipientes.

472 1753 663 1810 Facies
690 1758 863 1812 altare
895 1770 960 1811 ea:
989 1758 1147 1828 lignis
1187 1767 1486 1822 putrescere
1538 1757 1753 1819 nesciis,
1784 1755 2032 1825 “quinque
2078 1755 2405 1819 cubitorum,
2452 1766 2556 1811 etc.
2610 1754 2851 1828 [XXVIL
2887 1754 2970 1828 1.]
2995 1755 3186 1828 Magna
3215 1758 3365 1813 enim
3396 1774 3655 1816 mensura

402 1845 790 1914 requirebatur
826 1852 1046 1913 propter
1080 1844 1352 1912 lignorum
1420 1842 1759 1911 congeriem,
1811 1849 1865 1895 et
1919 1841 2194 1898 secliones
2255 1845 2443 1909 boum,
2497 1852 2549 1899 et
2591 1844 2936 1902 holocausta;
2991 1844 3185 1901 Omnia
3217 1846 3337 1916 ejus
3367 1863 3497 1904 vasa
3526 1857 3657 1903 sunt

400 1946 575 1987 aenea.
614 1932 704 1986 Sic
738 1931 883 1986 enim
916 1931 1060 1998 ignis
1086 1930 1351 1998 impetum
1387 1928 1600 1999 perpeti
1639 1937 1918 1996 poterunt.
1971 1927 2207 1985 Coronae
2260 1937 2314 1985 et
2369 1946 2580 1986 cornua
2622 1932 2677 1987 in
2729 1933 2946 2005 angulis
2984 1933 3281 1991 adduntur.
3335 1935 3477 1991 Nihil
3508 1938 3656 1993 enim

401 2022 719 2077 inornatum
747 2020 1067 2087 ionspieere
1093 2026 1178 2071 est
1206 2016 1349 2086 apud
1380 2014 2090 2086 sapieutissituum-Deum.
2119 2016 2241 2071 Haec
2263 2031 2357 2072 ara
2402 2017 2602 2074 idonea
2634 2029 2720 2075 est
2750 2020 3016 2086 victimis,
3043 2037 3182 2091 quas
3204 2023 3288 2076 lex
3327 2023 3653 2094 imperabat.

399 2108 549 2165 Nihil
586 2110 733 2164 enim
769 2108 836 2161 de
870 2106 1118 2182 materia,
1153 2113 1213 2158 nt
1246 2105 1301 2158 in
1341 2103 1648 2174 praedictis,
1682 2103 1800 2157 auri
1835 2103 1889 2156 in
1925 2103 2030 2158 ista
2060 2117 2156 2156 ara
2189 2105 2429 2160 videtur.
2454 2104 2590 2160 Nam
2630 2108 2775 2178 legis
2808 2109 3005 2163 umbra
3054 2108 3321 2165 inﬁrmior
3349 2118 3456 2176 est,
3491 2127 3656 2182 quam

400 2205 463 2251 nt
495 2209 756 2264 pra-stare
788 2194 963 2263 possit
1000 2170 1120 2245 sitis
1148 2170 1461 2245 cultori-bus
1489 2189 1758 2258 Spiritum
1792 2197 2068 2244 sanctum.
2107 2190 2174 2245 Hi
2202 2193 2346 2248 enim
2380 2209 2488 2250 non
2519 2170 2819 2262 libertatis,
2858 2196 2957 2252 sed
3001 2198 3290 2254 servitutis
3314 2170 3661 2271 agitabantur

401 2284 619 2354 spiritu.
684 2282 965 2353 Siquidem
1020 2278 1257 2349 Spiritus
1316 2289 1623 2332 reservatus
1658 2278 1711 2331 in
1788 2277 1906 2332 haec
1954 2286 2204 2348 tempora
2251 2279 2487 2335 dabatur
2520 2283 2786 2352 apostolis
2839 2290 2970 2354 post
3001 2286 3383 2341 ascensionem
3419 2287 3656 2344 Domini.

418 2390 439 2425 ι
481 2369 692 2425 lnﬁavit
721 2371 864 2424 enim
897 2368 950 2422 in
992 2383 1108 2431 eos,
1145 2366 1336 2422 dicens
1373 2365 1656 2436 :Aecipite
1690 2363 1959 2435 Spiritum
1992 2381 2001 2421 l

2072 2373 2242 2422 ictum
2263 2368 2332 2423 ⁸⁸.
2380 2389 2398 2422 ι
2430 2368 2606 2425 Etiam
2640 2368 2886 2427 Joannes
2920 2374 3141 2444 inquit:
3178 2393 3198 2426 ι
3229 2361 3655 2434 Νοηίιυιιιόιιίιη

400 2472 530 2516 erat
556 2460 798 2530 Spiritus
831 2459 1013 2523 datus,
1042 2458 1167 2527 quia
1203 2455 1366 2511 Jesns
1395 2454 1634 2508 nondum
1678 2461 1798 2508 erat
1842 2453 2290 2524 gloriﬁcalus".s
2313 2455 2585 2512 Praeterea
2604 2456 2806 2514 Paulus
2825 2459 3124 2516 declaravit
3149 2462 3379 2532 Spiritus
3404 2462 3666 2519 dilferen-

406 2548 562 2612 tiam,
594 2548 784 2603 dicens
818 2564 832 2601 :
873 2565 892 2598 ι
922 2545 1045 2601 Νοη
1088 2545 1234 2601 enim
1267 2543 1564 2612 accepistis
1597 2543 1859 2613 spiritum
1897 2543 2187 2599 servitutis
2216 2543 2417 2598 iterum
2467 2543 2535 2599 ad
2577 2544 2875 2601 timorem:
2914 2547 3015 2602 sed
3056 2548 3350 2619 accepistis
3399 2551 3658 2621 spiritum

402 2636 740 2707 adoptionis,
774 2635 827 2690 in
856 2650 968 2705 quo
999 2635 1340 2688 clamamus:
1374 2631 1555 2695 Abba,
1589 2630 1753 2686 Pater
1790 2632 1862 2687 δ’.
1903 2650 1922 2683 ι
1954 2629 2113 2686 Nacti
2142 2630 2413 2701 siquidem
2447 2647 2641 2688 sumus
2675 2633 3305 2706 immortalitatem,quaé
3337 2652 3440 2706 per
3465 2652 3659 2692 aurum

405 2722 1215 2795 signiﬁcatur,participatione
1240 2720 1485 2791 Spiritus
1518 2721 1720 2775 sancti.
1745 2718 1848 2774 Es
1881 2719 2041 2773 nobis
2090 2720 2164 2774 ob
2210 2719 2407 2775 oculos
2449 2720 2604 2789 ponit
2654 2720 2887 2776 rebelles
2930 2719 3175 2786 Iudaeos,
3217 2723 3311 2793 qui
3336 2723 3661 2779 seditionem

403 2813 753 2868 concitarunt
782 2820 974 2866 contra
1010 2807 1325 2875 Christum,
1359 2808 1522 2862 sicuti
1552 2806 1697 2861 Core
1730 2814 1786 2860 et
1816 2805 2028 2860 Datltan
2059 2806 2425 2876 conjurarunt
2448 2806 2725 2863 adversus
2771 2806 2982 2863 Mosen.
3012 2808 3118 2864 Sed
3152 2810 3349 2864 horum
3382 2811 3663 2869 tburibnla

402 2917 556 2957 aenea
584 2902 743 2972 jussu
777 2900 970 2954 divino
1003 2896 1190 2953 refusa
1223 2902 1355 2953 sunt
1401 2903 1456 2949 et
1490 2901 1787 2949 extenuata
1813 2895 1868 2949 in
1894 2894 2151 2957 laminas,
2186 2893 2456 2963 aﬁlxaque
2500 2894 2681 2948 altari.
2735 2892 2979 2951 Beseleel
3014 2895 3189 2951 altare
3221 2912 3438 2951 aeneum
3472 2913 3538 2952 ex
3567 2899 3662 2952 tali

404 2988 721 3045 construxit
748 2987 1006 3047 materia,
1035 2991 1097 3038 ut
1118 2998 1183 3039 ex
1215 2981 1575 3053 sequentibus
1615 2982 1827 3038 clarius
1867 2981 2256 3052 percipiemus.
2304 2980 2414 3037 Lex
2445 2981 2619 3051 igitur
2663 2982 3044 3053 hujuscemodi
3077 2987 3349 3055 exemplis
3394 2986 3507 3055 jam
3530 2987 3662 3040 olim

405 3074 704 3131 declaravit
732 3072 867 3142 legis
898 3071 1110 3126 cultum
1144 3083 1271 3126 esse
1298 3067 1591 3138 quemdam
1625 3077 1945 3138 tyrannum,
1976 3078 2030 3123 et
2060 3083 2155 3136 per
2191 3068 2490 3124 seditiosos
2515 3068 2660 3125 Core
2685 3079 2742 3124 et
2784 3071 3000 3125 Dathan
3031 3071 3340 3144 horumque
3367 3074 3667 3144 complices

410 3161 715 3231 significari
740 3156 1189 3213 inobedientibus
1229 3157 1398 3211 duras
1423 3169 1638 3224 pinnas.
1671 3154 1860 3210 Altare
1880 3155 2030 3209 enim
2055 3154 2212 3219 illud,
2236 3155 2382 3225 quod
2407 3157 2493 3209 lex
2520 3156 2635 3211 ﬁeri
2675 3158 2961 3227 praecepit,
2986 3169 3072 3213 est
3096 3161 3405 3231 symbofum
3432 3176 3665 3231 exaspe-

405 3250 581 3306 rantis
616 3258 672 3304 et
704 3246 1139 3302 contradicentis
1166 3243 1376 3314 populi.
1410 3242 1687 3299 Praedicta
1717 3250 1899 3299 autem
1932 3240 2099 3311 dona,
2129 3242 2332 3314 quibus
2365 3242 2622 3300 additum
2666 3252 2752 3300 est
2784 3260 3017 3311 aurum,
3064 3247 3267 3303 docent
3325 3248 3661 3304 oblaziunem

406 3338 649 3394 ﬁdelium
682 3349 807 3390 esse
837 3343 1044 3404 gratam
1083 3340 1504 3401 acceptamque.

477 3428 664 3483 Aliare
691 3436 870 3488 vocat,
921 3431 982 3478 ut
1010 3423 1167 3478 aiunt
1213 3421 1465 3492 quidam,
1513 3434 1666 3475 aram
1705 3419 1829 3475 sub’
1860 3418 1988 3475 divo

2160 3420 2558 3495 Θυσιαστήριον
2587 3423 2645 3478 δέ
2671 3440 2827 3492 φασι,
2864 3425 2979 3495 (9i)
3016 3424 3172 3478 καλεῖ
3204 3425 3295 3478 τὸν
3331 3426 3392 3478 ἐν
3415 3425 3665 3500 ὑπαίθρῳ

407 3522 666 3592 positam.
703 3518 829 3574 Haec
852 3518 959 3574 sita
990 3525 1076 3571 est
1107 3516 1159 3570 in
1194 3514 1344 3568 aditu
1376 3512 1556 3584 primo
1589 3511 1931 3568 tabernaculi
1968 3529 1983 3565 :

2095 3513 2280 3585 βωμὸν
2298 3514 2408 3568 τῶν
2441 3514 2661 3569 εἰσόδων
2685 3516 2786 3585 τῆς
2818 3516 3046 3587 σκηνῆς,
3079 3518 3341 3586 ἄντικρυς
3374 3518 3666 3585 ἀφεστῶτα

406 3618 673 3680 tantoque
710 3607 891 3678 spatio
917 3607 1071 3662 abest
1094 3603 1473 3666 tabernaculo,
1511 3609 1779 3672 quantum
1801 3609 1988 3670 postu-

2090 3603 2367 3670 τοσοῦτον,
2401 3604 2526 3659 ὅσον
2586 3606 2774 3661 ἱκανὸν
2812 3607 3152 3678 λειτουργοῖς
3202 3605 3342 3662 εἶναι
3388 3608 3666 3677 διάστημα

409 3701 525 3756 lant
556 3700 814 3758 victimae.
856 3684 979 3768 quae
996 3696 1243 3768 quotidie
1272 3688 1579 3749 caeduntur:
1615 3691 1773 3747 Hunc
1803 3693 1983 3747 locum

2094 3694 2233 3766 πρὸς
2274 3696 2374 3759 τὰς
2431 3695 2552 3751 διαο’
2620 3697 2857 3768 ἑκάστην
2888 3699 3099 3769 ἡμέραν
3130 3697 3549 3769 ἐπιτελουμέναξ
3569 3698 3666 3752 Ou-

409 3793 516 3850 sibi
551 3791 835 3847 vindicant
878 3789 1142 3852 ministri,
1189 3787 1281 3857 qui
1334 3800 1495 3843 sacra
1531 3784 1761 3839 faciunt.
1795 3784 1985 3839 Collo-

2093 3788 2238 3853 σξας.
2265 3783 2374 3843 Ἦν
2395 3788 2452 3842 δὲ
2480 3790 2537 3844 ἐν
2574 3789 2815 3861 μεθορίῳ
2861 3788 2971 3843 τῶν
2992 3791 3034 3842 δ’
3071 3792 3164 3844 καὶ
3196 3797 3237 3843 e'
3269 3791 3489 3855 κιόνων,
3537 3791 3667 3859 περὶ

409 3893 532 3941 cata
561 3891 745 3939 autem
775 3891 861 3939 est
890 3882 946 3937 in
984 3881 1225 3938 conﬁnio
1255 3889 1497 3950 quatuor
1525 3886 1583 3932 et
1616 3877 1862 3946 quinque
1891 3890 1985 3931 co-

2088 3874 2165 3935 ὦν
2187 3882 2320 3953 ἐρεῖ.
2345 3881 2525 3952 Ὅπερ
2549 3881 2717 3947 ἐστὶν,
2735 3884 2908 3935 εἰπεῖν
2940 3883 3165 3952 κυρίως,
3204 3883 3458 3953 πρόναον,
3486 3882 3667 3953 εἰργό-

410 3977 724 4034 lumnarum
754 4016 770 4039 ,
805 3978 870 4030 de
903 3975 1104 4045 quibus
1138 3980 1325 4043 postea
1353 3971 1587 4026 dicetur.
1620 3969 1778 4023 lluuc
1805 3969 1991 4037 itaque

2096 3988 2256 4041 μενον
2306 3972 2456 4025 δυσὶν
2511 3972 2817 4042 ὑφάσμασι,
2876 3972 2954 4042 τῷ
3007 3973 3105 4043 μὲν
3168 3973 3337 4036 ἔνδον,
3360 3973 3389 4026 ὃ
3418 3973 3669 4027 καλεῖται

410 4069 589 4125 locum
617 4067 855 4139 appelles
878 4066 1005 4121 licet
1034 4065 1220 4135 templi
1245 4065 1598 4128 vestibulum,
1626 4061 1770 4132 quod
1796 4059 1993 4117 distin-

2093 4064 2497 4132 καταπέτασμα
2520 4077 2533 4090 ·
2564 4063 2644 4133 τῷ
2679 4063 2736 4117 δὲ
2783 4062 2964 4128 ἐκτὸς,
2987 4063 3016 4116 ὃ
3042 4063 3515 4133 προσαγορεύεται
3567 4061 3670 4117 κά-

411 4162 529 4231 guit
557 4161 774 4216 duobus
810 4159 1051 4229 tapetiis,
1087 4155 1492 4226 interno,qnod
1514 4163 1742 4210 vocatur
1770 4152 1988 4207 velum:

2091 4154 2284 4225 λυμμα
2308 4171 2321 4185 ·
2345 4154 2474 4207 ἔνθα
2501 4150 2570 4225 ἦν
2601 4155 2700 4210 καὶ
2733 4155 2794 4208 τὸ
2829 4155 3238 4227 θυσιαστήριον,
3280 4157 3376 4210 καὶ
3404 4158 3437 4227 ἡ
3460 4154 3667 4226 λυχνία,

407 4259 737 4317 etexterno,
772 4250 864 4305 cui
907 4262 1107 4304 nomen
1152 4247 1342 4302 dixere
1387 4252 1729 4314 tegumenta.
1780 4240 1878 4296 llic
1907 4240 1990 4295 vi-

974 4262 1107 4303 lmen
1152 4247 1342 4302 dixere
1387 4252 1729 4314 tegumenta.
1780 4240 1878 4296 llic
1907 4240 1991 4295 vi-
2092 4248 2188 4300 καὶ
2226 4245 2557 4318 manage.

410 4343 673 4400 sebantur
709 4340 1072 4405 thuribulum,
1099 4336 1488 4392 candelabrum
1517 4342 1572 4390 et
1598 4348 1808 4387 mensa.

479 4454 544 4505 Et
569 4452 729 4520 facies
764 4449 935 4503 altare
961 4447 1473 4518 tltymiamatis,etc.
1504 4442 1641 4497 Ecce
1672 4442 1809 4509 legis
1851 4440 2011 4494 altari
2044 4441 2294 4517 succo-lit
2328 4440 2525 4495 ordine
2562 4456 2658 4495 ara
2693 4441 2904 4511 gratiae.
2947 4440 3082 4496 Nam
3118 4458 3341 4509 aurum,
3377 4442 3521 4514 quod
3543 4445 3671 4501 huic

357 4576 365 4591 .
409 4542 732 4612 adjnngitnr
759 4539 992 4610 gratiam
1028 4535 1321 4607 portendit,
1356 4543 1417 4589 ut
1445 4533 1557 4603 jam
1598 4532 1798 4587 millies
1849 4528 2185 4586 monuimus.
2230 4527 2452 4582 Cornua
2488 4536 2750 4598 aptantur
2783 4529 2944 4599 quasi
3007 4545 3267 4599 expausze
3314 4546 3510 4588 manus
3542 4532 3672 4587 huic

414 4645 709 4699 araczqna:
738 4622 1265 4703 tlr'tltthlfanl‘Sllb
1318 4632 1451 4694 typo
1498 4622 1795 4691 pretiosam
1833 4618 2039 4673 Christi
2080 4632 2326 4671 crucem.
2372 4614 2544 4684 llujus
2576 4617 2953 4685 spectaculum
3004 4617 3208 4688 ubique
3254 4626 3309 4673 ct
3355 4636 3450 4689 per
3483 4620 3667 4673 omnia

412 4728 610 4772 nostro
642 4717 942 4771 intellectui
972 4715 1168 4784 ingerit
1197 4729 1292 4768 ara
1332 4712 1421 4766 illa
1456 4710 1751 4781 quadrata.
1788 4709 1845 4763 ltt
1875 4706 2026 4761 omni
2057 4705 2201 4760 enim
2235 4705 2355 4758 loco
2387 4704 2747 4771 cognoscitur
2781 4704 3041 4760 Christus
3075 4706 3399 4762 cruciﬁxus.
3426 4706 3551 4761 Hice
3573 4723 3664 4760 ara

411 4814 711 4863 exornatur
742 4802 906 4858 ﬂexili
939 4818 1170 4856 corona.
1208 4800 1343 4855 Nam
1367 4799 1629 4854 Christus
1663 4797 1940 4851 formosus
1973 4802 2077 4858 est,
2113 4793 2159 4848 si
2185 4790 2414 4846 formam
2439 4790 2564 4859 ejus
2590 4790 2934 4857 consideres,
2965 4808 3136 4862 supra
3166 4808 3361 4849 omnes
3384 4796 3669 4857 mortales,

413 4895 469 4947 id
506 4901 613 4957 est,
644 4893 829 4946 forma:
854 4891 1124 4961 elegantia
1172 4889 1334 4945 facile
1367 4903 1562 4942 omnes
1617 4893 1842 4955 superat
1893 4882 2176 4938 mortales.
2221 4878 2430 4933 Christi
2477 4877 2737 4949 discipuli
2760 4880 3124 4935 conferuntur
3150 4884 3415 4938 vestibus.
3439 4881 3574 4937 Nam
3614 4883 3667 4936 hi

413 4978 812 5036 circumferunt
841 4979 1046 5035 Christi
1082 4979 1401 5049 mysterium
1442 4974 1826 5045 praedicando,
1860 4978 1920 5024 ut
1957 4969 2052 5025 Dei
2099 4966 2340 5022 ministri
2375 4973 2431 5021 et
2469 4965 2887 5037 dispensatores
2927 4969 3319 5040 mysteriorum
3352 4972 3585 5027 Christi.

486 5066 658 5125 Panes
695 5070 862 5139 ipsam
899 5085 927 5123 e
951 5068 1158 5139 regione
1180 5066 1297 5133 veli,
1327 5063 1466 5137 quod
1498 5072 1578 5118 est
1616 5077 1774 5132 super
1802 5076 1953 5123 arca,
2007 5066 2114 5113 etc.
2162 5053 2302 5128 [21.]
2339 5052 2549 5124 Nempe
2601 5070 2633 5110 e
2683 5056 2906 5127 regione
2932 5058 3328 5128 propitiatorii,
3358 5060 3502 5128 quod
3533 5066 3651 5113 erat

487 5246 533 5277 ³⁸
572 5246 678 5300 lsa.
706 5261 745 5306 t,
780 5245 866 5301 15.
944 5246 991 5278 "
1017 5246 1165 5300 Psal.
1202 5260 1396 5301 xxxiii.
1435 5242 1517 5297 16.
1622 5242 1667 5275 ⁸ο
1696 5237 1929 5292 Zachar.
1967 5253 2042 5301 tv,
2069 5236 2124 5290 2.
2201 5235 2242 5267 "
2277 5242 2411 5297 ibid.
2440 5242 2522 5297 ιθ.
2622 5241 2665 5271 δ’
2705 5236 2837 5290 Dan.
2878 5252 2939 5301 tt,
2966 5235 3057 5291 22.
3145 5234 3217 5306 _"
3240 5233 3402 5306 Rom.
3435 5250 3556 5293 vni,
3580 5235 3671 5287 97.

416 5313 627 5371 “Ilebr
682 5304 752 5373 tv.
783 5316 869 5370 l3.
945 5316 1148 5370 “ibid.
1223 5312 1310 5366 “.l
1353 5330 1483 5367 rem.
1513 5326 1675 5375 xxttt,
1716 5310 1806 5362 ‘23.
1911 5307 1999 5359 “2

2084 5308 2145 5363 Ill.
2192 5324 2266 5373 IV.
2323 5312 2409 5367 Η.
2531 5310 2573 5344 ⁸³
2608 5308 2753 5365 Psal.
2802 5323 2936 5370 χιιι,
2976 5307 3027 5362 5.
3142 5304 3185 5337 ”
3234 5305 3377 5359 Psal.
3457 5320 3667 5371 esuri,

412 5387 542 5453 3,4.
618 5387 663 5419 "
691 5385 851 5441 .loan.
887 5402 978 5453 xx,
1002 5385 1093 5439 2‘3.
1171 5386 1214 5417 ⁵³
1245 5382 1405 5438 Joau.
1432 5399 1528 5449 vn,
1553 5381 1641 5436 59.
1719 5382 1764 5413 δ’
1799 5378 1959 5432 Rom.
1998 5393 2117 5439 vtit,
2163 5380 2250 5434 15.

1945 5470 2176 5529 NOTAE.

485 5570 835 5694 ἓῢίέἑξῦσηπ.
862 5574 914 5629 ὲν
934 5589 1055 5642 κεφ.
1082 5570 1113 5626 5
1134 5569 1225 5624 τοῦ
1248 5569 1280 5624 5
1306 5588 1367 5625 πε
1379 5573 1428 5642 ρὶ
1447 5569 1722 5627 ’Ῑοινὸίιῖῖλα
1772 5568 2068 5635 Ἀρχαιολ.

2095 5566 2234 5637 βιϐλ.
2272 5574 2363 5625 καὶ
2392 5572 2504 5626 ibi)"
2542 5574 2568 5626 ὁ
2613 5569 2760 5638 Ἐϐρ.
2807 5568 2862 5620 ὲν
2907 5563 2985 5635 τῷ
3019 5565 3071 5630 5,
3110 5565 3237 5635 περὶ
3300 5564 3491 5618 Μωῦσ.
3555 5559 3672 5629 λόγ.

420 5643 533 5695 etii.
566 5643 689 5699 667.
