4010 6212
265 350 368 406 liii
1429 338 1837 399 COMME'xTﬁ.

1950 338 1965 394 [
2013 335 2083 394 Η
2122 335 2471 396 EXODUM.
3429 329 3533 383 lit!

264 444 491 502 ettitius.
520 456 644 495 arca
689 440 960 510 squidem
1000 441 1145 494 hami
1186 441 1356 510 posita
1393 450 1529 493 erat.
1597 438 1729 492 Nam
1765 436 1905 491 Deus
1956 451 2136 490 sermo
2184 434 2540 490 excellentior
2593 441 2711 485 erat
2754 435 3005 494 rerpeetu
3060 424 3256 477 divinae
3297 431 3526 482 naturai,

271 546 437 602 quam
469 530 743 594 humanm,
773 544 933 596 quam
965 544 991 579 a
1033 537 1176 581 tetra
1229 536 1552 597 sumpserat.
1593 529 1819 579 Auream
1854 538 2002 576 aram
2033 561 2047 584 ,
2104 539 2223 593 qum
2251 535 2407 594 typus
2446 530 2526 576 est
2566 518 2785 575 Christi.
2816 516 2968 586 jubet
3011 511 3175 569 statui
3208 526 3368 578 supra
3398 510 3539 564 Che-

273 597 449 673 rubim
482 633 513 671 e
551 617 769 682 regione
823 616 941 686 ejus
999 615 1124 678 Icci,
1166 615 1306 670 umle
1359 614 1496 669 Deus
1545 614 1788 683 loquitur
1822 621 1869 665 ct
1930 612 2277 682 intelligitur,
2308 610 2463 680 quasi
2513 623 2610 663 nos
2659 622 2749 674 per
2776 604 3053 659 Christum
3112 602 3442 654 adducamur
3479 597 3536 651 in

279 714 624 775 conspectum
662 704 863 766 Patris,
899 718 1283 771 versemurque
1323 704 1373 755 in
1407 701 1533 771 «jus
1563 699 1924 756 oculis.‘l\'am
1947 698 2245 762 hominem,
2276 698 2366 766 qui
2393 712 2451 752 se
2486 702 2754 748 aver:erat
2791 707 2820 746 a
2861 691 2967 744 Deo
2994 702 3212 757 prop'er
3236 695 3538 754 peccatum,

280 797 472 850 iterum
512 792 797 846 constituit
836 801 888 845 et
925 791 1136 844 reduxit
1167 770 1220 843 in
1252 770 1607 856 conspectuin
1643 787 1820 841 Patris
1853 786 2129 841 Christus.
2162 783 2441 852 Siquidem
2504 798 2600 852 pro
2649 780 2805 833 nobis
2835 790 3145 848 praecursor
3200 772 3441 828 introivit
3481 770 3535 823 in

278 876 469 930 rmlum
491 913 506 938 ,
540 883 603 929 ut
635 874 707 929 ibi
741 884 999 944 appareat
1024 889 1206 930 coram
1244 871 1386 927 facie
1424 870 1541 934 Dei,
1572 881 1624 925 et
1650 883 1749 937 pro
1802 870 1960 924 nobis
1993 873 2292 925 intercedat
2335 868 2733 940 peccatoribus.
2769 864 2885 933 Ipse
2922 875 3004 919 est
3042 879 3144 933 pax
3180 868 3385 921 nostra.
3428 859 3542 926 ipse

278 974 360 1021 est
411 965 707 1034 thymiama
738 962 869 1018 illud
896 962 1258 1032 compositum
1284 959 1477 1015 intuitu
1513 958 1930 1014 incarnationis.
1962 955 2095 1011 Nam
2122 974 2184 1011 ex
2209 956 2416 1011 duabus
2450 955 2788 1021 compositus
2819 963 2899 1006 est
2928 950 3177 1007 Christus
3212 945 3444 1010 naturis,
3472 959 3541 997 ex

286 1056 468 1104 gntum
499 1058 553 1099 τοι
589 1048 804 1114 spissa:
842 1050 961 1097 haec
992 1050 1251 1102 humana,
1284 1045 1373 1093 illa
1401 1041 1589 1092 divina
1614 1046 1696 1092 est
1727 1053 1740 1088 :
1774 1038 1900 1106 quia
1930 1045 2081 1089 caret
2127 1039 2382 1087 crassitie
2420 1037 2612 1105 legalis
2667 1037 2869 1089 cultus.
2922 1034 3057 1087 Nam
3094 1035 3290 1089 obtulit
3339 1046 3539 1090 SCIIH'l-

283 1133 464 1201 ipsum
496 1145 595 1199 pro
630 1129 864 1184 nobisin
895 1128 1120 1181 odorem
1150 1126 1306 1177 bona:
1337 1121 1671 1191 fragrantia},
1718 1120 1897 1174 dictus
1930 1119 2191 1176 sacerdos
2232 1131 2287 1175 et
2328 1122 2585 1191 inquiens
2622 1140 2635 1175 :
2700 1141 2717 1172 ί
2755 1121 3044 1176 Victimam
3106 1133 3160 1175 ct
3202 1120 3536 1176 oblationtm

285 1219 538 1273 noluisti.
579 1234 599 1267 ι
636 1214 802 1284 296
832 1212 940 1267 Nec
966 1211 1062 1264 tzbi
1089 1221 1240 1280 grata
1269 1210 1491 1261 luerunt
1534 1208 1875 1272 holocausta,
1923 1209 1976 1264 itt
2007 1209 2111 1262 hoc
2154 1218 2490 1278 comparata,
2521 1220 2579 1261 ut
2606 1210 2901 1277 expientur
2933 1210 3154 1263 deiicta.
3195 1229 3212 1260 ι
3243 1211 3309 1262 At
3333 1223 3534 1277 corpus

283 1306 419 1361 mihi
476 1304 701 1373 aptasti.
725 1300 879 1354 Tunc
912 1298 1023 1352 dixi
1060 1315 1072 1350 :
1110 1297 1251 1350 Ecce
1276 1294 1455 1358 venio,
1483 1303 1542 1347 ut
1576 1292 1769 1348 faciam
1803 1294 1944 1351 Deus
1967 1297 2303 1350 voluntatem
2338 1304 2487 1348 tuam
2532 1296 2598 1349 ³³,
2641 1315 2658 1346 i
2698 1295 2832 1349 Nam
2874 1307 2930 1348 ut
2964 1298 3138 1365 ipsius
3176 1296 3360 1351 verbis
3385 1307 3532 1359 utar,

292 1411 313 1446 α
345 1393 642 1461 Propterea
668 1404 698 1444 e
722 1388 864 1442 ctelo
892 1384 1173 1448 descendi,
1202 1400 1308 1437 non
1336 1391 1393 1436 tit
1428 1382 1626 1437 faciam
1656 1382 1990 1437 voluntatem
2023 1398 2220 1445 meam,
2256 1383 2347 1436 sed
2390 1384 2727 1436 voluntatem
2770 1383 2912 1449 ejus,
2952 1384 3045 1452 qui
3094 1383 3243 1436 misit
3272 1397 3375 1435 me.
3410 1380 3535 1436 llaec

286 1480 583 1533 autern‘est
614 1474 865 1530 voluntas
892 1468 1073 1526 Patris
1098 1469 1226 1533 mei,
1265 1477 1324 1522 ut
1356 1483 1519 1522 omne
1550 1466 1696 1536 quod
1729 1465 1877 1522 dedit
1908 1468 2064 1533 mihi,
2092 1484 2197 1523 non
2231 1470 2476 1538 perdam,
2509 1471 2602 1525 sed
2642 1473 2967 1523 resuscitem
2995 1469 3128 1524 illud
3152 1470 3206 1523 in
3236 1470 3537 1524 novissimo

284 1567 376 1621 die
397 1564 465 1618 ".
507 1581 525 1614 ι
553 1562 729 1615 Etiam
754 1557 919 1614 David
942 1556 1130 1627 dirigit
1155 1555 1209 1609 in
1249 1553 1473 1609 odorem
1500 1553 1660 1608 bona;
1691 1554 2004 1623 fragrantite
2034 1554 2143 1610 Deo
2167 1557 2436 1611 orationis
2470 1557 2757 1612 incensum
2793 1558 2909 1611 sive
2928 1550 3246 1628 thymiama,
3275 1572 3539 1628 peragens

283 1666 448 1706 suum
479 1645 811 1705 sacrificium
854 1642 1201 1698 extendendo
1235 1655 1429 1696 manus
1460 1654 1610 1695 suas.
1647 1637 1857 1693 Obtulit
1886 1641 2069 1712 itaque
2095 1644 2353 1699 Christus
2374 1648 2733 1715 semetipsum
2757 1647 3054 1717 thymiama
3092 1648 3456 1717 compositum
3486 1654 3541 1700 et

285 1748 453 1796 tenue
485 1737 569 1794 vel
595 1735 816 1793 subtile.
852 1731 1027 1803 Hujus
1050 1734 1131 1786 rei
1158 1731 1403 1800 locuples
1431 1731 1590 1785 testis
1618 1738 1705 1784 est
1734 1727 1963 1794 Paulus,
1995 1730 2186 1786 dicens
2217 1749 2230 1785 :
2268 1748 2289 1782 ι
2340 1730 2449 1786 Deo
2480 1740 2664 1787 autem
2701 1734 2898 1800 gratia,
2941 1736 3032 1802 qui
3067 1748 3284 1802 semper
3315 1749 3409 1804 per
3438 1749 3541 1789 nos

288 1825 594 1896 triumphat
623 1823 678 1878 in
704 1821 952 1883 Christo.
978 1828 1032 1875 et
1066 1818 1423 1889 fragrantiam
1462 1816 1671 1870 notitia:
1700 1831 1812 1870 suae
1858 1830 1955 1884 per
1994 1830 2097 1871 nos
2144 1816 2458 1873 manifestat
2499 1818 2556 1872 in
2592 1818 2742 1873 omni
2771 1819 2913 1873 loco.
2952 1820 3088 1886 Quia
3121 1820 3327 1876 Christi
3364 1822 3542 1879 bonus

288 1912 436 1970 odor
467 1925 660 1967 sumus
693 1909 749 1963 in
778 1909 1015 1964 servatis
1043 1916 1095 1961 et
1122 1904 1477 1974 pereuntibus
1506 1903 1572 1973 5".
1609 1922 1627 1956 ι
1667 1901 1731 1957 Ει
1773 1903 1970 1957 iterum
2005 1923 2018 1958 :
2057 1922 2076 1958 ‹
2111 1905 2365 1961 Christus
2408 1905 2599 1961 dilexit
2646 1920 2769 1972 nos,
2826 1914 2881 1960 et
2931 1907 3161 1961 tradidit
3185 1909 3541 1978 semetipsum

286 2015 392 2075 pro
418 2000 581 2056 nobis
614 1999 951 2056 oblationem
980 2004 1036 2051 et
1070 1997 1350 2051 victimam
1384 1994 1491 2049 Deo
1513 1994 1567 2047 in
1593 1992 1815 2048 odorem
1841 1994 1997 2049 bona:
2020 1991 2337 2064 fragrantia:
2369 1993 2437 2047 ⁸⁸.
2475 2011 2495 2045 ι
2531 1991 2751 2049 Incensi
2778 2000 2960 2048 autem
2987 2002 3203 2065 tempus
3224 1997 3542 2067 assignatur

290 2089 623 2145 matutinum
653 2094 709 2140 et
738 2085 1142 2155 vespertinum,
1176 2098 1273 2151 per
1304 2096 1427 2150 qua:
1455 2079 1799 2149 signiticatur
1830 2092 2092 2152 perpetuo
2127 2096 2250 2137 esse
2282 2082 2580 2138 orandum.

361 2173 591 2242 Quando
618 2173 845 2227 lucernae
865 2180 1130 2240 parantur
1162 2178 1211 2223 et
1246 2168 1630 2231 accenduntur,
1663 2174 1771 2221 etc.
1802 2167 1936 2225 Nam
1974 2168 2103 2224 dum
2137 2168 2510 2224 illuminamur
2532 2168 2732 2225 divinae
2752 2170 2893 2226 lucis
2921 2170 3237 2241 splendore,
3266 2172 3544 2242 replcmnr

292 2264 509 2319 abunde
537 2264 681 2318 bono
707 2261 913 2316 Christi
943 2259 1133 2315 odore.
1166 2256 1303 2311 Nam
1335 2255 1457 2309 fidei
1494 2255 1587 2309 lux
1622 2264 1870 2325 praestat,
1906 2270 2120 2326 nosque
2146 2256 2221 2310 ita
2250 2264 2547 2327 praeparat,
2582 2266 2642 2311 ut
2673 2273 2944 2328 queamus
2969 2256 3174 2313 Christi
3207 2273 3542 2327 cognoscere

292 2350 638 2422 mysterium.
669 2349 761 2403 Ait
791 2348 938 2404 enim
978 2364 991 2399 :
1030 2364 1050 2399 ς
1095 2346 1153 2399 Si
1194 2360 1306 2399 non
1355 2342 1609 2406 creditis,
1660 2357 2003 2412 nequaquam
2052 2345 2372 2415 intelligetis
2417 2344 2484 2400 ".
2526 2364 2545 2397 ι
2591 2344 2915 2416 Thymiama
2956 2361 3175 2415 semper
3204 2346 3538 2402 adolendum

291 2448 397 2493 est.
419 2434 648 2507 Semper
694 2435 970 2506 siquidem
1011 2433 1267 2488 Christus
1316 2431 1525 2501 spargit
1553 2437 1609 2484 et
1636 2429 1866 2484 effundit
1905 2430 2079 2486 bonos
2123 2433 2322 2488 odores
2361 2433 2415 2486 in
2474 2448 2578 2489 suo
2611 2433 2993 2499 tabernaculo,
3027 2434 3241 2488 scilicet
3274 2435 3537 2490 Ecclesia.

291 2522 451 2591 Quod
480 2532 664 2578 autem
699 2523 787 2579 lex
817 2537 913 2592 per
938 2519 1222 2576 Christum
1259 2518 1603 2587 antiquetur,
1640 2516 1775 2571 satis
1808 2515 2115 2572 declaratur
2141 2534 2235 2588 per
2263 2518 2339 2585 id,
2373 2519 2523 2589 quod
2556 2520 2815 2589 prohibet
2839 2519 3163 2577 holocausta
3194 2531 3246 2576 et
3283 2522 3539 2577 libamina

292 2607 498 2664 inferre
530 2622 698 2678 super
724 2622 875 2661 aram
899 2620 1145 2660 auream.
1176 2602 1387 2658 Idcirco
1410 2602 1614 2657 clamat
1646 2601 1875 2672 prophet

1985 2624 2003 2654 ι
2033 2596 2432 2660 ευὺῑδιιιητέει
2458 2621 2525 2662 ex
2545 2606 2706 2661 domo
2728 2605 3063 2661 sacrificium
3091 2615 3145 2662 et
3178 2608 3411 2662 libamen
3436 2609 3535 2663 ".i

290 2694 442 2750 Nova
471 2695 617 2749 enim
647 2694 700 2749 in
734 2694 955 2750 Christo
986 2700 1071 2748 est
1090 2698 1310 2746 natura.
1344 2688 1531 2743 Gratia
1549 2688 1896 2754 exciderunt,
1928 2691 2021 2759 qui
2051 2691 2103 2745 in
2133 2690 2249 2763 lege
2271 2690 2728 2761 justilicatiunem
2761 2702 3012 2763 quierunt
3049 2705 3168 2764 post
3203 2702 3540 2750 estet-.tatam

292 2784 606 2837 veritatem.

367 2865 478 2921 Nec
497 2867 657 2937 feres,
683 2866 875 2936 inquit,
907 2865 961 2921 in
990 2862 1125 2918 hanc
1160 2880 1318 2918 aram
1361 2862 1650 2933 thymiama
1676 2860 1847 2926 aliud,
1883 2871 1990 2919 etc.
2022 2864 2175 2922 Unus
2210 2867 2353 2922 enim
2389 2866 2546 2923 nobis
2572 2875 2654 2923 est
2685 2867 2880 2923 doctor
2913 2879 2966 2925 et
2996 2870 3265 2925 antistes:
3302 2870 3542 2941 huicque

289 2954 396 3011 soli
418 2955 865 3008 adhaerescamus
899 2952 1183 3023 deditique
1214 2953 1413 3016 simus,
1446 2951 1689 3006 dicentes
1718 2966 1732 3003 :
1768 2968 1787 3001 ι
1826 2948 2173 3021 Unguentum
2206 2953 2445 3009 ellusum
2471 2966 2555 3008 est
2580 2971 2780 3010 nomen
2829 2966 3005 3011 tuum.
3035 2957 3327 3026 Propterea
3358 2960 3544 3013 adule-

292 3042 556 3097 scentula:
601 3041 915 3095 dilexerunt
946 3047 1020 3094 te.
1055 3039 1185 3094 Post
1218 3047 1272 3093 te
1305 3039 1360 3093 in
1405 3037 1629 3093 odorem
1678 3048 2078 3107 unguentorum
2118 3055 2405 3096 curreinus
2435 3039 2502 3094 ⁸³.
2562 3058 2582 3093 ι
2617 3039 2732 3095 Non
2785 3043 2865 3097 sic
2920 3042 3139 3097 fuerunt
3182 3042 3377 3100 Judaei.
3405 3043 3542 3099 Nam

292 3132 596 3202 fugitantes
629 3130 837 3185 Christi
869 3130 1068 3184 bonam
1099 3128 1541 3199 fragrantiam,ct
1568 3126 1894 3196 recipientes
1918 3126 2065 3182 aliud
2094 3128 2415 3201 thymiama,
2439 3128 2610 3185 filium
2634 3131 2846 3186 scilicet
2879 3133 3208 3201 iniquitatis,
3235 3142 3545 3203 sequuntur

294 3221 511 3275 Satanae
543 3219 929 3275 fetidissimum
964 3218 1244 3274 odorein.c
1274 3217 1405 3273 Nam
1436 3217 1578 3288 ejus,
1609 3217 1703 3284 ait,
1729 3217 1995 3271 adventus
2019 3216 2122 3269 erit
2151 3217 2452 3271 secundum
2477 3217 2849 3287 operationem
2877 3216 3091 3273 Satanae
3111 3220 3209 3271 “.i
3240 3218 3294 3273 In
3322 3221 3424 3276 hac
3447 3237 3543 3277 ara

295 3310 597 3377 imperatur
630 3308 835 3361 Aarnni
862 3307 1164 3376 quotannis
1191 3305 1362 3362 semel
1392 3305 1612 3374 expiare
1647 3319 1705 3359 se
1735 3310 1787 3357 et
1817 3307 2099 3374 populum.
2133 3304 2363 3359 iubetur
2392 3320 2615 3377 quoque
2652 3318 2955 3375 perungere
2978 3315 3031 3359 et
3067 3306 3382 3362 humectare
3415 3323 3547 3363 san-

297 3398 462 3466 guine
499 3396 839 3465 expiationis
880 3395 1064 3464 apices
1086 3408 1358 3450 cornuum
1389 3392 1767 3447 eminentium.
1797 3391 1929 3447 Nam
1963 3400 2215 3447 sanctum
2252 3403 2570 3462 sanctorum
2607 3401 2709 3447 est.
2740 3390 2854 3445 lloc
2883 3391 3025 3445 idem
3062 3391 3341 3460 eleganter
3361 3396 3546 3463 expla-

297 3494 395 3541 nat
429 3485 655 3549 Paulus,
689 3490 742 3538 et
770 3484 885 3537 ait:
925 3500 943 3533 ι
984 3485 1054 3536 At
1072 3481 1330 3537 Christus
1353 3478 1620 3535 accedens
1644 3480 1890 3549 pontifex
1916 3478 2224 3533 futurorum
2263 3480 2557 3543 bonorum,
2593 3496 2689 3549 per
2728 3478 2908 3547 majus
2933 3484 2989 3531 et
3035 3478 3329 3548 perfectius
3364 3481 3545 3535 taber-

297 3572 579 3637 naculum,
616 3587 722 3626 non
762 3568 1164 3636 manufactum,
1197 3569 1252 3624 id
1275 3577 1381 3633 est,
1417 3582 1524 3622 non
1558 3566 1721 3635 hujus
1746 3576 2053 3626 structurae.
2092 3580 2270 3634 neque
2305 3580 2401 3635 per
2437 3566 2759 3634 sanguinem
2800 3564 3079 3619 hircorum
3123 3580 3190 3620 ac
3224 3566 3546 3633 vitulorum,

301 3659 399 3715 sed
432 3674 527 3728 per
555 3658 839 3729 proprium
880 3656 1202 3727 sanguinem
1234 3655 1516 3726 ingressus
1549 3663 1633 3709 est
1659 3655 1824 3708 semel
1856 3654 1908 3707 in
1945 3662 2132 3707 sancta
2164 3664 2365 3706 celet-tia
2398 3654 2770 3721 redemptione
2805 3662 3019 3721 reperta
3045 3653 3112 3709 ⁵⁸.
3152 3672 3171 3704 ι
3202 3652 3269 3708 Et
3304 3654 3500 3710 iterum
3528 3669 3544 3706 :

304 3764 326 3799 ι
364 3747 495 3801 Cum
518 3746 687 3800 semel
722 3746 794 3800 sit
822 3754 1097 3808 mortuus,
1135 3760 1241 3797 non
1284 3743 1519 3812 amplius
1550 3742 1778 3795 moritur
1818 3758 1832 3795 :
1862 3755 2008 3794 mcrs
2042 3757 2149 3794 non
2186 3739 2421 3808 amplius
2449 3740 2496 3793 ei
2518 3739 2909 3795 dominabitur.
2943 3738 3099 3805 Quod
3129 3742 3273 3795 enim
3301 3751 3551 3798 mortuus

300 3842 385 3888 est
423 3842 672 3902 peccato,
710 3840 965 3886 mortuus
987 3842 1070 3885 est
1108 3830 1276 3885 semel
1306 3845 1319 3881 ε
1354 3827 1502 3897 quod
1537 3839 1718 3882 autem
1751 3829 1909 3890 vivit,
1946 3829 2076 3880 vivit
2109 3826 2216 3881 Deo
2250 3827 2315 3878 ".
2347 3846 2364 3877 ι
2390 3826 2585 3880 Videre
2617 3826 2800 3893 itaque
2827 3836 2911 3881 est
2939 3828 3243 3894 Christmn,
3278 3836 3337 3882 ut
3360 3840 3546 3884 nostra

305 3929 522 3987 peccata
554 3920 726 3973 diluat
759 3927 812 3972 et
834 3918 1073 3982 abolcat,
1108 3916 1516 3970 humectantem
1550 3922 1603 3969 et
1640 3914 1943 3969 irritantein
1984 3910 2203 3978 proprio
2236 3923 2434 3962 cruore
2468 3923 2690 3964 crucem
2729 3924 2743 3962 :
2777 3909 2921 3978 quod
2950 3908 3172 3979 quidem
3202 3911 3550 3981 significatur
3604 3966 3607 3973 ,

304 4021 401 4075 per
435 4006 511 4067 id,
546 4005 690 4075 quod
722 4020 929 4059 cornua
961 4019 1069 4059 arte
1093 4003 1431 4059 cruentanda
1466 4001 1881 4071 prtecipiuntnr,
1914 3997 2198 4052 Christum
2230 3994 2406 4048 solum
2434 4010 2559 4049 vere
2586 3996 3065 4064 cognominaveris
3095 3997 3296 4053 Sancta
3327 4008 3550 4054 sancto-

305 4108 446 4146 rum.
488 4091 622 4145 Nam
652 4108 716 4147 ex
752 4093 856 4147 hoc
879 4090 1376 4145 sanctificationem
1413 4091 1559 4158 capit
1587 4087 1769 4142 omnis
1820 4092 2095 4147 creatura,
2134 4097 2255 4151 quae
2288 4081 2341 4133 in
2385 4082 2526 4136 caelo
2562 4096 2795 4150 quaque
2840 4084 2895 4137 in
2923 4084 3089 4140 terris
3126 4095 3230 4142 est.
3267 4084 3547 4158 Siquidem

300 4178 545 4235 Joannes
578 4180 754 4249 inquit
786 4197 800 4235 :
840 4198 858 4230 ι
896 4178 972 4232 Ex
1006 4177 1346 4249 plenitudine
1373 4175 1493 4245 ejus
1539 4190 1642 4230 nos
1665 4188 1857 4229 omnes
1881 4173 2194 4241 accepimus
2227 4169 2401 4223 “'“a
2423 4169 2495 4224 De
2520 4172 2785 4239 sanguine
2807 4180 3014 4235 autem,
3041 4190 3151 4243 quo
3174 4176 3425 4243 expiatur
3453 4192 3551 4246 po-

304 4270 488 4338 pulus,
524 4268 618 4338 qui
655 4282 874 4337 quoque
906 4263 1283 4335 aspergendas
1314 4271 1397 4317 est
1422 4277 1549 4325 arae,
1583 4266 1636 4315 in
1665 4258 1907 4315 Levitico
1943 4257 2176 4311 traditur
2208 4270 2303 4325 per
2361 4257 2474 4311 haec
2518 4257 2678 4311 verba
2715 4271 2729 4306 :
2766 4276 2785 4308 ι
2838 4257 2895 4310 Si
2924 4267 3102 4313 autem
3130 4260 3421 4316 universus
3452 4278 3550 4332 po-

302 4356 467 4425 pulus
507 4355 668 4409 Israel
702 4353 1031 4424 ignoraverit
1057 4351 1286 4406 verbum
1317 4350 1385 4414 ⁸³,
1426 4368 1444 4400 ι
1472 4360 1579 4405 etc.
1616 4347 1748 4401 Dum
1781 4347 1942 4401 audis
1965 4346 2139 4399 altare
2166 4355 2219 4399 et
2254 4345 2615 4407 thuribulum,
2664 4354 2937 4400 memento
2970 4346 3375 4417 intelligendam
3427 4366 3551 4406 esse

306 4443 706 4501 adurationem,
729 4454 835 4508 qua
870 4452 1062 4493 omnes
1094 4437 1361 4491 caelicolae
1394 4444 1724 4491 venerantur
1755 4434 1809 4489 in
1845 4435 1985 4489 cmlo
2016 4451 2289 4489 summum
2323 4450 2525 4505 regem.
2580 4434 2699 4489 Non
2728 4436 2907 4489 solum
2942 4436 3087 4490 enim
3124 4438 3305 4505 lingua
3336 4452 3547 4505 eorum,

305 4528 397 4595 qui
424 4538 551 4581 sunt
582 4540 747 4592 super
775 4534 919 4578 terra
944 4532 997 4579 et
1033 4520 1178 4577 infra
1224 4533 1451 4580 terram,
1499 4522 1591 4576 sed
1620 4523 1786 4576 etiam
1820 4522 2006 4593 lingua
2042 4523 2287 4584 illorum,
2314 4522 2404 4591 qui
2442 4524 2495 4576 in
2531 4523 2671 4576 cuiln
2724 4533 3031 4586 morantur,
3061 4523 3311 4577 feruntur
3336 4525 3549 4582 laudem

306 4615 680 4669 transmittere
711 4613 775 4665 ad
808 4612 959 4664 illmn
993 4625 1159 4679 penes
1189 4625 1350 4680 quem
1376 4625 1559 4663 rerum
1588 4612 1830 4663 omnium
1862 4626 2077 4664 summa
2107 4617 2211 4665 est.
2246 4607 2358 4663 lloc
2395 4609 2959 4677 itaque-sacriﬁcium,
2995 4626 3188 4679 nempe
3221 4613 3551 4669 sacrificium

308 4704 578 4756 labinrum
606 4708 819 4769 gratum
852 4708 938 4753 est
963 4699 1090 4765 Deo,
1117 4697 1582 4766 quemadmodum
1617 4699 1913 4766 Apostolus
1942 4706 2178 4751 testatur
2211 4713 2225 4749 :
2263 4715 2280 4748 ι
2324 4696 2381 4749 Et
2418 4696 2729 4752 orationum
2768 4699 2945 4750 bonus
2985 4697 3120 4752 odor
3150 4699 3215 4750 “.
3249 4718 3268 4750 ι

386 4787 497 4841 Fac
522 4789 727 4841 [utrum
755 4803 954 4840 a‘ncum
986 4796 1034 4839 et
1061 4785 1229 4839 basim
1270 4784 1383 4852 ejus
1437 4800 1659 4846 a'neam,
1710 4794 1765 4837 ut
1824 4785 2066 4838 laventur
2112 4782 2207 4845 ibi,
2243 4792 2349 4837 etc.
2377 4780 2566 4854 tux.
2606 4782 2714 4853 l8.']
2757 4783 3101 4844 Sacerdotes.
3132 4786 3221 4853 qui
3250 4788 3551 4842 secundum

308 4877 441 4946 legis
466 4877 804 4945 praescripta,
830 4874 1004 4927 sancti
1045 4881 1225 4935 erant,
1277 4887 1417 4940 Opus
1473 4871 1744 4930 habebant
1773 4872 1946 4925 divini
1996 4869 2259 4940 baptismi
2304 4881 2451 4943 typo,
2487 4885 2596 4938 quo
2620 4869 2782 4941 297
2828 4870 3194 4925 abluebanznr
3227 4874 3548 4943 priusquam

308 4972 600 5035 pergerent
630 4977 742 5015 rem
778 4977 988 5016 sacram
1023 4959 1221 5014 facere.
1257 4958 1376 5013 Non
1416 4959 1560 5011 enim
1610 4956 1810 5012 sullicit
1847 4958 1912 5010 ad
1969 4958 2199 5025 salutem
2235 4964 2460 5010 externa
2521 4956 2655 5024 legis
2689 4955 2919 5019 ablatio,
2945 4973 3087 5024 ~qn.e
3136 4974 3338 5029 corpus
3374 4962 3553 5017 solum

307 5049 570 5107 cmundat
602 5068 617 5103 :
652 5050 963 5119 postulatur
990 5048 1083 5102 illa
1114 5046 1350 5108 ablutio,
1382 5060 1503 5115 qua:
1536 5046 1787 5114 purificat
1818 5060 1935 5109 cor,
1971 5054 2026 5098 et
2064 5044 2258 5098 anima:
2305 5042 2495 5096 sordes
2546 5042 2902 5111 macalasquc
2937 5047 3189 5116 extergit.
3249 5047 3364 5113 llle,
3391 5065 3553 5118 (ιιιρηι

307 5153 499 5192 omnes
521 5136 824 5192 secundum
856 5136 1028 5205 legem
1067 5134 1332 5187 mundum
1364 5132 1741 5201 pronuntiant,
1772 5133 1816 5186 si
1860 5132 1961 5185 hac
1990 5130 2271 5185 ablutione
2303 5136 2472 5192 caret,
2521 5144 2750 5198 eamque
2784 5146 2892 5185 non
2925 5140 3202 5200 gratanter
3253 5143 3302 5188 et
3358 5139 3556 5207 cupide

309 5225 510 5295 accipit
530 5226 599 5279 ab
631 5215 859 5278 vocante
882 5222 1131 5284 Domino,
1157 5220 1561 5289 impurissimus
1593 5221 1839 5277 habetur.
1864 5218 1991 5270 Nam
2027 5233 2133 5271 non
2167 5215 2448 5285 iustificati
2482 5232 2673 5271 sumas
2706 5231 2773 5270 ex
2809 5220 3067 5286 operibus
3102 5222 3255 5291 legis,
3286 5223 3330 5276 si
3363 5226 3565 5279 andia-

309 5328 433 5367 mus
466 5313 799 5381 Scripturas.
840 5312 1001 5365 Salus
1033 5310 1190 5365 nobis
1220 5307 1418 5376 obtigit
1455 5323 1516 5359 ex
1559 5308 1660 5361 fide
1698 5308 1750 5360 in
1781 5306 1964 5359 Jt-sum
1999 5306 2298 5365 Christum,
2338 5307 2431 5372 qui
2466 5305 2624 5373 nobis
2660 5305 2723 5357 ad
2757 5319 2815 5358 se
2842 5318 2895 5358 et
2946 5306 3015 5359 ad
3045 5304 3257 5363 Patrem
3301 5326 3556 5367 securum

310 5401 530 5470 paravit
564 5402 773 5452 aditum
805 5398 1118 5467 propulsata
1146 5402 1339 5448 morte.
1382 5391 1725 5461 [inpossibile
1750 5393 1893 5447 enim
1938 5402 2023 5448 est
2056 5402 2114 5447 ut
2156 5392 2378 5460 sanguis
2408 5398 2686 5445 taurorum
2716 5400 2767 5447 et
2802 5392 3082 5448 hircorum
3130 5397 3304 5451 valeat
3341 5399 3559 5455 auferre

378 5591 426 5623 ”
454 5589 599 5645 Psal.
631 5606 819 5651 xxxix,
846 5591 899 5651 7,
931 5589 999 5657 8;
1031 5588 1193 5644 llebr.
1214 5607 1266 5652 χ,
1296 5589 1348 5653 8,
1383 5588 1435 5642 9.
1513 5586 1557 5619 "’
1588 5584 1750 5657 Joan.
1775 5601 1850 5657 vt.
1877 5583 1961 5637 58.

2009 5589 2096 5642 59.
2178 5586 2281 5641 "l3
2308 5586 2432 5657 Cur.
2463 5602 2522 5645 tt,
2564 5585 2650 5650 Η,
2690 5586 2776 5641 l5.
2854 5587 2900 5619 "
2932 5586 3127 5655 Ephes.
3154 5604 3207 5650 v,
3241 5587 3296 5643 2.
3372 5589 3421 5622 ⁸⁷
3451 5592 3557 5649 isa.

309 5678 409 5720 vti.
436 5663 491 5715 9.
602 5660 649 5690 ⁵⁸
671 5659 787 5714 Jorl
825 5677 861 5724 t,
893 5661 946 5715 9.
986 5654 994 5657 ’
1060 5662 1105 5693 ⁸³
1136 5664 1338 5714 (laniat
1364 5699 1377 5719 .
1407 5658 1463 5717 εὶ.
1497 5659 1548 5710 5.
1657 5655 1700 5686 ⁶⁰
1729 5656 1766 5708 lt
1800 5654 1892 5708 τιν

1972 5676 2001 5708 ι.
2042 5675 2095 5721 n,
2128 5660 2179 5713 9.
2295 5660 2335 5687 "
2368 5656 2425 5710 ll:
2451 5658 2533 5711 hr.
2563 5674 2641 5722 ιι,
2676 5657 2761 5722 ll,
2806 5657 2889 5712 li.
3002 5659 3045 5689 δ’
3082 5661 3237 5713 ttom.
3270 5674 3343 5721 vr,
3383 5661 3555 5723 9.10.

317 5726 430 5764 ⁶²σ⁶³
467 5730 627 5786 Joan.
666 5747 702 5793 ι,
735 5731 820 5785 l6.
897 5734 940 5761 *⁵⁸
981 5730 1128 5786 Levii
1184 5747 1253 5785 tv.
1298 5730 1379 5783 15.
1459 5729 1501 5759 εδ
1533 5726 1697 5779 ΙΙε·ι›ι’.
1747 5741 1862 5789 xui,
1899 5727 1981 5780 ιε).
2072 5787 2084 5799 υ
