4010 6212
439 338 546 402 ets
1770 337 2115 401 mocnrtt
2152 328 2419 403 esset
3588 336 3695 401 Gtt

440 448 683 509 peccata.
720 433 984 491 Virtutem
1015 434 1182 490 divini
1217 434 1469 505 baptismi
1496 435 1780 492 Dominum
1814 440 2037 509 rogabat
2071 439 2309 497 Joannes
2369 441 2598 511 insignis
2632 438 2721 496 ille
2752 453 3055 510 praecursor
3098 438 3337 505 Christi,
3386 439 3641 509 inquiens
3669 456 3688 495 :

440 549 460 581 ι
494 528 603 597 Ego
625 541 762 595 opus
791 526 992 590 habeo,
1024 526 1204 597 ut\abs
1233 537 1284 580 te
1322 526 1568 594 baptizer
1601 528 1670 583 ".
1706 547 1724 582 ι
1755 527 1917 583 Lutra
1952 528 2323 596 intelliguntur
2371 543 2559 583 omnes
2591 528 2687 595 illi,
2730 527 2820 597 qui
2857 543 2954 598 per
2988 528 3310 596 baptismum
3337 529 3528 583 sordes
3556 541 3689 594 pec-

434 617 542 671 cati
581 614 792 678 eluunt,
829 614 1286 682 quemadmodum
1331 611 1572 669 Joannes
1629 629 1845 684 quoque
1885 624 2151 683 pmstans
2188 617 2517 686 paenitentiae
2553 615 2903 687 baptismum.
2961 615 3053 670 Sic
3096 615 3311 678 Petrus,
3360 615 3455 685 qui
3493 616 3686 669 eodeni

437 713 679 770 tempore
703 710 815 757 tres
842 700 894 754 in
928 699 1178 768 baptismi
1214 715 1385 770 aquas
1413 694 1703 756 immersit.
1734 700 2016 772 Philippus
2052 704 2290 758 eunuchi
2315 703 2581 759 Candacis
2626 704 2828 774 reginae
2856 703 3054 756 iutrum
3085 703 3205 759 fuit.
3233 702 3422 756 Manus
3444 711 3495 756 et
3522 701 3689 772 pedes

435 787 780 844 sacerdotum
820 787 914 842 loti
947 786 1297 842 subintlicant
1347 790 1637 857 puritatem
1669 799 1723 843 et
1751 788 2116 859 integritatem
2151 791 2203 844 in
2232 791 2484 845 omnibus
2522 790 2588 844 ad
2628 804 2749 861 quas
2791 790 3055 854 eundum,
3105 797 3158 844 et
3199 790 3251 844 in
3279 790 3532 845 omnibus
3562 804 3687 859 qua

436 887 565 933 sunt
594 877 861 931 facienda.
895 875 1011 931 Non
1056 876 1214 930 datur
1257 876 1415 930 aliter
1450 877 1677 932 introire
1733 877 1786 931 in
1825 877 2189 946 evangelicam
2231 876 2530 930 civitatem.
2563 876 2620 930 lu
2661 875 2804 930 hunc
2838 876 3056 928 modum
3123 875 3374 930 abluendi
3410 885 3463 929 et
3501 891 3687 929 cause.

438 963 630 1040 orandi
677 977 884 1018 sumus.
926 962 1063 1017 Nam
1118 972 1402 1034 propterea
1436 964 1651 1018 divinus
1708 965 2003 1035 Apostolus
2057 964 2290 1019 scribit:
2324 982 2343 1015 ι
2385 963 2726 1034 Quapropter
2764 963 2919 1018 multi
2965 963 3179 1018 suntin
3207 964 3356 1017 vobis
3382 964 3603 1024 inilrmi,
3631 975 3685 1018 et

438 1053 656 1123 plurimi
698 1051 994 1107 dormiunt.
1054 1051 1277 1105 Etenim
1320 1052 1364 1107 si
1415 1052 1777 1121 nosmetipsos
1819 1052 2242 1124 judicassemus,
2282 1054 2698 1121 haudquaquam
2734 1051 2960 1122 judicati
3012 1050 3309 1106 fuissemus
3352 1052 3419 1105 “.
3461 1072 3480 1104 ι
3532 1054 3689 1118 Quod

439 1141 640 1194 lutrum
673 1139 805 1194 illud
853 1138 1242 1210 significaverit
1274 1146 1519 1193 sanctum
1555 1140 1821 1208 baptisma
1860 1147 2091 1194 testatur
2117 1139 2350 1194 Beseleel
2384 1139 2602 1206 artifex,
2626 1139 2718 1208 qui
2752 1138 2805 1192 id
2846 1136 2997 1192 fecit.
3034 1138 3168 1193 Nam
3200 1139 3252 1191 in
3294 1142 3437 1192 hunc
3466 1145 3681 1195 modum

439 1228 508 1283 de
545 1229 661 1297 ipso
690 1226 907 1281 disserit
950 1226 1233 1293 Scriptura
1264 1243 1280 1281 :
1316 1245 1335 1277 ι
1377 1225 1617 1302 Beseleel
1651 1228 1777 1281 fecit
1811 1241 2020 1281 aeneum
2051 1226 2277 1289 lutrmn,
2310 1234 2365 1279 et
2396 1223 2566 1279 basim
2618 1224 2736 1295 ejus
2760 1239 2995 1289 teneant,
3040 1241 3108 1279 ex
3136 1227 3368 1293 speculis
3402 1229 3687 1284 mulierum

439 1312 815 1384 jejunantium,
856 1326 981 1380 quae
1016 1311 1404 1382 jejnuaverunt
1453 1312 1520 1366 ad
1551 1312 1750 1383 januas
1780 1314 2115 1368 tabernaculi
2159 1312 2475 1375 testimonii,
2526 1327 2633 1380 quo
2679 1314 2767 1366 die
2803 1314 2919 1367 fixit
2969 1315 3145 1379 ipsum
3179 1313 3247 1368 “.
3285 1331 3303 1364 ι
3341 1312 3533 1369 Verum
3563 1319 3693 1383 quid

438 1403 542 1455 sLbi
570 1399 743 1453 voluit
769 1399 859 1451 illa
886 1400 1104 1466 specula
1132 1398 1157 1452 ἒ)
1183 1398 1466 1463 lsraelitte,
1491 1414 1618 1454 cum
1650 1410 2000 1456 versarentur
2039 1401 2092 1455 in
2122 1398 2379 1472 Egypto,
2415 1400 2704 1454 coluerunt
2744 1400 2904 1455 idola.
2959 1399 3034 1455 lbi
3067 1410 3244 1455 autem
3275 1402 3529 1457 mulieres
3555 1420 3691 1461 con-

440 1497 662 1545 secrata:
693 1496 750 1541 et
785 1487 976 1540 dicata:
1006 1486 1272 1541 idolorum
1307 1486 1477 1542 cultui
1508 1487 1886 1557 ingrediuntur
1911 1488 1962 1542 in
1993 1490 2253 1555 templum
2292 1490 2503 1542 amicta:
2529 1488 2687 1543 lineis
2712 1488 2977 1543 vestibus.
3010 1488 3204 1541 Dextra
3244 1491 3435 1554 sistro,
3472 1493 3696 1547 sinistra

439 1576 736 1631 ornabatur
767 1573 987 1642 Speculo
1017 1588 1113 1642 pro
1151 1589 1302 1628 more
1350 1574 1564 1628 illorum
1618 1575 2044 1643 superstitionis.
2102 1575 2358 1631 Mulieres
2410 1575 2721 1629 lsraeliticze
2753 1575 3007 1629 tenebant
3035 1576 3210 1631 adhuc
3263 1577 3518 1646 reliquias
3567 1580 3692 1649 ejus

440 1661 724 1726 vanitatis,
757 1674 896 1730 quas
942 1662 1261 1714 obtulerunt
1319 1660 1373 1713 iu
1404 1660 1692 1716 aedilicium
1724 1661 2080 1717 tabernaculi.
2114 1662 2404 1717 Exstrueto
2436 1673 2615 1713 autent
2670 1661 3013 1717 tabernaculo
3038 1662 3295 1718 mulieres
3323 1667 3695 1735 evangelieam

443 1747 859 1819 temperantiam
887 1756 1376 1819 repraesentantes,
1407 1755 1461 1801 et
1492 1755 1735 1803 memora
1777 1746 2177 1809 mortiﬁcantes
2240 1747 2556 1804 assiderunr
2601 1741 2959 1801 tabernaculo
2975 1747 3203 1816 jejuniis
3237 1762 3297 1804 se
3327 1765 3672 1810 macerantes

443 1836 559 1890 lioc
591 1834 1011 1889 tabernaculum
1044 1833 1328 1902 specimen
1362 1832 1466 1888 fuit
1495 1835 1607 1888 veri
1644 1831 2004 1896 tabernaculi,
2042 1832 2095 1887 Id
2134 1839 2244 1897 est,
2272 1830 2552 1896 Ecclesiae,
2585 1846 2748 1901 quam
2774 1830 2890 1885 fixit
2926 1829 3193 1886 Dominus
3238 1844 3341 1886 nec
3383 1829 3569 1891 homo,
3598 1846 3684 1892 eo.

443 1924 691 1992 inquam,
716 1931 980 1991 tempore,
1007 1936 1118 1990 quo
1144 1921 1435 1990 oportebat
1466 1920 1679 1976 deditos
1709 1919 2020 1974 daemonum
2048 1927 2282 1974 catervae
2324 1917 2381 1973 in
2419 1931 2584 1973 sacra
2611 1916 2901 1973 reformari
2949 1932 3103 1983 vasa,
3138 1916 3479 1986 quaridonca
3505 1918 3687 1971 forent

443 2008 511 2064 ad
545 2008 956 2078 suscipiendum
985 2021 1204 2062 sacrum
1235 2006 1532 2076 baptisma,
1559 2014 1619 2061 ut
1649 2006 1873 2078 gloriari
1908 2014 2159 2076 possent,
2182 2020 2242 2061 se
2266 2018 2557 2074 superasse
2587 2004 2784 2075 legem.
2810 2005 2901 2059 Ait
2925 2005 3070 2060 enim
3101 2020 3115 2057 :
3152 2024 3170 2055 ι
3191 2002 3434 2059 Praebete
3457 2018 3691 2073 corpora

444 2107 629 2152 vestra
665 2096 939 2149 victimam
968 2095 1149 2148 vivam
1185 2102 1435 2149 sanctam
1471 2103 1526 2149 et
1557 2094 1862 2164 placentem
1895 2091 2025 2159 Deo,
2053 2091 2376 2147 rationalem
2411 2091 2622 2146 cultum
2674 2101 2921 2148 vestrum
2954 2091 3020 2145 τ’.
3061 2109 3081 2143 ι
3110 2090 3177 2144 Et
3217 2092 3412 2146 iterum
3442 2106 3456 2143 :
3494 2108 3513 2142 ι
3556 2088 3691 2144 Clu-

448 2184 656 2239 rilicate
690 2182 864 2252 igitur
896 2180 1065 2236 Deum
1092 2180 1145 2235 in
1172 2194 1411 2252 corpore
1431 2190 1619 2237 vestro
1647 2180 1717 2234 “.
1758 2198 1778 2233 ι
1805 2178 2127 2252 Jejunantes
2157 2177 2415 2234 mulieres
2434 2186 2561 2234 sunt
2585 2179 2923 2250 exemplaria
2951 2177 3195 2244 illorum,
3237 2178 3332 2250 qui
3372 2177 3687 2248 transcripti

447 2281 576 2330 sunt
607 2273 659 2325 in
692 2272 969 2326 civitatem
1001 2269 1394 2340 evangelicum.

520 2357 588 2413 Et
618 2356 1022 2412 tabernaculum
1062 2355 1251 2425 facies,
1283 2357 1465 2411 decem
1500 2355 1707 2412 aulicos
1736 2371 1802 2412 ea:
1833 2355 1986 2427 bysso
2016 2363 2240 2423 retorta,
2271 2361 2382 2411 etc.
2407 2351 2622 2425 [XXVL
2646 2350 2726 2426 1.]
2766 2350 2965 2408 Decem
2991 2391 3007 2418 ,
3068 2351 3268 2423 inquit,
3300 2351 3502 2418 tapetia
3548 2351 3692 2407 inter

446 2460 568 2503 sese
595 2458 867 2500 connexa.
898 2443 1081 2498 Multae
1103 2444 1249 2499 enim
1285 2443 1606 2501 mansiones
1661 2444 1801 2516 apud
1854 2443 2065 2498 Patrem
2092 2484 2107 2509 ,
2160 2450 2215 2497 et
2248 2427 2533 2512 plenitudo
2566 2438 2954 2507 ecclesiarum,
3002 2453 3128 2510 qua
3160 2453 3323 2493 unam
3355 2436 3452 2493 Dei
3485 2438 3690 2493 habent

448 2532 700 2588 notitiam
743 2537 798 2585 et
825 2546 999 2585 unum
1034 2544 1263 2603 scopum
1292 2531 1659 2602 propositum.
1694 2531 1761 2587 ad
1790 2546 1951 2602 quem
1973 2530 2276 2586 collimant.
2317 2528 2372 2583 In
2397 2542 2535 2599 pace
2566 2526 2835 2597 siquidem
2863 2527 3083 2582 vocavit
3121 2540 3223 2582 nos
3261 2523 3409 2582 Dens
3432 2542 3447 2579 :
3470 2533 3525 2581 et
3545 2539 3686 2580 con-

442 2619 730 2690 jungimur
760 2618 1253 2687 connectimurque
1283 2616 1431 2673 inter
1456 2633 1559 2675 nos
1593 2618 1867 2674 charitate
1895 2627 1951 2675 et
1980 2618 2084 2672 fide
2136 2617 2191 2671 in
2242 2615 2501 2671 omnibus
2539 2613 2792 2669 ecclesiis
2819 2612 3025 2684 ubique
3070 2628 3172 2684 per
3214 2613 3403 2669 orbem
3450 2611 3685 2669 diffusis.

453 2723 475 2759 ι
513 2704 666 2761 Unus
701 2704 987 2767 Dominus,
1018 2719 1129 2759 una
1164 2704 1320 2769 fides,
1359 2721 1530 2760 unum
1559 2705 1835 2777 baptisma
1857 2706 1931 2759 ".‘
1966 2725 1984 2758 ι
2011 2704 2158 2760 idem
2197 2704 2300 2758 hoc
2335 2702 2586 2774 pmdixit
2607 2699 2801 2766 David,
2828 2715 3036 2758 canens
3068 2715 3084 2754 :
3122 2718 3142 2753 ι
3176 2700 3280 2768 Qui
3305 2701 3469 2772 ponis
3496 2701 3690 2756 termi-

449 2808 549 2847 nos
586 2801 709 2847 tuos
739 2807 929 2862 pacem
958 2791 1032 2845 ".
1079 2808 1096 2843 δ
1133 2790 1362 2862 Singula
1388 2793 1558 2847 aulaea
1580 2793 1627 2848 si
1661 2791 2007 2847 latitudinem
2035 2792 2379 2855 consideres,
2407 2799 2570 2845 erunt
2599 2799 2996 2860 quaternorum
3022 2790 3335 2845 cubitorum
3367 2805 3385 2842 :
3409 2788 3689 2859 longitudo

447 2880 724 2935 constabit
745 2880 954 2933 vicenis
995 2879 1212 2934 octonis
1231 2879 1464 2935 cubitis.
1496 2879 1611 2935 Sub
1639 2880 1742 2935 hoc
1773 2879 2060 2934 involucro
2091 2876 2219 2935 latet
2250 2879 2386 2949 legis
2405 2876 2716 2933 doctrinam
2748 2878 2918 2947 recipi
2946 2878 3002 2932 in
3027 2876 3314 2942 ecclesias,
3346 2892 3534 2932 verum
3563 2890 3688 2931 esse

450 2976 739 3034 angustam
770 2972 825 3017 et
855 2972 1063 3017 arctam
1091 2961 1321 3035 prepter
1350 2965 1607 3021 litteralis
1632 2980 1830 3021 sensus
1853 2965 2271 3022 obscuritatem.
2296 2963 2404 3022 Ubi
2428 2980 2559 3021 vero
2581 2964 2865 3021 advenerit
2895 2963 3177 3036 plenitudo
3198 2966 3483 3034 temporis,
3507 2965 3683 3033 reipsa

448 3050 902 3120 cotnprobabitur
923 3049 1131 3128 Christi
1167 3052 1493 3122 mysterium
1525 3068 1625 3123 per
1661 3053 2149 3120 resurrectionem,
2182 3068 2347 3124 quam
2378 3052 2699 3108 octonarius
2730 3060 3007 3119 ,humertts
3041 3067 3151 3119 prae
3182 3066 3241 3106 se
3276 3050 3418 3106 ferre
3445 3051 3682 3105 videtur.

448 3135 600 3191 Finis
627 3137 772 3191 enim
804 3136 943 3207 legis
974 3144 1028 3192 et
1058 3139 1453 3208 prophetarum
1488 3150 1572 3196 est
1599 3138 1872 3204 Christus,
1905 3140 2067 3212 cujus
2117 3149 2449 3210 praeceptum
2490 3140 2661 3194 latum
2717 3146 2827 3207 est,
2858 3147 2921 3194 ut
2947 3139 3111 3195 habet
3144 3138 3519 3195 testimonitnn
3548 3137 3683 3208 regii

451 3224 676 3280 l’saltis.
714 3223 1033 3280 Corinthios
1062 3241 1287 3298 quoque
1322 3230 1415 3301 qui
1458 3231 1638 3286 adhuc
1661 3230 1957 3302 'sapiebant
1986 3238 2196 3302 eaquae
2229 3240 2358 3284 sunt
2391 3229 2526 3300 legis
2545 3243 2720 3299 eaque
2750 3235 2964 3283 tantum
2994 3240 3106 3281 non
3143 3225 3501 3296 praeferebant
3520 3224 3683 3280 Chri-

448 3319 554 3375 sto,
588 3312 892 3381 alloquitur
912 3312 972 3368 in
1004 3313 1151 3370 hunc
1183 3315 1404 3371 modum
1438 3315 1644 3374 Paulus
1672 3333 1688 3370 :
1732 3337 1752 3370 ι
1783 3316 1858 3376 Os
1880 3327 2129 3375 nostrum
2177 3325 2427 3387 apertum
2474 3323 2559 3372 est
2589 3330 2719 3387 erga
2748 3330 2847 3372 vos
2871 3356 2888 3383 ,
2927 3314 3200 3371 Corinthii
3231 3330 3248 3370 :
3296 3329 3397 3369 cor
3429 3321 3677 3367 nostrum

447 3397 734 3453 dilatatutn
762 3410 866 3455 est.
894 3398 1013 3456 Non
1046 3402 1182 3459 estis
1215 3405 1433 3475 angusti
1469 3406 1525 3460 in
1565 3405 1747 3473 nobis,
1787 3406 1884 3462 sed
1912 3405 2127 3478 angusti
2151 3405 2288 3460 estis
2320 3405 2376 3459 in
2406 3404 2714 3477 visceribus
2740 3404 2960 3459 vestris.
2994 3403 3254 3458 Eamdem
3287 3398 3475 3477 autem
3502 3415 3681 3458 remu-

449 3487 790 3541 nerationem
832 3496 892 3543 ut
923 3503 954 3543 a
987 3489 1115 3545 liiiis
1144 3491 1325 3560 exigo.
1359 3491 1675 3549 Dilatemini
1702 3503 1758 3550 et
1790 3509 1908 3559 vos,
1941 3510 2011 3550 ue
2043 3491 2262 3548 ducatis
2286 3490 2480 3562 jugum
2511 3505 2637 3545 cum
2674 3490 3063 3547 incredulis“.
3092 3508 3109 3541 ι
3144 3489 3313 3544 Jubet
3340 3491 3508 3544 aulaia
3541 3504 3680 3543 con-

447 3574 560 3629 texi
591 3589 656 3628 ex
685 3575 853 3646 bysso
883 3576 1163 3645 duplicata
1189 3586 1245 3649 et
1277 3588 1443 3644 torta,
1475 3590 1607 3645 etc.,
1640 3582 1850 3652 quibus
1878 3582 2059 3638 verbis
2088 3580 2332 3637 ostendit
2360 3596 2562 3637 nexum
2599 3582 2874 3636 sermonis
2921 3595 3046 3635 cum
3077 3580 3244 3650 298
3278 3581 3516 3634 humano
3550 3593 3677 3635 cor-

451 3675 601 3728 pore.
627 3658 763 3714 Nam
795 3661 997 3732 byssus
1027 3677 1091 3718 ex
1128 3673 1274 3719 terra
1304 3661 1578 3736 provenit.
1618 3686 1637 3721 ι
1677 3667 1743 3722 Et
1793 3683 1859 3724 ex
1893 3669 2207 3739 hyacintho,
2245 3687 2265 3722 ο
2310 3675 2444 3734 etc.,
2480 3668 2577 3739 qui
2612 3667 2834 3739 quidem
2863 3675 3270 3722 commonstrat
3303 3681 3611 3722 sermonem
3647 3682 3681 3722 e

446 3749 589 3801 cmlo
614 3747 990 3806 descendisse.
1027 3751 1200 3806 Color
1225 3752 1498 3823 siquidem
1525 3754 1807 3827 hyacinthi
1838 3754 2007 3812 refert
2027 3756 2266 3811 colorem
2294 3755 2441 3811 cmli.
2479 3750 2750 3809 Praeterea
2780 3752 3033 3809 additur:
3062 3775 3080 3806 ι
3118 3753 3191 3808 Ex
3230 3768 3524 3824 purpura,»
3543 3763 3677 3816 etc.,

445 3835 576 3904 quia
632 3835 893 3893 Christus
956 3853 1066 3893 non
1125 3849 1210 3895 est
1264 3843 1480 3899 servilis
1522 3843 1886 3910 conditionis,
1922 3854 1983 3898 ut
2031 3843 2229 3914 reliqui
2262 3842 2529 3898 mortales
2567 3858 2581 3892 :
2618 3842 2729 3897 imo
2763 3841 2954 3897 libera:
2992 3841 3330 3897 conditionis
3364 3849 3490 3905 est,
3537 3852 3592 3897 et
3612 3857 3683 3896 ex

448 3920 560 3977 Deo
588 3937 705 3989 rex,
737 3930 792 3978 et
829 3924 995 3994 hujus
1017 3927 1264 3983 universi
1299 3927 1594 3986 Dominus.
1637 3949 1657 3982 ι
1692 3930 1759 3985 Et
1790 3947 1853 3985 ex
1883 3932 2115 3987 coccino
2148 3940 2378 3997 retorto,
2410 3948 2430 3984 ›
2464 3940 2574 3986 etc.
2623 3927 2761 3984 Nam
2788 3928 3048 3985 Christus
3097 3930 3436 3998 conjmtctis.
3462 3938 3517 3983 et
3548 3943 3686 3983 con-

447 4009 680 4067 structis
712 4011 767 4064 itt
799 4025 906 4066 una
945 4027 1183 4082 persona
1229 4014 1483 4085 utrisque
1525 4018 1765 4081 naturis,
1816 4034 1918 4089 pro
1955 4019 2118 4074 nobis
2165 4033 2327 4074 suum
2380 4032 2635 4073 cruorem
2682 4027 2737 4073 et
2783 4018 3110 4088 sanguinem
3145 4015 3408 4087 profudit.
3437 4015 3559 4070 litae
3590 4018 3684 4072 illa

445 4105 578 4151 sunt
615 4103 845 4164 tropaea,
876 4098 1086 4167 quibus
1116 4099 1266 4154 serio
1301 4101 1607 4170 triumphat
1631 4102 1904 4160 Ecclesia.
1944 4102 2082 4159 Nam
2113 4113 2175 4159 ut
2194 4105 2343 4160 canit
2377 4103 2545 4158 David
2584 4121 2600 4157 :
2637 4121 2656 4155 ι
2692 4101 2899 4173 Regina
2927 4117 2957 4156 a
3001 4102 3212 4157 dextris
3241 4104 3418 4156 astitit
3466 4102 3683 4167 indutr,

444 4190 501 4236 et
534 4181 705 4236 variis
737 4184 986 4240 vestibus
1009 4196 1276 4240 exornata
1304 4186 1374 4242 ".
1417 4206 1436 4239 ι
1470 4186 1675 4243 Verum
1724 4198 1958 4246 ornatus
1997 4192 2110 4258 ille,
2143 4207 2259 4262 quo
2293 4191 2601 4261 conspicua
2647 4190 2771 4253 fuit,
2807 4197 2926 4244 erat
2965 4188 3221 4244 Christus
3256 4175 3280 4241 ἔ
3301 4192 3396 4258 qui
3437 4188 3683 4260 quidem,

443 4283 569 4324 cum
594 4269 667 4323 sit
691 4284 791 4339 pro
818 4284 878 4325 se
908 4286 1076 4337 unus,
1113 4281 1298 4327 tamen
1328 4273 1471 4330 alius
1498 4283 1665 4345 atque
1699 4277 1844 4332 alius
1866 4277 2076 4341 vident,
2110 4279 2240 4333 dum
2267 4293 2330 4334 ex
2364 4277 2491 4333 aliis
2523 4286 2686 4347 atque
2711 4277 2839 4332 aliis
2866 4275 3086 4332 eruitur
3113 4276 3257 4346 typis
3291 4277 3492 4330 virtute
3516 4276 3684 4329 tutel-

446 4355 669 4411 lectiva.
706 4376 726 4409 ι
765 4355 990 4412 Pictura
1028 4357 1330 4414 Clterubim
1366 4370 1489 4416 erat
1513 4363 1567 4416 in
1592 4363 1804 4431 aulaeis,
1836 4381 1855 4416 ι
1893 4373 2004 4420 etc.
2035 4364 2171 4420 Nam
2200 4380 2299 4435 per
2318 4364 2606 4421 Christum
2637 4378 2851 4420 summa
2884 4364 3183 4433 conjuncta
3214 4373 3267 4418 et
3304 4363 3684 4433 conglutinata

446 4451 577 4497 sunt
600 4442 749 4507 imis,
777 4450 831 4497 et
857 4440 1105 4497 Ecclesia
1125 4454 1343 4500 terrena
1378 4461 1629 4503 connexa
1665 4457 1749 4505 est
1777 4450 2051 4521 supremis
2085 4451 2388 4508 virtutibus
2422 4460 2478 4508 et
2507 4451 2791 4523 potentiis.
2827 4449 3064 4505 Proinde
3100 4451 3267 4504 etiam
3310 4448 3565 4503 Salomon
3594 4451 3685 4503 in-

446 4528 683 4595 sculpsit
714 4526 1021 4596 parietibus
1053 4531 1243 4599 templi
1279 4531 1602 4590 Cherubim.
1634 4533 1749 4591 Hac
1771 4536 1989 4606 pictura
2018 4537 2307 4594 exornavit
2335 4537 2561 4595 domum
2602 4538 2720 4603 Dei,
2752 4552 2917 4609 quam
2959 4537 3204 4592 delineat
3238 4534 3517 4593 Ezechiel.
3542 4528 3684 4605 Saga

444 4629 511 4667 ex
546 4613 674 4682 pilis
696 4620 979 4679 contexta,
1013 4616 1301 4687 pellesque
1350 4618 1493 4674 rufae
1516 4630 1570 4675 et
1600 4622 1994 4694 hyacinthina},
2031 4627 2235 4696 quibus
2265 4626 2438 4681 aulaea
2482 4635 2875 4697 conteguntur,
2912 4625 3092 4681 oculis
3135 4614 3344 4680 nostris
3381 4622 3685 4693 subjiciunt
3718 4671 3732 4679 .

444 4698 755 4764 Christum,
787 4699 845 4755 in
876 4716 989 4771 quo
1024 4711 1260 4774 utraque
1289 4705 1597 4763 advertitur
1618 4717 1730 4766 tam
1762 4710 1951 4767 divina
1987 4728 2150 4783 quam
2176 4712 2421 4769 humana
2450 4712 2574 4783 ejus
2605 4722 2822 4768 natura.
2850 4710 2955 4766 Hic
2984 4719 3071 4769 est
3101 4711 3364 4768 defensor
3400 4719 3455 4767 et
3494 4719 3682 4782 prote-

446 4795 571 4840 ctor
594 4786 855 4844 Ecclesia:
883 4803 1020 4845 sum.
1062 4790 1471 4849 lncarnationis
1502 4797 1720 4867 signum
1752 4805 1837 4854 est
1865 4813 2051 4856 cruor.
2081 4799 2260 4855 Cruor
2296 4808 2352 4855 et
2376 4799 2470 4870 pili
2512 4797 2829 4869 signiﬁcant
2855 4812 3228 4853 aerumnosam
3270 4806 3503 4853 mortem
3561 4803 3679 4850 tum

447 4888 604 4928 suam
638 4883 750 4929 tum
781 4874 1203 4945 discipulorum.
1237 4879 1419 4937 Pelles
1443 4881 1831 4942 demonstrant
1856 4886 2008 4951 illos,
2043 4887 2136 4957 qui
2169 4887 2279 4941 vim
2309 4887 2466 4941 carni
2500 4900 2615 4942 suae
2652 4885 2875 4942 lascivae
2903 4892 2958 4941 et
2979 4885 3251 4956 petulanti
3284 4883 3467 4940 fecere
3498 4884 3683 4939 conti-

448 4963 692 5016 nentiam
731 4972 787 5018 et
816 4966 1235 5035 temperantiam
1266 4970 1777 5041 apprehendentes;
1804 4987 1932 5028 cum
1960 4989 2092 5030 vero
2124 4975 2240 5038 illa,
2280 4973 2327 5029 si
2356 4973 2599 5028 colorem
2646 4979 2894 5043 reputes,
2951 4971 3190 5028 mirifice
3216 4971 3447 5028 floreant
3474 5011 3490 5036 ,
3541 4971 3680 5026 satis

448 5049 610 5104 nobis
645 5050 700 5104 in
730 5060 968 5107 mentem
1002 5063 1266 5109 revocant
1297 5055 1536 5126 Spiritus
1568 5060 1749 5115 sancti
1783 5059 2289 5133 participationem,
2335 5073 2500 5129 quam
2546 5058 2662 5131 jam
2691 5059 2821 5116 olim
2846 5061 3131 5131 pollicitus
3155 5069 3264 5116 est.
3296 5056 3395 5115 Vel
3427 5057 3683 5115 forutssis

447 5146 884 5194 cotnmonstraut
911 5140 1069 5196 nobis
1100 5142 1205 5198 sub
1233 5142 1327 5198 illo
1362 5144 1549 5200 colore
1577 5147 1942 5202 verecundam
1984 5148 2425 5218 temperantiam.

516 5221 794 5280 Columna’
813 5228 948 5295 ﬁant
979 5229 1192 5293 aulwis,
1219 5246 1447 5300 quorum
1471 5232 1701 5288 latitudo
1730 5234 1801 5288 sit
1827 5235 1986 5289 unius
2008 5248 2058 5290 et
2083 5239 2293 5291 dimidii
2329 5239 2491 5292 cubiti
2515 5248 2532 5303 ;
2564 5245 2674 5293 etc.
2699 5236 2921 5291 Nullam
2963 5235 3121 5294 dabis
3143 5237 3456 5293 columnam
3492 5233 3681 5290 taber-

447 5312 654 5371 nacnli.
690 5328 812 5383 qua:
868 5330 977 5368 non
1023 5328 1379 5384 repraesentet
1411 5319 1570 5373 nobis
1600 5320 1904 5388 Christum,
1958 5323 2051 5391 qui
2093 5332 2177 5381 est
2227 5325 2602 5380 firmissimum
2637 5324 2897 5379 Ecclesiae
2926 5325 3205 5381 columen.
3241 5321 3549 5387 Perfectus
3594 5329 3681 5376 est

444 5398 696 5454 Christus
727 5410 978 5470 respectu
1008 5403 1207 5457 divinat
1236 5417 1467 5471 naturae,
1505 5421 1626 5475 quin
1659 5423 1759 5477 per
1791 5424 1958 5462 unum
1991 5409 2261 5463 columna:
2290 5410 2637 5480 signiﬁcatur
2683 5411 2952 5466 cubitum.
3002 5410 3142 5477 Ouia
3179 5426 3309 5465 vero
3354 5412 3682 5465 incarnatus

446 5494 551 5549 est,
575 5488 876 5557 assumpsit
905 5489 1071 5552 etiam
1108 5490 1423 5556 dimidium,
1460 5501 1515 5548 et
1538 5497 1697 5564 quasi
1726 5494 2037 5552 diminutus
2066 5497 2314 5552 creditur
2343 5507 2568 5567 propter
2596 5513 2844 5552 carnem.
2895 5497 3244 5568 Quapropter
3273 5499 3322 5553 is
3346 5538 3363 5562 ,
3399 5498 3496 5569 qui
3526 5494 3679 5550 Patri

597 5637 785 5716 Matth.
820 5653 903 5716 Iit,
1056 5710 1083 5716 ﬂ
1141 5642 1185 5716 ‘f‘
1218 5641 1232 5693 Ι
1261 5642 1388 5698 Cor.
1427 5642 1625 5716 x5750,
1656 5644 1749 5716 5f.
1799 5714 1813 5716 Δί
1851 5647 1895 5677 θ’
1925 5645 2098 5702 Exod.

2087 5687 2098 5702 .
2132 5663 2362 5701 xssvnt.
2390 5647 2445 5711 8,
2475 5649 2530 5705 9.
2641 5650 2692 5686 τι
2718 5650 2879 5704 Rom.
2910 5665 3007 5715 xu,
3039 5651 3089 5705 l.
3201 5652 3243 5685 ⁷³
3270 5649 3288 5705 l
3314 5649 3442 5707 Cor.
3474 5666 3550 5716 vr,
3576 5651 3670 5710 20.

448 5708 492 5743 ’⁸
518 5706 692 5777 Ephes
747 5725 815 5776 tv,
843 5711 896 5763 5.
946 5712 1017 5742 ’⁷³
1053 5710 1194 5766 Psal.
1226 5727 1434 5775 cxu'tt,
1466 5715 1551 5766 li.
1630 5714 1671 5744 7"
1704 5714 1745 5767 ll
1785 5714 1909 5769 Cor.
1956 5733 2031 5781 vr,
2076 5718 2260 5774 ll-l3.
2339 5719 2383 5750 "
2417 5706 2558 5775 Psal.
2595 5735 2736 5784 xxiv,
2771 5721 2857 5775 l0.
