4010 6212
323 366 432 426 bii")

1437 373 1976 436 COMMEXTARH
2023 375 2100 434 ΙΝ
2141 373 2482 434 EXODUM.

3467 367 3575 430 646

319 481 422 536 in”
445 479 504 518 3e
531 463 756 532 θεειυειιίε
792 467 1101 534 θεειοεοῖιυισ
1123 509 1138 531 ,
1171 467 1342 541 inquit
1377 488 1393 529 :
1436 493 1453 524 ι
1507 475 1665 530 Pater
1694 491 1846 530 uicus
1875 475 2048 544 major
2075 491 2160 528 nte
2186 485 2266 529 est
2301 473 2368 528 ⁷⁸.
2416 493 2434 525 ι
2474 472 2740 528 therum
2792 470 2993 526 Christi
3025 468 3422 525 absolutissima
3455 486 3576 539 per-

325 553 492 608 fectio
533 551 676 607 illico
715 552 1042 624 perspicitur
1097 557 1152 611 in
1184 561 1367 614 dctetn
1401 561 1751 634 longitudinis
1784 564 2000 620 cubitis.
2037 561 2207 616 Decas
2241 561 2384 616 enim
2442 563 2494 615 itt
2543 559 2821 628 Scriptura
2853 573 3005 613 sacra
3042 573 3252 628 semper
3291 555 3579 629 perfectio-

327 641 410 699 nis
432 640 650 712 signum
683 650 788 696 est.

397 747 630 800 Aureum
677 756 858 818 caput.
891 757 941 802 et
972 765 1191 803 aureum
1232 739 1441 818 corpus,
1476 764 1582 808 etc.
1628 753 1762 820 Quia
1810 752 2086 819 Christus,
2124 756 2214 824 qui
2248 755 2506 825 templum
2557 764 2834 818 censetur,
2869 768 2936 808 ex
2985 749 3206 824 Virgine
3261 761 3574 822 prognatus,

329 835 532 888 ctelesti
562 845 754 890 natura
804 837 994 892 ditavit
1017 853 1175 892 suum
1208 838 1565 905 domicilium,
1595 842 1806 896 scilicet
1841 843 2052 898 beatam
2089 842 2390 912 Virginem.

397 942 482 998 Ea:
515 953 731 1014 argento
762 954 938 998 autem
971 955 1018 998 et
1051 962 1114 1000 ea:
1146 945 1350 999 duobus
1388 948 1488 1000 erit
1539 950 1700 1012 basis,
1735 959 1841 1004 etc.
1872 944 2088 1020 [XXVL
2145 945 2294 1017 2-4.]
2328 945 2646 1015 Splcttdidus
2681 946 2822 1000 enim
2855 953 2909 1000 et
2941 945 3266 1016 conspicuus
3311 953 3394 1000 est
3416 943 3580 1000 Chri-

320 1042 445 1090 Stus
475 1032 713 1086 etiamin
749 1042 918 1099 terra,
951 1033 1116 1090 sicuti
1149 1033 1282 1089 illud
1321 1035 1485 1092 habet
1513 1035 1832 1102 eloquium:
1868 1056 1888 1091 ι
1924 1036 2189 1094 Dominus
2232 1035 2376 1092 Deus
2423 1035 2674 1104 apparuit
2728 1033 2906 1099 nobis,
2946 1052 2964 1084 ι
3007 1033 3276 1103 duplicem
3321 1033 3571 1100 notitiam

324 1119 554 1176 habens.

395 1259 470 1311 Τὸ
493 1257 656 1328 ῥητὸν
707 1256 1051 1310 διασταλτὲον
1110 1254 1390 1327 οὓτως-ἡ
1453 1254 1654 1309 αὐλαία
1711 1254 1746 1324 ὴ
1799 1253 1896 1322 μία

2065 1251 2335 1304 Caeterum
2361 1251 2532 1306 series
2569 1251 2906 1306 narrationis
2946 1249 3004 1304 in
3029 1249 3180 1302 hunc
3211 1245 3454 1307 modum,
3505 1249 3568 1298 ut

327 1352 481 1404 εσται
535 1349 749 1420 μέτρον.
776 1348 1032 1402 Τουτέστι
1067 1348 1201 1417 πρὸς
1222 1349 1318 1418 τὴν
1351 1349 1480 1418 μίαν
1509 1348 1756 1417 ποιήσεις
1784 1343 1892 1398 πά-

327 1461 448 1506 σας.
484 1444 596 1496 Καὶ
645 1441 784 1512 πρὸς
827 1443 1126 1510 σαφήνειαν
1180 1441 1400 1506 ἐπάγει·
1435 1459 1453 1491 ι
1479 1441 1551 1492 Τὺ
1581 1438 1716 1492 αὐτὸ
1742 1437 1893 1489 ἔσται

331 1537 530 1607 μέτρον
569 1536 690 1595 ταῖς
715 1533 990 1596 αὐλαίαις.
1026 1551 1045 1582 ι
1081 1531 1315 1592 Δύλαίας
1359 1531 1414 1583 δὲ
1441 1531 1595 1583 καλεῖ
1613 1530 1684 1584 τὰ
1715 1546 1893 1599 παρα-

329 1628 676 1698 πετάσματα,
701 1625 795 1678 καὶ
833 1622 1122 1694 ’Ῥωμαίων
1153 1623 1326 1692 φωνῇ,
1351 1622 1626 1692 κορτίνας.

395 1882 492 1945 Εἰς
511 1882 566 1935 δὲ
597 1879 930 1950 β”πεντὰδας
954 1879 1178 1951 διῄρηκε
1231 1879 1330 1942 τὰς
1349 1879 1580 1943 αὐλαίας
1613 1879 1894 1952 ἀλλήλαις,

323 1973 498 2029 εἰπὼν
529 1974 630 2035 τὰς
653 1973 816 2026 πέντε
882 1969 1225 2040 συνέχεσθαι,
1281 1969 1376 2023 καὶ
1401 1971 1461 2023 τὸ
1488 1970 1606 2034 πῶς
1631 1973 1694 2024 οὐ
1725 1987 1896 2043 προσ-

323 2067 544 2138 έθηκεν.
581 2066 644 2118 El
687 2063 763 2136 μὴ
793 2063 954 2135 μόνον
977 2063 1070 2115 ἐπὶ
1095 2061 1206 2114 τῶν
1231 2062 1418 2130 ἄκρων
1464 2062 1734 2133 ἑκατέρας
1764 2079 1894 2116 πεν-

323 2159 484 2222 τάδος
515 2156 764 2225 ἀγκύλας
793 2156 890 2210 καὶ
921 2154 1148 2225 κρίκους
1184 2151 1376 2214 εἰπὼν,
1410 2152 1484 2216 ὡς
1517 2153 1583 2207 ἂν
1609 2156 1664 2207 αί
1703 2159 1743 2206 ε’
1777 2157 1899 2218 ταῖς

325 2249 368 2305 ε’
395 2247 776 2303 συνάπτοιντο.
802 2246 1030 2315 Μήποτε
1056 2239 1150 2296 οὖν
1173 2241 1454 2296 συνέϐαινε
1491 2243 1631 2314 πρὸς
1666 2243 1898 2314 ἀλλήλας

325 2333 600 2414 ἐρράφθαι
625 2337 723 2400 τὰς
750 2342 826 2401 ε’;
849 2337 898 2388 εί
925 2334 1036 2403 γὰρ
1076 2334 1165 2388 καὶ
1197 2334 1376 2388 αὐτῶν
1409 2335 1610 2406 ἑκάστη
1657 2335 1898 2404 ἀγκύλας

323 2429 440 2502 εἶχε
458 2431 552 2484 καὶ
577 2429 824 2499 κρίκους,
860 2427 978 2490 πῶς
1007 2424 1124 2496 ἔχει
1153 2424 1310 2494 λόγον
1336 2427 1370 2496 ἡ
1403 2425 1512 2480 τῶν
1541 2425 1586 2496 β’
1624 2427 1898 2480 πεντάδων

321 2524 613 2594 διαίρεσις,
642 2518 928 2590 γινομένου
952 2517 1075 2570 καθ’
1115 2518 1356 2588 ἑκάστην
1381 2519 1518 2589 ὅπερ
1548 2518 1639 2570 καὶ
1659 2516 1808 2570 ,κατὰ
1838 2517 1900 2570 τὸ

1994 1341 2194 1395 clarior
2225 1343 2325 1405 sit,
2353 1342 2726 1412 distinguatur
2763 1363 2776 1398 :
2808 1342 2988 1398 Unum
3021 1341 3251 1394 aulaeum
3279 1339 3382 1391 erit
3413 1351 3564 1390 men-

1993 1447 2142 1498 sura,
2193 1434 2246 1488 id
2294 1442 2399 1498 est,
2459 1435 2527 1488 ad
2586 1435 2870 1503 exemplar
2903 1441 2957 1488 et
3011 1433 3164 1502 juxta
3207 1429 3564 1499 quantitatem

1993 1525 2142 1579 illius
2183 1527 2373 1590 unius,
2423 1525 2592 1581 facies
2623 1533 2821 1579 czetera
2845 1524 3046 1576 omnia.
3082 1521 3234 1588 Quod
3261 1527 3317 1572 ttt
3338 1519 3564 1573 eviden-

1991 1618 2107 1672 tius
2137 1629 2430 1682 cernatur,
2456 1615 2656 1671 infert:
2714 1635 2732 1667 ι
2763 1614 2886 1669 Haec
2921 1613 3108 1668 eadem
3151 1625 3410 1666 mensura
3462 1609 3566 1662 erit

1993 1709 2200 1763 aulaeis.
2245 1727 2263 1760 ι
2298 1709 2482 1762 Aultea
2516 1716 2676 1762 vocat
2709 1707 2850 1770 vela,
2879 1721 3000 1776 qua:
3033 1704 3410 1758 Romanorum
3455 1700 3564 1754 lin-

1993 1815 2098 1872 gua
2120 1799 2382 1855 dicuntur
2410 1799 2655 1855 cortinae.

2065 1889 2121 1944 ln
2145 1889 2390 1959 quinque
2421 1888 2708 1958 quinarios
2751 1885 2940 1941 divisit
2969 1893 3022 1939 et
3069 1882 3354 1940 distribuit
3397 1881 3566 1936 aulaea

1995 1983 2202 2047 omnia,
2231 1982 2360 2035 dum
2389 1979 2545 2048 jubet
2578 1979 2828 2050 quinque
2877 1978 3022 2031 inter
3072 1989 3194 2030 sese
3241 1972 3564 2042 constringi.

1996 2075 2115 2130 Non
2143 2083 2320 2129 tamen
2350 2073 2586 2142 aperuit,
2627 2085 2740 2140 quo
2793 2077 2955 2140 pacto
2989 2067 3102 2124 sint
3149 2066 3568 2136 conjungendae,

1996 2165 2104 2220 nisi
2133 2165 2388 2220 fortassis
2418 2179 2510 2219 res
2544 2163 2670 2217 inde
2703 2161 3060 2233 intelligatur,
3088 2159 3233 2230 quod
3257 2159 3312 2212 in
3339 2156 3570 2211 summi-

1998 2255 2204 2310 tatibus
2234 2255 2526 2324 utriusque
2556 2253 2796 2324 quinarii
2828 2251 2946 2307 fieri
2977 2251 3147 2320 jussit
3179 2265 3346 2304 ansas
3381 2257 3436 2303 et
3465 2263 3567 2301 an-

1999 2345 2182 2410 nulos,
2224 2346 2428 2414 quibus
2467 2343 2722 2400 fortassis
2763 2343 2911 2398 inter
2951 2355 3076 2398 sese
3107 2349 3274 2394 erunt
3317 2333 3566 2408 compin-

1998 2434 2199 2504 genda.
2239 2431 2358 2488 Non
2385 2433 2532 2488 enim
2561 2433 2804 2488 arbitror
2833 2432 2980 2486 inter
3001 2445 3126 2487 sese
3151 2440 3416 2485 consutos
3447 2443 3571 2484 esse

1997 2523 2294 2578 aulicorum
2321 2523 2626 2592 quinarios.
2654 2522 2710 2576 Si
2734 2522 2880 2578 enim
2917 2521 3117 2592 singuli
3165 2520 3407 2590 quinarii
3441 2533 3569 2574 suas

327 2616 492 2686 μέσον
511 2613 720 2682 ἐγίνετο
738 2627 753 2676 ;
789 2611 837 2662 εἰ
867 2610 940 2680 μὴ
969 2609 1079 2679 ἄρα
1090 2611 1203 2672 τοῖς
1225 2609 1322 2679 μὲν
1339 2609 1529 2680 ἄκροις
1545 2607 1642 2661 τοῦ
1663 2607 1896 2682 πλάτους

1997 2628 2164 2668 ansas
2187 2620 2246 2667 et
2271 2611 2505 2666 annulos
2527 2612 2746 2678 habent,
2781 2626 2904 2680 qua:
2933 2609 3079 2664 ratio
3128 2609 3234 2664 erit
3282 2603 3573 2662 divisionis

325 2708 382 2762 αι
409 2713 451 2760 ε’
519 2704 654 2774 πρὸς
709 2700 947 2772 ἀλλήλας
997 2702 1334 2772 συνήπτοντο
1365 2717 1380 2731 ·
1455 2701 1576 2764 τοῖς
1625 2699 1682 2753 δὲ
1709 2699 1897 2770 ἄκροις

321 2795 420 2850 τοῦ
453 2799 684 2867 μήκους,
709 2795 768 2848 αι
797 2793 838 2847 ε’
868 2795 986 2856 ταῖς
1019 2799 1082 2848 ε’.
1114 2793 1276 2846 Ὅθεν
1320 2791 1452 2854 ἴσως
1483 2791 1576 2844 καὶ
1607 2791 1894 2862 ἀντιπροσ-

323 2887 508 2950 ώπους
556 2887 740 2958 φησίν.
779 2888 954 2955 Ὅπερ
986 2885 1079 2938 ἑπὶ
1103 2883 1212 2936 τ’ῶν
1255 2883 1492 2953 δέρῤεων
1539 2881 1894 2952 ἀπεμφαίνει,

323 2981 426 3049 τῆς
459 2979 757 3046 ἑνδεκάτης
818 2974 1279 3044 ἑπιδιπλουμένης
1304 2973 1448 3028 κατὰ
1486 2973 1780 3044 πρόσωπον
1801 2974 1898 3043 τῆς

329 3073 555 3142 σκηνῆς.
604 3071 722 3139 Ἐφ’
751 3063 828 3126 ὧν
854 3071 948 3124 καὶ
976 3067 1020 3137 β’
1048 3069 1245 3136 πήχεις
1277 3067 1356 3137 τῷ
1386 3067 1552 3137 μήκει
1597 3066 1750 3136 παρὰ
1801 3065 1899 3129 τὰς

327 3160 554 3222 αὐλαίας
600 3157 943 3229 προσέθηκεν
964 3174 979 3188 ·
1009 3156 1083 3220 ὡς
1112 3155 1178 3209 ἂν
1206 3155 1550 3226 ἑκατέρωθεν
1595 3149 1675 3218 εἷς
1723 3155 1898 3225 πῆχυς

327 3250 663 3320 χαλώμενος,
697 3249 892 3302 σκέποι
927 3248 994 3302 τὰ
1014 3247 1221 3314 πλάγια
1248 3247 1351 3317 τῆς
1418 3247 1650 3316 σκηνῆς,
1711 3243 1898 3316 ὥσπερ

329 3344 423 3395 καὶ
449 3342 513 3394 τὸ
543 3343 836 3412 πρόσωπον
885 3339 1058 3409 αὐτῆς
1097 3339 1184 3392 διὰ
1207 3337 1306 3406 τῆς
1332 3337 1789 3407 ἑπιδιπλουμένης
1815 3338 1900 3388 ὲν-

329 3433 558 3502 δεκάτης
583 3423 839 3504 δὲῥρεως.
889 3431 1220 3499 Ἐσαφήνισε
1249 3428 1305 3481 δὲ
1338 3429 1396 3482 τὸ
1431 3428 1562 3504 παρ’
1594 3427 1752 3499 ἡμῶν
1803 3426 1898 3479 ἐπὶ

328 3523 435 3576 τῶν
459 3503 699 3576 αὐλαιῶν
724 3525 846 3592 είρη
857 3522 1034 3592 μένον,
1087 3519 1258 3576 εἰπών
1279 3537 1293 3552 ·
1329 3537 1348 3570 ι
1375 3518 1485 3572 Καὶ
1515 3503 1778 3587 ’ποιήσεις
1802 3517 1900 3585 ἀγ-

331 3611 494 3674 κύλας
518 3618 560 3663 ν’
591 3611 682 3662 ἐπὶ
707 3609 802 3662 τοῦ
829 3609 1041 3680 χείλους
1067 3611 1175 3680 τῆςι
1215 3608 1452 3679 δὲρῤεως
1476 3604 1576 3675 τῆς
1611 3606 1764 3674 μιᾶς,
1797 3603 1898 3671 τῆς

329 3705 428 3754 ἀνὰ
501 3703 684 3771 μέσον.
714 3721 732 3754 ι
783 3701 868 3763 Ὠς
908 3701 1020 3771 γὰρ
1070 3685 1169 3768 τῆς
1221 3697 1496 3768 συμϐολῆς
1539 3699 1640 3764 τῆς
1698 3695 1899 3748 πεντά-

328 3793 410 3852 δος
439 3792 570 3860 (τῶν
606 3791 865 3862 δέρῤεων)
916 3791 1010 3845 καὶ
1063 3791 1271 3856 ἑξάδος,
1323 3789 1466 3842 κατὰ
1492 3787 1554 3841 τὸ
1601 3787 1771 3857 ἄκρον
1801 3785 1895 3838 τοῦ

331 3886 570 3946 πλάτους
606 3885 716 3937 τῶν
744 3884 854 3937 δύω
908 3885 1087 3953 μέσων
1133 3881 1374 3936 αὐλαιῶν
1407 3881 1722 3951 γινομένης,
1779 3880 1895 3932 ἀλλ’

1999 2703 2054 2758 in
2085 2702 2227 2758 duos
2257 2701 2562 2771 quinarios.
2595 2701 2641 2756 si
2665 2702 2718 2754 in
2747 2700 2983 2769 singulis
3005 2698 3230 2761 accidit,
3265 2698 3410 2768 quod
3439 2709 3490 2752 et
3515 2702 3572 2752 in

1997 2793 2182 2849 medio
2209 2792 2518 2848 eveniebat.
2551 2790 2668 2848 Nisi
2693 2791 2838 2860 forte
2864 2792 2918 2845 in
2951 2791 3272 2846 summitate
3323 2789 3572 2842 latitudi-

1997 2887 2086 2942 nis
2119 2887 2230 2942 dtto
2261 2887 2566 2942 animorum.
2589 2886 2834 2954 quinarii
2867 2886 3006 2938 inter
3031 2900 3090 2939 se
3119 2891 3569 2948 connectentur;

1995 2979 2130 3034 etin
2151 2979 2464 3033 summitate
2487 2975 2846 3048 longitudinis
2875 2975 2990 3044 pari
3038 2975 3252 3030 ratione
3287 2974 3398 3028 duo
3445 2973 3569 3042 qui-

1996 3067 2138 3122 narii
2187 3068 2486 3120 aulaeorum
2519 3066 2868 3134 copulentur.
2913 3064 3054 3119 Hinc
3107 3064 3368 3119 fortassis
3416 3064 3570 3126 dicit,

1997 3157 2244 3214 adversis
2271 3157 2543 3212 frontibus
2573 3155 2858 3226 quinarios
2892 3171 3061 3210 unum
3097 3155 3164 3210 ad
3200 3155 3431 3210 alterum
3472 3169 3572 3224 ap-

1997 3249 2214 3320 plicari,
2261 3247 2404 3319 quod
2457 3247 2680 3315 quidem
2733 3247 3122 3302 manifestatur
3177 3263 3247 3302 ex
3305 3245 3569 3315 pellibus,

1997 3355 2228 3410 quarum
2257 3339 2549 3394 undecima
2580 3339 2896 3409 duplicatur
2931 3355 2996 3393 ex
3030 3339 3262 3393 adverso
3308 3339 3571 3392 taberna-

1997 3431 2129 3498 culi,
2186 3430 2386 3500 quibus
2447 3445 2666 3500 quoque
2715 3429 2868 3484 auxit
2930 3429 3295 3500 longitudinis
3353 3430 3576 3483 cubitus

1999 3519 2264 3590 adjiciens
2287 3520 2467 3574 adhuc
2494 3521 2650 3585 duos,
2701 3531 2760 3574 ut
2796 3519 3128 3576 excederent
3174 3522 3317 3576 binis
3372 3523 3573 3576 cubitis

1998 3615 2190 3666 aulaea.
2221 3611 2366 3678 Quid
2394 3622 2575 3666 autent
2600 3613 2704 3668 sibi
2749 3613 2867 3666 vult
2902 3613 3174 3681 appendix
3217 3616 3332 3669 sive
3363 3615 3574 3668 aalditio

1997 3703 2128 3758 illa?
2175 3705 2385 3760 scilicet
2447 3713 2506 3758 ut
2543 3705 2804 3774 utrinque
2837 3705 3091 3759 eminens
3129 3715 3183 3758 et
3229 3706 3574 3774 propendens

1997 3795 2214 3848 cubitus
2237 3805 2484 3862 contegat
2509 3795 2796 3863 obliquum
2831 3795 3294 3856 tabernaculum,
3329 3811 3433 3848 non
3472 3797 3573 3847 ali«

1999 3895 2104 3950 ter,
2128 3899 2290 3954 quam
2325 3885 2660 3940 tabernaculi
2691 3884 2927 3939 frontem
2973 3885 3120 3938 velat
3151 3885 3423 3952 duplicata
3473 3901 3573 3938 un-

329 3975 388 4026 οὐ
415 3975 560 4027 κατὰ
592 3975 654 4027 τὸ
678 3975 848 4045 ἄκρον
901 3973 996 4026 τοῦ
1054 3974 1260 4043 μήκους
1315 3973 1422 4026 τῶν
1444 3979 1488 4024 ε’
1521 3972 1659 4042 πρὸς
1697 3971 1796 4033 τὰς
1829 3976 1889 4036 ε’,

2001 3941 2216 4030 decima
2247 3974 2422 4044 pellis.
2455 3975 2610 4041 Quod
2650 3976 2718 4030 de
2747 3977 2935 4032 aulaeis
3177 3941 3412 4030 di-xitnus
3437 3993 3572 4029 rou-

329 4063 474 4118 οὓτω
511 4066 665 4134 φησι.
711 4065 820 4120 Τοῦ
843 4065 900 4118 δὲ
963 4067 1172 4134 μήκους
1228 4065 1329 4132 τῆς
1382 4063 1594 4133 σκηνῆς
1623 4063 1667 4116 λ’
1699 4065 1897 4132 πήχεις

331 4155 636 4222 ἐπέχοντος,
661 4155 720 4207 τὸ
745 4153 946 4216 πλάτος
970 4153 1078 4206 τῶν
1101 4153 1340 4208 αὑλαιῶν
1371 4153 1478 4205 τῶν
1503 4154 1890 4223 ἐπικειμένων,

330 4245 552 4314 πήχεων
569 4240 636 4314 ἦν
660 4251 734 4315 μ’.
765 4244 984 4297 Τούτων
1005 4245 1062 4298 δὲ
1084 4244 1127 4297 λ’
1159 4245 1278 4314 μὲν,
1311 4243 1608 4311 ἑστὲγαζον
1628 4243 1726 4313 τὴν
1754 4259 1891 4312 σκη-

330 4337 426 4406 νήν
448 4352 461 4364 ·
493 4335 538 4390 0'
572 4335 652 4400 δὲ,
707 4335 849 4389 κατὰ
883 4335 977 4388 τοῦ
1025 4335 1383 4407 ὀπισθοδόμου
1423 4333 1894 4406 Emerita-cavero

331 4426 382 4480 δὲ
408 4421 510 4489 εἷς,
535 4427 726 4495 φησιν,
752 4426 845 4479 ἐπὶ
869 4427 1160 4496 πρόσωπον
1189 4425 1288 4493 τῆς
1312 4425 1539 4494 σκηνῆς.

334 4521 524 4573 mitate
577 4517 935 4587 longitudinis
962 4557 978 4583 ,
1022 4516 1114 4570 ubi
1171 4517 1418 4586 quinque
1477 4523 1886 4570 connectuntur
1923 4517 2171 4588 quinque
2199 4519 2405 4574 aula-is.
2448 4537 2467 4570 ι
2529 4518 2665 4574 Cum
2703 4517 3042 4571 tabernaculi

2005 4065 2256 4116 firmatur
2281 4069 2336 4117 et
2367 4064 2539 4133 magis
2565 4064 2878 4127 elucitlatur
2907 4080 3004 4133 per
3033 4065 3322 4133 sequentia
3351 4066 3514 4118 verba
3553 4082 3568 4118 :

2007 4173 2026 4206 ι
2063 4153 2128 4207 Et
2153 4154 2324 4208 facies
2354 4169 2520 4209 ansas
2551 4155 2666 4210 sive
2688 4155 2884 4211 fibulas
2915 4156 3310 4225 quinquaginta
3349 4156 3400 4210 in
3427 4157 3572 4210 labio

1999 4245 2159 4313 pellis
2191 4244 2380 4312 unius,
2409 4259 2530 4314 quae
2583 4246 2639 4300 in
2675 4245 2854 4299 medio
2885 4255 2988 4310 est,
3035 4248 3192 4316 quasi
3235 4255 3572 4301 concurrant

1998 4338 2292 4408 quinarius
2320 4347 2373 4392 et
2405 4338 2660 4394 senarius
2691 4338 2744 4392 in
2791 4338 3104 4392 summitate
3143 4337 3446 4390 latitudinis
3475 4353 3580 4392 au-

1999 4427 2248 4487 lai-orum.
2271 4443 2392 4496 qua:
2419 4429 2472 4481 in
2506 4429 2687 4482 medio
2713 4427 2890 4496 posita
2912 4435 3044 4482 sunt
3075 4435 3162 4479 :et
3194 4440 3300 4479 non
3341 4425 3393 4478 in
3423 4439 3570 4478 sum-

3118 4515 3404 4582 longitutlo
3448 4531 3567 4566 ant-

331 4613 664 4680 plecterelur
717 4610 933 4664 cubitus
968 4608 1211 4679 triginta,
1265 4623 1373 4661 non
1429 4608 1497 4662 ab
1535 4623 1595 4662 re
1657 4609 1892 4664 latitudo
1929 4612 2248 4674 aulteorum,
2281 4626 2402 4682 qua:
2427 4612 2795 4681 contegebant
2861 4610 3304 4671 tabernaculum,
3377 4619 3568 4662 exten-

333 4706 563 4761 tlebatur
599 4719 774 4775 usque
817 4702 886 4756 ad
931 4702 1408 4772 quadragesimum
1456 4701 1727 4757 cubitum.
1763 4703 2012 4775 Triginta
2077 4706 2389 4761 cubitorum
2458 4707 2630 4760 aulaea
2700 4705 3066 4775 contegebant
3129 4703 3568 4759 tabernaculum.

333 4797 536 4853 Novem
578 4797 778 4852 deinde
809 4797 1118 4850 cubitorum
1153 4797 1322 4850 aulata
1361 4795 1685 4866 aperiebant
1719 4799 2076 4868 posteriorem
2111 4801 2456 4856 tabernaculi
2479 4810 2726 4870 partem“
2770 4801 2953 4854 Aulaa
3015 4802 3180 4854 unius
3237 4799 3408 4853 cubiti
3482 4814 3580 4853 ce-

333 4893 518 4948 labant
557 4891 796 4946 frontem
823 4889 1184 4945 tabernaculi.
1217 4891 1280 4944 ln
1339 4889 1489 4946 hunc
1545 4891 1767 4946 modum
1827 4893 2000 4949 aulaea
2051 4893 2143 4950 illa
2191 4893 2554 4964 quadraginta
2611 4892 2920 4949 cubitorum
2973 4891 3443 4948 distribuebantur
3502 4889 3572 4945 ad

332 4983 685 5056 Operiendum
720 4981 1160 5038 tabernaculum.

407 5177 488 5224 ιε’.
523 5170 634 5223 Καὶ
666 5169 940 5237 ποιήσεις
965 5171 1234 5238 στύλους
1267 5171 1342 5241 τῇ
1367 5172 1574 5242 σκηνῇ
1600 5174 1670 5228 ἐκ
1697 5173 1899 5240 ξύλων

335 5262 642 5328 ἀσήπτων.
691 5261 832 5326 Τοὺς
882 5263 1108 5328 στύλους
1161 5265 1398 5330 σανίδας,
1425 5267 1615 5352 ¹φησι,
1670 5267 1902 5338 παχείας

337 5350 470 5420 προς
499 5350 734 5418 ἀλλήλας
761 5351 1171 5422 ἀρμοττομὲνας
1201 5353 1290 5407 διά
1318 5350 1475 5409 τινων
1513 5356 1926 5426 ἁγκωνίσκων.-

337 5441 490 5493 Οὖτω
509 5441 566 5493 δὲ
591 5442 748 5495 καλεῖ
773 5444 1098 5509 γνωνιὼδεις
1136 5447 1288 5518 τινὰς
1324 5449 1592 5514 ἐκκοπὰς,
1619 5450 1702 5512 είς
1743 5449 1905 5520 ἀλλή-

335 5531 887 5602 >.ας’ὲμ6αλ).ομένας,
924 5535 1000 5598 ὡς
1039 5538 1112 5606 μὴ
1155 5537 1452 5609 διαχαίνειν
1511 5539 1622 5593 τῶν
1671 5541 1902 5595 σανίδων

407 5703 454 5734 τ’
483 5707 640 5764 Joan.
674 5723 782 5767 xiv,
816 5709 907 5764 28.

2074 5175 2140 5230 Et
2159 5175 2323 5245 facies
2339 5175 2613 5229 columnas
2633 5172 3105 5238 tabernaculo,etc.
3121 5173 3232 5245 [15.
3247 5173 3258 5244 1
3275 5171 3571 5228 Columnas

2001 5269 2108 5324 hoc
2137 5269 2257 5324 loco
2280 5267 2529 5322 nominat
2569 5266 2778 5321 tabulas
2803 5265 3014 5336 spissas
3037 5273 3090 5320 et
3117 5267 3262 5320 inter
3288 5280 3409 5320 sese
3438 5280 3571 5320 con-

2001 5363 2219 5433 junctus
2256 5361 2590 5430 quibusdam
2655 5359 2880 5413 annulis
2919 5373 3016 5412 seu
3044 5357 3249 5412 fibulis.
3285 5355 3568 5410 Habebunt

2005 5469 2227 5524 quoque
2285 5453 2587 5506 incisiones
2633 5450 2928 5520 quasdam,
2981 5449 3183 5519 quibus
3225 5447 3572 5513 constringe-

2005 5544 2228 5608 bantur,
2261 5557 2331 5596 ne
2359 5543 2414 5596 in
2449 5540 2630 5597 medio
2661 5541 2897 5612 turpiter
2932 5540 3170 5596 hiareut.
3199 5537 3458 5608 Singulas
3485 5545 3567 5588 ta-
