4010 6212
290 307 398 370 διο

1366 305 1905 367 COMMENTARII
1947 303 2025 363 IN
2060 300 2383 365 EXODUM
2399 348 2412 361 .

3449 297 3555 361 (350

286 416 430 479 vela,
469 428 593 485 qua:
651 430 894 487 appensa
930 431 998 471 ex
1069 422 1394 472 transverso
1446 416 1741 480 columnis,
1817 410 2131 469 ambiebant
2178 425 2329 466 aram
2394 407 2537 462 attio
2592 400 2852 460 dicatam.
2925 402 3035 460 Nec
3115 413 3295 462 tamen
3347 407 3548 462 atrium

286 511 631 580 mtegebant,
663 521 723 565 ut
756 512 992 582 legimus
1033 511 1101 567 de
1132 512 1475 567 tabernaculi
1511 513 1723 566 aulaeis.

354 600 468 657 Ἦν
497 603 555 658 δὲ
585 603 775 673 τὰμὲν
802 607 883 667 εἰς
913 604 1088 675 μῆκος
1127 605 1295 667 ἱστία,
1334 606 1554 674 πήχεων
1590 611 1632 666 ρ’
1656 603 1715 669 ἐξ
1745 605 1869 655 ἐκα-

2048 596 2212 668 300
2234 594 2465 649 Centum
2505 590 2816 646 cubitorum
2855 586 3253 658 longitudinem
3289 588 3552 659 utrinque

292 698 443 768 τέρου
479 697 708 768 μέρουςο
739 698 808 750 τὰ.
828 697 886 751 δὲ
911 700 992 761 εἰς
1026 697 1251 763 πλάτος,
1287 705 1351 753 ν’.
1378 700 1441 751 0i
1466 698 1524 750 δὲ
1559 699 1874 768 συνέχοντες

293 790 487 851 ιῐονες.
515 790 567 842 οἱ
594 791 693 858 μὲν
726 790 808 852 εἰς
838 792 1015 859 μῆκος
1054 790 1192 860 πρὸς
1234 797 1282 842 κ’
1336 789 1696 866 ἑκατέρωθεν,
1739 791 1787 841 οἱ
1817 787 1875 840 δὲ

287 881 365 942 εἰς
391 880 598 943 πλάτος
657 881 794 950 πρὸς
823 879 854 934 ι’
884 900 897 913 -
920 876 987 934 τε
1026 882 1083 933 δὲ
1109 880 1244 949 ὕψος
1297 876 1505 951 κύκλῳ,
1541 888 1599 934 ιε’
1632 881 1870 949 πήχεων.

298 970 443 1023 Ἀλλ’
475 968 679 1036 Εξωθεν
706 970 814 1023 τῶν
842 971 1150 1042 εἰρημένων
1188 975 1383 1025 κιόνων
1429 970 1571 1031 κατά
1609 988 1666 1024 τε
1703 972 1872 1041 μῆκος

284 1060 383 1114 καὶ
410 1057 616 1123 πλάτος
647 1058 992 1131 ἑκατέρωθεν
1026 1056 1358 1132 εὑρίσκομεν
1390 1056 1440 1130 γ’
1461 1062 1555 1115 καὶ
1587 1060 1636 1130 γ’
1658 1062 1718 1126 ἐξ
1747 1061 1875 1114 ἑκα-

280 1153 445 1222 τέρου
475 1148 717 1215 κλίτους,
754 1153 848 1205 καὶ
884 1153 925 1206 δ’
957 1154 1099 1207 κατὰ
1154 1155 1254 1223 τὴν
1303 1155 1509 1208 εἴσοδον
1551 1156 1650 1223 τῆς
1679 1155 1869 1223 αὐλῆς.

282 1242 395 1293 Καὶ
426 1241 500 1311 μή
540 1257 675 1306 ποτε
694 1238 918 1305 τούτους
944 1245 1357 1313 ἐνυφασμένους
1404 1244 1485 1296 δεῖ
1525 1242 1712 1296 λαϐεῖν
1761 1244 1873 1303 τοῖς

283 1331 478 1393 ἱστίοις
501 1334 566 1385 ἐκ
587 1332 883 1396 ποικιλίας,
908 1333 985 1396 ὡς
1015 1335 1178 1398 αὐτὸς
1199 1334 1326 1407 ἔφη,
1362 1332 1723 1406 ραφιδευτοῦς
1748 1335 1872 1386 Τοι-

279 1422 487 1493 γαροῦν
511 1424 604 1477 ἐπὶ
638 1424 746 1476 τῶν
773 1424 951 1479 ἄλλων
985 1424 1083 1490 τὰς
1114 1425 1246 1490 ὕλας
1282 1424 1477 1492 εἰπὼν,
1520 1427 1615 1481 καὶ
1649 1425 1874 1480 τὸνπε-

281 1515 599 1584 ρικείμενον
631 1516 838 1587 κόσμον
867 1521 987 1582 ταῖς
1011 1518 1272 1587 κεφαλίσι
1306 1519 1401 1573 καὶ
1449 1522 1569 1583 ταῖς
1608 1518 1832 1588 βάσεσιν
1854 1562 1867 1581 ,

277 1608 375 1659 ἐπὶ
397 1607 607 1661 τούτων
629 1609 781 1663 οὐδὲν
810 1608 1051 1663 τοιοῦτον
1076 1610 1409 1685 προσέθηκε.
1439 1610 1761 1664 Τοὺναντίον
1791 1610 1869 1678 δὲ,

282 1694 424 1765 μετὰ
446 1697 541 1750 τὸν
573 1696 682 1750 τῶν
717 1697 759 1752 δ’
781 1698 963 1766 λόγον,
996 1699 1186 1771 ὥσπερ
1210 1701 1664 1756 ἀντιδιαστέλλων
1688 1702 1871 1765 αὐτοῖς

275 1787 407 1851 τοὺς
438 1791 498 1841 ὲν
534 1788 742 1861 κύκλῳ,
765 1771 933 1862 φησίῖ
973 1810 990 1843 ο
1031 1793 1201 1846 Πέντε
1238 1793 1288 1846 οἱ
1338 1792 1520 1847 στῦλοι
1562 1793 1664 1863 τῆς
1700 1792 1869 1863 αὐλῆς

276 1877 461 1929 αὐτῶν
490 1878 676 1951 κύκλῳ
702 1883 1224 1953 κατηργυρωμένοι.
1261 1902 1280 1934 ι
1322 1883 1481 1946 Τινὲς
1511 1883 1567 1936 δὲ
1599 1883 1712 1952 (92)
1742 1884 1869 1946 τοὺς

1981 688 2297 744 vesticbant
2318 685 2437 740 vela
2471 683 2588 737 sive
2624 680 2799 735 mavis
2833 680 3010 761 aulaea
3035 697 3047 732 :
3074 680 3552 750 atquinquaginta

1980 782 2298 837 cubitorum
2344 776 2655 832 secundum
2697 775 3047 830 latitudinem
3086 772 3368 829 ambiebat
3400 789 3559 830 men-

1980 884 2194 926 suram.
2228 869 2540 931 Columnm,
2562 867 2769 937 quibus
2803 866 2922 920 vela
2957 862 3075 921 sive
3098 864 3273 921 anltea
3314 867 3439 920 atrii
3471 866 3561 920 ln-

1977 962 2335 1025 cumbebaut,
2369 960 2733 1029 reperiuntur
2769 957 2823 1012 iu
2870 946 3241 1028 lorigltddinis
3268 958 3445 1028 spatio
3478 959 3560 1012 vi-

1978 1055 2143 1125 ginti,
2170 1061 2224 1108 et
2253 1053 2306 1106 in
2343 1050 2639 1108 latitudine
2678 1050 2895 1104 decem.
2932 1048 3185 1102 Altitudo
3216 1049 3407 1125 operis,
3438 1065 3563 1103 om.

1980 1146 2128 1200 niex
2165 1150 2324 1213 parte
2369 1141 2667 1197 constabat
2707 1140 2911 1195 cubitis
2965 1139 3308 1209 quindecim.
3352 1137 3557 1194 Verum

1976 1242 2137 1292 extra
2201 1235 2496 1306 praedictas
2539 1235 2835 1288 columnas
2891 1233 3205 1288 invenimus
3259 1241 3447 1287 ternas
3502 1235 3558 1287 in

1980 1339 2217 1398 utroque
2251 1329 2423 1382 latere
2452 1324 2821 1396 longitudinis
2847 1334 2900 1378 et
2933 1325 3267 1380 latitudinis.
3289 1314 3556 1380 Praeterea

1977 1431 2225 1491 quatuor
2280 1420 2553 1475 columna:
2598 1425 2909 1473 occurrunt
2952 1419 3180 1472 intranti
3216 1418 3288 1483 _in
3333 1420 3556 1472 atrium.

1976 1510 2260 1570 Fortassis
2292 1514 2377 1567 hac
2417 1520 2550 1568 sunt
2591 1511 2700 1566 illa:
2727 1511 3025 1575 columnae,
3061 1525 3203 1580 quas
3229 1518 3413 1566 textus
3441 1519 3557 1565 trn-

1974 1606 2056 1659 dit
2076 1615 2379 1662 exornatas
2398 1621 2524 1660 esse
2541 1604 2700 1665 velis,
2718 1610 2774 1658 et
2797 1602 3086 1658 confectas
3107 1618 3280 1673 opera
3304 1603 3554 1662 illorutu.

1974 1700 2069 1770 qui
2112 1715 2212 1755 acu
2256 1699 2485 1769 pingere
2509 1705 2943 1761 consueverunt,
2993 1703 3053 1749 ut
3095 1693 3342 1766 undique
3376 1698 3558 1765 operis

1974 1789 2221 1845 reluceat
2255 1784 2684 1857 magniﬁcentia.
2709 1778 2804 1837 Vel
2840 1783 2896 1838 in
2935 1781 3205 1839 relatione
3236 1794 3557 1838 caeterarnm

1974 1883 2361 1935 columnarum
2414 1894 2540 1933 cum
2581 1886 2867 1933 narrasset
2911 1886 3174 1932 ornatum
3216 1880 3460 1945 capitum
3504 1888 3558 1930 ιι

272 1969 320 2022 δ’
350 1970 459 2041 πρὸ
484 1972 585 2040 τῆς
615 1973 787 2043 αὐλῆς
824 1975 1049 2027 ἑστάναι
1083 1974 1251 2041 φασὶ,
1294 1975 1636 2044 προπυλαίου
1674 1977 1868 2046 χρείαν

1976 1966 2218 2040 basium,
2241 1974 2413 2027 miror
2449 1971 2600 2040 quod
2630 1971 2698 2025 de
2729 1971 2816 2025 bis
2844 1970 2979 2024 nihil
3014 1970 3123 2025 tale
3147 1970 3554 2039 praedicaverit.

276 2062 647 2134 πληροῦντας,
678 2065 1033 2134 ἐπικειμένου
1068 2066 1578 2135 παραπετάσματος
1604 2084 1861 2120 καταντι-

277 2156 386 2223 κρὺ
411 2155 512 2224 τῆς
544 2156 749 2226 σκηνῆς
770 2172 783 2185 ’
810 2157 884 2219 ὠς
917 2156 984 2209 ἂν
1018 2157 1093 2228 μὴ
1123 2159 1187 2210 ὲκ
1214 2158 1449 2227 παρόδου
1482 2158 1643 2211 πάλιν
1665 2158 1865 2231 ὁρῷτο,

276 2244 473 2316 ὥσπερ
502 2246 650 2299 ἔνδον
680 2250 740 2301 ὲν
766 2249 832 2318 τῇ
859 2250 1056 2318 σκηνῇ,
1088 2249 1183 2303 καὶ
1219 2244 1332 2302 οἷον
1366 2252 1546 2303 ἐκεῖνο
1578 2251 1638 2303 τὸ
1684 2268 1865 2321 παρα-

278 2337 557 2406 πέτασμα.
583 2339 675 2408 Μή
706 2356 838 2391 ποτε
873 2335 966 2393 οὖν
992 2340 1087 2393 καί
1112 2340 1162 2392 οἱ
1199 2346 1247 2407 γ’
1278 2340 1626 2413 ἑκατέρωθεν
1653 2342 1863 2407 κόσμου

279 2429 481 2500 χάρινς
516 2431 933 2501 προσγράφεται
960 2431 1016 2485 δὲ
1049 2432 1172 2485 ἀντὶ
1200 2432 1300 2502 μὲν
1333 2433 1426 2485 τοῦ
1474 2451 1492 2482 t
1532 2432 1668 2503 πρὸς
1699 2431 1863 2498 Λίϐα,

279 2521 417 2592 πρὸς
455 2520 629 2573 Νότον
651 2536 665 2549 ·
691 2539 711 2572 ι
738 2521 858 2578 ἀντὶ
877 2522 936 2574 δὲ
965 2522 1081 2588 τοῦ,
1117 2541 1136 2573 t
1176 2523 1313 2593 πρὸς
1338 2523 1701 2596 Ἀπηλιὼτην,
1734 2526 1875 2595 πρὸς
1910 2532 1913 2535 ’

279 2609 354 2665 Bo
391 2608 516 2679 ρᾶν,
557 2627 576 2660 ι
603 2610 740 2680 πρὸς
768 2610 828 2663 τὸ
860 2611 1195 2681 σαφέστερον
1221 2612 1609 2682 μεταποιηθέν.
1650 2614 1871 2683 Ἐπιτρέ-

280 2717 369 2773 pet
394 2704 504 2773 γὰρ
529 2702 597 2755 τὰ
633 2701 797 2756 λοιπὰ
824 2702 935 2756 δύω
961 2704 1219 2775 κλίματα,
1251 2704 1313 2756 τό
1345 2721 1405 2757 τε
1438 2723 1457 2756 t
1507 2706 1643 2774 πρὸς
1670 2706 1873 2760 θάλασ-

279 2809 407 2859 σαν,
443 2813 464 2847 ι
498 2795 528 2848 ὃ
549 2798 666 2849 ἔστι
699 2795 837 2869 πρὸς
867 2796 1041 2861 δύσιν,
1067 2797 1162 2849 καὶ
1185 2796 1246 2849 τὸ
1284 2813 1301 2847 t
1328 2797 1464 2867 πρὸς
1482 2797 1766 2860 ἀνατολάς.
1810 2816 1829 2849 ι

1974 2067 2272 2131 Caeterum,
2304 2071 2365 2119 ut
2405 2064 2755 2135 contrarium
2793 2063 3007 2127 videas,
3053 2071 3174 2132 post
3226 2062 3553 2118 relationem

1974 2161 2365 2215 columnarum
2420 2165 2685 2226 quatuor,
2725 2157 2889 2226 quasi
2936 2156 3004 2211 ab
3047 2155 3133 2211 his
3189 2167 3445 2211 secernat
3500 2159 3554 2211 in

1973 2253 2215 2307 circuitu
2269 2251 2394 2305 atrii
2426 2250 2662 2320 positas,
2717 2250 2900 2319 inquit
2933 2267 2946 2302 :
2983 2267 3002 2301 ί
3041 2248 3248 2305 Omnes
3280 2251 3556 2305 columnre

1976 2342 2102 2396 atrii
2138 2342 2194 2396 in
2237 2342 2481 2396 circuitu
2518 2339 2881 2395 obducantur
2914 2347 3172 2407 argento,
3215 2357 3235 2392 ι
3284 2348 3395 2393 etc.
3425 2338 3558 2402 Qui-

1975 2434 2101 2488 dam
2123 2417 2443 2509 perhibent,
2464 2441 2705 2501 quatuor
2731 2431 2858 2485 illas
2887 2430 3180 2485 columnas
3208 2431 3349 2485 sitas
3382 2428 3554 2484 fuisse

1973 2536 2128 2581 extra
2152 2528 2380 2590 atrium,
2404 2534 2457 2581 et
2483 2541 2643 2581 usum
2668 2523 2927 2579 vestibuli
2963 2523 3272 2591 praebuisse
3306 2538 3554 2592 appenso

1975 2620 2097 2675 velo
2148 2635 2219 2674 ex
2257 2620 2493 2673 adverso
2530 2616 2904 2679 tabernaculi,
2953 2630 3021 2670 ne
3056 2614 3314 2670 videlicet
3348 2622 3557 2669 temere

1974 2710 2159 2780 quivis
2185 2712 2381 2765 oculos
2411 2709 2466 2763 in
2494 2708 2699 2762 atrium
2725 2720 2955 2777 quoque
2998 2707 3302 2775 conjiceret
3345 2747 3359 2769 ,
3390 2721 3553 2759 arce-

1975 2808 2242 2869 returque
2291 2799 2450 2869 quasi
2504 2798 2754 2854 secundo
2805 2800 2947 2851 velo.
2982 2795 3261 2852 Fortassis
3302 2806 3356 2851 et
3383 2805 3556 2851 ternas

279 2888 391 2943 illa:
430 2899 663 2946 ornatus
709 2891 888 2961 gratia
935 2891 1195 2960 utrinque
1249 2902 1635 2955 accesserunt,
1684 2889 1819 2944 Nam
1874 2892 2101 2946 additur
2161 2892 2339 2949 tribus
2375 2894 2431 2946 in
2505 2892 2609 2947 hoc
2653 2892 2826 2945 latere
2879 2890 3209 2945 collocatis:
3281 2909 3301 2942 ι
3347 2888 3555 2946 Versus

278 2978 558 3043 Alricum,
591 2987 646 3033 ct
702 2980 1024 3033 Austrum.)
1062 2979 1272 3034 Alteris
1317 2979 1498 3033 tribus
1533 2980 1839 3050 adjicitur:
1928 3000 1947 3030 ‹
1982 2979 2189 3037 Versus
2244 2982 2618 3037 Subsolanum
2657 2989 2714 3035 et
2757 2981 2985 3034 Boream
3020 2998 3038 3035 :
3083 3000 3101 3033 ι
3149 2996 3271 3051 qua:
3366 2985 3552 3039 omnia

282 3070 577 3137 dicuntur,
599 3080 657 3125 ut
687 3087 775 3127 res
803 3072 1106 3127 dilucidior
1135 3072 1227 3127 sit.
1247 3070 1384 3126 Nam
1410 3072 1579 3127 etiam
1620 3071 1983 3141 reliquorum,
2009 3089 2132 3143 quas
2170 3090 2404 3129 numero
2471 3075 2581 3130 duo
2654 3082 2831 3138 suut,-
2893 3072 3145 3128 meminit
3219 3073 3500 3129 climatum
3536 3094 3553 3131 :

288 3180 311 3214 ι
353 3162 754 3230 Versusmare,
784 3184 803 3217 ι
848 3166 954 3221 sub
988 3166 1193 3236 quibus
1218 3165 1402 3221 verbis
1453 3173 1795 3220 monstratur
1821 3178 2055 3223 occasus
2088 3185 2104 3222 :
2156 3187 2176 3220 ι
2215 3168 2448 3231 Versus,
2475 3176 2729 3224 exortum
2801 3166 2959 3234 solis,
2998 3186 3016 3218 ι
3086 3166 3293 3238 quibus
3372 3167 3556 3225 verbis

283 3256 607 3313 declaratur
636 3258 848 3313 oriens.

362 3370 634 3425 Caeterum
666 3371 800 3427 illud
841 3372 989 3438 vide,
1016 3383 1074 3427 ut
1101 3373 1356 3428 Ecclesia
1392 3385 1541 3427 nunc
1583 3370 1881 3443 angustior
1915 3379 1969 3427 et
2009 3372 2216 3427 arctior
2235 3372 2651 3426 demonstretur
2688 3368 2793 3426 sub
2844 3376 2974 3441 typo
3004 3367 3556 3424 tabernaculimune

285 3470 423 3513 vero
464 3459 667 3512 iterum
698 3460 999 3530 amplietur
1027 3469 1084 3515 et
1114 3461 1378 3515 dilatetur
1409 3458 1512 3515 sub
1547 3468 1679 3531 typo
1707 3461 1861 3524 atrii,
1895 3459 2200 3516 secundum
2234 3459 2392 3515 Isaia:
2422 3458 2778 3529 proloquium
2814 3476 2828 3513 :
2876 3475 2894 3508 ι
2934 3456 3110 3521 Dilata
3141 3456 3323 3511 locum
3370 3458 3558 3511 taber-

288 3545 477 3599 naculi
510 3546 687 3613 tui,et
713 3548 1012 3603 sulcorum
1058 3556 1302 3613 tuorum,
1335 3548 1439 3618 llge
1475 3564 1574 3603 nec
1608 3546 1937 3617 peperceris.
1970 3546 2238 3602 Praeterea
2293 3547 2349 3601 in
2412 3547 2638 3614 dextras
2689 3551 2745 3600 et
2788 3545 3046 3601 sinistras
3088 3551 3273 3615 partes
3348 3559 3557 3615 expan-

291 3633 364 3687 de
392 3635 492 3686 π.»
545 3633 680 3688 Nam
717 3635 966 3692 Ecclesia
1003 3636 1159 3691 initio
1194 3638 1249 3691 in
1287 3651 1453 3692 unum
1493 3636 1654 3706 quasi
1700 3634 1854 3689 orbis
1896 3634 2155 3704 angulum
2187 3634 2465 3703 conjecta,
2497 3642 2746 3703 tempore
2774 3631 3103 3687 succedente
3140 3630 3197 3685 in
3235 3632 3552 3687 universum

286 3718 489 3776 ditium
549 3730 632 3777 est
658 3723 877 3778 orbem.
906 3721 1068 3777 Nunc
1111 3723 1295 3792 aspice
1333 3721 1621 3775 columnas
1651 3728 1798 3774 totas
1828 3734 1965 3775 auro
2008 3720 2300 3782 obductas.
2331 3710 2565 3791 q'uarum
2601 3721 2784 3783 bases,
2806 3720 3008 3789 quibus
3065 3718 3400 3783 innituntur,
3460 3720 3552 3773 ni-

289 3814 410 3861 tent
438 3817 672 3878 argento
706 3818 763 3864 et
797 3825 955 3865 auro.
987 3798 1099 3863 Ceu
1128 3809 1301 3876 digito
1331 3815 1774 3863 commonstrant
1808 3806 1915 3860 illa:
1960 3804 2236 3862 columnas
2290 3807 2575 3863 Christum
2629 3813 3013 3861 coruscantem
3066 3804 3239 3860 radiis
3279 3806 3552 3873 argenteis

290 3892 670 3951 oﬂundentem
713 3898 892 3952 oculis
922 3895 1135 3951 nostris
1166 3896 1306 3950 lucis
1340 3894 1635 3950 candidum
1661 3893 1958 3962 judicium.
1990 3892 2146 3958 Quod
2168 3909 2299 3949 vero
2322 3895 2708 3949 columnarum
2740 3893 2903 3947 bases
2937 3899 3196 3947 constant
3238 3906 3346 3946 tere
3380 3902 3436 3947 et
3463 3908 3555 3944 ar-

286 3993 480 4052 gento,
519 3984 656 4039 satis
684 3986 974 4041 evidenter
1009 3985 1287 4040 indicatur
1313 3998 1629 4040 sermonem
1661 3983 1783 4050 ejus
1814 3983 1873 4036 in
1903 3981 2038 4037 orbe
2068 3981 2311 4035 lucidum
2350 3992 2404 4035 et
2427 3981 2744 4035 reboantem
2781 3981 3011 4033 volitare
3050 3979 3274 4049 ubique.
3299 3978 3412 4035 Nec
3452 3979 3553 4034 ab.

292 4070 527 4124 surdum
555 4068 723 4125 fuerit
757 4072 861 4126 sub
886 4073 1161 4126 columnis
1192 4070 1424 4140 intelligi
1458 4081 1683 4125 sanctos
1716 4069 2000 4139 apostolos
2025 4067 2348 4150 usiquidem
2375 4065 2581 4124 Paulus
2610 4084 2717 4122 non
2756 4067 3017 4123 abhorret
3054 4060 3338 4122 Christum
3370 4069 3550 4123 nomi-

291 4169 426 4211 nare
454 4156 779 4212 Ecclesiam.
806 4157 1043 4213 Proinde
1079 4158 1313 4227 apostoli
1353 4172 1577 4227 quoque
1609 4157 1798 4211 divino
1823 4156 2034 4227 fulgore
2065 4155 2417 4225 resplendent
2441 4156 2871 4226 participatione
2897 4154 3103 4208 Christi
3135 4156 3548 4226 quodammodo

290 4240 616 4300 haurientes
652 4243 1023 4313 splendorem,
1059 4246 1221 4301 sicuti
1254 4245 1456 4300 alicubi
1486 4247 1539 4299 in
1572 4260 1732 4301 saera
1768 4243 2052 4315 Scriptura
2084 4244 2289 4314 legitur
2329 4261 2343 4297 ε
2374 4262 2394 4323 t_
2436 4241 2505 4296 Et
2537 4244 2644 4299 erit
2681 4241 2945 4312 splendor
2977 4242 3197 4323 meiui
3230 4243 3324 4298 Dei
3365 4245 3542 4298 noS!ri

290 4344 462 4400 super
502 4346 602 4386 nos
638 4332 708 4385 ".
753 4349 772 4382 ι
807 4330 1079 4387 Ceterum
1114 4332 1377 4400 splendor
1405 4340 1491 4387 est
1514 4333 1625 4398 ille,
1657 4331 1749 4403 qui
1782 4334 2137 4401 semetipsum
2175 4338 2343 4389 vocat,
2367 4319 2544 4384 lucem
2588 4329 2801 4385 mundi.
2830 4316 3037 4403 Horum
3076 4330 3226 4384 basis
3256 4340 3310 4383 et
3347 4329 3546 4384 funda-

290 4425 536 4472 mentum
570 4418 986 4475 stabilissimum
1032 4421 1302 4482 creditur,
1336 4421 1383 4476 si
1416 4436 1611 4491 magna
1648 4436 1781 4476 voce
1817 4430 1874 4474 et
1902 4420 2109 4473 diserte
2142 4418 2362 4475 miseris
2409 4414 2735 4473 mortalibus
2774 4410 3085 4486 objecerint
3128 4424 3544 4471 sacrosanctum

287 4500 664 4575 Evangelium.
698 4504 834 4559 Nam
861 4506 1150 4573 Dominus,
1173 4508 1351 4577 inquit
1373 4509 1442 4573 ",
1463 4509 1613 4563 dabit
1635 4509 1857 4564 verbum
1889 4505 2349 4562 annuntiantibus
2375 4505 2725 4577 Evangelium
2753 4505 2807 4559 in
2843 4520 3040 4574 magna
3072 4506 3313 4575 potentia
3344 4514 3397 4559 ει
3432 4502 3544 4558 νίν,

283 4597 423 4644 tute.
463 4588 731 4645 Praeterea
759 4592 926 4661 pedes
967 4595 1432 4651 annuntiantium.
1460 4595 1604 4649 bona
1641 4595 1854 4665 pulchri
1882 4603 2033 4657 sunt,
2068 4600 2129 4648 ttt
2164 4602 2310 4663 patet
2343 4608 2411 4648 ex
2449 4591 2739 4662 Scriptura
2774 4590 2841 4644 '°.
2878 4592 2989 4647 Nec
3020 4593 3196 4647 solum
3240 4592 3542 4659 apostolos.

281 4690 475 4730 verum
508 4678 807 4747 prophetas
833 4688 887 4733 et
916 4679 1181 4737 doctores
1215 4682 1625 4738 ecclesiasticos
1660 4681 1761 4735 sub
1798 4681 1890 4734 illo
1921 4682 2209 4737 involucro
2243 4680 2417 4735 teneri
2455 4680 2659 4735 nemini
2689 4679 2916 4735 dubium
2944 4696 3069 4753 esse
3102 4666 3363 4755 arbitror.
3410 4679 3541 4733 Nam

280 4777 392 4816 non
429 4763 531 4818 soli
565 4762 763 4844 Petrus
798 4772 852 4817 et
879 4762 1116 4821 Iacobus
1139 4807 1155 4831 ,
1186 4763 1535 4837 Joannesque
1575 4767 1843 4823 colUmna:
1876 4769 2142 4823 Ecclesia:
2202 4769 2615 4830 existimantur,
2656 4783 2756 4822 nec
2788 4769 2941 4823 solus
2974 4834 2977 4839 γ
3005 4766 3250 4833 Joannes
3302 4768 3544 4838 Baptista

278 4848 508 4904 lucerna
531 4859 653 4903 erat
686 4850 892 4905 ardens
912 4851 955 4883 “
989 4869 1001 4904 :
1032 4853 1138 4906 ista
1173 4854 1394 4907 nomina
1431 4854 1771 4909 conveniunt
1796 4856 2079 4932 omnibus,
2105 4856 2199 4926 qui
2231 4871 2327 4924 per
2359 4855 2508 4925 ipsos
2530 4850 2835 4910 Ecelesiam
2865 4850 3103 4908 fulciunt
3123 4844 3175 4907 iit
3195 4858 3403 4908 s‘artam
3464 4865 3541 4911 te-

276 4944 427 4990 ctam
458 4936 684 4990 habent.
710 4935 843 5006 Ejus
863 4937 943 4993 rei
977 4942 1357 4995 testimonium
1386 4942 1728 4996 luculentum
1758 4922 1946 5005 fuerit,
1976 4922 2329 5013 quodvinquit
2353 4922 2425 4999 τ’(
2450 4942 2561 4998 Vos
2585 4944 2724 4997 estis
2761 4943 2851 4996 lux
2886 4943 3201 4996 mundi‘h
3241 4944 3309 4997 Et
3337 4934 3537 4999 iterum

274 5037 404 5078 cum
429 5022 652 5077 divinus
674 5022 879 5077 Paulus
901 5026 1230 5094 quibusdam
1256 5029 1513 5098 imperat,
1539 5040 1598 5084 ut
1632 5030 1745 5084 sint
1773 5030 2065 5096 columnae,
2092 5031 2317 5086 dicens:
2344 5051 2362 5083 ι
2396 5030 2585 5085 Estote
2609 5032 2771 5087 solidi
2806 5042 2860 5087 et
2880 5031 3189 5087 immobiles
3218 5033 3286 5087 ⁸³ξ
3310 5054 3328 5084 ›
3354 5028 3542 5089 'Etiam

277 5108 629 5163 Timotheum
660 5111 872 5179 paravit
904 5120 960 5166 et
996 5113 1263 5167 instruxit
1285 5116 1353 5181 ⁸³,
1382 5128 1438 5170 ut
1468 5125 1619 5172 esset
1657 5118 1914 5172 columna
1948 5126 2003 5172 et
2026 5119 2455 5174 stabilimentum
2490 5121 2769 5178 Ecclesiae.
2982 5108 2988 5117 ’
3464 5132 3496 5143 ³·

347 5193 505 5265 301
537 5193 606 5250 Et
637 5198 902 5266 accipiant
929 5199 1061 5253 mihi
1091 5202 1265 5254 oleum
1283 5216 1347 5253 ea;
1377 5204 1658 5266 oliuis,etc.
1679 5202 2042 5280 [XXVILS‘L]
2070 5206 2319 5262 Lucerna
2352 5208 2629 5276 perennis,
2653 5223 2775 5277 qua:
2798 5209 2969 5263 alitur
2986 5225 3117 5265 vero
3144 5218 3199 5263 et
3231 5224 3371 5280 puro
3397 5212 3538 5271 oleo.

278 5282 416 5337 nihil
438 5285 589 5339 aliud
614 5295 721 5349 est,
741 5301 906 5355 quam
926 5301 1183 5342 verorum
1206 5290 1561 5345 sacerdotum
1581 5292 2068 5370 doctrina‘Christi
2099 5295 2329 5349 auribus
2352 5297 2558 5350 nostris
2576 5295 2755 5353 lucem
2778 5296 3074 5354 infundens
3093 5307 3147 5352 et
3163 5300 3370 5355 erroris
3392 5308 3497 5353 tem
3521 5329 3549 5342 -

349 5436 527 5521 ’λιφε
551 5454 660 5504 uv,
686 5438 756 5521 Ξ,
787 5440 890 5521 5.-.
916 5441 1137 5521 f‘nPsal.
1166 5459 1389 5521 ιιξξιπ,
1418 5446 1512 5521 με
1549 5445 1633 5521 _’_’
1674 5442 1824 5499 Psal.
1849 5447 2135 5521 t_._\'ru,12.
2209 5448 2254 5482 ⁸⁸
2288 5446 2391 5503 lsa.
2425 5465 2521 5515 LII,
2555 5450 2616 5518 7;
2644 5449 2808 5506 Rom.
2841 5468 2899 5518 x,‘
2922 5452 3007 5507 15.
3088 5451 3318 5510 "‘Joan.
3349 5456 3543 5521 v,55.~

250 5502 564 5595 -".Mam"
598 5502 655 5572 vt
680 5510 768 5564 ίί·
844 5511 933 5565 ⁸⁸1
966 5512 1097 5580 Cor,
1132 5529 1222 5579 ιιν,
1250 5513 1337 5566 58,
1374 5502 1387 5510 ⁷
1416 5514 1462 5545 οδ
1499 5516 1514 5566 ι
1549 5513 1695 5568 τίω.
1736 5532 1817 5579 ιη’
1854 5517 1939 5571 ’δ’
2007 5502 2017 5510 ι
2326 5502 2329 5503 ν
2568 5502 2615 5518 ν,

344 5690 458 5763 (93)
480 5692 595 5747 Φίλ.
624 5695 652 5746 ὁ
699 5694 847 5766 ⁹Ε6ρ.
880 5695 938 5750 ἐν
965 5686 1042 5761 τῷ
1069 5698 1198 5767 περὶ
1232 5698 1343 5766 βίου
1380 5700 1571 5754 Μωῦσ.
1619 5696 1655 5753 5
1712 5608 1869 5768 3.6::

1976 5610 2024 5664 Ξ.

1976 5722 2005 5754 ι..
2036 5702 2160 5757 668.

605 5791 876 5852 Ρλτειοι.
909 5793 1025 5853 Gn.
1068 5794 1449 5857 LXXXVII.
1600 5859 1757 5867 MA
3096 5811 3162 5867 ΩΙ

1600 5859 1757 5874 α,υῄ

1480 5886 1511 5903 \
