4010 6212
470 352 574 418 651
784 348 801 361 “
1791 345 2053 409 PROCO]

2183 347 2424 407 GAZ£I
3625 356 3735 420 5512

479 470 606 518 bras
637 460 985 532 propulsans,
1004 472 1115 513 non
1144 457 1335 513 ferens
1361 456 1652 513 artiﬁciale
1679 467 1735 514 et
1762 456 2133 513 adulterinum
2167 458 2376 522 oleum,
2420 472 2657 528 quarum
2683 458 2749 514 de
2783 474 3012 514 numero
3038 475 3189 528 sunt,
3221 476 3343 533 qua:
3380 461 3634 520 homines
3660 479 3732 520 ex

472 548 811 623 quibusdam
847 546 1154 603 seminibus
1195 546 1538 616 exprimunt.
1570 545 1693 602 Non
1720 545 1870 601 enim
1899 545 2015 601 veri
2045 553 2100 599 et
2141 544 2368 615 legitimi
2409 543 2670 601 doctores
2712 547 2916 602 docent
2948 548 3002 601 in
3055 548 3427 617 persuasoriis
3477 538 3734 606 humanae

481 635 761 706 sapientia:
794 636 981 690 verbis
1018 635 1303 689 veritatem
1330 634 1376 666 ⁸⁸
1408 653 1422 690 :
1459 633 1922 705 quemadmodum
1959 632 2200 687 haeretici
2227 631 2596 687 adulterinum
2624 634 2941 703 excogitant
2963 634 3167 695 oleum.
3200 644 3255 690 et
3278 650 3347 690 ex
3385 636 3505 706 ipso
3546 637 3730 694 lumen

478 723 781 794 producere
801 721 1210 775 machinantur.
1233 719 1343 775 Aut
1374 720 1423 778 si
1473 721 1768 776 habuerint
1789 721 2055 776 olivarum
2082 719 2287 784 oleum,
2319 719 2372 774 id
2403 730 2583 773 tamen
2619 735 2725 774 non
2752 721 3035 790 possident
3071 739 3292 792 purum,
3324 724 3420 778 sed
3447 724 3729 780 turbidum

479 817 532 864 et
561 822 787 863 amurca
815 808 1186 878 inquinatum,
1223 816 1284 862 ut
1312 809 1609 864 verisimile
1634 818 1740 874 cst,
1764 798 2106 863 dtémonibus
2168 806 2311 875 ipsis
2346 806 2531 861 oleum
2560 807 2665 862 hoc
2706 796 3211 878 conspurcantibus
3244 826 3341 880 per
3371 813 3731 881 impietatem.

476 895 650 953 Nemo
683 898 884 951 etenim
917 897 1095 966 inquit
1141 896 1393 951 Dominus
1432 896 1596 962 Deus,
1647 897 1754 952 nisi
1800 897 1855 950 in
1898 895 2109 965 Spiritu
2141 901 2357 948 sancto.
2390 893 2632 948 All‘ertttr
2673 902 2855 949 autem
2894 896 2965 951 ab
3001 896 3129 950 ﬁliis
3166 896 3352 952 Israel.
3396 897 3531 964 Quis
3577 899 3730 953 enim

477 985 692 1040 fructus
715 998 743 1036 a
782 985 940 1053 nobis
966 986 1080 1040 Deo
1107 983 1360 1048 oﬁertur,
1386 993 1482 1039 aut
1509 984 1658 1054 quod
1692 984 1985 1054 spirituale
2003 982 2232 1045 donum,
2260 981 2407 1048 quod
2428 982 2864 1050 comparandum
2892 981 2962 1036 sit
2985 996 3119 1036 vero
3150 984 3427 1050 Sermoni,
3450 984 3548 1053 qui
3580 983 3729 1040 haud

477 1073 686 1142 patitur
717 1072 773 1126 in
791 1072 953 1126 nobis
988 1086 1211 1126 manere
1242 1071 1573 1125 imbecillam
1606 1070 2070 1127 illuminationem
2097 1068 2537 1140 proliciscentcm
2564 1082 2593 1120 a
2622 1067 2875 1123 Christo.
2909 1064 3315 1125 Candelabrum
3345 1080 3502 1127 extra
3544 1073 3731 1128 velum

477 1160 804 1229 ponebatur.
825 1159 961 1213 Cum
987 1158 1133 1212 enim
1165 1157 1420 1213 Christus
1461 1173 1559 1229 per
1595 1172 1655 1213 se
1685 1157 1780 1211 lux
1810 1156 1905 1223 sit,
1930 1171 2039 1210 non
2081 1171 2220 1227 cpus
2239 1155 2405 1209 habet
2440 1155 2739 1210 adventitio
2768 1156 2979 1212 lumine
3010 1174 3024 1211 :
3052 1157 3148 1213 sed
3175 1158 3243 1213 ad
3278 1174 3400 1227 nos,
3436 1160 3531 1231 qui
3574 1169 3734 1215 extra

478 1247 572 1303 Dei
596 1246 937 1302 domicilium
968 1246 1082 1299 nati
1110 1260 1305 1300 sumus
1331 1253 1388 1299 et
1417 1259 1728 1311 versamur,
1753 1259 1865 1300 sua:
1890 1244 2030 1299 lucis
2050 1241 2290 1298 demittit
2318 1241 2525 1296 radios.

545 1361 739 1415 Adduc
769 1361 841 1412 ad
875 1368 923 1414 te
964 1359 1233 1412 Aarouem
1269 1367 1319 1412 et
1353 1361 1575 1428 fratrem
1622 1367 1770 1411 tuum
1813 1366 1862 1412 et
1893 1357 2039 1426 ﬁlios
2076 1356 2196 1425 ejus
2236 1370 2301 1407 ea:
2341 1354 2473 1421 ﬁliis
2504 1352 2703 1417 Israel,
2735 1361 2845 1410 etc.
2874 1352 3139 1428 [XXVIIL
3174 1354 3254 1429 1.]
3290 1355 3496 1413 Deinde
3540 1355 3730 1412 intulit

477 1447 700 1503 illorum
737 1447 987 1502 nomina.
1021 1444 1363 1513 Nominatim
1388 1446 1535 1500 enim
1571 1444 1993 1509 describuntur,
2027 1443 2134 1513 qui.
2181 1441 2499 1496 sacerdotio
2526 1439 2843 1496 destinandi
2895 1451 3075 1497 erant.
3109 1441 3231 1497 Non
3272 1444 3420 1503 enim
3455 1443 3558 1500 sibi
3596 1448 3729 1517 quis

477 1536 682 1605 accipit
721 1534 1008 1598 honorem,
1042 1533 1138 1588 sed
1167 1548 1198 1587 a
1243 1532 1356 1586 Deo
1389 1542 1639 1588 vocatus.
1679 1532 1783 1599 Qui
1833 1545 1968 1587 vero
2022 1529 2313 1585 temerario
2343 1542 2481 1581 ausu
2526 1526 2593 1581 ad
2628 1543 2749 1582 sese
2795 1530 3018 1585 trahere
3063 1531 3435 1585 sacerdotium
3474 1532 3725 1599 audebit,

479 1638 672 1694 pmnas
703 1622 878 1686 dabit,
911 1619 1382 1691 quemadmodum
1427 1635 1625 1690 pmnas
1653 1620 1829 1676 luisse
1858 1619 2112 1673 norimus
2151 1613 2361 1667 Datban
2395 1619 2450 1667 et
2482 1613 2716 1667 Abifon.
2753 1631 2773 1666 t
2799 1614 2934 1668 Nam
2967 1623 3023 1670 et
3052 1616 3331 1682 Christus,
3366 1618 3533 1673 sicuti
3565 1621 3731 1675 docet

478 1710 795 1780 Apostolus.
829 1723 938 1763 non
982 1708 1229 1779 seipsum
1297 1707 1651 1778 gloriﬁcavit,
1684 1717 1741 1761 ut
1773 1706 2153 1761 declararetur
2184 1699 2430 1771 pontifex
2464 1717 2477 1753 :
2521 1699 2617 1754 sed
2652 1702 2698 1754 is
2739 1702 2919 1770 ipsum
2952 1706 3230 1772 promovit
3267 1705 3335 1759 ad
3373 1722 3495 1761 eam
3540 1708 3732 1777 digni-

478 1797 780 1866 tatem,qui
810 1796 989 1865 ipsum
1015 1796 1069 1847 in
1100 1794 1245 1849 hunc
1269 1793 1488 1848 modum
1522 1793 1835 1863 appellabat
1868 1810 1882 1846 :
1919 1810 1939 1842 ‹
1987 1789 2065 1844 Tu
2101 1803 2161 1844 es
2196 1786 2458 1841 sacerdos
2497 1785 2552 1839 in
2593 1795 2860 1841 aeternum
2891 1790 3198 1844 secundum
3226 1792 3474 1846 ordinem
3498 1783 3730 1847 Melehi.

478 1884 644 1941 sedec
673 1884 743 1937 ³⁸.
772 1902 791 1934 ι
828 1882 1077 1951 Imperat
1118 1890 1301 1936 autem
1334 1879 1470 1935 Mosi
1495 1879 1662 1943 Deus,
1699 1887 1759 1934 ut
1786 1877 2089 1934 secundum
2124 1875 2289 1928 ritum
2328 1873 2466 1943 legis
2494 1881 2748 1927 accersat
2780 1881 2837 1928 et
2869 1876 3103 1946 inungat
3147 1870 3456 1933 Aardnem.
3498 1878 3633 1933 Nam
3671 1892 3732 1936 et.

480 1973 739 2027 Christus
768 1970 1010 2025 consilio
1040 1968 1222 2025 Patris
1256 1975 1489 2023 vocatus
1514 1976 1621 2031 est,
1652 1977 1710 2021 ut
1742 1980 1960 2020 summo
1995 1963 2257 2032 fungatur
2291 1961 2632 2017 sacerdotio.
2672 1961 2790 2018 Una
2826 1979 3054 2035 quoque
3087 1969 3271 2021 vocati
3305 1979 3434 2024 sunt
3475 1969 3543 2023 ad
3580 1971 3733 2025 idem

477 2061 720 2117 cilicium
749 2057 1037 2128 discipuli,
1057 2058 1151 2127 qui
1187 2056 1487 2126 inquiunt:
1521 2075 1538 2107 ι
1573 2055 1668 2109 Dei
1693 2069 1889 2110 sumus
1909 2049 2304 2122 cooperarii".
2331 2066 2351 2100 ι
2383 2049 2518 2103 Nam
2549 2049 2737 2105 omnia
2768 2050 2883 2106 fere
2907 2053 3063 2108 orbis
3091 2055 3317 2109 climata
3340 2069 3732 2126 peragrarunt,

480 2147 882 2202 annuntiantes
929 2152 1358 2199 sacrosanctum
1394 2141 1779 2215 Evangelium,
1819 2139 2035 2210 magnis
2076 2136 2362 2191 laboribus
2398 2135 2736 2207 Evangelico
2785 2141 3012 2208 negotio
3039 2141 3443 2197 deservientes.
3484 2143 3594 2199 Nec
3626 2147 3735 2198 ab-

481 2234 651 2291 surde
689 2230 1061 2288 accersendus
1094 2238 1149 2286 et
1194 2231 1554 2285 advocandus
1605 2238 1866 2285 monetur
1922 2227 2129 2281 Aaron.
2160 2223 2297 2278 Nam
2334 2225 2421 2279 lex
2464 2240 2567 2294 per
2602 2241 2664 2281 se
2704 2225 2811 2281 fuit
2867 2228 3087 2282 inﬁrma
3121 2230 3187 2285 ad
3228 2226 3732 2288 sanctiﬁcationetn

480 2320 848 2394 praestandam
883 2321 1001 2375 suis
1023 2310 1365 2374 cultoribus.
1404 2316 1691 2387 Siquidem
1728 2314 2078 2385 impossibile
2104 2320 2189 2367 est
2229 2314 2560 2380 sanguinem
2601 2319 2891 2368 taurorum
2926 2323 2983 2368 et
3018 2314 3302 2370 hircorum
3346 2318 3569 2373 auferre
3599 2334 3737 2389 pec-

480 2417 607 2465 cata
636 2407 702 2462 '3.
743 2407 1005 2462 Christus
1036 2415 1222 2459 autem
1252 2404 1477 2458 unicam
1509 2418 1611 2481 pro
1640 2404 1885 2473 peccatis
1915 2400 2205 2454 abolendis
2238 2397 2477 2465 oﬂ'erens
2508 2399 2878 2466 oblationem,
2904 2400 3178 2470 perfectos
3205 2403 3448 2460 reddidit
3479 2407 3532 2460 in
3565 2414 3733 2461 teter-

480 2512 615 2551 num
648 2494 1054 2551 sanctiﬁcatos.
1091 2491 1445 2562 Quapropter
1492 2492 1608 2545 haec
1648 2499 1919 2559 reputans
1947 2486 2174 2552 Paulus,
2207 2485 2606 2555 rejectamenta
2635 2497 2689 2543 et
2727 2498 2978 2543 stercora
3024 2490 3327 2557 existimat,
3359 2508 3483 2561 quae
3509 2493 3563 2546 in
3591 2494 3733 2564 lege

478 2583 801 2646 traduntur,
828 2582 877 2638 si
902 2586 1312 2650 componantur
1331 2591 1458 2632 cum
1492 2577 1768 2632 immensa
1799 2583 1854 2628 et
1880 2574 2177 2629 excellenti
2212 2575 2412 2629 notitia
2436 2572 2672 2630 Christi.
2700 2574 2866 2631 Initio
2892 2592 3117 2648 quoque
3151 2580 3259 2636 nisi
3290 2580 3475 2637 Aaron
3503 2583 3732 2639 additus

478 2671 678 2728 fuisset
706 2670 899 2727 socius
930 2667 1066 2723 Mosi
1093 2666 1461 2738 gracilitatem
1493 2664 1695 2734 lingua:
1713 2661 2022 2726 excusanti,
2058 2676 2168 2715 non
2203 2661 2479 2730 potuisset
2515 2660 2698 2719 Moses
2730 2663 2942 2718 intrare
2960 2664 3030 2719 ad
3065 2664 3414 2723 Pharaonem
3449 2671 3732 2738 petiturus

480 2760 686 2830 popqu
709 2765 1104 2814 commeatuum.
1136 2755 1362 2809 Christo
1391 2752 1506 2808 dati
1540 2761 1674 2807 sunt
1707 2750 1989 2805 mirabiles
2023 2748 2304 2818 discipuli,
2339 2747 2655 2806 conﬁrmati
2696 2751 2859 2819 ab,eo
2899 2753 2966 2807 ad
3005 2752 3138 2807 forti
3195 2756 3384 2808 animo
3424 2772 3731 2826 capessen-

406 2904 411 2911 ,
478 2845 605 2901 dam
636 2846 1011 2917 apostolicam.
1038 2841 1407 2905 iunctionem,
1434 2837 1743 2895 secundum
1776 2834 2198 2907 pronuntiatura
2234 2834 2414 2904 Pauli,
2445 2835 2689 2895 dicentis
2716 2856 2730 2893 :
2763 2858 2781 2893 ι
2813 2838 3009 2896 Omnia
3041 2857 3266 2913 possum
3297 2844 3352 2899 in
3382 2842 3607 2900 Christo
3639 2862 3733 2901 me

477 2935 880 2990 corroborante
899 2931 967 2983 ⁸⁸.
989 2948 1012 2982 ›

555 3061 626 3116 Et
656 3062 825 3132 facies
850 3059 1049 3115 stolam
1076 3067 1344 3123 sanctam,
1376 3065 1484 3113 etc.
1510 3056 1617 3130 [2.]
1645 3055 1902 3112 Christus
1925 3056 2098 3113 vestis
2130 3067 2216 3112 est
2242 3057 2583 3114 conveniens
2617 3069 2813 3115 sancto
2842 3062 3052 3132 generi.
3084 3063 3343 3136 Prmcipit
3397 3066 3539 3121 enim
3575 3065 3730 3121 Pau-

482 3154 612 3207 lus:
650 3168 669 3202 ι
708 3148 925 3203 lnduite
972 3146 1265 3201 Dominum
1306 3146 1497 3201 Jesum
1531 3144 1820 3200 Christum
1840 3144 1910 3198 ’°.
1951 3162 1970 3196 ι
2009 3143 2191 3198 Etiam
2246 3142 2420 3198 Isaias
2461 3146 2730 3214 temporis
2770 3148 2935 3218 longo
2981 3150 3272 3206 intervallo
3318 3166 3607 3222 separatus
3656 3156 3732 3209 ab

481 3238 758 3299 Ecclesia,
784 3235 901 3290 ait:
936 3252 955 3284 ι
989 3234 1242 3289 Exsultet
1271 3234 1453 3287 anima
1485 3247 1605 3287 mea
1630 3232 1694 3291 in
1746 3231 2004 3285 Domino.
2047 3229 2229 3285 Induit
2275 3232 2422 3285 enim
2458 3246 2546 3285 me
2573 3233 2907 3290 vestimento
2954 3238 3237 3302 salutaris,
3272 3247 3325 3293 et
3367 3241 3548 3294 tunica
3585 3242 3731 3296 laeti-

420 3368 435 3377 .
479 3326 572 3379 tite
595 3324 666 3377 ".
703 3342 722 3376 ι
746 3321 1043 3391 Quotquot
1074 3319 1224 3374 enim
1269 3318 1324 3373 in
1347 3316 1633 3373 Christum
1666 3318 1932 3387 baptizati
1963 3318 2125 3381 estis,
2148 3316 2432 3372 Christum
2470 3317 2734 3376 induistis
2755 3322 2823 3377 ⁹¹.

405 3460 409 3464 .
556 3410 623 3465 Et
654 3409 908 3477 accipient
940 3422 1132 3461 aurum
1164 3414 1216 3459 et
1247 3405 1618 3477 hyacinthum,
1646 3414 1751 3460 etc.
1796 3405 1902 3478 [5.]
1943 3405 2077 3471 Quae
2108 3403 2341 3459 dicenda
2390 3412 2551 3457 erant
2585 3405 2654 3460 de
2693 3407 2801 3474 his,
2856 3423 3023 3480 supra
3068 3415 3450 3468 enarravimus
3481 3413 3727 3470 abunde.

458 3498 720 3561 Proinde
749 3492 1094 3565 superﬂuum
1136 3491 1329 3547 fuerit.
1864 3510 1865 3515 π

555 3606 626 3663 Et
656 3616 924 3660 texturam
952 3602 1420 3671 superhameralls,
1451 3602 1589 3683 quod
1610 3611 1687 3657 est
1729 3618 1889 3672 super
1916 3605 2031 3672 ipso
2056 3602 2342 3657 secundum
2372 3604 2639 3672 facturam
2674 3621 2738 3660 ea;
2754 3606 2869 3675 ipsa
2897 3607 3141 3669 erit,etc.
3167 3605 3377 3680 [XVIIL
3413 3607 3491 3680 8.]
3526 3609 3733 3678 Aquila

482 3697 649 3753 vertit
682 3710 697 3748 :
728 3692 797 3747 Et
848 3699 1063 3746 textura
1103 3691 1401 3745 vestimenti
1430 3689 1570 3759 ejus,
1605 3691 1754 3760 quod
1787 3699 1872 3746 est
1924 3705 2095 3761 super
2127 3693 2273 3763 ipso.
2309 3694 2777 3766 Superbumerale
2796 3706 2976 3753 autem
3002 3707 3089 3753 est
3120 3700 3303 3753 tunica
3344 3699 3525 3754 brevis
3551 3714 3735 3768 usque

483 3784 551 3840 ad
614 3779 917 3853 praecordia
976 3778 1516 3848 pertingensinstar
1578 3777 1846 3833 thoracis.
1897 3776 2106 3834 Nomen
2167 3782 2380 3836 invenit
2426 3782 2496 3837 ah
2554 3784 2835 3849 humeris,
2891 3785 3094 3856 quibus
3132 3787 3424 3851 incumbit,
3472 3801 3734 3856 quosque

483 3870 649 3927 velat.
1228 3864 1231 3869 “

553 3996 623 4051 Et
649 3998 873 4067 accipies
890 3996 1024 4052 duos
1054 3994 1278 4066 lapides,
1303 3994 1505 4065 lapides
1562 3995 1856 4065 smaragdi,
1885 4003 1992 4051 etc.
2024 3996 2235 4072 [X\’ll_l,
2272 4002 2352 4076 9.]
2386 4002 2510 4059 llaec
2555 4019 2766 4076 gemma
2801 4006 3000 4076 pallida
3019 4014 3122 4074 est,
3153 4017 3208 4063 et
3235 4010 3448 4079 nigrum
3466 4011 3708 4067 colore‘n

478 4084 754 4157 pellucide
787 4082 1082 4139 admistum
1120 4090 1288 4148 tenet,
1321 4084 1632 4154 caelumque
1664 4083 1850 4137 colore
1865 4083 2053 4151 refert,
2083 4090 2544 4156 quemadmodum
2571 4100 2626 4147 et
2646 4093 2965 4164 sapphirns,
3003 4096 3096 4164 qui
3130 4095 3277 4151 haud
3296 4099 3587 4154 dissimilis
3604 4115 3733 4168 [ετ-

480 4174 701 4230 hibetur
731 4172 1046 4244 smaragdo.
1064 4170 1196 4227 Hac
1229 4186 1444 4242 gemma
1469 4170 1771 4225 inhaerebat
1799 4173 2241 4241 superbumetali
2262 4177 2598 4248 descriptum
2628 4189 2683 4234 et
2713 4182 2768 4235 in
2801 4197 2898 4235 sua
2932 4181 3288 4237 distributum
3322 4200 3523 4255 genera
3557 4201 3734 4256 popu-

481 4266 592 4321 lum
621 4263 989 4329 Israeliticum
1020 4261 1338 4318 continens.
1388 4259 1525 4313 Nam
1558 4268 1839 4330 quotquot
1869 4262 2061 4330 scripti
2111 4274 2239 4327 sunt
2288 4265 2343 4319 in
2378 4265 2521 4339 libro
2555 4268 2698 4331 vitae,
2735 4268 2789 4321 in
2830 4270 2972 4324 cmlo
3003 4269 3353 4338 requiescent
3383 4273 3437 4326 in
3477 4270 3732 4338 Christo,

476 4353 643 4424 302
673 4353 769 4423 qui
818 4340 1372 4430 ‘eqs'ktdlexemplum
1423 4348 1816 4430 puerulorutn,
1846 4347 2189 4430 in‘humeris
2233 4360 2441 4420 portat.
2495 4349 2782 4424 Siquidem
2816 4354 3122 4410 extendens
3170 4357 3288 4412 alas
3329 4373 3462 4415 suas
3512 4362 3736 4430 excepit

480 4455 601 4501 eos.
630 4448 685 4494 et
714 4424 1068 4524 sustuligeos
1095 4434 1150 4488 in
1178 4443 1394 4504 tergum
1424 4446 1610 4488 suum.
1648 4424 2116 4489 Hinc-attestatur
2149 4436 2342 4504 David,
2376 4440 2669 4508 inquiens:
2707 4460 2724 4491 ι
2751 4443 2811 4495 In
2841 4450 2996 4512 tergo
3021 4458 3121 4498 suo
3151 4444 3501 4505 obumbrahit
3530 4454 3585 4502 te
3605 4424 3670 4500 "1
3704 4466 3726 4499 s

483 4528 538 4581 ln
571 4528 829 4581 humeros
862 4518 1052 4594 itaque
1084 4521 1261 4589 ipsius
1292 4521 1583 4586 tollentur,
1628 4522 1935 4576 secundum
1964 4526 2248 4595 propheta:
2282 4542 2470 4583 vocem
2499 4528 2568 4585 ".
2601 4526 2669 4583 Et
2701 4529 2754 4583 in
2786 4530 3073 4590 brachium
3108 4532 3223 4586 sive
3255 4532 3420 4588 ulnas
3447 4548 3733 4590 assumen-

481 4623 572 4668 tur
620 4610 689 4667 ad
721 4611 1031 4683 exemplum
1062 4608 1231 4679 prisci
1271 4608 1559 4678 Ephraim.
1596 4606 1714 4664 Huc
1757 4607 1890 4664 facit
1921 4611 2069 4681 quod
2121 4613 2303 4684 inquit
2350 4613 2648 4671 Christus:
2698 4636 2715 4667 ι
2748 4608 2927 4672 Nolite
2958 4618 3223 4689 gaudere,
3264 4620 3414 4689 quod
3459 4621 3731 4677 daemonia

479 4699 636 4757 vobis
670 4692 1072 4783 subjiciuntur,
1104 4697 1202 4783 sed
1230 4695 1379 4766 quod
1421 4695 1648 4783 n‘omina
1678 4703 1865 4752 vestra
1909 4699 2119 4770 scripta
2151 4709 2282 4758 sunt
2311 4703 2365 4756 in
2404 4703 2560 4759 cadis
2587 4704 2655 4758 ³⁸.
2688 4724 2705 4757 ι
2739 4704 2873 4758 Nam
2909 4706 2962 4759 in
2999 4704 3221 4762 Christo
3254 4709 3669 4777 conspiciemur
3700 4726 3730 4763 a

480 4784 666 4853 Patre,
701 4779 1064 4856 Christnsque
1088 4780 1304 4845 elﬁcict,
1344 4789 1403 4836 ut
1444 4779 1608 4839 Pater
1642 4784 1821 4840 nostri
1856 4786 2195 4841 meminerit.

551 4894 622 4951 Et
643 4893 1054 4967 [acies-uncinos
1077 4906 1143 4946 ex
1164 4907 1298 4961 auro
1340 4906 1496 4960 puro,
1522 4897 1629 4947 etc.
1667 4890 1881 4964 [XVII],
1915 4892 2030 4966 I5.]
2069 4893 2338 4951 Dicuntur
2376 4897 2561 4951 uncini
2598 4908 2821 4968 propter
2853 4900 3269 4956 rotunditatem.
3312 4901 3567 4958 Latiores
3601 4919 3735 4957 vero

436 5020 449 5035 ι
481 4993 815 5056 sunt,quatn
842 4981 1308 5059 ‘sit,|numtnorum
1336 4979 1968 5045 ,rotunditas.Fimbrias
2001 4992 2184 5038 autem
2207 4993 2365 5039 vocat
2389 4986 2655 5053 quasdam
2683 4988 2970 5043 catenulas
3003 4988 3418 5059 resplendentes
3443 4974 3616 5046 variis
3635 5006 3732 5045 oo-

478 5052 690 5128 lorihus
746 5071 919 5127 instar
944 5052 1163 5134 illorum,
1192 5069 1421 5142 proinde
1450 5066 1612 5124 ﬁores
1634 5069 1724 5124 hic
1755 5070 2132 5126 nominantur.
2169 5052 2423 5127 Latninas
2450 5082 2733 5143 nuncupat
2761 5073 3020 5132 bracteas
3051 5052 3115 5131 et;
3140 5092 3283 5132 auro
3316 5078 3646 5133 tenuissimo
3676 5080 3733 5132 in

476 5161 621 5232 pilos
642 5160 973 5216 distributas
995 5166 1050 5232 et
1079 5159 1308 5225 divisas,
1349 5172 1472 5226 qua:
1507 5157 1612 5212 lilis
1638 5158 2143 5227 complicabantnr.
2176 5157 2473 5215 Ratittnale
2524 5170 2710 5215 autem
2740 5171 2861 5217 erat
2897 5171 3115 5219 textura
3148 5164 3419 5235 quadrata
3464 5176 3517 5220 et
3557 5168 3735 5234 aqui-

479 5251 652 5305 latera
683 5248 977 5305 continens
1013 5260 1335 5311 mensuram
1362 5245 1555 5317 palmi,
1584 5245 1733 5315 quod
1763 5248 2040 5300 catenulis
2069 5246 2399 5317 quibusdam
2438 5262 2507 5301 ex
2539 5248 2760 5303 uncinis
2785 5248 3037 5317 pendens
3069 5252 3221 5308 eirea
3264 5253 3567 5321 praecordia
3597 5268 3735 5321 pen-

477 5335 664 5392 debat.
712 5334 1024 5391 Bationalis
1073 5333 1343 5404 siquidem
1382 5348 1510 5401 pars
1551 5333 1718 5386 animi
1756 5348 1822 5386 eo
1854 5334 1958 5387 loci
2007 5335 2060 5386 in
2096 5333 2263 5387 corde
2309 5332 2486 5397 sedet,
2514 5348 2623 5403 qua
2669 5333 2791 5388 l‘reti
2835 5347 2985 5391 recte
3033 5338 3353 5407 iudicamus
3389 5352 3738 5408 quaecunque

426 5472 435 5481 .
476 5424 833 5497 contigerint.
871 5422 1017 5478 Hinc
1049 5422 1351 5480 vocabatur
1384 5420 1657 5477 rationale
1681 5419 1900 5489 judieii.
1936 5419 2210 5475 Ca-terum
2272 5419 2562 5490 Scriptura
2607 5422 2859 5475 nominat
2905 5421 3182 5492 judicium
3218 5438 3409 5479 verum
3435 5416 3737 5494 judicium,

476 5514 634 5583 juxta
669 5512 804 5566 illud
838 5508 1148 5581 Scriptura
1173 5508 1468 5562 oraculum
1501 5528 1511 5563 :
1539 5528 1557 5557 ι
1587 5505 1742 5562 Beati
1775 5508 1871 5577 qui
1905 5507 2446 5585 servantjudicium,
2482 5515 2536 5562 et
2569 5506 2781 5562 faciunt
2807 5508 2947 5579 (sive
2975 5508 3590 5581 operantur)justitiam
3612 5509 3679 5565 “.
3711 5529 3733 5564 s

551 5688 595 5718 “
624 5686 642 5739 I
673 5684 799 5740 Cor.
836 5701 896 5747 tt,
920 5684 973 5738 4.
1049 5680 1096 5712 ⁸⁸
1112 5679 1290 5751 Allebr.
1326 5697 1375 5740 ν,
1399 5677 1513 5751 5:6.
1593 5679 1636 5712 θ’
1674 5678 1844 5751 lCor.
1878 5695 1958 5740 ιιι,
1996 5678 2050 5734 9.
2125 5681 2134 5712 '

2152 5679 2170 5710 ⁸
2198 5678 2363 5735 llebr.
2393 5695 2445 5742 κ,
2480 5682 2553 5751 42
2613 5682 2659 5713 ⁸⁹
2686 5679 2920 5751 Philipp.
2948 5696 3029 5744 ιν,
3066 5682 3152 5735 i5.
3228 5682 3277 5717 "
3310 5682 3466 5734 Rom.
3488 5670 3609 5740 xui.
3648 5682 3735 5740 lt.

479 5759 522 5791 ’ί
558 5758 659 5812 lsa.
688 5772 800 5822 LM,
832 5754 898 5808 I0
1034 5749 1274 5804 "Galat.
1308 5765 1364 5802 ιιι
1390 5789 1405 5813 ,
1439 5748 1528 5802 27.
1639 5748 1684 5779 ’³
1716 5748 1858 5802 Psal.
1896 5764 1980 5815 xc,
2010 5751 2062 5803 4.

2040 5784 2063 5803 η.
2141 5751 2183 5781 ’⁸
2212 5751 2294 5803 Isa
2358 5765 2496 5817 xtvn,
2534 5750 2588 5803 ἶ.
2694 5753 2741 5783 ⁸⁵
2771 5748 2902 5807 an.
2943 5770 2994 5819 κ,
3026 5753 3117 5806 ill.
3196 5753 3241 5785 '°
3274 5750 3419 5806 I‘sal.
3454 5767 3539 5816 (εν,
3571 5752 3623 5807 5.
