4010 6212
292 243 406 307 653
1070 314 1075 319 ξ
1395 234 1941 298 COMMENTARII
1984 232 2065 294 IN
2107 231 2451 323 EXODUM.
2979 276 2985 283 .
3450 234 3554 297 (ibi

296 355 365 406 Et
420 353 665 405 iterum:
706 366 724 399 ι
771 344 958 402 llonor
999 346 1148 418 regis
1199 344 1469 416 judicium
1526 346 1712 417 diligit
1741 346 1807 400 ’⁷.
1841 363 1859 395 ι
1901 344 2178 413 Insignem
2241 343 2515 413 siquidem
2567 342 2796 412 gloriam
2858 344 2968 415 regi
3020 346 3279 399 conciliat
3327 344 3557 414 justitiae

272 436 474 502 amor.

376 524 556 593 Supra
589 525 760 592 ipsum
788 522 1069 577 duodecim
1108 523 1311 591 lapides
1337 539 1470 577 auro
1503 524 1719 586 inclusi,
1745 523 1936 594 quibus
1976 521 2247 588 inscripne
2287 530 2409 573 sunt
2447 508 2615 573 tribu}
2649 520 2704 571 in
2733 520 3041 573 memoriam
3062 521 3196 587 ﬁliis
3227 521 3418 587 Israel,
3445 532 3553 577 etc.

298 612 508 684 [XVII],
536 612 655 683 9.1.]
681 611 921 681 Lapides
950 611 1028 665 illi
1053 619 1452 680 rcprazsentaut
1491 612 1641 667 viros
1672 621 1921 673 sanctos,
1951 610 2042 678 qui
2074 609 2144 661 ob
2186 622 2341 661 suam
2359 607 2763 671 excellentiam,
2793 622 2898 675 qua
2932 609 3215 676 conspicui
3250 619 3375 663 sent
3415 611 3558 677 apud

308 701 618 764 Dominum,
655 701 711 754 in
741 700 862 767 ejus
888 708 1089 762 metue,
1127 700 1286 769 quasi
1321 700 1376 753 in
1410 700 1576 755 corde
1615 701 1704 755 siti
1740 707 1890 754 sunt.
1924 697 2167 752 Pendeat
2191 711 2410 765 quoque
2442 711 2508 749 ex
2547 696 2799 748 rationali
2847 696 3095 763 quaedam
3133 695 3359 750 ﬁrribriae
3384 698 3561 765 signi-

308 788 531 841 ficantes
586 788 856 840 bonorum
895 801 1127 856 Operum
1165 787 1347 842 fertile
1377 783 1636 844 examen.
1668 789 2018 858 Quapropter
2057 784 2201 852 apud
2248 782 2510 837 Davidem
2548 783 2804 852 legimus,
2836 784 3098 837 Ecclesiae
3137 793 3394 837 ornatum
3436 802 3561 840 esse.

305 891 364 928 ex
393 876 583 928 aureis
613 873 847 928 fimbriis
869 875 1027 927 ΨΜ)
1054 875 1311 929 rationali
1347 879 1531 930 aureis
1559 877 1781 930 annulis
1814 878 2119 942 intercepta
2148 881 2199 927 et
2229 873 2448 941 elegans
2474 872 2742 940 proserpit
2766 871 3017 925 catenula
3038 886 3135 938 per
3158 872 3347 927 ambos
3379 882 3558 927 trans-

308 962 423 1013 iens
457 961 722 1025 uncinos,
760 976 930 1030 seque
955 962 1203 1014 extendit
1238 978 1415 1031 usque
1442 963 1507 1015 ad
1539 965 1914 1018 summitatem
1953 960 2455 1029 superhumeralis,
2490 961 2545 1012 in
2577 974 2684 1028 qua
2729 966 2860 1012 sunt
2900 958 3295 1028 descriptionis
3326 959 3557 1029 lapides.

304 1049 405 1115 Qui
441 1049 590 1102 enim
625 1048 946 1117 cognitione
981 1057 1035 1100 et
1067 1049 1335 1103 memoria
1359 1049 1566 1104 Christi
1600 1049 1824 1103 subnixi
1859 1051 1925 1104 ad
1951 1050 2232 1103 caelestem
2270 1045 2534 1100 festinant
2558 1046 3011 1113 descriptionem,
3037 1060 3152 1101 rem
3177 1047 3374 1116 ipsam,
3398 1062 3559 1116 quam

303 1133 588 1196 atl'ectant,
622 1146 1002 1202 assequuntur
1033 1137 1205 1190 armis
1249 1135 1484 1203 j‘ustitia:
1518 1137 1713 1189 dextra
1767 1136 2107 1206 sinistraque
2156 1135 2434 1188 instructi.
2466 1133 2680 1187 ldcireo
2738 1132 2940 1188 Paulus
2979 1149 3080 1188 nos
3124 1135 3451 1189 cohortatur
3481 1136 3565 1192 di.

302 1239 436 1278 oens
473 1242 487 1277 :
527 1243 546 1274 ι
579 1223 793 1276 luduitc
825 1224 1145 1278 universam
1181 1232 1517 1277 armaturam
1554 1224 1647 1278 Dei
1674 1226 1744 1289 θ’,
1785 1245 1801 1275 ι
1838 1225 1999 1294 cujus
2041 1237 2196 1277 arma
2232 1236 2397 1274 aurea
2436 1236 2530 1290 per
2571 1221 2806 1275 uncinos
2844 1222 2962 1275 sive
2999 1236 3162 1289 parva
3199 1230 3357 1277 scuta
3393 1223 3564 1278 deno-

305 1323 501 1366 tantur
534 1332 550 1367 :
584 1312 786 1381 quibus
820 1312 1008 1365 amicti
1047 1321 1279 1367 strenue
1316 1312 1662 1375 incedentes,
1693 1316 1901 1368 erimus
1940 1315 1994 1367 in
2026 1311 2403 1381 descriptione
2423 1318 2476 1364 et
2508 1309 2775 1364 memoria
2811 1309 2930 1365 Dei.
2964 1310 3255 1363 Rationale
3285 1326 3563 1365 annexum

303 1408 426 1454 erat
460 1399 934 1468 superhumerali,
958 1400 1145 1469 reipsa
1178 1400 1471 1454 declarans
1503 1402 1714 1455 arbitro
1736 1401 1962 1456 Christo
1986 1414 2199 1455 summa
2240 1412 2492 1452 connexa
2520 1412 2644 1452 esse
2676 1398 2822 1452 imis.
2860 1399 2983 1466 ipse
3020 1397 3293 1466 siquidem
3334 1408 3421 1452 est
3457 1414 3565 1467 pax

303 1499 522 1541 nostra.
559 1486 764 1540 Divisio
797 1487 889 1539 illa
916 1485 1114 1554 triplex
1145 1487 1496 1541 demonstrat
1538 1498 1859 1543 sanctorum
1894 1488 2078 1542 ﬁdem.
2109 1485 2450 1539 Firmitatem
2498 1485 2797 1552 significat,
2832 1485 2980 1554 quod
3018 1486 3244 1541 ordines
3274 1487 3349 1540 illi
3385 1489 3564 1541 inclu-

304 1574 513 1625 duntur
539 1573 808 1641 quadrata
832 1580 886 1626 et
917 1573 1247 1641 :cquilatera
1285 1576 1481 1643 ligura.
1521 1574 1824 1638 ltationali,
1864 1575 1958 1639 ait,
1998 1574 2320 1628 incumbere
2369 1581 2583 1641 oportet
2610 1568 3107 1627 ntauifestationem
3145 1581 3201 1627 et
3250 1575 3558 1627 veritatem.

304 1661 583 1714 Incertum
617 1669 722 1722 est,
761 1675 829 1713 an
872 1660 965 1713 alii
1006 1660 1095 1713 hic
1148 1660 1488 1729 intelligendi
1524 1662 1632 1715 sint
1673 1661 1906 1731 lapides,
1939 1662 2022 1715 vel
2048 1660 2314 1730 capienda
2368 1660 2437 1714 sit
2466 1660 2701 1712 duorum
2756 1660 3042 1713 nominum
3074 1661 3232 1730 quasi
3269 1660 3325 1714 in
3365 1661 3560 1717 tabclia

303 1749 542 1815 quadam
575 1748 868 1815 inscriptio
900 1766 915 1800 :
956 1764 1077 1816 quae
1114 1746 1341 1816 quidem
1376 1748 1640 1801 indicavit
1671 1748 1951 1801 Christ-um
1994 1765 2116 1804 esse
2143 1756 2196 1803 et
2229 1748 2550 1803 conversari
2586 1762 2711 1801 cum
2745 1750 2981 1802 sanctis.
3015 1748 3150 1802 Nam
3187 1749 3304 1816 ipse
3335 1750 3512 1820 inquit
3547 1770 3560 1807 :

311 1853 330 1884 ς
369 1833 511 1887 Ecce
535 1834 824 1893 vobiscum
863 1850 985 1887 sum
1023 1837 1283 1889 omnibus
1319 1835 1516 1890 diebus
1550 1850 1724 1905 usque
1755 1835 1821 1890 ad
1851 1837 2387 1890 consummationem
2434 1835 2623 1888 saeculi
2658 1836 2695 1887 ί.
2735 1853 2752 1887 ι
2790 1835 2845 1887 In
2884 1836 3011 1903 ipso
3052 1835 3328 1904 siquidem
3358 1849 3566 1901 ceguo~

306 1922 488 1974 vimus
520 1920 765 1986 Patrem,
804 1932 859 1976 et
912 1923 1257 1977 voluntatem
1299 1924 1420 1992 ejus
1476 1924 1704 1989 bonam,
1764 1932 1819 1977 et
1854 1923 2161 1978 absolutam
2209 1922 2627 1991 perfectionem,
2665 1930 2718 1976 et
2757 1922 2901 1990 quod
2962 1922 3108 1975 Patri
3165 1923 3240 1976 sit
3272 1932 3560 1993 acceptus.

307 2012 472 2067 sicuti
526 2012 793 2064 docemur
834 2009 1120 2079 Scriptura
1173 2026 1355 2065 sacra.
1393 2012 1485 2065 Ait
1535 2022 1841 2082 praetcrea:
1881 2031 1899 2063 ‹
1927 2012 2044 2065 Non
2086 2011 2321 2078 amplius
2352 2025 2449 2063 vos
2489 2024 2679 2064 servos
2722 2010 2869 2063 dico.
2910 2008 3018 2062 Vos
3050 2011 3214 2064 amici
3251 2013 3353 2065 mei
3402 2014 3560 2066 estis.

307 2097 448 2163 Quia
500 2097 707 2161 omnia,
746 2111 867 2165 quae
901 2097 1085 2151 audivi
1127 2111 1195 2152 ex
1243 2098 1408 2153 Patre
1456 2114 1599 2164 meo,
1640 2099 1961 2154 annuntiavi
1999 2098 2156 2153 vobis
2180 2099 2223 2149 ¹.
2267 2114 2285 2147 ι
2327 2097 2541 2151 Veritas
2581 2108 2763 2150 autem
2812 2105 2918 2164 est,
2974 2098 3121 2167 quod
3171 2099 3563 2167 cognoscimus

309 2186 492 2253 ipsum
539 2184 721 2238 solum
775 2183 867 2238 Dei
924 2186 1236 2239 naturalem
1278 2186 1501 2250 Filium,
1545 2202 1763 2254 nosque
1810 2184 2192 2239 intercedente
2242 2184 2534 2253 adoptione
2588 2184 2825 2238 tiliorum
2882 2184 3007 2253 jura
3048 2195 3380 2239 consecutos
3412 2200 3559 2243 esse.

308 2273 571 2327 Christus
596 2271 651 2325 in
692 2281 1000 2341 conspectu
1042 2271 1225 2328 Patris
1264 2274 1536 2329 exsistens
1564 2288 1783 2343 semper
1818 2280 2061 2326 nostram
2103 2285 2329 2325 causam
2364 2271 2498 2340 agit,
2533 2280 2586 2324 et
2620 2286 2718 2341 pro
2759 2271 2921 2326 nobis
2966 2271 3122 2325 dicit.
3158 2271 3256 2326 γει
3297 2275 3442 2329 alius
3475 2276 3564 2328 hic

312 2363 445 2415 latet
479 2370 531 2415 et
567 2362 693 2415 talis
726 2375 947 2416 sensus.
973 2362 1243 2431 Superior
1273 2362 1463 2417 cordis
1492 2373 1747 2424 ornatus,
1780 2361 1873 2431 qui
1910 2367 2137 2430 paratur
2166 2375 2229 2414 ex
2268 2359 2443 2414 variis
2468 2360 2790 2423 virtutibus,
2834 2360 3158 2429 designatur
3189 2376 3287 2431 per
3319 2362 3563 2420 fimbrias

310 2450 436 2503 illas
461 2464 779 2518 supremas,
806 2465 929 2518 qua:
961 2450 1115 2519 operi
1142 2450 1459 2504 ornamenti
1500 2463 1670 2503 causa
1703 2463 2010 2504 accessere.
2038 2447 2385 2519 Hyacinthus
2414 2463 2675 2518 purpurae
2714 2448 3053 2518 implicatur.
3083 2449 3220 2504 Nam
3248 2451 3368 2507 vita:
3409 2454 3565 2523 puri-

309 2536 411 2589 tati
467 2543 523 2588 et
568 2535 879 2588 sinceritati
914 2538 1277 2606 conjunctum
1318 2546 1403 2591 est
1431 2550 1659 2607 regnum
1696 2536 1987 2591 calorum.
2023 2535 2241 2593 Coccus
2285 2536 2597 2606 applicatur
2637 2536 2824 2607 bysso.
2871 2536 3008 2590 Nam
3053 2538 3193 2594 solet
3221 2541 3565 2595 verecundiae

312 2624 505 2679 rubori
548 2623 801 2694 reputari
834 2624 958 2679 vitae
988 2614 1255 2694 splendor
1284 2624 1444 2694 303
1469 2633 1523 2678 et
1552 2627 1791 2694 puritas.
1817 2626 2048 2688 Aurum,
2087 2622 2236 2690 quod
2269 2623 2513 2691 undique
2552 2623 2758 2677 renitet
2794 2622 2850 2676 in
2885 2624 3008 2678 istis
3041 2625 3273 2680 tioribus
3307 2627 3563 2682 subindi-

311 2724 400 2766 cat
428 2712 780 2774 thesaurum,
810 2712 903 2781 qui
937 2719 1259 2766 reservatur
1290 2712 1639 2767 sectantibus
1664 2714 1789 2767 vitae
1819 2711 2216 2766 innocentiam.
2258 2709 2537 2780 Exemplis
2572 2719 2755 2764 autem
2793 2711 3258 2780 patriarcharum,
3293 2713 3393 2782 qui
3422 2729 3565 2780 pra-
3608 2732 3615 2739 ν

312 2813 561 2862 cessere,
586 2801 842 2853 humanae
868 2800 994 2852 vitae
1023 2800 1165 2855 ratio
1195 2801 1373 2870 magis
1407 2799 1742 2875 informatur
1764 2842 1778 2863 ,
1808 2815 1973 2870 quam
1996 2800 2154 2869 quasi
2189 2797 2525 2868 quibusdam
2556 2796 2779 2852 uncinis
2800 2798 2917 2852 sive
2944 2799 3120 2853 scutis
3148 2802 3567 2859 corroboratam

312 2901 443 2942 esse
472 2887 652 2950 decet,
698 2887 911 2942 scilicet
940 2887 1150 2941 virtute
1185 2887 1324 2951 ,vitae
1366 2898 1418 2942 et
1449 2887 1571 2942 fidei
1604 2887 1885 2942 ﬁrmitate.
1932 2885 2204 2941 Praeterea
2248 2888 2375 2942 talis
2415 2886 2571 2942 nullo
2605 2886 2825 2941 laeditur
2854 2887 3078 2942 vulnere
3111 2895 3266 2944 tutus
3291 2890 3568 2946 exsistens

313 2975 490 3027 armis
521 2973 754 3041 justitiae
798 2972 990 3027 dextra
1040 2975 1400 3045 sinistraque.
1446 2974 1525 3028 Ex
1569 2975 1655 3030 bis
1704 2976 1852 3029 circa
1886 2963 2191 3045 praecordia
2235 2975 2545 3043 propendet
2596 2974 2896 3028 rationale.
2942 2975 3139 3031 Cordis
3186 2984 3371 3031 autem
3404 2979 3567 3048 quasi

312 3063 497 3115 velum
529 3062 764 3125 dixeris,
793 3063 1040 3133 quodin
1082 3079 1142 3117 se
1191 3062 1510 3118 circumfert
1553 3063 1995 3133 patriarcharum
2025 3062 2275 3132 symbola
2323 3062 2533 3115 omnia.
2571 3059 2677 3127 Qui
2737 3062 3018 3131 praedictis
3045 3062 3215 3118 armis
3263 3063 3570 3131 instructus

314 3149 552 3202 victoria
586 3151 797 3217 potitus
842 3132 1031 3213 fuerit,
1075 3152 1333 3204 omnibus
1365 3132 1807 3221 patriarcharum
1841 3151 2141 3204 virtutibus
2186 3150 2425 3203 animam
2457 3164 2614 3203 suam
2670 3149 2977 3204 illustrabit
3027 3158 3083 3205 et
3115 3151 3421 3217 decorabit,
3459 3155 3570 3209 alio

316 3238 425 3291 alia
456 3239 658 3290 virtute
688 3238 1010 3306 conSpicuo.
1047 3236 1364 3303 lnsertoria,
1390 3254 1512 3305 qtue
1550 3247 1839 3293 externum
1885 3238 2040 3291 illum
2074 3246 2331 3291 ornatum
2385 3237 2669 3308 applicant
2698 3237 2971 3302 brachiis,
3003 3239 3204 3292 docent
3233 3239 3403 3294 vitam
3440 3256 3571 3310 spe-

319 3326 619 3379 culativam
664 3325 908 3391 pendere
948 3340 1014 3379 ex
1050 3326 1314 3392 practica.
1349 3344 1368 3376 ι
1404 3324 1594 3379 Facies
1626 3326 1866 3387 tunicam
1912 3326 2140 3379 tatarem
2168 3326 2514 3381 interiorem
2549 3335 2724 3379 totam
2758 3342 2825 3381 ex
2864 3327 3186 3397 hyacintho,
3223 3347 3243 3381 ι
3278 3338 3389 3385 etc.
3428 3330 3573 3385 lute-

319 3412 522 3465 riorem
562 3421 750 3477 vocat,
776 3412 923 3481 quod
958 3412 1235 3481 prredictis
1266 3413 1484 3482 corpori
1513 3413 1582 3467 sit
1611 3413 1854 3483 propior.
1890 3411 2110 3468 Talaris
2154 3413 2363 3469 dicitur
2392 3426 2628 3485 propter
2679 3415 3108 3485 longitudinem,
3143 3433 3250 3487 qua
3296 3421 3362 3475 ad
3400 3421 3573 3491 pedes

319 3514 497 3568 usque
537 3500 984 3567 promittebatur.
1018 3499 1095 3552 Ex
1137 3500 1438 3570 hyacintho
1488 3501 1684 3554 contici
1738 3501 2058 3570 praecipitur
2104 3511 2334 3571 propter
2366 3502 2572 3558 Christi
2618 3503 3109 3570 immortalitatem,
3142 3521 3306 3573 quam
3352 3521 3573 3578 semper

320 3588 520 3640 tenuit.
559 3585 687 3641 Ideo
721 3586 893 3640 David
943 3588 1098 3641 canit.
1128 3609 1138 3640 :
1176 3606 1193 3638 ι
1228 3585 1564 3641 Sacerdotes
1595 3586 1713 3654 ejus
1744 3587 2048 3659 (Ecclesiae)
2090 3590 2318 3644 induam
2357 3590 2536 3645 salute
2553 3590 2592 3644 ³.
2621 3608 2641 3640 ι
2684 3588 2822 3644 lluic
2859 3592 3197 3658 astipulatur
3225 3594 3573 3662 sapientissi-

323 3690 445 3728 mus
475 3675 678 3728 Paulus
714 3693 727 3728 :
769 3692 788 3725 ι
816 3675 1030 3728 luduite
1062 3672 1579 3757 Dominum’Jesum
1610 3674 1891 3729 Christum
1913 3676 1955 3730 ⁸.
1990 3698 2009 3729 ι
2044 3675 2316 3732 Nimirum
2351 3677 2453 3733 hoc
2484 3677 2617 3731 illud
2650 3678 2994 3734 domicilium
3029 3681 3259 3736 cwleste
3283 3692 3569 3749 censetur,

321 3777 430 3831 quo
457 3764 841 3818 desideramus
898 3762 1071 3825 indui.
1111 3762 1328 3818 scilicet
1357 3762 1573 3823 laetitia:
1597 3763 1806 3827 tunica,
1850 3765 2239 3819 vestimentum
2271 3765 2491 3829 salutis,
2522 3766 2828 3820 secundum
2871 3767 3155 3835 prophetae
3185 3767 3349 3823 verba
3377 3770 3422 3824 ⁸.

388 3852 653 3908 Christus
682 3854 726 3908 si
757 3854 1139 3909 consideretur
1175 3869 1301 3908 esse
1330 3852 1517 3907 Aaron
1563 3862 1839 3923 quatenus
1871 3861 2052 3923 gestat
2095 3854 2321 3907 talarem
2359 3852 2630 3917 tunicam,
2657 3850 2901 3922 undique
2925 3862 2980 3907 et
3012 3853 3219 3922 ubique
3257 3856 3565 3912 concinen-

318 3948 426 3996 tem
462 3940 697 3995 habebat
730 3943 1022 3996 rationem.
1056 3939 1190 3995 Nam
1225 3957 1350 3997 cum
1387 3942 1529 3997 foret
1564 3940 1707 3995 Deus
1731 3949 1786 3995 et
1819 3940 2138 4011 unigenitus
2167 3939 2365 4005 Patris,
2397 3954 2603 4008 corpus
2628 3954 2791 3994 suum
2822 3939 3006 3995 effecit
3035 3942 3456 4012 incorruptibile
3479 3964 3491 4001 :
3512 3956 3571 4001 et

320 4026 427 4082 hoc
462 4029 735 4083 amiciens
773 4044 869 4083 seu
917 4026 1423 4084 vestiens'crelesti
1463 4031 1597 4091 vita,
1652 4030 1935 4100 potentius
1971 4036 2026 4083 et
2074 4029 2334 4096 superius
2374 4036 2555 4081 morte
2581 4027 2915 4081 declaravit.
2958 4028 3028 4083 Ut
3056 4029 3205 4083 enim
3255 4030 3454 4086 doceat
3507 4050 3570 4090 se

320 4130 447 4172 vere
476 4133 601 4174 esse
630 4119 823 4181 vitam,
856 4118 1039 4186 inquit
1071 4134 1085 4172 :
1128 4134 1151 4168 ι
1179 4119 1293 4186 Ego
1320 4132 1445 4171 sum
1479 4118 1815 4173 resurrectio
1847 4126 1900 4170 et
1925 4117 2040 4170 vita
2071 4114 2148 4168 ⁸.»
2186 4112 2254 4169 Ut
2281 4115 2629 4170 demonstret
2656 4129 2718 4169 se
2743 4114 2910 4168 vitam
2931 4116 3138 4186 largiri,
3164 4119 3241 4171 ait
3276 4136 3330 4174 ει
3365 4121 3570 4186 Quer-

318 4205 610 4259 admodum
636 4207 782 4259 enim
824 4202 983 4258 Pater
1008 4205 1175 4258 habet
1223 4205 1390 4259 vitam
1423 4204 1478 4259 in
1522 4205 1843 4274 semetipso,
1887 4204 1966 4259 sic
2003 4213 2056 4257 et
2088 4202 2227 4256 Filio
2285 4202 2433 4258 dedit
2466 4203 2636 4257 vitam
2674 4201 2879 4257 habere
2935 4203 2990 4257 in
3041 4208 3344 4277 semetipso
3373 4211 3415 4263 ⁷.
3456 4228 3474 4263 ι
3504 4212 3566 4267 In

320 4292 536 4345 timbria
583 4293 787 4349 tunica:
819 4292 1313 4361 conspiciebantur
1347 4294 1489 4346 mala
1522 4294 1723 4361 punica
1759 4303 1814 4346 et
1836 4292 2204 4346 tintinnabula
2240 4290 2554 4345 alternatim
2580 4291 2875 4353 collocata,
2919 4306 3042 4360 qua:
3082 4294 3305 4363 quidem
3334 4298 3570 4355 Aaronis

319 4379 371 4433 in
405 4381 606 4435 Sancta
636 4395 958 4436 sanctorum
1002 4382 1288 4436 introitum
1322 4383 1684 4438 illustriorem
1718 4382 2049 4437 efficiebant.
2090 4378 2485 4434 Tintinnabula
2511 4387 2957 4434 commonstrant
3003 4381 3109 4437 sub
3158 4394 3284 4455 typo
3326 4388 3565 4455 quodam

320 4463 706 4535 Etangelicam
741 4478 795 4521 et
824 4468 1075 4524 divinam
1116 4468 1597 4553 praedicationem,
1632 4485 1754 4539 quae
1799 4469 2182 4524 circumsonat
2212 4481 2431 4523 omnem
2472 4467 2780 4530 civitatem,
2811 4467 2960 4537 quod
3016 4486 3251 4541 magnus
3284 4476 3564 4544 sacerdos,

317 4555 410 4623 qui
435 4565 515 4609 est
565 4554 747 4609 hostia
779 4555 1313 4626 irreprehensibilis,
1354 4557 1641 4624 ingressus
1672 4558 1745 4610 sit
1780 4558 1832 4609 in
1877 4555 2081 4611 Sancta
2105 4568 2429 4610 sanctorum
2456 4555 2675 4609 inventa
2701 4563 2910 4610 aeterna
2943 4557 3325 4629 redemptione
3353 4562 3396 4615 ⁸.
3432 4562 3565 4619 Nam

318 4643 485 4696 unica
511 4642 795 4697 oblatione
824 4650 1248 4700 consmnmatos
1286 4644 1526 4698 reddidit
1558 4647 1611 4697 in
1637 4657 1903 4699 aeternum
1943 4644 2346 4700 sanctificatos.
2383 4640 2523 4696 Mala
2559 4650 2739 4698 autem
2771 4644 2975 4712 punica
3018 4648 3314 4714 quamdam
3348 4652 3564 4706 urbium

316 4729 556 4797 speciem
588 4746 700 4799 pra:
729 4746 789 4786 se
822 4731 1029 4787 ferunt.
1065 4729 1356 4799 Siquidem
1384 4732 1639 4786 velantur
1667 4733 1953 4802 putamine
1999 4733 2082 4787 vel
2115 4741 2328 4795 crusta,
2378 4731 2843 4801 quemadmodum
2868 4731 3069 4801 oppida
3093 4735 3395 4807 cinguntur
3425 4755 3564 4796 tum.

317 4816 507 4869 nitms.
534 4816 683 4871 Intus
725 4834 896 4888 grana
929 4822 1134 4876 tunicis
1182 4819 1442 4875 tenuibus
1470 4826 1862 4885 secernuntur,
1893 4818 2358 4888 quemadmodum
2396 4827 2452 4873 et
2481 4818 2685 4889 oppida
2728 4817 2875 4871 intra
2913 4834 2972 4873 se
3020 4820 3234 4878 infinita
3281 4830 3563 4884 continent

313 4901 570 4957 mditicia.
611 4903 1066 4963 Tintinnabulum
1102 4906 1351 4980 positum
1387 4906 1560 4961 estad
1590 4907 1810 4977 singula
1851 4907 1994 4961 mala
2028 4912 2253 4979 punica.
2287 4906 2492 4963 Doctor
2514 4908 2657 4961 enim
2687 4905 2743 4960 in
2776 4906 3014 4976 singulis
3051 4911 3374 4970 civitatibus
3416 4931 3564 4972 reso-

314 4998 409 5042 nat
443 4991 832 5047 aununtiando
855 4993 1165 5051 Salvatoris
1195 4994 1374 5052 nostri
1406 4994 1460 5048 in
1484 4993 1686 5047 Sancta
1719 5003 2041 5050 sanctorum
2080 4993 2648 5062 introitum.Capitali
2676 4991 2938 5047 subditur
2971 4998 3251 5067 supplicio
3277 5002 3333 5055 ni
3374 5004 3567 5059 tintin-

316 5076 518 5131 nabula
549 5078 831 5135 iusonent.
858 5080 1240 5138 Periculosum
1279 5080 1562 5151 siquidem
1606 5089 1697 5137 est
1730 5082 2071 5151 evangelicis
2100 5081 2427 5139 doctoribus
2465 5080 2774 5135 silentium.
2806 5079 2948 5136 Hinc
2985 5081 3194 5143 Paulus
3235 5090 3511 5147 exclamat
3550 5115 3563 5149 :

319 5182 342 5217 ι
373 5162 468 5219 Va:
502 5166 634 5220 mihi
675 5178 780 5231 est,
807 5169 916 5224 nisi
959 5173 1357 5241 evangelium.
1389 5171 1410 5202 ⁸
1445 5188 1462 5220 ι
1506 5168 1604 5225 Vel
1638 5169 1804 5223 aliter
1838 5170 1885 5222 is
1917 5169 2072 5224 locus
2108 5171 2307 5241 exponi
2346 5168 2570 5239 poterit.
2603 5164 2952 5237 Hyacinthus
2995 5179 3083 5226 est
3114 5175 3288 5241 color,
3331 5195 3443 5249 quo
3482 5193 3565 5235 ις..

314 5255 450 5311 laris
485 5260 675 5312 tunica
711 5259 884 5312 tincta
919 5268 1031 5324 est,
1075 5270 1130 5316 et
1163 5262 1375 5316 indicat
1413 5273 1561 5313 aera.
1602 5260 1834 5328 Oportet
1864 5257 2011 5312 enim
2049 5257 2526 5313 administrantem
2572 5254 3324 5324 apostolicam.functionem
3359 5284 3566 5338 corpus

312 5358 618 5410 macerare,
650 5356 707 5401 et
740 5347 967 5402 liberari
1000 5347 1175 5403 denso
1208 5358 1263 5403 et
1291 5364 1488 5406 crasso
1510 5347 1719 5399 amictu
1754 5384 1768 5408 ,
1804 5359 2118 5417 corpusque
2150 5348 2380 5403 reddere
2430 5339 2841 5419 quodammodo
2873 5348 2991 5406 leve
3013 5362 3066 5409 et
3099 5355 3331 5423 aerium,
3365 5368 3424 5415 ut
3457 5376 3565 5412 att-

378 5519 423 5550 ⁹⁷
452 5516 595 5570 Psal.
640 5535 825 5582 xcvm,
852 5520 906 5576 4,
984 5521 1030 5553 ⁸⁸
1056 5520 1200 5576 Ρετιι.
1236 5538 1380 5581 xciv,
1417 5522 1501 5575 14.
1586 5520 1629 5550 ⁹”
1668 5516 1867 5581 I‘Iphcs.
1898 5533 1978 5586 vt.
2010 5518 2094 5571 il.
2176 5521 2190 5550 ¹
2226 5519 2417 5574 Matth.
2450 5538 2642 5584 xxvut.
2666 5526 2756 5580 9.0.
2836 5527 2855 5556 ’
2881 5525 3043 5582 Joan.
3086 5530 3281 5586 “.15.
3363 5538 3384 5569 ³
3420 5530 3563 5585 Psat.

307 5590 623 5712 :ZX‘XEtri?;
689 5591 933 5712 ialtum.
978 5607 1113 5656 xm,
1156 5593 1241 5645 Η.
1346 5593 1365 5623 ⁸
1404 5591 1506 5645 Isa.
1562 5603 1678 5650 ωλι,
1711 5586 1793 5641 tO.
1919 5585 2117 5643 ‘Joan.
2152 5605 2223 5655 xl,
2271 5590 2363 5645 25.
2469 5593 2488 5623 ⁷
2521 5590 2681 5648 Joan.
2752 5612 2801 5662 v,
2852 5596 2946 5652 26.
3054 5598 3075 5630 ⁸
3108 5597 3276 5656 Hebr.
3338 5616 3389 5653 ix
3422 5644 3436 5669 ,
3482 5601 3565 5657 r3.
