4010 6212
2460 177 2500 191 ’4

472 281 580 346 555
1766 278 2116 351 raucum
2166 282 2411 352 eam
2798 356 2803 369 ,
3604 264 3707 349 656

471 395 691 452 dientes
716 391 848 448 olim
879 401 1177 449 extremam
1216 390 1400 449 tubam
1436 394 1709 453 sublimes
1743 398 1799 454 in
1835 414 1968 456 aera
1992 400 2213 456 obviam
2248 403 2625 473 procedamus
2670 402 2978 461 Servatori.
3009 404 3159 464 Talis
3189 411 3272 461 est
3296 405 3367 471 is,
3391 402 3460 463 de
3492 422 3603 478 quo
3633 404 3733 463 Da-

472 482 563 539 vid
600 497 616 534 :
653 500 673 534 ι
712 478 783 536 Ut
823 494 1085 536 araneam
1118 482 1431 537 extenuasti
1468 483 1574 552 (vel
1621 483 1911 557 eliquasti)
1948 502 2155 558 corpus
2182 497 2337 543 tuum
2362 490 2446 557 ¹⁰;
2482 509 2502 542 ι
2548 491 2642 561 qui
2668 505 2775 546 non
2807 493 3029 547 mutilat
3059 493 3345 560 virtutem,
3368 494 3465 548 sed
3503 494 3729 547 virtuti-

472 574 610 632 bus.
649 566 812 639 quasi
844 568 1005 622 talari
1038 568 1227 623 tunica
1252 568 1472 625 velatus
1507 571 1754 641 undique
1782 583 2107 631 exornatur.
2152 574 2224 631 Ut
2261 585 2446 632 autem
2492 580 2763 649 refulgeat
2800 580 3071 635 bonorum
3120 580 3349 649 operum
3382 580 3683 648 splendore
3707 621 3724 643 ,

466 656 1108 722 accersittintinnabula,
1147 656 1354 727 quibus
1388 657 1600 727 adjecta
1635 668 1768 715 sunt
1793 662 1933 714 mala
1954 663 2173 732 punica.
2199 662 2473 732 Imprimis
2506 674 2692 722 tamen
2727 667 3092 721 tintinnabula
3121 668 3437 722 resonantia
3464 667 3584 722 fidei
3620 685 3719 739 pu-

471 746 690 801 ritatem
725 745 1099 815 deprzedicaut
1127 762 1140 799 :
1174 755 1231 800 at
1260 746 1409 800 mala
1444 747 1647 815 punica
1690 748 2030 804 denuntiant
2059 766 2249 820 opera.
2283 749 2515 822 Oportet
2554 756 2699 809 enim
2730 770 2831 809 nos
2858 756 3063 809 sectari
3099 755 3265 808 vitam
3307 758 3724 824 quodammodo

470 833 731 888 miseram
748 840 807 887 et
846 832 1143 900 insipidam
1177 832 1359 902 primo
1391 843 1622 903 aspectu
1653 824 2001 891 instar'mali
2035 839 2245 907 punici,
2279 841 2442 910 cujus
2475 852 2735 913 putamen
2765 844 2910 898 haud
2942 845 3130 898 editur
3151 854 3377 914 propter
3417 846 3717 916 insipidam

472 919 887 974 austeritatem.
920 919 1197 974 Caeterum
1240 919 1408 975 simili
1448 922 1665 977 ratione
1691 921 1803 976 vita
1832 923 2023 979 eadem
2054 926 2347 983 dulcemet
2378 931 2762 986 delectabilem
2782 931 3025 985 fructum
3060 932 3224 986 habet
3280 934 3584 1002 sepositum
3623 935 3713 988 inc

469 1014 588 1060 star
616 1005 746 1059 mali
770 1005 978 1075 punici.
1010 1004 1138 1060 Vita
1166 1007 1286 1061 tunc
1319 1007 1709 1078 philos0pbica
1738 1024 1767 1062 a
1793 1024 1960 1065 sensu
1987 1012 2131 1082 vulgi
2160 1024 2366 1071 remota
2386 1026 2494 1082 est,
2519 1026 2572 1073 et
2597 1034 2789 1087 parum
2820 1019 3210 1073 oblecmmenti
3232 1019 3432 1074 habere
3459 1030 3713 1090 putatur.

468 1090 610 1183 Cum
642 1101 828 1183 autem
855 1092 929 1147 sit
964 1093 1127 1183 quasi
1157 1092 1435 1183 bonorum
1492 1110 1667 1162 mare,
1701 1110 1807 1150 suo
1839 1105 2085 1170 tempore
2132 1118 2236 1160 ceu
2273 1110 2639 1179 percoquitur
2670 1110 2845 1179 ipsius
2892 1111 3131 1173 fructus,
3161 1119 3217 1166 et
3248 1128 3414 1181 quam
3457 1116 3713 1183 pulcher-

468 1180 610 1235 rime
634 1178 798 1251 305
829 1182 1180 1267 maturescit.
1222 1179 1469 1236 Fructus
1499 1183 1579 1237 illi
1619 1184 2039 1254 conspicientur
2066 1203 2190 1245 cum
2216 1208 2380 1248 verus
2405 1178 2597 1251 noster
2634 1178 2876 1267 agricola
2904 1198 3228 1253 revelaverit
3266 1178 3428 1253 vitam
3457 1178 3716 1256 nostram

468 1274 524 1323 et
562 1266 1278 1357 retexeritreconditorum
1318 1269 1818 1357 pulchritudinem.
1874 1271 2012 1328 Tum
2049 1276 2271 1333 demum
2322 1283 2590 1339 mirabilis
2624 1266 2861 1339 dulcedo
2898 1286 3186 1355 perveniet
3228 1286 3299 1339 ad
3332 1288 3479 1353 illos,
3510 1291 3604 1357 qui
3631 1305 3720 1343 re.

468 1356 708 1411 conditis
739 1354 872 1443 istis
913 1354 1169 1443 fruentur
1210 1356 1512 1412 fructibus.
1544 1356 1680 1410 Nam
1705 1361 2007 1416 secundum
2063 1364 2391 1436 Apostolum
2428 1387 2441 1423 :
2482 1370 2722 1426 iOmnis
2778 1354 3059 1441 correptio
3109 1374 3163 1426 in
3220 1376 3478 1443 prmsenli
3511 1354 3719 1430 saeculo

468 1457 579 1533 non
605 1442 821 1514 gaudii,
855 1442 952 1499 sed
979 1443 1224 1533 tristitia:
1240 1443 1613 1533 esse‘videtur
1651 1444 1716 1500 “.
1754 1464 1772 1497 ι
1800 1446 2008 1502 Tunica
2039 1463 2221 1508 autem
2248 1457 2324 1510 sit
2348 1456 2646 1525 ﬂiubriata,
2691 1476 2710 1509 ι
2748 1466 2857 1513 etc.
2883 1458 3163 1523 Fimbriae,
3196 1442 3338 1529 quas
3367 1463 3487 1531 ipse
3512 1479 3715 1533 κοσυμο

467 1529 596 1594 σούς
623 1539 805 1595 vocat,
844 1538 976 1587 sunt
1002 1530 1253 1601 quaedam
1299 1531 1651 1589 orbiculares
1717 1537 2072 1605 appendices,
2108 1557 2231 1610 quae
2287 1546 2599 1599 ornamenti
2642 1547 2820 1617 gratia
2865 1548 3130 1616 operibus
3181 1529 3560 1604 admoventur.
3594 1529 3718 1604 Non

468 1620 617 1673 enim
674 1634 777 1675 nos
828 1619 1009 1675 solum
1056 1619 1320 1703 imperata
1347 1617 1530 1676 facere
1576 1630 1815 1690 oportet,
1851 1625 1945 1680 sed
1971 1625 2039 1681 de
2065 1639 2258 1688 nostro
2320 1635 2527 1704 aliquid
2559 1638 2823 1692 accedere
2848 1644 3085 1707 oportet,
3126 1639 3193 1692 ad
3239 1640 3612 1693 exornandam
3661 1649 3719 1695 et

469 1710 795 1765 comendam
827 1708 1325 1765 animam.Horum
1357 1709 1425 1766 de
1480 1726 1714 1767 numero
1754 1722 1874 1766 erat
1935 1711 2160 1785 Paulus,
2205 1720 2298 1789 qui
2345 1722 2520 1791 gratis
2573 1724 2941 1778 annuntiabat
3011 1724 3388 1794 Evangelium,
3449 1740 3716 1784 recusans

467 1804 725 1871 accipere
778 1801 865 1857 vel
924 1800 1019 1855 illa
1052 1816 1237 1890 ,quse
1287 1802 1375 1857 lex
1438 1809 1519 1890 et,
1562 1804 1916 1859 consuetudo
1993 1807 2242 1877 accipere
2296 1810 2652 1877 permittebat
2718 1826 2873 1865 sacra
2928 1813 3239 1867 ministeria
3300 1816 3711 1890 peragentibus.

467 1888 739 1944 Caeterum
769 1903 916 1945 nunc
946 1889 1227 1956 esuriens,
1258 1903 1409 1945 nunc
1433 1889 1651 1957 sitiens,
1678 1890 1817 1947 alias
1848 1891 1905 1947 in
1937 1892 2187 1953 nuditate
2215 1898 2515 1965 exsistens,
2546 1900 2768 1970 egregie
2791 1901 3094 1956 adventitia
3128 1901 3218 1955 illa
3255 1888 3579 1958 ornamenta
3604 1906 3711 1959 sibi

458 1983 838 2052 comparabat.

533 2068 732 2125 Facies
756 2069 1016 2125 laminam
1036 2086 1256 2127 auream
1285 2073 1569 2141 puram,'in
1583 2089 1690 2144 qua
1710 2074 1919 2145 sculpas
1942 2091 2103 2147 opera
2113 2074 2399 2147 cwlqtoris,
2422 2081 2668 2130 sanctum
2684 2073 2933 2141 Domino,
2951 2075 3258 2149 etc.[XVl|I
3280 2119 3295 2143 ,
3314 2077 3425 2151 '56.]
3448 2076 3557 2132 lluc
3577 2094 3716 2134 sane

450 2165 587 2213 serat
623 2156 835 2214 Christi
873 2162 1232 2231 mysterium,
1270 2161 1506 2233 ejusque
1541 2163 1599 2218 in
1632 2165 1781 2219 hunc
1825 2166 2094 2219 mundum
2125 2164 2433 2219 descensus
2452 2164 2540 2219 vel
2578 2164 2865 2221 missionis
2899 2164 3247 2233 prazludium.
3295 2163 3712 2221 Sanctificatum

444 2244 619 2299 .enim
654 2259 686 2298 a
717 2243 826 2301 Deo
854 2243 1020 2302 Patre
1047 2262 1107 2302 se
1147 2263 1272 2304 esse
1302 2251 1437 2305 satis
1459 2249 1747 2305 evidenter
1778 2250 2023 2306 elucidat
2047 2250 2396 2319 Emmanuel,
2426 2268 2493 2308 eo
2523 2254 2676 2322 quod
2692 2254 2966 2320 traditus,
2990 2254 3248 2323 quodque
3272 2254 3474 2309 missus
3494 2256 3588 2319 sit,
3621 2271 3715 2310 ve-

444 2348 588 2388 .rum
624 2332 692 2388 ad
716 2333 948 2403 gloriam
978 2341 1034 2389 et
1070 2351 1330 2407 regnum.
1353 2334 1656 2409 Propterea
1683 2339 1864 2409 ipsum
1889 2351 2143 2397 coronat.
2170 2341 2327 2410 Quod
2362 2343 2510 2399 enim
2543 2343 2802 2400 Chrisms
2833 2357 2899 2397 ex
2930 2357 3053 2396 sese
3076 2343 3419 2411 possidebat,
3452 2344 3501 2395 id
3525 2344 3711 2397 Aaron

458 2425 894 2495 participatione
936 2428 1279 2498 assequitur,
1309 2428 1477 2484 sicuti
1519 2430 1806 2489 indicatur
1836 2448 1934 2503 per
1974 2434 2257 2487 laminam.
2298 2430 2642 2502 Hyacinthus
2677 2432 2803 2486 ct'eli
2836 2430 3100 2485 indicium
3140 2438 3262 2495 est,
3298 2430 3463 2487 sicuti
3507 2439 3560 2483 et
3591 2431 3712 2499 ipse

442 2512 721 2569 vChristus
749 2513 996 2582 loquitur
1034 2533 1047 2569 :
1086 2533 1109 2566 4
1164 2514 1343 2570 Meum
1370 2531 1601 2589 regnum
1636 2534 1747 2574 non
1779 2529 1865 2576 est
1892 2520 1963 2576 de
1985 2520 2327 2576 mundohoc
2356 2521 2422 2575 η.
2464 2538 2483 2572 ι
2523 2519 2683 2586 Quod
2720 2520 2926 2574 dicitur
2961 2536 2974 2571 :
3013 2536 3031 2570 ι
3084 2519 3146 2571 lit
3176 2518 3500 2573 emundabit
3524 2514 3708 2572 Aaron

466 2613 697 2674 peccata
727 2611 1072 2666 sanctorum,
1115 2622 1133 2655 ι
1173 2613 1307 2672 etc.,
1353 2605 1460 2661 huc
1506 2606 1772 2675 refertur,
1806 2609 1952 2678 quod
1990 2610 2298 2677 priscorum
2336 2608 2671 2663 delictorum
2708 2608 2939 2662 abolitio
2980 2607 3255 2676 signiticet
3298 2622 3516 2661 onmem
3551 2607 3710 2661 abla-

446 2689 672 2745 ationem
709 2699 764 2768 et
792 2679 1196 2761 perfection-em
1234 2693 1288 2747 in
1325 2692 1549 2749 Christo
1585 2709 1711 2750 esse
1754 2708 2216 2750 consummatam.
2260 2694 2439 2764 Ipsius
2481 2697 2626 2750 enim
2657 2705 2856 2750 nostra
2898 2696 3044 2748 tollit
3077 2703 3323 2763 peccata.
3354 2692 3423 2748 Ut
3446 2708 3579 2747 vero
3623 2695 3709 2749 sui

465 2780 622 2848 regni
648 2779 1011 2833 aeternitatem
1049 2778 1209 2835 nobis
1257 2791 1557 2850 proponat,
1606 2782 1726 2837 ait:
1768 2800 1786 2834 ι
1820 2783 1885 2836 Et
1926 2784 2030 2837 erit
2064 2798 2282 2852 semper
2331 2799 2499 2852 super
2533 2785 2714 2838 fronte
2747 2784 3003 2840 Aaronis.
3044 2803 3063 2836 ι
3095 2784 3266 2853 lmpie
3309 2783 3475 2851 igitur
3507 2785 3714 2838 docent

450 2866 727 2933 haeretici,
749 2866 896 2935 quod
926 2864 1187 2941 Christus
1213 2867 1508 2937 aliquando
1539 2867 1686 2922 Patri
1714 2871 2074 2927 restituturus
2097 2874 2169 2927 sit
2207 2888 2463 2943 regnum,
2492 2874 2717 2943 ipseque
2745 2889 2975 2943 regnare
3005 2874 3077 2927 sit
3102 2873 3459 2928 cessaturus?
3501 2871 3570 2925 Ut
3605 2886 3711 2927 sua

461 2963 824 3021 ornamenta,
857 2955 1160 3011 ceu‘militi
1214 2954 1497 3011 baltheum
1539 2966 1592 3011 et
1626 2959 1864 3026 galeam,
1912 2960 2309 3026 accommodet,
2362 2962 2533 3014 trahit
2573 2964 2621 3016 ei
2654 2962 2874 3015 mitram
2908 2970 2964 3016 et
2989 2963 3242 3016 cidarim.
3280 2959 3415 3013 Nam
3451 2961 3710 3015 Christus

467 3057 570 3111 pro
603 3043 764 3097 nobis
792 3043 937 3097 forte
974 3042 1562 3111 praeliumicommisit,
1591 3044 1761 3098 sicuti
1810 3045 2081 3114 scriptum
2113 3057 2195 3103 est
2232 3067 2246 3103 :
2294 3068 2311 3100 ι
2349 3048 2414 3102 Et
2457 3064 2650 3104 areum
2684 3066 2847 3104 suum
2886 3050 3148 3111 intendit,
3174 3059 3229 3104 et
3258 3051 3471 3118 paravit
3503 3050 3706 3118 ipsum,

444 3132 698 3201 esagittas
720 3146 855 3186 suas
892 3131 1137 3187 confecit
1162 3131 1229 3194 ",
1257 3148 1275 3182 ι
1312 3141 1420 3185 etc.
1453 3130 1518 3185 Et
1548 3133 1747 3187 iterum
1781 3152 1795 3188 :
1838 3152 1858 3185 ‹
1903 3134 2200 3190 Debellatis
2230 3144 2284 3191 et
2314 3136 2550 3192 devictis
2584 3124 3374 3207 principatibuslriumphavit
3410 3137 3477 3189 de
3508 3147 3708 3206 poten-
3754 3142 3757 3143 '

465 3220 580 3284 liis,
612 3219 895 3274 concussit
922 3218 1353 3283 dominationes,
1376 3228 1431 3273 et
1470 3220 1741 3289 captivos,
1786 3220 1880 3290 qui
1912 3238 2079 3292 super
2112 3232 2257 3279 terra
2313 3235 2472 3279 erant
2503 3264 2520 3288 ,
2574 3224 2808 3279 redemit
2838 3225 2902 3278 ³⁸.
2934 3244 2953 3276 ι
3005 3224 3081 3277 Ex
3110 3224 3278 3294 bysso
3326 3236 3510 3278 autem
3556 3224 3707 3277 tenui

450 3307 626 3361 mitra
658 3315 713 3361 et
743 3305 972 3371 cidaris,
1000 3324 1029 3357 ς»
1056 3314 1166 3361 etc.
1203 3308 1322 3361 Non
1350 3301 1505 3362 enim
1532 3307 1768 3361 densum
1795 3310 1876 3364 vel
1908 3310 2131 3366 visibile
2155 3321 2242 3367 est
2261 3310 2562 3384 spirituale
2597 3311 2824 3365 bellum.
2853 3308 2989 3364 Nam
3030 3327 3141 3365 non
3170 3311 3443 3366 adversus
3476 3311 3710 3380 sangui-

450 3412 589 3453 vnem
630 3406 686 3453 et
709 3412 935 3453 carnem
977 3399 1139 3453 nobis
1167 3399 1459 3454 dimicatio
1485 3406 1593 3455 est.
1622 3399 1750 3453 Haec
1783 3401 1987 3471 capitis
2015 3394 2368 3463 ornamenta,
2399 3398 2447 3452 si
2488 3398 2617 3465 quis
2646 3405 2702 3451 et
2742 3398 2911 3451 alium
2952 3400 3209 3468 exquirat
3244 3414 3497 3459 sensum,
3523 3411 3710 3454 osten-

448 3484 601 3537 -duut
648 3486 892 3555 reposita
932 3498 1057 3540 esse
1091 3485 1224 3550 illis,
1257 3485 1352 3555 qui
1386 3484 1476 3554 pie
1501 3486 1787 3556 ,vixerint,
1820 3502 2086 3542 coronam
2131 3484 2606 3539 inenarrabilibus
2633 3484 2943 3553 sculpturis
2979 3485 3282 3553 expolitam
3326 3492 3382 3539 et
3405 3486 3706 3538 excultam.

445 3570 691 3628 'Calceos
721 3587 832 3627 non
864 3572 1013 3627 addit
1040 3572 1408 3629 illiuscemodi
1431 3575 1776 3629 ornamentis
1797 3584 2116 3636 exornatos,
2135 3587 2201 3627 ne
2217 3579 2542 3643 gravaretur
2571 3572 2884 3626 calceorum
2921 3573 3186 3641 pondere,
3213 3580 3269 3626 et
3294 3571 3710 3640 quodammodo

450 3661 766 3716 -immobilis
795 3659 1121 3716 accessione
1150 3662 1378 3732 pellium
1411 3661 1653 3717 mortuis
1689 3661 1887 3717 belluis
1927 3661 2304 3719 detractarum
2344 3658 2521 3715 fieret.
2549 3657 2823 3716 Praeterea
2850 3662 3071 3715 calceos
3102 3661 3302 3730 deponi
3329 3661 3499 3731 jussit
3533 3658 3704 3724 Deus,

465 3763 593 3803 cum
629 3750 869 3819 primum
896 3749 949 3803 in
984 3746 1307 3804 flammante
1334 3749 1686 3819 apparuisset
1715 3750 1878 3805 rubo.

536 3832 610 3887 Et
638 3834 769 3898 ﬁliis
792 3833 976 3888 Aaron
1032 3834 1195 3905 facies
1235 3837 1470 3901 tunicas,
1490 3844 1540 3891 et
1574 3846 1826 3901 sonas,“
1865 3836 2095 3903 rideres,
2124 3842 2231 3892 etc.
2265 3833 2475 3907 [XVIIL
2513 3832 2633 3905 ια]
2650 3832 2955 3889 Universus
3010 3834 3154 3888 enim
3187 3832 3539 3901 sacerdOtum
3564 3833 3703 3888 ordo

454 3921 767 3977 bellicosus
794 3929 903 3988 est,
943 3931 999 3978 et
1026 3924 1606 3994 acerrime-oppugnat
1633 3924 1796 3990 vitia,
1831 3939 1933 3978 nec
1956 3938 2198 3994 unquam
2234 3929 2419 3977 cessat
2459 3921 2592 3975 totis
2624 3921 2834 3974 viribus
2871 3930 3246 3975 sacrosancta:
3279 3920 3573 3976 defensare
3608 3919 3709 3973 do-

448 4016 645 4079 .gmata
668 4010 940 4077 veritatis,
965 4012 1191 4081 capiens
1216 4026 1437 4066 omnem
1465 4013 1806 4068 intellectum
1832 4012 1900 4066 ad
1921 4009 2293 4067 obcdiendum
2316 4006 2699 4063 Cbristo.Nec
2730 4008 2979 4076 aliquam
3008 4007 3406 4077 turpitudinem
3439 4009 3707 4077 importat

466 4111 604 4153 usus
632 4097 906 4151 linearum
934 4098 1312 4153 femoralium.
1354 4096 1492 4153 Nam
1539 4098 1830 4155 femoralia
1872 4099 2013 4153 linea
2043 4100 2098 4153 in
2132 4099 2237 4152 hoc
2269 4096 2626 4162 adhibentur,
2665 4102 2724 4149 ut
2760 4094 3093 4165 refrigerent
3117 4104 3174 4148 et
3205 4097 3567 4164 exstinguant
3605 4111 3704 4148 cu-

464 4185 673 4253 pidinis
703 4184 989 4241 flammas.
1016 4184 1166 4240 Nihil
1194 4201 1260 4241 ex
1296 4196 1523 4257 peccato
1555 4195 1741 4241 tenent
1782 4187 2012 4242 mortui.
2052 4183 2169 4238 Non
2200 4184 2349 4238 enim
2382 4181 2761 4237 conficiuntur
2801 4197 2866 4238 ex
2900 4184 3045 4236 lana.
3070 4181 3175 4249 Qui
3207 4183 3264 4236 in
3298 4183 3448 4237 hunc
3479 4183 3702 4239 modum

464 4270 718 4326 flanmias
742 4274 1088 4341 Opprimunt,
1118 4288 1225 4327 non
1256 4274 1501 4327 sentient
1526 4283 1790 4327 aeternam
1825 4280 2087 4327 mortem.

537 4360 730 4413 Ablues
763 4376 852 4412 eos
876 4375 1038 4428 aqua,
1069 4368 1119 4412 et
1146 4360 1412 4428 accipiens
1442 4360 1615 4413 stolas
1638 4376 1727 4414 eos
1763 4359 1972 4423 indues,
2005 4368 2110 4415 etc.
2129 4357 2473 4432 [XVIII,42.]
2502 4359 2594 4437 Sic
2621 4367 2677 4414 et
2705 4374 2806 4415 nos
2834 4359 3007 4415 abluti
3040 4367 3099 4415 et
3123 4359 3399 4430 repurgati
3426 4375 3587 4416 sacro
3606 4362 3707 4415 ha-

451 4447 745 4514 .ptismate,
772 4445 1073 4514 recipimus
1109 4447 1340 4512 gratiam
1372 4447 1679 4508 caelestem,
1702 4444 1907 4499 latitia:
1925 4443 2103 4499 induti
2125 4448 2388 4513 tunicam,
2413 4450 2556 4502 sicut
2584 4447 2854 4517 scriptum
2875 4459 2992 4503 est:
3016 4465 3037 4499 ι
3066 4448 3278 4503 lnduite
3304 4449 3595 4503 Dominum
3619 4447 3708 4502 Je-

466 4547 587 4587 sum
623 4532 925 4586 Christum.
965 4530 1010 4562 "
1047 4550 1068 4583 ι
1100 4530 1488 4601 Oleeinungit
1512 4533 1699 4601 capita
1719 4532 2186 4602 quemadmodum
2217 4538 2381 4590 habet
2409 4536 2543 4588 illud
2591 4534 2896 4605 Scriptura:
2924 4536 3247 4604 eloquium:
3286 4553 3303 4586 ι
3340 4535 3702 4605 lmpinguasti

463 4620 587 4672 oleo
625 4628 792 4688 caput
834 4632 1019 4673 meum
1041 4619 1119 4677 3'.
1154 4638 1175 4671 ι
1211 4618 1307 4673 illa
1339 4621 1530 4674 unctio
1566 4620 1771 4676 indicat
1810 4622 1925 4690 spei
1952 4622 2199 4677 alacrem
2225 4622 2587 4686 hilaritatem,
2623 4638 2745 4692 qua:
2773 4623 2930 4678 adest
2961 4624 3086 4677 vita:
3120 4631 3468 4688 sanctorum,
3502 4624 3586 4677 vel
3632 4627 3707 4676 si-

449 4706 689 4778 gnificat
743 4707 1121 4764 visitationem
1162 4709 1468 4771 cmlestem,
1505 4723 1614 4777 qua
1650 4723 1752 4764 nos
1780 4709 2025 4763 visitavit
2055 4710 2337 4775 Christus,
2370 4711 2513 4765 etin
2550 4712 2847 4764 maximam
2888 4710 3129 4780 conjecit
3161 4711 3432 4766 laetitiam.
3485 4709 3705 4764 Miseri-

464 4793 707 4849 cordiam
733 4795 883 4851 enim
925 4811 1122 4851 sumus
1150 4795 1438 4852 consecuti
1474 4806 1831 4866 quotcunque
1860 4796 2217 4860 credidimus.
2250 4806 2305 4852 et
2336 4798 2718 4853 benedicimur
2752 4814 2781 4851 a
2815 4797 3419 4861 Dominomacerantes
3451 4801 3701 4852 animum

455 4898 559 4937 seu
601 4892 842 4938 mentem
891 4882 1136 4954 Spiritus
1175 4885 1352 4940 sancti
1383 4880 1691 4940 afﬂuentia":
1720 4884 1855 4939 Nam
1895 4894 2064 4955 caput
2106 4884 2266 4955 305
2292 4888 2439 4954 quod
2470 4886 2790 4939 unctionem
2836 4885 3110 4953 capiebat.
3148 4884 3354 4938 mentis
3400 4892 3565 4954 typus
3596 4890 3701 4937 est.

451 4969 562 5025 llis
585 4972 821 5040 peractis
850 4974 1331 5030 consecrabantur
1362 4987 1557 5028 manus
1589 4975 1946 5028 sacerdotum
1982 4980 2041 5027 ut
2068 4972 2249 5028 forent
2273 4972 2457 5026 idonei
2491 4972 2559 5026 ad
2599 4971 2876 5026 sacrificia
2910 4971 3481 5040 irreprehensibiliter
3512 4973 3706 5023 inuno-

463 5060 647 5114 landa.
676 5059 740 5114 Et
773 5077 875 5118 nos
908 5073 1039 5118 tunc
1065 5063 1382 5134 spiritualia
1407 5062 1548 5118 dona
1577 5063 1866 5119 offerimus
1903 5062 2036 5118 Deo.
2058 5078 2077 5111 ι
2114 5059 2218 5126 Qui
2248 5074 2490 5128 namque
2514 5062 2762 5115 ascendit
2788 5062 2840 5112 in
2872 5071 3113 5115 montem
3139 5058 3399 5115 Domini?
3429 5078 3447 5110 ι
3488 5059 3700 5113 Secun-

460 5151 589 5201 dum
619 5148 840 5206 Davidis
877 5152 1256 5206 testimOnium
1296 5171 1309 5205 :
1346 5170 1367 5203 ί
1403 5150 1504 5217 Qui
1537 5149 1706 5207 fuerit
1737 5151 2006 5206 innocens
2046 5149 2328 5209 manibus.
2364 5160 2418 5203 et
2450 5148 2694 5202 tmmdus
2722 5149 2889 5203 corde
2922 5150 2988 5201 ⁸⁷.
3023 5167 3041 5199 ι

526 5264 599 5319 Et
626 5265 857 5319 adduces
894 5265 1116 5319 vitulum
1149 5269 1216 5319 ad
1237 5267 1441 5334 januas
1475 5266 1807 5320 tabernaculi
1844 5266 2157 5328 testimonii,
2190 5273 2297 5320 etc.
2344 5279 2522 5335 usque
2548 5264 2618 5319 ad
2634 5265 2786 5319 hunc
2821 5264 3000 5319 locum
3035 5282 3053 5318 :
3085 5265 3463 5320 Concremabis
3498 5264 3703 5333 reliqua

444 5353 597 5422 igne.
635 5350 761 5407 Non
790 5355 1133 5406 romedentur
1174 5395 1189 5417 ,
1232 5355 1356 5423 quia
1398 5363 1587 5408 sancta
1623 5363 1767 5413 sunt,
1809 5362 1916 5407 etc.
1966 5352 2201 5426 [lo-5‘].
2250 5352 2398 5408 Mille
2433 5354 2611 5409 nzodis
2646 5368 2751 5408 nos
2792 5362 3017 5408 sanctos
3053 5354 3181 5409 facit
3217 5352 3481 5409 Dominus
3515 5361 3705 5408 noster

460 5430 624 5497 Iesus
642 5437 921 5505 Cb.istus,
959 5447 1153 5510 utpote
1187 5443 1241 5493 in
1278 5440 1489 5497 umbris
1524 5440 1791 5512 legalibus
1822 5440 1983 5494 aliter
2032 5448 2199 5510 atque
2229 5442 2392 5498 aliter
2427 5452 2708 5512 acceptus.
2745 5438 2965 5497 Vitulus
2989 5442 3138 5497 enim
3166 5441 3498 5512 intelligitur
3538 5439 3705 5493 Cbri.

531 5623 577 5690 Ψ
608 5621 753 5677 l’sai.
788 5622 1126 5688 xxxvm,'i2.
1242 5623 1280 5652 "
1334 5621 1507 5677 Πρω.
1550 5614 1778 5684 ιηῖςιη.
1856 5619 2080 5675 "Joan.
2118 5621 2385 5685 xvtu,56.
2469 5622 2511 5655 "
2545 5619 2690 5678 Psal.
2736 5638 2833 5689 vn,
2886 5623 2972 5690 13,
3029 5622 3113 5677 Η.
3185 5620 3463 5676 “Coloss.
3497 5633 3578 5686 ιι,
3615 5614 3683 5675 f6

462 5690 507 5728 “
538 5689 702 5749 Rom.
729 5707 848 5759 xm,
888 5693 968 5748 lt.
1051 5695 1089 5725 ⁸⁸
1122 5690 1267 5747 Psnl.
1320 5708 1450 5757 xm,
1629 5694 1667 5723 ιτ
1704 5690 1845 5746 Psal.
1881 5708 2030 5757 xxm,
2062 5692 2113 5759 5,
2142 5692 2195 5747 4.
