4010 6212
316 374 425 440 657
1412 376 1947 441 COMMENTARII
1982 378 2064 441 IN
2105 381 2451 445 EXODUM.
2942 372 2945 375 ’
3461 382 3566 445 653

314 489 472 546 stus,
511 478 607 536 sed
651 479 919 539 immunis
947 481 1089 553 iugi.
1126 479 1413 554 Siquidem
1442 482 1591 540 Deus
1623 493 1728 541 est.
1760 483 1907 555 Iugo.
1938 484 2240 558 subjicitur
2273 506 2286 542 :
2338 488 2467 559 quia
2501 486 2667 542 homo
2696 501 2918 558 quoque
2945 491 3054 543 est.
3080 485 3351 563 Mactatur
3392 483 3457 540 ad
3477 486 3565 555 ia.

314 585 453 626 nuas
483 569 858 637 tabernaculi,
886 579 1079 642 utpote
1136 587 1239 643 pro
1273 571 1521 629 Ecclesia
1549 584 1781 631 mortem
1827 564 2082 632 subiens.
2119 573 2359 646 Sanguis
2390 573 2693 630 aﬁ‘unditur
2721 581 2921 631 sancto
2954 573 3139 630 altari.
3197 574 3566 628 Sacrosancta

318 671 557 728 namque
587 664 908 728 et’accepta
961 659 1067 713 fuit
1102 658 1249 715 Patri
1299 674 1450 715 mors
1480 659 1782 732 Unigeniti.
1833 663 2100 718 Intestina
2148 663 2524 718 incenduntur
2557 665 2612 717 in
2644 664 2869 718 odorem
2909 662 3068 717 bonae
3127 660 3463 730 fragrantia.
3501 662 3564 712 At

323 746 590 819 hazc_typo
616 746 854 815 quodam
891 747 1145 803 referunt
1177 748 1456 803 internum
1488 749 1793 814 hominem,
1832 751 2047 806 scilicet
2075 759 2341 816 mentem,
2378 751 2436 806 in
2471 767 2577 821 qua
2612 752 2878 806 virtutum
2912 753 3073 805 sedes
3103 756 3209 815 est,
3240 747 3443 819 quibus
3486 747 3570 801 in~

323 833 486 887 haeret
530 834 840 904 spiritualis
868 833 1204 907 fragrantia.
1240 835 1354 891 Nec
1383 847 1569 892 tamen
1602 854 1744 902 uno,
1784 839 1877 893 sed
1913 838 2102 893 multis
2148 839 2328 893 modis
2365 839 2630 894 intestina
2662 837 2948 893 declarant
2985 835 3100 901 illa,
3134 850 3258 905 qua:
3302 835 3565 890 diximus.

321 921 455 988 Quia
491 922 732 991 plurima
772 930 924 988 sunt,
957 925 1256 993 quaeinter
1299 925 1568 981 intestina
1613 936 2105 993 connumerantur,
2142 936 2201 982 ut
2244 929 2544 999 pinguedo,
2578 944 2762 996 renes,
2811 924 3106 983 summitas
3135 925 3425 997 jecinoris.
3460 924 3569 981 Re-

320 1007 697 1078 liquae-autem
736 1012 991 1079 corporis
1043 1021 1230 1083 partes
1261 1022 1571 1068 exuruntur
1598 1023 1755 1069 extra
1798 1025 2005 1069 castra.
2044 1017 2332 1085 Siquidem
2364 1024 2521 1072 extra
2549 1026 2764 1086 portam
2802 1018 2885 1088 (ut
2916 1015 3076 1071 testis
3111 1024 3197 1070 est
3242 1013 3450 1070 Paulus
3501 1014 3567 1084 “)

318 1097 540 1153 crudele
567 1099 902 1169 supplicium
951 1101 1217 1156 sustinuit
1243 1100 1521 1157 Christus.
1555 1101 1849 1171 Prtesignis
1879 1112 1934 1157 et
1982 1102 2266 1172 splendida
2316 1104 2493 1174 gloria
2521 1102 2675 1159 illius
2706 1103 2901 1159 mortis
2950 1103 3262 1157 delineatur
3295 1118 3394 1173 per
3423 1102 3567 1173 ignis

316 1194 598 1252 naturam,
623 1202 747 1256 qua:
787 1187 1063 1243 sacriﬁcia
1093 1189 1354 1243 absumit.
1393 1188 1594 1244 Eadem
1631 1190 1776 1260 ignis
1834 1198 2033 1246 natura
2089 1190 2383 1246 adumbrat
2441 1191 2787 1246 divinitatem
2834 1191 3065 1256 Christi,
3101 1190 3564 1261 quemadmodum

316 1270 598 1327 accidisse
631 1276 1002 1343 cognovimus
1036 1289 1263 1344 quoque
1310 1275 1365 1328 in
1401 1274 1584 1338 Rubo,
1637 1284 1691 1330 et
1741 1275 1795 1329 in
1830 1275 1962 1330 Sina
2002 1288 2211 1333 monte.
2265 1275 2476 1347 ingenti
2530 1285 2711 1331 autem
2764 1278 2939 1348 gloria
2972 1279 3255 1333 extollitur
3288 1277 3563 1342 Christus.

317 1358 463 1428 quod
504 1361 733 1415 sustulit
769 1369 1026 1416 mortem.
1074 1360 1210 1415 Nam
1255 1362 1513 1432 supplicii
1559 1362 1923 1432 ignominiam
1958 1365 2093 1420 vicit
2138 1366 2569 1421 resurrectionis
2601 1365 2799 1437 gloria.
2844 1365 3023 1435 Hujus
3065 1366 3145 1419 rei
3179 1374 3564 1435 argumentum

315 1455 399 1501 est
430 1446 584 1500 vituli
617 1446 874 1512 cadaver,
914 1449 1061 1518 quod
1086 1450 1212 1519 igne
1258 1450 1593 1505 absumitur.
1631 1450 1790 1515 Quod
1826 1466 1956 1506 vero
1980 1451 2168 1506 subdit
2207 1466 2220 1503 :
2257 1469 2275 1502 ι
2318 1449 2415 1506 Est
2440 1450 2585 1505 enim
2626 1465 2725 1520 pro
2754 1459 2999 1519 peccato,
3049 1468 3069 1501 ι
3106 1460 3214 1504 etc.
3238 1489 3254 1514 ,
3288 1451 3423 1505 satis
3448 1450 3564 1505 evi-

315 1532 511 1588 denter
545 1533 759 1588 indicat
822 1545 1054 1590 mortem
1078 1535 1283 1591 Christi
1312 1551 1435 1592 esse
1465 1536 1836 1606 expiationem
1856 1546 2206 1607 peccatorum
2240 1553 2447 1592 veram.
2472 1537 2679 1593 Deinde
2711 1538 2878 1603 aries,
2912 1538 3007 1607 qui
3038 1537 3339 1608 perfectum
3362 1538 3565 1593 animal

316 1636 443 1676 csse
476 1622 854 1689 cognoscitur,
892 1633 1252 1692 repraesentat
1276 1624 1441 1679 etiam
1507 1623 1790 1678 Christum
1824 1624 1997 1679 fuisse
2024 1622 2345 1694 perfectum.
2380 1622 2558 1678 Vitam
2592 1624 2797 1679 Christi
2829 1625 3001 1679 fuisse
3042 1632 3289 1680 sanctam
3321 1640 3565 1694 pronun-

316 1709 420 1762 tiat
453 1711 680 1779 sanguis
714 1725 825 1764 ιιι-ιιι
857 1726 1143 1779 aspersus.
1176 1710 1310 1765 Nam
1348 1712 1471 1766 vitae
1503 1712 1662 1767 sedes
1691 1711 1746 1765 in
1780 1713 2050 1781 sanguine
2077 1719 2187 1767 est.
2217 1710 2478 1767 Christus
2511 1719 2695 1765 autem
2730 1725 2829 1780 pro
2863 1710 3024 1766 nobis
3059 1712 3322 1767 omnibus
3345 1711 3566 1769 oblatus

316 1807 404 1849 est
439 1794 551 1850 Deo
590 1804 644 1850 et
692 1795 842 1851 Patri
876 1798 932 1851 in
997 1798 1223 1852 odorem
1262 1798 1418 1853 bona:
1448 1797 1766 1869 fragrantiae
1821 1798 1887 1850 η.
1943 1795 2081 1852 Nam
2115 1796 2297 1853 omnis
2326 1797 2470 1851 aries
2510 1797 2566 1852 in
2628 1797 2876 1852 membra
2905 1796 3181 1853 dissectus
3221 1805 3274 1851 et
3306 1799 3567 1853 concisus

317 1881 815 1940 oﬂ‘erebatur.Nos
841 1886 1111 1955 siquidem
1143 1885 1387 1942 membra
1418 1902 1612 1942 sumus
1626 1885 1856 1945 Christi.
1875 1893 1931 1940 et
1957 1900 2150 1941 omnes
2175 1885 2479 1941 Christiani
2513 1901 2681 1940 unum
2712 1900 3012 1940 censemur
3035 1900 3261 1955 corpus.
3291 1884 3448 1952 Quod
3477 1887 3565 1939 in-

315 1970 524 2024 testina
563 1971 837 2034 lavantur,
870 1974 1009 2027 satis
1036 1973 1302 2027 docemur
1340 1988 1439 2043 per
1478 1971 1533 2028 id
1586 1959 1858 2029 insinuari
1909 1972 2197 2029 Sermonis
2226 1974 2544 2044 puritatem.
2593 1972 2722 2027 Vita
2756 1973 2967 2028 Christi
3014 1990 3045 2027 a
3082 1975 3264 2043 capite
3300 1989 3473 2044 usque
3498 1976 3565 2029 ad

318 2052 527 2111 calcem
563 2059 788 2113 odorem
830 2059 987 2113 bona;
1018 2057 1325 2129 fragrantia?
1357 2059 1562 2114 fundit.
1591 2059 1933 2131 Quapropter
1963 2075 2072 2116 una
2105 2076 2228 2115 cum
2264 2059 2448 2130 capite
2478 2068 2531 2115 et
2565 2059 2730 2129 pedes
2761 2059 3074 2115 offeruntur
3095 2099 3110 2123 ,
3167 2060 3219 2113 id
3264 2068 3374 2123 est.
3412 2064 3567 2131 prin-

317 2144 530 2214 cipium
562 2154 618 2200 et
658 2147 802 2200 ﬁnis.
855 2144 966 2201 Nec
1000 2146 1183 2210 obsto,
1238 2147 1284 2201 si
1329 2163 1422 2217 per
1465 2156 1628 2217 caput
1663 2156 1939 2214 mentem,
1982 2157 2035 2204 et
2076 2149 2244 2202 vitam
2293 2147 2592 2218 practicam
2635 2161 2732 2218 per
2774 2148 2941 2217 pedes
2986 2146 3284 2215 intelligas.
3324 2147 3457 2201 Nam
3510 2150 3564 2204 in

320 2229 545 2287 Christo
575 2248 685 2287 non
719 2237 900 2288 solum
934 2248 1123 2303 opera,
1157 2235 1250 2289 sed
1282 2243 1448 2289 etiam
1488 2235 1860 2305 cogitationes
1895 2251 2044 2305 purae
2072 2234 2488 2289 existimantur.
2529 2232 2599 2288 Ut
2630 2233 2834 2289 frustra
2869 2234 3225 2287 ir'nnmlantur
3250 2235 3482 2290 vietima‘
3511 2245 3566 2290 et

321 2319 591 2375 sacriﬁcia
633 2336 731 2391 pro
770 2338 858 2383 eo,
891 2324 986 2393 qui
1032 2338 1142 2376 non
1174 2322 1465 2391 delinquit,
1499 2322 1714 2378 scilicet
1734 2323 1983 2391 Christo;
2025 2322 2106 2378 sic
2139 2336 2243 2375 nos
2265 2360 2281 2386 ,
2326 2336 2450 2375 cum
2482 2322 2780 2391 plurimum
2810 2335 3106 2391 peccemus
3138 2322 3444 2377 secundum
3487 2332 3567 2381 tc-

321 2412 582 2468 stimonia
614 2414 935 2485 Scriptum,
992 2418 1311 2488 experimur
1339 2418 1626 2473 Christum
1663 2417 1987 2472 salutarem.
2042 2414 2174 2470 Nam
2200 2424 2260 2470 ut
2296 2430 2445 2470 mors
2476 2413 2753 2485 oppressit
2783 2416 2855 2470 ob
2888 2415 3155 2471 delictum
3205 2415 3401 2470 Adami
3436 2419 3562 2470 uni-

323 2512 544 2556 versum
581 2505 896 2558 mortalium
929 2521 1102 2573 genus
1129 2546 1145 2569 ,
1173 2507 1247 2561 ita
1281 2505 1490 2561 Christi
1514 2506 1625 2559 vita
1653 2504 1892 2559 viviﬁcat
1926 2518 2142 2558 omnes.
2179 2502 2459 2572 Siquidem
2491 2502 2756 2556 obediens
2783 2500 2964 2558 factus
2994 2513 3077 2558 est
3106 2516 3283 2572 usque
3310 2503 3378 2557 ad
3413 2519 3562 2559 mor-

323 2595 455 2653 tem,
493 2598 550 2642 ut
584 2589 799 2645 tolleret
831 2592 1215 2648 inohedientiu’:
1245 2595 1481 2659 crimen,
1514 2593 1662 2664 quod
1694 2591 2048 2647 commiserat
2067 2591 2260 2646 Adam.
2297 2590 2387 2645 Sic
2418 2589 2627 2645 Paulus
2661 2606 2889 2661 quoque
2922 2591 3105 2655 docet,
3139 2592 3330 2647 dicens
3364 2608 3377 2645 :
3415 2610 3432 2644 ι
3462 2582 3585 2647 Per

323 2689 495 2729 unum
530 2677 946 2742 condemnatio,
985 2689 1040 2735 et
1091 2697 1189 2751 per
1222 2697 1392 2736 unum
1430 2683 1484 2735 in
1532 2697 1727 2737 omnes
1759 2680 1999 2752 pervasit
2025 2677 2353 2748 justiﬁcatio
2384 2678 2451 2732 ὀ.
2507 2697 2525 2729 ι
2562 2677 2752 2748 Itaque
2785 2678 2988 2733 servati
3025 2694 3216 2734 sumus
3254 2666 3348 2748 per
3397 2678 3563 2734 Chri-

320 2752 394 2815 tu
422 2771 687 2828 mortem,
724 2780 888 2835 quam
916 2767 1264 2823 adumbravit
1293 2769 1515 2825 vitulus.
1560 2767 1699 2822 Dum
1727 2780 1907 2823 autem
1938 2768 2222 2837 sequimur
2251 2768 2417 2820 vitam
2448 2774 2693 2820 sanetam
2713 2806 2729 2832 ,
2766 2764 2826 2819 ﬁt
2872 2773 2931 2820 ut
2959 2768 3097 2838 grati
3131 2766 3453 2837 acceptique
3483 2766 3563 2820 si-

324 2862 452 2906 mus
483 2848 654 2912 Patri,
683 2855 1123 2911 transmittentes
1153 2857 1221 2910 ad
1254 2858 1435 2927 ipsum
1469 2858 1735 2913 bonorum
1760 2869 1989 2927 operum
2025 2853 2405 2925 fragrantiam,
2436 2867 2596 2921 quam
2630 2851 2853 2922 quidem
2899 2854 3342 2923 praemonstravit
3372 2853 3564 2909 arietis

325 2950 500 2991 cruor
527 2952 637 2993 ara:
670 2937 899 2997 aﬁusus.
934 2944 1083 2997 Alter
1114 2945 1260 3000 aries
1291 2946 1489 3000 iterum
1524 2944 1732 3001 Christi
1765 2944 2081 3016 mysterium
2114 2942 2388 3011 parturit,
2421 2956 2546 2996 cum
2599 2940 2816 2996 dicatur
2850 2956 2975 2997 esse
3004 2941 3230 2997 victima
3269 2941 3562 3012 perfectio-

320 3024 435 3082 nis.
470 3025 729 3083 Christus
783 3031 984 3084 etenim
1017 3046 1211 3087 omnes
1255 3034 1318 3102 in
1370 3034 1669 3089 virtutibus
1699 3033 1971 3102 perfectos
1997 3029 2307 3094 constituit,
2338 3030 2390 3085 id
2419 3042 2540 3095 est,
2578 3032 2674 3098 qui
2719 3045 2883 3086 aures
2915 3038 3136 3087 nostras
3169 3030 3559 3095 sanctiﬁcavit,

323 3123 385 3164 ut
412 3112 781 3183 obsequemur
811 3115 956 3181 Deo,
995 3126 1048 3171 ct
1086 3122 1368 3174 veritatem
1418 3121 1684 3176 doctrinae
1710 3119 1832 3189 ejus
1862 3121 2249 3190 suscipiamus,
2289 3120 2671 3177 haereticorum
2705 3135 2870 3176 aures
2933 3127 2989 3175 et
3035 3135 3129 3174 ora
3182 3119 3558 3175 obstruentes.

323 3198 464 3255 llinc
507 3203 583 3256 ait
612 3201 851 3281 Joannes
882 3226 895 3262 :
933 3225 951 3257 ι
993 3206 1235 3275 Fratres,
1258 3209 1485 3278 probate
1527 3209 1755 3279 spiritus
1783 3225 1851 3263 an
1883 3225 1947 3264 ex
1984 3208 2094 3262 Deo
2123 3209 2251 3264 siut.
2287 3208 2478 3263 Omnis
2494 3207 2722 3278 spiritus
2746 3209 2839 3277 qui
2876 3223 2985 3262 non
3022 3208 3313 3263 confitetur
3340 3207 3525 3264 Jesum
3546 3248 3562 3273 ,

321 3301 387 3341 ex
419 3285 533 3344 Deo
565 3304 669 3344 non
715 3300 800 3346 est
837 3296 903 3349 “.
948 3310 967 3346 ι
1007 3294 1200 3349 Omnis
1239 3295 1602 3350 sanctificatio
1644 3312 1741 3365 per
1779 3297 2104 3367 sanguinem
2137 3296 2342 3352 Christi
2384 3296 2547 3351 nobis
2592 3295 2807 3366 obtigit,
2852 3296 2907 3351 in
2942 3311 3050 3365 quo
3088 3304 3146 3350 et
3175 3310 3401 3357 manus.
3442 3310 3565 3366 qua:

322 3377 583 3444 practice:
610 3378 732 3433 vitae
781 3379 1236 3450 signiﬁcationem
1267 3382 1454 3445 habet,
1500 3392 1823 3438 consecrata
1850 3394 1951 3438 est.
1989 3383 2090 3438 Pes
2134 3383 2407 3453 signiﬁcat
2431 3383 2786 3453 vestigiorum
2818 3383 3228 3444 rectitudinem.
3262 3383 3423 3438 sicuti
3469 3383 3591 3436 hac

320 3463 418 3517 bet
444 3462 698 3520 Psalmus
725 3482 743 3519 :
766 3483 784 3517 ι
823 3466 1078 3523 Converti
1119 3471 1285 3538 pedes
1323 3485 1476 3526 meos
1508 3471 1563 3525 in
1596 3471 1909 3526 testimonia
1927 3479 2021 3525 tua
2054 3473 2120 3526 “.
2158 3490 2176 3523 ι
2215 3470 2280 3524 Ει
2311 3471 2475 3542 306
2509 3471 2707 3525 iterum
2736 3470 2789 3525 in
2814 3468 3130 3527 Proverbiis
3166 3488 3234 3531 :,¢
3269 3471 3436 3525 Recta
3475 3486 3565 3524 ve-

322 3549 483 3618 stigia
520 3550 606 3607 fac
640 3553 872 3623 pedibus
902 3556 1035 3621 tuis,
1066 3566 1120 3612 et
1154 3558 1270 3612 vias
1297 3565 1420 3613 tuas
1450 3558 1536 3613 fac
1566 3558 1807 3614 directas
1857 3559 1925 3613 ’³.
1966 3577 1984 3610 ι
2025 3558 2234 3615 Dextra:
2268 3575 2394 3614 vero
2437 3567 2492 3615 et
2526 3574 2757 3615 summa:
2800 3567 2983 3627 partes
3021 3559 3143 3614 cleo
3199 3565 3392 3615 sancto
3430 3557 3567 3613 deli-

323 3636 471 3692 buta
503 3639 780 3695 videntur.
817 3640 951 3696 Nam
996 3644 1219 3698 virtutis
1247 3660 1416 3714 opera
1460 3653 1757 3701 censentur
1785 3646 2000 3710 dextra,
2036 3662 2135 3701 nec
2163 3647 2484 3716 quidquam,
2527 3645 2676 3716 quod
2708 3645 2937 3700 sinistre
2968 3645 3318 3717 interpretari
3367 3660 3561 3713 queas,

322 3725 611 3792 possident
641 3744 817 3798 usque
843 3731 911 3784 ad
944 3730 1128 3795 ﬁnem,
1164 3734 1256 3800 qui
1311 3748 1406 3803 per
1460 3735 1809 3788 summitates
1843 3732 1926 3786 vel
1958 3734 2337 3789 extremitates
2388 3734 2726 3803 depingitur.
2779 3732 2962 3802 inquit
3007 3732 3153 3787 enim
3206 3732 3505 3801 Apostolus
3547 3749 3561 3785 :

327 3828 348 3860 ι
384 3809 490 3878 Qui
518 3812 573 3867 in
605 3816 768 3870 nobis
799 3815 1003 3886 incepit
1026 3832 1193 3887 opera
1224 3818 1399 3884 bona,
1435 3835 1496 3875 ea
1531 3820 1777 3889 perﬁciat
1808 3820 1945 3889 (sive
1973 3821 2040 3874 ad
2076 3822 2235 3876 ﬁnem
2266 3821 2532 3891 perducat
2562 3820 2656 3892 ἰ).
2684 3839 2704 3873 ι
2729 3819 2909 3876 Moses
2930 3828 3109 3875 autem
3142 3819 3418 3880 victimas.
3453 3836 3562 3890 qua

322 3915 383 3955 re
418 3900 596 3956 Deum
622 3914 1001 3973 reprasentat,
1034 3922 1062 3961 a
1092 3909 1473 3964 sacerdotibus
1502 3909 1757 3979 suspicit.
1792 3909 1961 3963 Docet
1992 3923 2231 3977 namque
2263 3908 2317 3962 in
2354 3908 2499 3963 hunc
2531 3908 2754 3962 modum
2786 3907 3254 3962 sanctiﬁcatorum
3287 3907 3562 3963 sacriﬁcia

318 3985 601 4043 Christum
643 3994 1033 4047 concernentia
1084 3995 1241 4064 quasi
1274 4011 1371 4065 per
1412 4012 1611 4050 manus
1637 3999 1707 4052 sit
1739 4007 2069 4067 accepturus
2115 3995 2277 4051 Deus.
2319 3995 2526 4052 Christi
2558 3994 2836 4066 siquidem
2870 3995 3396 4049 continent-bonum
3425 3995 3564 4049 odo-

322 4084 459 4124 rem.
493 4068 637 4126 ldem
671 4073 776 4128 hoc
797 4073 1115 4133 declaratur
1136 4094 1234 4148 per
1259 4079 1591 4134 oblationem
1635 4080 2039 4152 intestinorum,
2080 4101 2202 4156 quae
2234 4084 2578 4141 concremari
2621 4084 2886 4154 jubentur
2935 4082 2989 4135 in
3019 4081 3243 4135 odorem
3270 4081 3425 4136 bonae
3450 4079 3564 4135 fra-

317 4161 570 4228 grantize.
617 4162 1005 4220 PeCtusculum
1032 4178 1087 4221 et
1115 4182 1302 4224 armus
1338 4156 1633 4223 traduntur
1667 4170 1944 4227 sacerdoti
1972 4174 2039 4229 de
2069 4177 2241 4231 ariete
2277 4173 2658 4244 perfectionis.
2700 4172 2834 4227 Nam
2870 4186 3034 4228 sacro
3065 4170 3254 4241 generi
3283 4168 3447 4224 datus
3479 4184 3566 4225 est

317 4249 580 4305 Christus
617 4255 861 4323 petentia
902 4265 954 4310 et
987 4256 1258 4325 sapientia
1296 4272 1325 4310 a
1370 4256 1478 4312 Deo
1507 4266 1560 4312 et
1590 4256 1773 4313 Patre.
1807 4257 2145 4330 Sapientiam
2188 4263 2431 4317 ostendit
2464 4259 2875 4332 pectusculum,
2931 4259 2984 4312 in
3023 4256 3280 4328 potentiae
3310 4257 3563 4310 notitiam

319 4352 427 4392 nos
472 4337 625 4394 ducit
654 4340 863 4395 brachii
898 4341 1015 4397 sive
1042 4343 1181 4397 armi
1224 4353 1406 4415 typus.
1449 4343 1606 4399 Sacri
1643 4353 1825 4400 autem
1861 4348 2151 4406 animabus
2194 4349 2319 4419 jure
2349 4351 2587 4420 quodam
2629 4347 2914 4418 competit,
2944 4355 3004 4400 ut
3036 4345 3257 4400 veniant
3297 4344 3350 4398 in
3390 4344 3567 4399 socie-

320 4431 489 4479 tatem
535 4429 788 4497 corporis
831 4428 1060 4485 Christi.
1094 4430 1173 4484 Ad
1207 4432 1311 4507 h_oc
1346 4431 1607 4487 accedere
1637 4441 1916 4504 nequeunt
1945 4436 2282 4507 alienigenae,
2316 4437 2522 4507 quique
2560 4437 2631 4491 ob
2660 4434 3109 4490 incredulitatem
3140 4446 3247 4485 non
3296 4430 3596 4499 habentur,

320 4512 378 4565 in
408 4513 804 4583 baptizatorum
839 4532 1101 4584 numero,
1125 4528 1179 4573 et
1205 4500 1596 4574 lfzereticurum
1627 4500 1740 4575 ﬁlii.
1774 4520 1923 4577 Nihil
1957 4521 2025 4579 de
2064 4500 2696 4593 ca'rnihus'rel'inquitur
2741 4523 2795 4577 in
2826 4520 3157 4578 crastinum.
3189 4517 3322 4572 Nam
3365 4519 3570 4574 sancti-

322 4600 528 4668 ﬁcatio,
562 4619 669 4674 qua
707 4608 979 4676 potiemur
1023 4608 1075 4660 in
1112 4605 1299 4662 futuro
1347 4607 1582 4672 saaculo,
1617 4622 1726 4662 non
1771 4610 1877 4664 erit
1916 4610 2243 4681 corporalis.
2290 4610 2574 4682 Siquidem
2607 4617 2797 4664 nostra
2839 4605 3273 4677 corruptibilitas
3318 4614 3568 4674 tempore

322 4693 755 4748 resurrectionis
780 4693 1132 4748 abolebitur:
1167 4708 1266 4749 nec
1298 4695 1537 4764 amplius
1578 4709 1719 4765 opus
1750 4695 1856 4750 erit
1896 4710 1959 4750 ea
1991 4697 2288 4768 praecipere
2313 4737 2328 4761 ,
2360 4698 2566 4767 quibus
2591 4698 2738 4751 illam
2765 4695 3043 4766 possimus
3075 4692 3476 4764 subterfugere,
3513 4703 3571 4746 ut

322 4776 377 4830 in
413 4777 516 4833 hoc
544 4782 746 4834 saeculo
783 4780 924 4836 Deus
962 4797 1069 4835 non
1102 4790 1283 4838 cessat
1317 4797 1422 4839 nos
1457 4782 1692 4848 hortari,
1730 4798 1953 4839 monere
1983 4791 2038 4838 et
2069 4784 2353 4840 obtestari.
2386 4786 2542 4843 Alius
2588 4784 2694 4840 erit
2721 4784 2778 4838 in
2799 4783 2987 4837 futuro
3019 4781 3222 4837 saeculo
3253 4779 3568 4835 sanctiﬁca-

318 4864 491 4921 tionis
529 4866 744 4929 modus,
781 4869 871 4936 qui
925 4869 1002 4923 illi
1048 4878 1315 4941 congruet
1346 4871 1597 4941 tempori,
1634 4880 1689 4928 et
1735 4879 2100 4942 cegnoscetur
2129 4888 2195 4927 ex
2226 4873 2666 4939 conversatione,
2688 4886 2807 4942 .qua
2849 4885 3067 4940 semper
3116 4868 3406 4924 nobiscum
3433 4883 3569 4924 con-

319 4954 633 5010 versabitur
665 4954 942 5014 Christus.
1782 4974 1791 4981 ’

393 5088 598 5157 Septem
629 5091 814 5147 diebus
840 5095 1078 5164 perﬁcies
1118 5113 1309 5153 manus
1341 5097 1581 5163 illorum,
1607 5096 1947 5170 etc.[XXlX,
1988 5096 2102 5169 55.]
2146 5097 2504 5167 Septenarius
2553 5095 2829 5168 signiﬁcat
2884 5103 3144 5166 Oportere
3205 5110 3303 5150 nos
3354 5111 3571 5165 srmpcr

319 5175 570 5239 addictos
591 5195 713 5235 esse
743 5183 1146 5237 cultuidivino:
1172 5201 1189 5234 ι
1224 5184 1573 5254 Siacceperis
1602 5186 1953 5240 collationem
1976 5184 2210 5237 ﬁliorum
2238 5185 2454 5250 Israel,»
2478 5193 2581 5239 etc.
2612 5182 2841 5237 Solvunt
2878 5182 3091 5236 ratione
3127 5183 3272 5251 regis
3302 5182 3563 5236 didrach-

320 5279 496 5329 mum,
527 5282 706 5336 neque
743 5269 946 5323 mulier
976 5286 1151 5340 neque
1185 5273 1456 5342 impubes.
1492 5272 1628 5326 Nam
1661 5271 1935 5348 quidquid
1952 5272 2115 5326 fuerit
2143 5273 2306 5326 molle
2325 5279 2799 5350 etenervatumet
2829 5270 3011 5324 minus
3040 5269 3107 5323 ad
3138 5269 3567 5339 intelligendum

318 5351 643 5420 perfecmm,
676 5357 1022 5426 repudiatur.
1063 5357 1177 5413 Soli
1218 5360 1294 5414 illi
1342 5371 1470 5416 sunt
1497 5362 1681 5417 idonei
1712 5362 1778 5417 ad
1806 5362 2079 5418 offerenda
2113 5376 2341 5415 uulnera
2369 5358 2621 5423 Domino,
2653 5359 2744 5427 qui
2778 5359 3102 5429 pertingunt
3128 5358 3196 5412 ad
3244 5373 3563 5413 mensuram

314 5439 501 5494 actatis
545 5441 909 5511 plenitudinis
948 5445 1190 5511 Christi;
1222 5448 1317 5516 qui
1362 5448 1585 5515 quidem
1618 5448 1766 5519 digni
1796 5457 1949 5513 sunt,
1989 5456 2367 5519 utappareant
2396 5447 2451 5501 in
2486 5426 2794 5513 conspectu
2821 5446 2933 5501 Dei.
2965 5426 3091 5501 llaec
3156 5446 3427 5514 siquidem
3476 5446 3562 5495 di-

319 5524 448 5578 vina
477 5525 680 5582 dicitur
720 5531 983 5594 visitatio,
1023 5532 1228 5587 Davide
1262 5534 1518 5607 loquente
1549 5553 1565 5590 :
1594 5534 1791 5591 «Oculi
1848 5537 1994 5592 enim
2025 5535 2237 5591 Domini
2273 5533 2728 5604 superjustos”.
2767 5551 2785 5583 ι
2822 5531 3017 5587 Omnia
3074 5533 3183 5597 illa,
3240 5548 3359 5601 qua:
3415 5531 3569 5599 pletis

680 5740 800 5799 xui,
830 5725 921 5799 η.
1004 5727 1045 5758 ¹⁹
1064 5725 1283 5799 Εριιεεη
1329 5745 1378 5789 v,
1410 5727 1465 5781 ‘2.
1543 5730 1586 5760 ’°
1617 5727 1771 5782 Rom.
1810 5749 1861 5799 v,
1897 5731 1975 5784 18.
2056 5734 2092 5764 ²¹
2130 5732 2145 5785 l
2176 5731 2333 5786 Joan.
2370 5747 2444 5796 Iv,
2479 5730 2592 5797 1-3,
2672 5733 2714 5761 ’³
2752 5730 2898 5784 Psal.
2941 5744 3132 5792 cxun,
3170 5726 3254 5779 59.
3338 5723 3383 5754 ”
3413 5723 3572 5779 Ρτον.

318 5803 399 5854 tv,
434 5790 524 5846 26.
602 5792 647 5824 ’δ
707 5794 750 5848 ιι
803 5798 932 5851 Cor.
977 5790 1410 5890 \’ill,;6."Psal.
1456 5801 1767 5873 xxxru,_l6.
