4058 6202
592 373 697 442 C59
1901 375 2254 437 PROCOPII
2289 375 2531 436 GAZ/EI
3101 407 3108 414 -
3751 361 3855 425 CCO

585 481 920 544 contulerat,
953 481 1417 552 impendebantur
1457 483 1511 538 in
1542 499 1684 554 opus
1709 484 2076 542 tabernaculi.
2106 485 2186 541 Ad
2209 500 2334 543 eum
2373 484 2599 541 modum
2637 489 2966 541 sanctorum
3006 493 3172 552 opera
3207 478 3509 550 plurimum
3537 475 3850 531 ornamenti

585 573 825 628 afferunt
879 570 1160 626 lieelesim.
1208 569 1496 640 Principes
1543 573 1786 627 tribuum
1820 573 2163 643 obtulerunt,
2197 582 2392 642 praeter
2423 571 2710 642 praedicta,
2738 567 3070 641 smaragdos
3097 575 3150 621 et
3185 567 3447 628 uniones.
3506 563 3601 635 qui
3661 562 3850 631 aﬂige-
3922 599 3940 618 .

586 663 790 714 bantur
818 674 982 726 super
1025 657 1293 712 humerali
1329 668 1382 714 et
1409 661 1687 714 rationali.
1725 659 1822 718 llis
1853 662 2112 718 addidere
2138 655 2594 732 compositiones,
2628 668 2684 716 et
2723 657 3012 715 unctionis
3045 656 3252 722 oleum,
3283 664 3338 708 et
3373 650 3847 723 compositionem

586 745 984 818 thymiamatis.
1018 742 1268 799 Oderunt
1293 746 1440 800 enim
1493 747 1848 818 semetipsos,
1877 759 1933 802 lll
1965 751 2079 803 sint
2117 757 2448 805 ornamento
2479 747 2730 812 Christo,
2770 743 3236 817 quemadmodum
3265 755 3520 810 gemmas
3577 738 3845 810 quasdam

587 833 1028 904 pretiosissimas
1079 834 1410 902 populorum
1464 834 1890 902 gubernatores.
1929 835 2069 890 l-linc
2098 837 2388 908 pmpheta,
2431 845 2492 892 ut
2527 822 2942 893 demonstrarei
2976 833 3283 904 apostolos.
3317 829 3499 899 inquit
3543 846 3557 883 :
3609 849 3625 880 ι
3653 828 3846 882 Sancti

584 919 797 990 lapides
830 919 1129 974 volvuntur
1146 935 1316 990 super
1337 927 1487 974 terra
1511 921 1578 975 ’⁸.
1608 939 1626 972 ι
1668 921 1764 976 llis
1793 937 2117 992 cornparare
2151 923 2338 981 licebit
2373 927 2628 992 Paulum,
2663 928 2757 998 qui
2785 927 2852 980 ab
2885 923 3191 979 Jerusalem
3221 919 3382 976 initio
3421 919 3568 972 facto
3588 932 3848 988 peragra-

528 1031 534 1040 ι
584 1009 665 1062 vit
695 1017 869 1061 totum
900 1005 1179 1079 Illyricum
1212 1009 1617 1064 concinnando.
1651 1011 1953 1080 Apostolus
1979 1026 2202 1081 quoque
2232 1015 2518 1070 nominare
2559 1023 2714 1085 potes
2738 1014 2921 1068 oleum
2976 1009 3260 1066 unctionis
3295 1017 3350 1063 et
3379 1006 3842 1075 compositionem

583 1095 984 1166 thymiamatis,
1030 1097 1296 1163 Optimum
1340 1095 1406 1149 de
1465 1111 1526 1150 se
1556 1095 1786 1151 odorem
1847 1107 2188 1166 sparge-otes,
2235 1111 2288 1156 et
2327 1103 2487 1172 quasi
2555 1103 2678 1158 oleo
2735 1099 2992 1156 doctrina
3045 1098 3262 1152 illorum
3299 1095 3516 1148 animas
3555 1092 3844 1146 reddentcs

582 1184 878 1248 delibutas,
919 1184 1010 1248 qui
1047 1192 1413 1248 susceperunt
1441 1198 1753 1240 sermonem
1789 1187 1962 1254 regni.
1993 1186 2265 1242 Caeterum
2301 1189 2601 1261 thymiama
2634 1191 3005 1260 compositum
3034 1195 3138 1240 est.
3189 1183 3281 1238 Sic
3303 1190 3356 1238 et
3387 1181 3594 1237 Christi
3648 1179 3841 1234 notitia

501 1295 518 1318 .-
583 1289 648 1325 ex
675 1271 893 1326 duobus
922 1270 1212 1326 conﬂatur.
1266 1270 1531 1327 Versatur
1572 1274 1720 1327 enim
1751 1273 1808 1328 in
1835 1273 2036 1329 divinae
2063 1285 2119 1328 ct
2151 1275 2408 1330 humana:
2434 1285 2648 1331 natura:
2681 1275 3024 1344 cognitione.
3083 1273 3202 1326 Non
3257 1271 3366 1325 erit
3398 1269 3452 1322 in
3485 1267 3622 1339 ipsis
3678 1281 3843 1320 casus

583 1359 806 1429 quando
835 1359 1134 1413 visitavero
1163 1375 1282 1424 eos,
1319 1369 1452 1424 etc.,
1486 1360 1702 1416 scilicet
1728 1361 1949 1432 quando
1981 1361 2218 1432 inspicio
2246 1363 2464 1421 illorum
2496 1375 2738 1435 peccata,
2785 1375 2880 1418 aut
2907 1361 3130 1434 quando
3160 1359 3263 1431 ipsi
3309 1358 3536 1416 visitant
3581 1364 3842 1412 sanctua-

583 1462 730 1502 l‘llllll
762 1461 970 1503 meum.

658 1582 1048 1636 Didrachmum
1091 1591 1271 1636 autem
1319 1591 1402 1637 est
1435 1595 1630 1652 quarta
1669 1597 1796 1654 pars
1831 1586 2028 1642 uncia}.
2058 1583 2162 1639 Ita-

2333 1585 2407 1638 Τὸ
2425 1585 2720 1658 δίδραχμον
2739 1586 2996 1657 τέταρτόν
3020 1586 3134 1637 ἐστι
3186 1583 3286 1652 τῆς
3327 1559 3575 1650 οὐγκεας,
3603 1579 3679 1643 ὡς
3704 1575 3846 1632 εἶναι

549 1652 557 1674 ³
587 1689 696 1742 que
721 1673 990 1728 drachma
1013 1673 1178 1729 fuerit
1205 1683 1392 1727 octava
1415 1677 1590 1728 unciae
1615 1691 1764 1745 pars.
1792 1675 1997 1732 Obolus
2024 1693 2164 1748 quo-

583 1782 693 1835 quc
725 1765 1052 1828 cudebatur,
1073 1767 1168 1836 qui
1200 1775 1252 1820 et
1289 1769 1406 1836 ipse
1432 1778 1551 1822 erat
1577 1777 1774 1822 octava
1811 1784 1938 1836 pars
1966 1771 2160 1834 unciae,

583 1874 694 1912 non
729 1869 912 1914 tamen
945 1869 1258 1930 argenteus,
1283 1859 1375 1914 sed
1416 1860 1629 1916 ferreus
1669 1879 1680 1914 :
1713 1871 1766 1916 et
1799 1862 2166 1931 respondebat

582 1951 791 2016 valere,
822 1952 951 2006 licet
991 1966 1102 2006 non
1147 1932 1400 2030 materia,
1437 1963 1698 2024 argenteo
1727 1954 1910 2007 obolo.
1953 1953 2077 2008 Fuit
2111 1961 2163 2008 et

583 2048 724 2100 alius
757 2047 952 2103 obolus
986 2059 1307 2118 argenteus,
1339 2049 1434 2119 qui
1465 2058 1582 2104 erat
1609 2051 2040 2114 munitissimus,
2072 2064 2165 2104 va-

582 2141 702 2194 lens
731 2141 1090 2210 octogenario
1126 2150 1281 2210 parte
1307 2144 1505 2197 unciae.

659 2229 724 2283 Et
741 2243 796 2283 lu
815 2232 992 2299 accipe
1004 2231 1222 2287 (lectam
1242 2233 1510 2304 myrrham
1534 2244 1582 2287 et
1594 2234 1774 2304 [larem
1797 2235 2158 2305 myrrltw,etc.

581 2318 931 2393 [XXIX,22].
952 2320 1068 2376 Hoc
1101 2323 1403 2392 imperatur
1435 2323 1505 2378 ob
1537 2333 1792 2389 mortem,
1823 2341 1984 2395 quam
2023 2341 2160 2395 pon-

581 2412 714 2467 tifex
749 2428 848 2482 pro
882 2413 1082 2482 populo
1112 2423 1166 2468 et
1195 2429 1432 2484 sponsus
1460 2430 1562 2484 pro
1586 2415 1828 2472 Ecclesia
1863 2433 2161 2488 perpessus

579 2513 687 2560 est.
739 2501 1093 2572 Unguentum
1146 2506 1250 2560 hoc
1295 2508 1590 2575 conﬁcitur
1625 2524 1731 2562 non
1779 2525 1842 2563 ex
1877 2511 1992 2564 sola
2016 2526 2162 2580 myr-

579 2596 822 2656 rha,sed
859 2595 1082 2651 additur
1113 2597 1213 2652 ﬂos
1271 2599 1506 2669 myrrhae
1549 2610 1602 2654 et
1660 2601 1880 2670 quidem
1943 2603 2162 2657 electis-

521 2678 527 2684 ’
579 2688 734 2742 simae
768 2687 1024 2758 myrrhae.
1074 2687 1372 2744 Sermones
1413 2705 1652 2760 namque
1721 2692 1798 2745 illi
1843 2704 1970 2746 sum
1999 2693 2158 2748 electi

581 2784 638 2830 et
685 2777 952 2847 pretiosi,
1011 2777 1106 2848 qui
1157 2787 1358 2832 necant
1413 2780 1661 2834 membra
1690 2797 1811 2848 qua:
1835 2781 1996 2852 307
2033 2791 2161 2838 sunt

581 2883 747 2938 super
829 2877 1014 2932 terra,
1089 2883 1301 2936 nosque
1365 2870 1604 2925 reddunt
1653 2883 1876 2942 paratos
1933 2883 1990 2928 et
2071 2875 2157 2928 ir.-

579 2971 846 3027 structos,
900 2971 961 3016 ut
1017 2977 1116 3032 per
1151 2963 1490 3033 baptismum
1526 2968 1975 3036 cousepeliamur
1997 2970 2160 3024 Chri-
2194 2945 2236 2999 Β

582 3059 712 3114 sto,
767 3053 863 3122 qui
917 3055 1138 3122 tandem
1211 3054 1498 3109 exoriatur
1551 3073 1615 3110 ex
1677 3066 1854 3112 morte
1909 3059 2164 3114 Salvato-

583 3142 664 3198 ris
707 3142 830 3207 flos,
903 3143 1118 3198 scilicet
1176 3145 1374 3198 electio
1427 3146 1714 3200 rationalis
1776 3157 1988 3207 natura
2041 3153 2162 3208 illo-

583 3250 708 3290 rum
740 3279 754 3301 ,
795 3237 886 3304 qui
922 3235 1165 3292 defuncti
1225 3247 1350 3292 sunt
1402 3237 1605 3292 mundo
1627 3279 1642 3303 ,
1677 3249 1731 3294 et
1755 3253 1785 3294 a
1810 3244 2157 3298 sensibilibus

587 3327 655 3382 ad
694 3328 946 3384 etelestla
977 3331 1308 3398 migrarunt.
1345 3329 1419 3385 Ut
1475 3342 1660 3386 autem
1709 3347 1737 3384 a
1792 3333 2048 3388 sordibus
2080 3351 2163 3389 re-

583 3419 798 3490 purgati
865 3420 1294 3490 reprehensione
1363 3425 1512 3476 omni
1565 3433 1810 3486 careant,
1862 3425 2166 3480 assumitur

583 3508 838 3580 fragrans
895 3511 1304 3568 cinnamomum
1341 3513 1393 3568 itt
1427 3516 1718 3569 medietate
1745 3515 1866 3586 ejus
1926 3517 2163 3577 numeri,

583 3605 676 3673 qui
706 3605 964 3660 sensibus
1006 3607 1183 3662 aiiinis
1213 3615 1320 3662 est.
1355 3605 1624 3661 Nimirum
1654 3608 1746 3663 hic
1782 3609 2168 3680 intelliguntur

582 3699 738 3754 visus
763 3707 817 3756 et
875 3701 1099 3756 auditus
1131 3712 1185 3756 et
1221 3701 1446 3756 dimidia
1480 3717 1610 3772 pars
1646 3711 1844 3768 tactus,
1884 3705 2048 3760 utsic
2087 3707 2166 3759 lo-

585 3794 680 3862 qui
717 3792 897 3848 liceat.
942 3793 1156 3864 Reliqui
1190 3809 1426 3863 namque
1446 3810 1642 3850 sensus
1668 3805 1795 3850 sunt
1828 3798 2164 3858 serviliorcs,

585 3887 719 3940 etin
772 3893 945 3952 tactu,
989 3888 1076 3940 cui
1115 3887 1495 3953 subscrviunt,
1535 3887 1824 3942 finiuntur.
1892 3887 2166 3944 Fortassis

585 3987 814 4049 propter
844 3977 1082 4033 Litteras
1111 3994 1299 4034 sacras
1347 3979 1600 4036 habentis
1641 3981 1880 4052 linguam
1915 3991 1971 4033 ut
2019 3982 2166 4034 cala-

586 4086 734 4124 utum
769 4071 965 4127 Scribat
996 4072 1248 4127 celeriter
1281 4073 1572 4127 scribentis
1617 4073 1661 4104 ’⁷
1687 4115 1701 4138 ,
1751 4073 1842 4141 qui
1891 4073 2166 4130 formosus

585 4168 671 4214 est
705 4177 873 4232 supra
911 4161 1052 4217 filios
1105 4163 1412 4230 hominum,
1453 4165 1700 4234 accipere
1739 4164 1967 4232 jubctur
2015 4167 2168 4220 cala-

2268 1676 2368 1746 τὴν
2399 1677 2651 1748 δραχμὴν
2673 1677 2881 1746 ὄγδοον.
2935 1678 2993 1730 Ὀ
3021 1677 3078 1730 δὲ
3105 1675 3288 1737 ὀὸολὸς
3331 1674 3427 1726 καὶ
3460 1673 3622 1735 αὐτὸς
3655 1675 3714 1724 ὲν
3739 1671 3842 1740 ἁρ-

2266 1786 2334 1838 γυ
2344 1772 2478 1842 piat;
2499 1771 2829 1825 ὲτετύπωτο.
2863 1762 3086 1838 Ὄγδοον
3107 1768 3163 1822 δὲ
3185 1764 3256 1838 ἦν
3281 1768 3374 1820 καὶ
3403 1762 3558 1829 οὗτος
3594 1767 3691 1835 τῆς
3710 1764 3842 1832 οὑγ-

2266 1863 2412 1927 κέας,
2445 1864 2546 1916 οὐκ
2576 1864 2633 1930 ἐξ
2679 1863 2922 1934 ἀργύρου
2961 1861 3350 1932 πεποιημένος,
3388 1857 3503 1910 ἀλλ’
3543 1855 3652 1910 ἀπὸ
3691 1855 3844 1923 σιδή-

2269 1972 2384 2026 ρου.
2426 1953 2642 2018 Ὀϐολος
2663 1954 2719 2006 δὲ
2746 1951 2905 2006 τοῦτο
2931 1947 3018 2022 ἦν.
3049 1949 3160 2004 Ἦν
3207 1951 3265 2002 δὲ
3308 1949 3404 2002 καὶ
3440 1947 3630 2017 ἕτερος
3656 1944 3847 2006 ὀϐολὸς

2265 2049 2324 2112 ἐξ
2349 2046 2613 2118 ἀργύρου,
2642 2045 2885 2118 νόμισμα
2918 2045 3016 2108 ὢν,
3043 2043 3072 2096 ὃ
3095 2041 3163 2115 ἦν
3189 2041 3541 2104 λεπτότατον,
3572 2037 3846 2106 ὀγδοηκοο

2267 2141 2392 2194 στὸν
2417 2140 2472 2191 δὲ
2503 2135 2570 2210 ἦν
2591 2139 2689 2206 τῆς
2721 2137 2971 2206 οὒγκεας.

2335 2229 2444 2285 Καὶ
2479 2229 2560 2284 σὺ
2600 2230 2746 2284 λάϐε
2785 2229 3140 2298 ἡδύσματα,
3180 2227 3361 2292 ἄνθος
3402 2226 3696 2294 σμύρνης.
3744 2222 3848 2276 Διὰ

2263 2322 2354 2377 τὸν
2387 2323 2616 2376 θάνατον
2652 2321 2710 2375 ὃν
2733 2321 3008 2374 ἀπέθανεν
3035 2323 3062 2373 ὁ
3087 2320 3380 2391 ἀρχιερεὺς
3405 2317 3546 2388 ὑπὲρ
3565 2314 3660 2368 τοῦ
3682 2313 3843 2377 λαοῦ,

2263 2420 2360 2472 καὶ
2387 2419 2416 2470 ὁ
2449 2415 2676 2486 νυμφίος
2709 2415 2848 2488 ὑπὲρ
2875 2417 2970 2485 τῆς
3012 2413 3361 2483 Ἐκκλησίας.
3405 2407 3846 2483 Παραλαμϐἁνε-

2261 2527 2352 2564 ται
2381 2511 2434 2564 δὲ
2462 2513 2542 2572 εἷς
2563 2511 2622 2562 τὸ
2651 2507 2821 2580 μύρον
2873 2507 3031 2562 τοῦτο
3076 2508 3176 2578 οὐχ
3222 2503 3410 2568 ἁπλῶς
3451 2504 3690 2575 σμύρνα,
3723 2499 3846 2554 ἀλλ’

2263 2603 2422 2665 ἄνθος
2451 2601 2719 2672 σμύρνης,
2755 2601 2850 2654 καὶ
2873 2599 3076 2670 ταύτης
3101 2598 3386 2670 ἐκλεκτῆς.
3415 2599 3580 2665 Λόγοι
3618 2594 3726 2666 γάρ
3757 2594 3842 2646 εἰ·

2265 2711 2348 2747 σιν
2375 2692 2649 2756 ἐκλεκτοὶ,
2679 2690 3009 2762 νεκροῦντες
3059 2691 3128 2744 τὰ
3177 2691 3314 2761 μέλη
3359 2689 3428 2743 τὰ
3459 2689 3554 2742 ἐπὶ
3585 2687 3680 2758 τῆς
3709 2685 3841 2754 γῆς,

2262 2788 2478 2856 ἕτοιμον
2515 2803 2572 2840 τε
2605 2785 2887 2849 ποιοῦντες
2915 2784 3002 2839 διὰ
3023 2782 3118 2836 τοῦ
3155 2781 3534 2852 βαπτίσματος
3561 2777 3842 2846 συνταφῆ-

2263 2897 2352 2933 vat.
2373 2878 2594 2950 Χριστῷ
2614 2894 2627 2908 ·
2669 2878 2755 2931 ἵνα
2787 2875 3024 2948 γεννηθῇ
3051 2875 3158 2928 ἀπὸ
3191 2875 3285 2928 τοῦ
3319 2874 3553 2928 θανάτου
3604 2871 3696 2924 τοῦ
3728 2871 3842 2923 Σω-

2262 2973 2428 3042 τῆρος
2473 2972 2535 3024 τὸ
2569 2969 2731 3032 ἄνθος
2765 2970 2860 3042 x1).
2891 2970 2923 3039 ἡ
2965 2968 3168 3037 ἐκλογὴ
3221 2967 3323 3036 τῆς
3350 2965 3578 3035 λογικῆς
3622 2961 3847 3033 φύσεως

2263 3065 2372 3117 τῶν
2401 3061 2665 3123 εὐσεϐῶν,
2689 3060 3148 3131 ἀποθνησκόντων
3187 3059 3262 3128 τῷ
3301 3059 3532 3127 κόσμῳ,
3564 3056 3660 3110 καὶ
3705 3057 3844 3108 ἀνα-

2263 3155 2560 3210 ϐαινόντων
2589 3153 2699 3206 ἁπδ
2721 3151 2830 3205 τῶν
2876 3151 3171 3221 αἰσθητῶν.
3222 3150 3340 3204 Ἵνα
3379 3149 3434 3202 δὲ
3476 3147 3846 3218 καθαρθέντες

2263 3247 2488 3315 ἄμωμοι
2517 3245 2804 3311 γένωνται.
2846 3243 3346 3314 παραλαμϐάνεται
3379 3240 3440 3294 τὸ
3481 3239 3678 3299 εὑῶδες
3728 3255 3849 3292 xw-

2263 3337 2528 3405 νάμωμον
2555 3336 2612 3388 ἐν
2633 3333 2711 3402 τῷ
2745 3332 2934 3402 ἡμίσει
2960 3331 3054 3385 τοῦ
3091 3332 3389 3400 συγγενοῦς
3428 3333 3548 3394 ταῖς
3581 3329 3846 3398 αἰσθήσε-

2268 3446 2352 3482 σιν
2389 3427 2626 3498 ἀριθμοῦ
2646 3438 2662 3455 ⁸
2691 3424 2835 3494 τάχα
2865 3423 3446 3494 παραλαμϐανομένων
3473 3422 3572 3492 μὲν
3601 3421 3848 3490 ὁράσεως

2268 3522 2358 3574 καὶ
2388 3521 2581 3587 ἀκοῆς,
2615 3519 2708 3572 καὶ
2734 3517 2854 3579 τοῦ,
2883 3517 2951 3569 i'v‘
2985 3516 3155 3580 οὕτως
3177 3517 3451 3585 ὀνομάσω,
3484 3515 3715 3585 ἡμίσεος
3745 3513 3846 3583 τῆς

2268 3615 2395 3683 ελης
2435 3612 2608 3681 ἁφῆς·
2664 3609 2771 3662 τῶν
2819 3609 2876 3661 δὲ
2911 3607 3137 3670 λοιπῶν,
3165 3607 3238 3673 ὡς
3261 3607 3846 3679 ἀνδραποδωδεστέρων

2269 3707 2582 3775 αἰσθήσεων
2609 3702 2702 3754 καὶ
2731 3701 2826 3768 τῆς
2849 3701 2906 3752 ὲν
2932 3700 3124 3760 αὐταῖς
3147 3697 3315 3765 ἁφῆς,
3339 3695 3844 3766 καταλειπομένων.

2273 3799 2430 3858 Ἴσως
2478 3793 2532 3847 δὲ
2589 3793 2684 3845 καὶ
2730 3791 2819 3844 διὰ
2867 3789 3085 3860 τὰὶερὰ
3124 3789 3436 3859 Γράμματα
3490 3787 3584 3840 τοῦ
3630 3786 3849 3856 ἔχοντος

2221 3871 2228 3892 ’
2269 3887 2524 3956 γλῶσσαν
2573 3883 2649 3946 ώς
2701 3883 2950 3952 κάλαμον
2999 3881 3374 3951 γραμματέως
3408 3878 3740 3948 ὀξυγρᾶοςου,
3786 3875 3847 3938 ὂς

2269 3982 2466 4050 ὡραῖος
2496 3977 2686 4031 κάλλει
2710 3974 2862 4046 παρᾶ
2896 3975 3023 4036 τοὺς
3055 3966 3207 4037 υῐὸὺς
3238 3971 3344 4026 τῶν
3384 3969 3712 4041 ἀνθρώπων,
3745 3968 3848 4020 ui-

2269 4073 2440 4140 λαμος
2482 4067 2688 4140 εὐώδης
2739 4065 3272 4138 παραλαμϐάνεται·
3327 4065 3413 4118 ἵνα
3459 4063 3740 4134 γράρηται
3784 4060 3843 4114 οὐ

2273 4163 2486 4234 μέλανι,
2516 4159 2652 4214 ἀλλὰ
2679 4159 2954 4228 πνεύματι
2983 4157 3118 4210 Θεοῦ
3173 4156 3398 4220 ζῶντος,
3455 4156 3548 4208 καὶ
3571 4157 3690 4216 ταῖς
3716 4154 3847 4222 μνή-

589 4267 738 4306 tnum
787 4255 1108 4314 odoratum.
1151 4256 1359 4309 scilicet
1397 4263 1456 4309 ιιι
1508 4256 1824 4310 scribantur
1858 4273 1965 4310 non
2017 4267 2163 4311 atra-

2274 4271 2406 4324 μαις
2435 4252 2541 4305 τῶν
2570 4251 2880 4304 ἀκουόντων
2908 4247 3193 4318 ὲντυπωθῇ
3237 4247 3306 4300 τὰ
3339 4247 3638 4318 μυστήρια.
3681 4245 3791 4298 Καὶ
3815 4244 3848 4311 ὴ

587 4353 800 4408 mento,
846 4345 942 4400 sed
975 4347 1171 4414 spiritu
1208 4345 1298 4400 Dei
1331 4346 1567 4400 viventis
1608 4347 1891 4418 mysteria,
1916 4360 1969 4400 et
2003 4348 2162 4402 forti-

591 4446 672 4490 ter
717 4436 1035 4490 auditorum
1093 4437 1479 4505 insculpantur
1515 4438 1812 4494 luctum-iac.

656 4525 939 4581 Pi-zedictis
984 4527 1272 4597 speciebus
1324 4528 1658 4596 adjiciuntur
1699 4531 1979 4600 quingenti
2043 4531 2168 4587 sicli

588 4619 753 4676 casire
785 4638 799 4674 :
832 4619 923 4689 qui
965 4634 1226 4674 numerus
1267 4619 1520 4675 lortassis
1567 4634 1907 4676 memoratur
1945 4633 2170 4692 propter

589 4705 806 4768 divinos
844 4724 898 4768 et
936 4712 1253 4781 spirituales
1288 4727 1504 4778 sensus,
1544 4713 1638 4786 qui
1687 4715 2171 4785 deprehenduntur

589 4805 645 4857 in
677 4803 1012 4859 ferventibus
1045 4805 1262 4874 spiritu.
1318 4804 1454 4858 Nam
1487 4808 1710 4862 tradunt
1754 4810 1964 4880 physici
2008 4813 2170 4867 casiae

589 4896 706 4950 sive
731 4895 875 4951 ireos
907 4904 1158 4950 naturam
1189 4911 1312 4952 esse
1339 4897 1596 4952 calidam.

2273 4345 2418 4400 αἰτία
2450 4345 2482 4415 ἡ
2521 4343 2660 4412 αὐτὴ
2683 4340 2776 4395 τοῦ
2803 4339 3062 4412 ἀριθμοῦ,
3088 4339 3234 4410 ἥπερ
3260 4339 3353 4392 καὶ
3383 4338 3474 4389 ἐπὶ
3495 4335 3587 4388 τοῦ
3615 4333 3851 4396 εὐώδους

2265 4437 2642 4508 κινναμώμου.

2342 4531 2534 4601 "Ipsm;
2561 4527 2616 4580 δὲ
2653 4525 2792 4598 μετὰ
2824 4524 2996 4580 ταῦτα
3020 4522 3547 4593 παραλαμϐάνονται
3576 4523 3626 4588 φ’
3652 4516 3848 4578 σὶκλοι,

2269 4621 2414 4692 τάχα
2455 4619 2545 4672 διὰ
2598 4622 2696 4684 τὰς
2749 4618 2902 4681 θείας
2949 4616 3233 4688 αἰσθήσεις
3291 4616 3348 4666 ἐν
3401 4613 3516 4675 τοῖς
3561 4609 3744 4674 ζέουσι
3770 4605 3850 4676 τῷ

2277 4712 2548 4780 πνεύματι
2571 4711 2984 4784 εὑρισκομένας.
3004 4704 3386 4780 Θερμαντικὴν
3421 4704 3532 4774 γὰρ
3560 4699 3698 4755 εἷναί
3719 4716 3850 4770 φασι

2273 4807 2373 4876 τὴν
2401 4806 2500 4874 τῆς
2527 4803 2686 4874 ἴρεως
2713 4794 2906 4872 φύσινῖ

662 4987 868 5042 Omnes
899 4987 1004 5042 illa:
1031 4988 1243 5058 species
1271 4991 1708 5046 commisccntur
1737 5002 1791 5048 et
1818 4997 2237 5069 conjunguntur
2270 5005 2392 5059 oleo
2428 5005 2572 5058 bono
2619 5018 2718 5057 nec
2750 5002 3083 5075 adulterino.
3120 5000 3312 5058 Oleum
3347 5014 3476 5054 vero
3512 5006 3595 5052 est
3623 4997 3854 5050 alimen-

589 5083 705 5129 tum
741 5077 902 5133 lucis.
937 5077 1191 5133 Mensura
1222 5089 1403 5136 autem
1435 5083 1539 5137 olei
1583 5085 1701 5138 solo
1741 5087 1931 5139 divino
1964 5091 2358 5158 pronuntiatur
2389 5106 2667 5145 sermone.
2700 5088 2764 5142 Et
2795 5105 2860 5143 ex
2891 5089 2978 5143 his
3005 5089 3294 5157 speciebus
3321 5084 3588 5141 conflatur
3630 5081 3851 5136 unctio-

590 5166 680 5217 nis
725 5171 950 5219 sacrum‘
973 5167 1181 5222 oleum.
1237 5169 1506 5225 Caeterum
1539 5183 1827 5228 externum
1879 5176 1983 5230 hoc
2015 5179 2194 5231 oleum
2233 5193 2513 5248 nunquam
2564 5179 2756 5232 dixero
2806 5177 3198 5232 exsultationis
3232 5177 3435 5230 oleum.
3503 5171 3615 5226 lloc
3649 5183 3849 5224 nomen

593 5249 898 5320 imponitur
935 5254 1039 5307 soli
1093 5255 1366 5322 spirituali
1415 5259 1558 5322 oleo,
1593 5275 1704 5328 quo
1738 5278 1922 5326 neruo,
1976 5265 2080 5320 nisi
2118 5265 2270 5320 solus
2302 5266 2470 5327 Deus.
2523 5263 2681 5334 ungit
2733 5265 3048 5335 diligentem
3103 5265 3372 5334 justitiam
3399 5271 3453 5317 et
3479 5261 3606 5314 odio
3660 5273 3856 5330 prose-

594 5351 850 5408 quentem
891 5341 1243 5411 injustitiam.
1280 5343 1574 5416 Propterea
1604 5350 1749 5404 enim
1783 5351 1961 5420 inquit
1996 5370 2008 5406 :
2065 5371 2083 5404 t
2134 5353 2301 5410 [luxit
2337 5360 2390 5408 te
2432 5353 2594 5416 Deus,
2623 5351 2766 5407 Deus
2795 5362 2922 5407 tuus
2963 5357 3084 5406 oleo
3105 5350 3493 5406 exsultationis
3531 5362 3695 5415 supra
3721 5359 3859 5399 con-

597 5439 776 5486 sortes
804 5439 932 5488 tuos
965 5434 1029 5514 ".
1061 5451 1078 5482 ι
1119 5433 1314 5489 Procul
1338 5435 1508 5490 dubio
1533 5437 1832 5508 fragrantia
1867 5442 2085 5496 illorum
2123 5451 2532 5514 unguentorum
2568 5442 2724 5513 longe
2757 5449 2978 5510 superat
2998 5447 3192 5496 caetera
3211 5446 3456 5495 aromata
3481 5455 3494 5492 :
3517 5435 3718 5494 Siclus.
3745 5444 3858 5488 etc.

538 5561 547 5565 -
593 5517 798 5584 Quarta
857 5535 986 5588 pars
1015 5509 1217 5576 'uueire
1273 5534 1359 5579 est
1406 5523 1689 5581 drachma.
1756 5527 1887 5582 Sicli
1924 5532 2164 5598 pondere
2204 5509 2586 5598 ponderabant
2633 5509 2887 5601 capillos
2926 5531 3244 5596 Absalonis,
3309 5529 3534 5600 quando
3591 5523 3860 5580 tondeba-

589 5619 699 5660 tnr.
731 5605 910 5674 llujus
947 5611 1131 5680 capilli
1169 5613 1530 5669 continebant
1564 5615 1778 5684 pondus
1807 5615 1907 5670 l25
1939 5617 2218 5684 siclorum,
2247 5619 2297 5674 id
2331 5630 2417 5676 est
2437 5619 2506 5677 50
2539 5612 2732 5678 uncias
2761 5629 2815 5678 et
2844 5637 3006 5676 unam
3033 5637 3160 5676 cum
3199 5620 3337 5676 sicin
3371 5635 3500 5674 uno.

654 5783 698 5816 η
725 5786 962 5853 Zacltar.
1003 5805 1082 5858 ικ,
1125 5791 1207 5846 l6.

1319 5794 1362 5825 ³⁷
1393 5792 1534 5850 Psal.
1562 5809 1706 5861 κων,
1738 5793 1792 5850 ‘1’.
1870 5795 1913 5824 "
1943 5793 2067 5848 ibid.
2105 5794 2155 5850 8.
