4058 6202
403 180 504 249 661
567 255 577 261 _

1495 191 2024 253 COMMENTARII
2078 192 2161 256 IN
2201 194 2543 257 exosum.
2588 152 2599 163 ’

3563 193 3669 256 662

478 297 634 354 Κατὰ
676 299 740 353 τὸ
760 298 819 355 ὲν
847 299 1094 373 ’ᾼσμασι
1138 301 1247 357 τῶν
1274 303 1538 376 ᾀσμάτων
1565 305 1859 377 λεγόμενον
1882 349 1897 373 ,
1930 311 1986 362 αί

2163 310 2223 365 1η
2255 306 2499 367 Canticis
2549 309 2928 375 canticorum,
2984 309 3077 365 ubi
3130 308 3333 389 dicitur
3375 326 3392 364 :
3437 328 3456 363 ι
3503 296 3669 367 Geme

409 391 645 461 σύουσαι
679 390 750 445 τὰ
783 391 1062 462 μυρεψικὰ
1093 393 1343 462 σιαγόνες
1370 394 1464 449 τοῦ
1494 398 1731 468 νυμφίου
1762 401 1990 468 φύουσιν

406 482 699 554 ἀμφότερα
731 484 801 537 τὰ
832 483 1130 555 μυρεψικά,
1161 484 1223 537 τό
1249 500 1307 537 τε
1338 484 1516 539 ἔλαιον
1562 488 1657 540 τοῦ
1688 488 1990 560 χρίσματος

410 581 501 633 καὶ
525 579 589 632 τὸ
619 579 873 650 θυμίαμα
892 597 911 618 ο
950 580 1040 633 ἵνα
1061 579 1139 648 τῷ
1164 582 1261 650 μὲν
1287 582 1458 653 ἑτέρῳ
1492 583 1722 652 χρίσωσι
1765 584 1864 657 τὴν
1892 584 1989 639 τοῦ

412 669 542 723 Θεοῦ
573 670 803 740 σκηνὴν,
840 669 939 742 τὴν
975 670 1303 742 Ἐκκλησίαν
1325 689 1337 702 °
1362 674 1456 728 καὶ
1486 675 1603 728 εἴτι
1646 674 1755 738 (95i
1788 675 1993 745 ταύτης

410 764 635 818 δύναται
667 760 809 816 εἶναι
848 762 1102 827 κιϐωτὸς,
1130 765 1240 818 τῶν
1267 766 1583 838 μυστηρίων
1613 766 1706 820 τοῦ
1748 767 1882 822 Θεοῦ
1909 769 1995 822 δε-

410 855 598 917 κτικὸς
632 855 729 908 καὶ
754 855 1055 925 τηρητικός
1081 871 1095 885 ·
1128 857 1222 909 καὶ
1270 852 1453 928 τρίτον
1486 857 1583 929 τὴν
1612 858 1857 930 λυχνίαν,
1893 861 1993 931 τὴν

406 948 835 1019 διακονουμένην
864 948 926 1001 τὸ
956 949 1055 1017 τῆς
1086 948 1343 1017 γνώσεως
1386 951 1502 1020 φῶς
1538 952 1718 1022 ψυχήν
1742 968 1755 982 ·
1805 956 1897 1006 καὶ
1934 953 1994 1007 τὸ

409 1037 797 1109 θυσιαστήριον
826 1037 923 1091 τοῦ
955 1037 1333 1110 θυμιάματος,
1377 1041 1504 1105 τοὺς
1554 1043 1740 1112 εὐχαῖς
1773 1044 1993 1096 ἀνακει-

402 1130 633 1200 μένους,
686 1129 782 1182 καὶ
831 1129 1006 1201 εὐώδη
1063 1130 1320 1195 νοοῦντας
1367 1132 1461 1185 καὶ
1488 1132 1861 1196 ἁναπνέοντας
1900 1132 1994 1186 καὶ¹

409 1221 698 1289 λέγονταςο
718 1222 813 1274 καὶ
845 1221 905 1274 τὸ
937 1221 1329 1294 θυσιαστήριον
1358 1223 1467 1277 τῶν
1493 1224 1988 1294 ὁλοκαυτωμάτων,

408 1313 535 1377 τούς
574 1311 1030 1382 ἑξιλασκομένους
1079 1314 1150 1367 τὰ
1185 1318 1320 1385 περὶ
1369 1315 1477 1369 τῶν
1532 1316 1949 1387 ἁμαρτημάτων
1975 1334 1988 1348 ο

410 1407 507 1458 καὶ
540 1405 630 1458 τὸν
656 1405 922 1476 λουτῆρα,
956 1406 1046 1460 τὸν
1095 1407 1396 1478 δυνάμενον
1435 1403 1577 1462 εἶναι
1624 1410 1994 1482 περιρραντή-

415 1514 551 1567 ριον,
584 1497 680 1551 καὶ
714 1497 1048 1571 καθαίροντα
1080 1500 1209 1563 τούς
1234 1499 1507 1561 εἰσιόντας
1529 1502 1611 1564 εἰς
1634 1502 1734 1572 τὴν
1761 1503 1989 1572 σκηνήν*

412 1590 508 1643 καὶ
535 1589 633 1659 τὴν
668 1588 823 1659 βάσιν
867 1589 962 1642 τοῦ
1018 1590 1303 1662 λουτῆρος,
1333 1585 1426 1654 οἷς
1455 1590 1485 1643 ὁ
1515 1594 1760 1656 τοιοῦτος
1791 1591 1991 1663 βέϐηκε

413 1679 511 1730 καὶ
540 1677 1053 1749 προσαναπαιὴται.

2094 401 2281 471 sponsi
2318 401 2659 472 profundunt
2706 411 2982 473 unguenta
3020 402 3102 466 ”,
3144 419 3164 453 ι
3229 409 3362 468 et‘c.,
3411 401 3526 458 duo
3573 404 3667 458 illa

2092 494 2541 550 demonstrantur
2567 503 2868 567 unguenta,
2892 508 3084 563 nempe
3105 493 3387 550 unctionis
3408 495 3665 560 alterum,

2093 595 2145 639 et
2179 600 2345 656 porro
2385 587 2619 641 alterum
2668 585 3113 655 compositionis.
3145 584 3246 640 lllo
3288 585 3583 641 fovendum
3614 596 3670 643 et

2093 676 2467 748 inungendum
2500 686 2616 731 crat
2644 676 3056 731 tabernaculum
3087 675 3205 740 Dei,
3236 675 3449 732 scilicet
3479 675 3667 734 Eccle-

2094 771 2196 823 sia.
2237 768 2505 825 Praeterea
2553 770 2647 826 illo
2698 769 2818 824 oleo
2868 768 3146 825 delibutus
3191 768 3660 839 conspiciebatur,

2093 862 2186 930 qni
2218 867 2429 930 poterat
2457 874 2654 930 capere
2691 867 2745 915 et
2783 872 3115 915 conservare
3146 860 3403 932 mysteria
3448 858 3565 914 Dei.
3599 859 3666 915 Et

2097 952 2144 1006 is
2180 951 2680 1019 repraesentabatur
2709 952 2814 1007 sub
2862 966 3007 1007 arcae
3055 951 3364 1006 involucro.
3417 948 3666 1005 Tertium

2093 1040 2272 1094 oleum
2300 1047 2408 1104 est,
2447 1039 2594 1109 quod
2651 1037 2964 1094 infunditur
3005 1040 3271 1105 lucernae,
3304 1046 3359 1094 et
3393 1039 3669 1094 ministrat

2094 1132 2291 1185 animae
2321 1146 2464 1186 vera:
2493 1132 2827 1202 cognitionis
2870 1132 3078 1186 lumen.
3129 1131 3237 1185 Ara
3293 1129 3668 1202 thymiamatis

2094 1222 2363 1292 signiﬁcat
2386 1222 2642 1292 precibus
2673 1221 2926 1277 addictos
2950 1236 3061 1276 non
3091 1228 3375 1278 cessantes
3402 1220 3665 1290 cogitare,

2094 1313 2305 1384 spirare
2334 1319 2388 1367 et
2415 1311 2598 1368 dicere
2626 1327 2713 1377 ea,
2766 1328 2834 1368 ex
2881 1310 3086 1382 quibus
3145 1312 3327 1366 bonus
3388 1310 3669 1381 spargitur

2093 1405 2249 1459 odor.
2277 1404 2386 1458 Ara
2431 1402 2769 1458 holocaustis
2818 1401 3087 1458 destinata
3117 1399 3398 1471 portendit
3423 1415 3539 1465 eos.
3571 1399 3668 1470 qui

2096 1511 2123 1548 a
2151 1495 2391 1565 peccatis
2433 1494 2637 1562 expiati
2682 1501 2833 1548 sunt.
2872 1491 3201 1567 Omniaque
3253 1494 3400 1548 illius
3455 1493 3669 1547 instru-

2098 1594 2281 1641 menta
2331 1585 2636 1640 inserviunt
2677 1582 2974 1653 expiationi
3006 1591 3064 1638 et
3092 1583 3371 1638 abolitioni
3405 1590 3666 1651 peccato-

2027 1676 2067 1729 B
2099 1691 2239 1731 rum.
2268 1674 2417 1731 Mare
2459 1676 2573 1731 sive
2609 1675 2814 1729 lutrum
2851 1672 3126 1745 signiﬁcat
3168 1688 3321 1738 eum,
3347 1675 3439 1743 qui
3479 1680 3662 1744 potest

415 1784 709 1840 aspergere
750 1776 805 1824 et
848 1783 878 1822 a
929 1769 1189 1827 sordibus
1239 1787 1539 1843 repurgare
1598 1765 1894 1827 intrantem
1934 1771 1987 1826 in
2027 1768 2465 1824 tabernaculum.
2522 1766 2680 1822 Basis
2745 1767 2872 1822 lutri
2921 1773 3315 1822 commonstrat
3405 1764 3664 1837 solidum,

414 1860 852 1923 Iuridamentum,
885 1875 996 1931 quo
1037 1863 1469 1931 pius‘innititur.

483 1946 807 2017 Thymiama
843 1950 1281 2018 compositionis,
1323 1954 1469 2020 quod
1513 1963 1853 2025 praeparatur
1877 1967 1943 2009 ex
1980 1948 2166 2005 multis
2195 1955 2248 2002 et
2272 1946 2417 1999 inter
2457 1959 2518 2000 se
2552 1943 2856 2014 aequalibus
2882 1942 3197 2014 speciebus,
3226 1942 3545 1997 varietatem
3572 1940 3663 2013 ju-

412 2035 645 2087 cundam
678 2035 965 2098 orationis,
995 2051 1101 2106 qua
1148 2037 1342 2096 beatus
1386 2042 1577 2107 utitur,
1619 2042 1845 2096 indicat.
1906 2038 1981 2094 De

2089 2050 2110 2092 ε
2138 2035 2218 2090 sic
2255 2032 2477 2088 disserit
2508 2030 2578 2096 is,
2605 2030 2699 2101 qui
2754 2039 2906 2086 recte
2942 2029 3212 2086 intellexit
3243 2025 3665 2100 compositionis

413 2120 710 2193 thymiama
739 2139 753 2175 :
793 2140 810 2174 ι
862 2121 1138 2194 Dirigatur
1190 2127 1367 2181 oratio
1393 2144 1536 2195 mea,
1566 2138 1623 2185 ut
1654 2130 1939 2206 incensum
1971 2125 2110 2198 (sive
2138 2119 2458 2193 thymiama)
2491 2119 2547 2174 in
2571 2128 2872 2188 conspectu
2914 2126 3009 2174 tuo
3038 2117 3105 2174 ”.
3135 2136 3156 2171 ι

493 2234 556 2286 Ἦ
584 2234 833 2299 σύνθεσις
865 2236 973 2289 ἀπὸ
999 2240 1269 2308 στακτῆς“
1304 2240 1387 2293 ὅτι
1415 2241 1591 2311 στόμα
1622 2239 1835 2294 δικαίου
1857 2240 1990 2292 ἁπο-

416 2319 601 2385 στάξει
660 2322 852 2388 σοφίαν
873 2339 886 2354 ο
917 2323 1027 2377 ἀπὸ
1070 2324 1128 2378 δὲ
1173 2327 1367 2398 ὄνυχος
1395 2328 1633 2393 εὐώδους
1658 2346 1672 2361 ο
1715 2329 1805 2383 ὅτε
1838 2328 1988 2397 λέγει

412 2430 528 2480 τις,
568 2432 588 2465 ι
640 2410 1208 2488 Εἷπα,“Εξαγορεύσω
1238 2421 1337 2492 τὴν
1365 2423 1596 2491 ἀνομίαν
1637 2439 1738 2493 μου
1775 2420 1853 2491 τῷ
1878 2423 1991 2474 Κυ-

414 2504 541 2577 ρίῳ·
582 2523 600 2556 ι
629 2507 830 2578 ἐσχάτη
862 2508 969 2579 γὰρ
1003 2508 1276 2581 πάντωνῆ
1305 2513 1572 2584 ἁμαρτία,
1591 2513 1667 2578 ὡς
1693 2517 1722 2568 ὀ
1744 2513 1871 2578 ὄνυξ
1894 2513 1986 2566 τοῦ

411 2595 692 2667 σώματος·
747 2599 780 2670 ἡ
835 2599 893 2653 δὲ
936 2600 1179 2672 χαλϐάνη
1215 2601 1309 2656 τοῦ
1352 2606 1633 2676 ἠδυσμοῦ,
1679 2607 1895 2676 αἴτησις
1921 2603 1989 2658 ἂν

409 2689 667 2757 τυγχάνοι
694 2690 806 2743 τῶν
836 2692 1092 2761 μεγάλων
1128 2694 1222 2747 καὶ¹
1256 2696 1605 2765 ἐπουρανίων
1624 2714 1639 2729 ο
1673 2699 1700 2751 ὁ
1723 2697 1781 2751 δὲ
1805 2696 1990 2766 διαφαυ

409 2781 505 2849 vi};
554 2780 791 2846 λίὸανος,
840 2785 873 2855 ὴ
926 2785 1022 2838 τοῦ
1053 2786 1351 2857 εὐχομένου
1382 2788 1491 2842 ἀπὸ
1516 2789 1695 2859 φωτὸς
1730 2787 1989 2858 γνώσεως

410 2875 538 2941 περὶ
574 2873 709 2928 Θεοῦ
756 2875 1057 2946 δοξολογία.
1106 2879 1187 2932 Τά
1234 2869 1292 2933 δὲ
1320 2880 1363 2933 δ’
1391 2881 1564 2934 ταῦτα
1602 2880 1757 2935 ἔσται
1784 2881 1988 2935 δικαιοο

410 2964 576 3035 σύνης
598 2969 847 3030 πνέοντα,
868 2968 986 3039 ἥτις
1008 2968 1263 3041 δηλοῦται
1289 2972 1353 3025 ὲκ
1380 2971 1647 3039 τοῦ,Ἴσον
1679 2972 1777 3045 ίσῳ
1806 2972 1980 3027 ἔσται.

2160 2233 2216 2287 lu
2248 2232 2416 2302 hujus
2456 2229 2909 2299 compositionem
2958 2227 3252 2283 adhibetur
3283 2235 3479 2282 stacte.
3527 2224 3664 2280 Nam

2089 2341 2151 2382 os
2176 2323 2316 2395 justi
2344 2321 2515 2378 stillat
2546 2320 2871 2389 sapientiam
2894 2321 2961 2375 ".
3010 2318 3247 2374 Additur
3270 2329 3324 2375 et
3351 2334 3494 2391 onyx
3527 2319 3664 2372 mire

2091 2416 2363 2487 fragrans.
2402 2412 2644 2467 Proinde
2688 2412 2911 2482 quidam
2947 2412 3003 2466 in
3032 2412 3184 2467 hunc
3223 2412 3446 2467 modum
3488 2410 3669 2480 loqui-

2091 2520 2213 2565 tur:
2237 2527 2255 2561 ι
2280 2508 2419 2573 nixi,
2436 2506 2770 2561 annuntiabo
2786 2513 3076 2577 peccatum
3104 2520 3284 2561 meum
3298 2505 3529 2561 Domino
3550 2504 3614 2558 “.
3639 2521 3659 2555 ι

2088 2601 2224 2656 Nam
2253 2607 2538 2672 peccatum
2569 2601 2626 2653 in
2679 2598 2899 2654 homine
2936 2598 3182 2652 omnium
3214 2604 3299 2653 est
3331 2608 3664 2662 extremum,

2088 2692 2543 2764 quemadmodum
2592 2705 2759 2761 onyx,
2795 2688 2849 2743 id
2880 2697 2968 2744 est
3028 2688 3247 2759 unguis,
3283 2688 3337 2743 in
3389 2696 3667 2746 extremas

2091 2785 2317 2840 humani
2347 2782 2602 2853 corporis
2638 2790 2823 2852 partes
2867 2780 3120 2838 recessit.
3151 2777 3456 2835 Galbanum
3500 2779 3665 2836 intel-

2091 2877 2192 2946 lige
2240 2873 2559 2946 petitionem
2598 2886 2921 2943 magnarum
2980 2880 3035 2926 et
3080 2872 3392 2927 caelestium
3448 2885 3660 2928 rerum.

2091 2965 2403 3023 Sub.thure
2442 2961 2717 3035 pellucido
2763 2963 2955 3032 accipe
3015 2961 3107 3018 Dei
3165 2961 3661 3023 collaudatiOnem,

410 3071 572 3126 quam
596 3072 762 3113 orans
787 3060 887 3113 rite
909 3062 1143 3132 peragit,
1179 3062 1355 3120 fretus
1379 3064 1563 3120 divina
1595 3066 1813 3121 notitia.
1838 3064 2084 3133 Quatuor
2118 3061 2223 3116 illae
2249 3058 2460 3129 species
2525 3059 2830 3115 commista:
2859 3066 2914 3114 et
2974 3056 3220 3114 confusas
3287 3055 3500 3126 spirant
3571 3054 3662 3124 ju-

409 3149 637 3215 stitiam,
691 3166 813 3219 qure
874 3152 1212 3218 declaratur,
1247 3154 1376 3211 dum
1432 3157 1608 3227 aequis
1639 3158 1986 3229 portionibus
2028 3153 2240 3226 species
2268 3151 2391 3221 eligi
2423 3150 2599 3220 jubet.

481 3241 630 3322 Ποιεῖ
650 3242 708 3296 τὸ
736 3243 858 3296 ὅλον
888 3248 1231 3317 μεμιγμένον
1252 3250 1346 3303 καὶ
1377 3249 1617 3320 καθαρὸν
1637 3252 1665 3304 ὁ
1693 3252 1761 3305 δι’
1790 3252 1977 3322 ἐξομο-

2155 3244 2266 3301 Hoc
2293 3245 2593 3318 thymiama
2647 3243 2826 3298 reddit
2859 3242 3170 3299 absolutmn
3209 3250 3264 3298 et
3315 3242 3419 3298 rite
3447 3250 3663 3313 tempe-

407 3306 679 3404 λογήῖτεως
707 3306 1198 3407 καθαρεύσαξτῶν
1234 3340 1471 3412 πρόσθεν
1505 3306 1943 3414 άμαρτημάτιον.

2089 3347 2292 3402 ratum,
2341 3335 2433 3407 qui
2488 3334 2855 3391 intercedente
2901 3333 3252 3390 confessione
3286 3349 3346 3390 se
3391 3349 3663 3390 exonera-

477 3508 857 3576 Συγκὲκοπται
907 3513 970 3566 τδ
1019 3515 1273 3587 θυμίαμα
1315 3517 1394 3588 τῷ
1435 3518 1601 3590 μηδὲν
1627 3521 1685 3573 ὲν
1719 3521 1852 3590 εὐχῇ
1875 3520 1983 3575 τῶν

407 3601 725 3672 παχυτέρων
748 3604 1100 3673 προσάγοντι.
1121 3610 1214 3661 Δεῖ
1234 3608 1343 3678 γὰρ
1371 3610 1653 3666 λεπτύνειν
1680 3612 1839 3676 τὸ,Ἤ
1848 3629 1919 3682 μα
1929 3629 1991 3684 ρέ

406 3709 518 3757 τον,
557 3695 679 3747 κατ’
709 3690 847 3760 εἶδος
868 3696 936 3750 τὰ
954 3698 1404 3770 πλημμελήματα
1433 3702 1512 3771 τῷ
1541 3702 1982 3772 ἐξομολογεῖσθαι

372 3784 783 3854 ’διηγούμενον.
820 3787 886 3840 Ὃ
913 3787 1173 3859 δηλοῦται
1201 3790 1290 3844 διὰ
1328 3790 1425 3844 τοῦ
1462 3791 1672 3862 ὄνυχος.
1711 3792 1981 3847 Λεπτύνει

403 3874 460 3927 δὲ
489 3875 585 3928 καὶ
609 3876 700 3929 τὸν
730 3876 953 3931 λίϐανον
999 3882 1027 3933 ὁ
1079 3882 1210 3952 περὶ
1265 3882 1496 3936 ἑκάστου
1527 3883 1636 3937 τῶν
1664 3884 1982 3954 θαυμασίων

403 3964 697 4033 δοξολογῶν
727 3970 815 4021 τὸν
844 3969 994 4024 Θεόν.
1027 3973 1338 4044 Διατρανῶν
1394 3974 1451 4028 δέ.
1503 3991 1587 4039 τις
1628 3975 1725 4047 τὴν
1764 3975 1980 4051 σοφίαν,

2092 3427 2233 3483 verit
2280 3426 2681 3496 praeteritorum
2718 3431 3064 3493 peccatorum
3100 3425 3378 3495 squalore.

2168 3518 2278 3571 Hoc
2309 3516 2605 3586 thymiama
2640 3513 2888 3568 minutim
2919 3513 3185 3576 concidit,
3239 3515 3331 3586 qui
3366 3531 3463 3586 pro
3498 3515 3661 3570 nullis

2089 3608 2322 3664 terrenis
2382 3607 2551 3663 Deum
2603 3605 2857 3677 precibus
2915 3605 3127 3675 fatigat.
3150 3605 3416 3661 Praeterea
3450 3614 3667 3676 oportet

2091 3712 2187 3753 nos
2211 3698 2313 3767 ipsi
2349 3695 2608 3769 minutias
2628 3710 2817 3751 secare
2848 3694 3301 3765 peccati,scilicet
3332 3711 3426 3765 per
3454 3695 3665 3765 species

2087 3799 2142 3845 et
2164 3788 2478 3859 singulatim
2511 3795 2698 3842 nostra
2730 3796 2951 3857 peccata
2992 3786 3328 3854 conﬁtendo,
3368 3786 3515 3857 quod
3561 3786 3663 3840 do-

2089 3895 2278 3935 cemur
2304 3878 2526 3950 quidem
2577 3893 2672 3949 per
2718 3878 2958 3951 onycha.
3013 3878 3094 3934 Ad
3148 3878 3411 3934 minutias
3466 3877 3665 3948 redigit

2088 3982 2141 4027 et
2171 3973 2495 4027 comminuit
2547 3971 2693 4036 tlms,
2727 3972 2823 4041 qui
2869 3986 3038 4041 super
3092 3971 3327 4042 singulis
3381 3971 3665 4027 miraculis

404 4056 658 4111 ica-nive:
685 4057 782 4131 τὴν
808 4063 1070 4134 στακτὴν.
1208 4068 1219 4077 ‘
2091 4061 2260 4117 Deum
2307 4061 2568 4118 laudibus
2594 4063 2826 4117 extollit.
2864 4062 2968 4130 Qui
3014 4063 3221 4119 diserte
3263 4065 3523 4135 explanat
3571 4080 3662 4121 sa-

2095 4154 2380 4226 pientiam,
2414 4154 2462 4210 is
2491 4154 2736 4222 condidit
2757 4162 2989 4211 stacten.

396 4260 397 4263 η
477 4232 675 4289 Eadem
718 4236 914 4291 iterum
947 4239 1114 4311 308
1166 4249 1222 4296 et
1260 4242 1426 4298 altius
1482 4251 1823 4314 repetamus.
1861 4244 2055 4302 Oleum
2110 4250 2406 4320 unguentis
2462 4250 2696 4305 inditum
2744 4252 2996 4322 designat
3049 4253 3415 4321 sanctitatem,
3455 4270 3577 4322 quae
3607 4255 3661 4309 in

404 4322 625 4413 Christo
665 4338 762 4393 per
806 4328 1061 4413 spiritum
1096 4330 1555 4387 sanctiﬁcationis
1592 4344 1814 4401 erogata
1861 4345 1945 4388 est
1981 4336 2418 4394 misericordiam
2452 4345 2789 4405 consecutis,
2849 4343 3154 4398 secundmn
3198 4342 3304 4398 hoc
3361 4343 3664 4413 Scriptura:

407 4410 753 4479 proloquium
786 4430 800 4465 :
838 4431 857 4463 ι
902 4411 1257 4485 lmpingnasti
1303 4418 1428 4472 oleo
1476 4430 1645 4488 caput
1686 4434 1866 4474 meum
1900 4420 1970 4478 ³³.
2010 4441 2028 4474 ι
2062 4422 2502 4480 Tabernaculum
2533 4435 2586 4481 et
2620 4426 2805 4482 omnia
2852 4443 2981 4483 vasa
3016 4429 3358 4484 tabernaculi
3415 4410 3511 4486 illo
3539 4430 3663 4485 oleo

407 4505 708 4565 unguntur.
734 4496 871 4552 Nam
905 4500 1059 4556 locus
1083 4514 1305 4573 propter
1333 4514 1608 4573 sanctum,
1640 4508 1735 4577 qui
1782 4509 1836 4562 in
1882 4510 2003 4580 ipso
2042 4511 2276 4580 habitat,
2309 4514 2706 4580 sanctiﬁcatnr,
2745 4516 3210 4585 quemadmodum
3243 4525 3298 4572 et
3322 4531 3449 4573 vasa
3479 4518 3661 4574 taber-

407 4585 590 4638 naculi
617 4586 833 4657 singula
863 4589 916 4642 in
951 4590 1072 4645 loco
1102 4607 1226 4646 suo.
1255 4591 1392 4647 Cum
1439 4596 1604 4665 igitur
1654 4597 1894 4667 aspicias
1942 4600 2057 4655 hinc
2082 4603 2266 4655 omnia
2305 4603 2428 4658 oleo
2462 4603 2706 4671 inuncta,
2735 4603 2934 4674 ecquid
2984 4604 3247 4676 intelligis
3282 4606 3541 4661 Davidem
3571 4609 3661 4662 di-

404 4681 617 4761 centem
659 4693 673 4729 :
713 4694 731 4727 ι
775 4676 1070 4748 Propterea
1097 4681 1253 4733 unxit
1290 4689 1343 4736 te
1377 4681 1543 4750 Deus,
1579 4684 1720 4738 Deus
1761 4693 1896 4741 tuus
1932 4688 2054 4742 oleo
2086 4690 2474 4746 exsultationis
2499 4705 2668 4761 supra
2707 4702 2993 4748 consortes
3048 4703 3174 4749 tuos
3202 4695 3282 4749 “l
3304 4714 3335 4749 -ι
3366 4695 3433 4751 Et
3462 4696 3660 4751 iterum

406 4757 561 4849 Pauli
601 4763 768 4816 verba
798 4768 976 4834 capis,
1009 4782 1131 4836 quae
1181 4769 1263 4823 sic
1298 4770 1543 4825 habent:
1584 4788 1603 4822 ι
1646 4770 1750 4838 Qui
1795 4776 2126 4844 sanctiﬁcat,
2155 4787 2210 4833 et
2250 4781 2342 4849 qui
2394 4757 2815 4837 sanctiﬁcantnr
2851 4799 2917 4837 ex
2971 4799 3079 4838 uno
3110 4799 3302 4840 omnes
3333 4786 3415 4840 “2
3449 4806 3468 4838 ι
3527 4786 3660 4841 Dum

405 4848 550 4899 enim
581 4850 1101 4939 sanctiﬁcationem,
1140 4866 1412 4924 quatenus
1452 4856 1598 4913 Deus
1632 4868 1738 4927 est,
1771 4862 2001 4929 inducit,
2043 4881 2151 4921 una
2185 4848 2499 4933 nobiscum,
2527 4878 2801 4939 quatenus
2830 4869 2994 4924 homo
3024 4878 3130 4938 est,
3164 4874 3660 4931 sanctiﬁcationem

405 4937 744 5005 assequitur.
800 4939 866 4993 Et
901 4943 1016 4998 haec
1042 4956 1123 4999 est
1157 4946 1266 5010 illa,
1304 4962 1425 5015 qua:
1469 4952 1521 5002 in
1559 4949 1841 5020 Scriptura
1874 4963 2360 5021 commemoratur,
2407 4937 2718 5012 exinanitio
2749 4958 2817 5011 ⁸⁸.
2859 4958 2954 5015 His
2981 4937 3314 5017 consensum
3350 4976 3663 5017 accommo.

405 5023 497 5075 dat
537 5022 754 5091 Petrus,
791 5028 1048 5097 inquiens
1082 5050 1094 5086 :
1133 5051 1151 5084 ι
1187 5032 1373 5089 Jesum
1415 5034 1755 5093 Nazarenum
1790 5047 1846 5094 ut
1881 5043 2037 5095 unxit
2066 5042 2244 5112 ipsum
2294 5044 2435 5100 Deus
2471 5045 2679 5114 Spiritu
2723 5055 2915 5102 sancto
2939 5048 3003 5104 ".
3047 5067 3065 5100 ι
3100 5047 3331 5121 Ungilur
3369 5066 3492 5107 cum
3526 5052 3662 5106 relic

474 5177 706 5265 '_’_(_2ant.
745 5183 890 5265 v,_l_3.
945 5185 1199 5265 _f°‘_q_l’sal.
1227 5204 1350 5253 cu,
1372 5190 1437 5265 _2.
1516 5190 1741 5265 'A'AProv.
1774 5210 1830 5262 ι,
1858 5196 1947 5249 51.

2108 5197 2253 5253 Psal.
2289 5215 2439 5265 xui,
2471 5200 2523 5257 ὅ.

406 5248 451 5281 ιδ
489 5248 657 5305 llchr.
691 5268 750 5316 ιι,
782 5255 865 5309 ll.
944 5255 987 5286 ιε
1014 5256 1244 5329 Philipp.
1278 5248 1347 5324 η,
1372 5262 1423 5314 7.
1526 5262 1567 5294 ιτ
1610 5264 1731 5318 Act.
1777 5248 1940 5328 x158.

1918 5365 2151 5423 NOTAE.

476 5445 595 5527 φῦ).
626 5447 729 5527 "lo:
772 5449 859 5501 καὶ
887 5450 939 5503 εἴ
962 5469 1041 5527 τις
1158 5453 1248 5527 καὶ
1266 5455 1318 5527 εἴ
1354 5457 1556 5527 ταύτης
1586 5460 1807 5514 δύναται
1838 5457 1978 5516 εἶναι

404 5515 778 5600 κιδωτὸςῃτῶν·
798 5515 1221 5600 μυστηρίωντῷ
1247 5526 1382 5578 Θεοῦ
1408 5515 1653 5582 δεκτικὴν
1688 5534 1782 5585 καὶ
1811 5515 1977 5600 τηρηέ

411 5587 555 5639 ποιόν
589 5602 601 5615 ·
634 5586 664 5657 ἦ
697 5586 1100 5655 καὶοῦτωξκαὶ
1139 5593 1192 5645 εί
1230 5611 1279 5646 τι
1317 5597 1518 5667 ταύτης
1560 5601 1783 5655 δύναται
1838 5586 1976 5659 εἴναι

2602 5201 2813 5259 "Psal.
2877 5221 3013 5274 xin,
3044 5206 3097 5261 5.
3176 5209 3221 5240 "
3254 5208 3397 5266 Psal.
3435 5226 3578 5275 xuv,
3616 5216 3668 5271 8.

2087 5465 2348 5575 κιδωτὸς>
2367 5470 2394 5520 ὁ
2429 5467 2536 5521 τῶν
2578 5472 2893 5544 μυστηρίων
2946 5472 3039 5527 τοῦ
3090 5473 3222 5527 Θεοῦ
3268 5474 3512 5535 δεκτικὸς
3568 5473 3661 5527 καὶ

2087 5554 2145 5575 ΨὮ
2162 5555 2317 5575 ΓΑῬ⁸Ι⁹Ι
2341 5555 2379 5575 ι’

2086 5554 2400 5609 τηρητικος.
3046 5589 3049 5591 ,
3598 5576 3607 5579 -
