4010 6212
443 306 550 368 6m
1730 319 2083 380 I'ROCOPII
2129 319 2369 380 0.42.121
3572 286 3701 373 ἐει

434 421 745 513 quis,‘qua:
775 422 843 478 ad
876 423 1015 492 legis
1061 425 1269 480 cultum
1314 428 1611 497 pertinent,
1643 432 1808 485 etiam
1850 448 1964 488 ara.
2000 429 2133 487 Nam
2166 441 2219 488 et
2249 433 2334 489 lex
2384 439 2574 488 saneta
2603 440 2882 495 censetur,
2920 430 3156 487 iuvimus
3188 446 3290 486 nos
3319 427 3385 486 ad
3430 425 3704 513 cognitio~

420 522 561 577 item
591 504 707 574 Dei,
739 520 793 564 et
831 510 1012 579 justos
1058 512 1269 570 faciens
1318 517 1671 585 producendo
1699 528 1754 574 et
1787 521 2159 591 promovendo
2215 538 2315 577 nos
2368 521 2436 577 ad
2472 521 2745 591 principia
2804 522 3045 577 virtutis.
3084 519 3369 591 Siquidem
3405 504 3702 590 Scriptura

412 596 492 661 ein
528 596 679 649 hunc
708 596 933 652 modum
967 609 1200 655 testatur
1234 621 1247 657 :
1290 621 1308 653 ι
1346 603 1680 674 Principium
1717 607 1821 662 via:
1858 608 2013 664 bonae
2049 608 2230 664 facere
2256 609 2403 679 justa
2431 609 2500 661 ³⁸.
2538 627 2558 661 ι
2600 607 2717 662 Huc
2752 608 2880 663 facit
2910 608 3285 663 testimonium
3320 604 3470 661 Pauli
3504 606 3704 661 dicen-

432 683 505 739 tis
538 701 551 736 :
613 684 802 754 Itaque
835 686 920 740 lex
955 698 1170 751 sancta,
1205 698 1259 744 et
1300 704 1631 764 praceptum
1674 704 1925 750 sanctum
1964 707 2016 751 et
2046 698 2257 765 justum
2294 705 2347 751 et
2385 697 2585 751 bonum
2617 715 2633 751 :
2669 696 2879 751 scilicet
2932 695 2977 751 si
3018 712 3122 750 non
3170 695 3235 750 ad
3273 695 3546 761 umbram,
3602 689 3704 749 sed

434 771 480 824 si
519 772 586 823 ad
617 773 961 841 spiritualem
995 776 1368 831 transferatur
1394 781 1747 836 intellectum.
1789 782 1925 838 Nam
1954 786 2067 856 typi
2091 783 2308 840 Veteris
2338 783 2856 855 Testamentiqnasi
2890 783 3180 838 Stentorea
3214 799 3346 837 voce
3372 783 3534 838 nobis
3561 797 3705 852 pra:-

431 858 619 912 dicant
653 860 930 915 Christum
970 878 1158 918 revera
1208 863 1468 921 Sanctum
1518 881 1857 924 sanctorum.
1901 871 2046 928 Deus
2076 873 2275 928 ctenim
2317 887 2419 927 suo
2453 871 2664 941 Spiritu
2702 870 3041 941 perfundens
3078 888 3177 926 nos
3210 872 3366 926 affert
3395 872 3709 926 sanctifica.

432 948 636 999 tionem
681 948 950 1003 fidelibus.
984 949 1277 1005 Nuntiatur
1312 964 1491 1008 autem
1556 957 1867 1027 diligenter,
1907 975 1976 1012 ne
2030 960 2153 1029 quis
2191 960 2373 1013 simile
2409 959 2537 1011 huic
2564 966 2861 1027 componat
2900 966 3261 1027 unguentum.
3299 958 3486 1013 Solitfs
3526 960 3704 1028 siqui-

432 1033 555 1086 ιιι-ιιι
596 1036 685 1090 Dei
718 1048 801 1091 est
858 1040 1350 1096 sanctiﬁcatione-tn
1404 1054 1672 1112 prastare
1723 1046 1840 1101 sive
1885 1047 2251 1102 sanctificare.
2305 1047 2498 1114 Atqui
2538 1053 2862 1108 nascuntur,
2900 1061 3025 1099 cum
3086 1048 3241 1112 prius
3288 1062 3400 1101 non
3461 1046 3698 1112 fuerint,

432 1125 847 1179 simtiticantur
878 1145 893 1194 ;
930 1129 983 1181 in
1009 1145 1147 1197 quos
1192 1130 1475 1200 aptissime
1509 1133 1716 1187 dicitur
1749 1153 1764 1190 :
1811 1154 1829 1187 ι
1875 1136 2016 1201 Quid
2048 1136 2195 1190 enim
2246 1134 2438 1199 babes,
2470 1134 2613 1204 quod
2652 1149 2762 1188 non
2811 1133 3073 1203 accepisti
3108 1135 3193 1187 "2'
3226 1153 3243 1183 ι
3292 1133 3373 1187 Ad
3415 1148 3543 1189 eum
3576 1149 3702 1189 mo-

432 1210 561 1263 dum
601 1223 654 1265 et
701 1212 941 1269 Joannes
976 1218 1098 1270 ait:
1147 1237 1165 1269 ι
1208 1220 1284 1273 De
1330 1219 1671 1289 plenitudine
1722 1223 1841 1292 ejus
1877 1239 1981 1279 nos
2011 1239 2202 1279 omnes
2240 1225 2556 1293 accepimus
2609 1221 2677 1275 ⁸⁸.
2728 1241 2746 1273 ι
2793 1221 2856 1275 Ει
2885 1221 3083 1276 iterum
3118 1241 3131 1275 :
3169 1241 3189 1272 ι
3226 1221 3343 1275 Non
3389 1224 3696 1277 secundum

433 1313 749 1353 mensuram
786 1303 881 1355 dat
911 1303 1169 1372 spiritum
1213 1304 1279 1359 ⁸⁸.
1323 1324 1342 1357 ›
1385 1304 1673 1376 Siquidem
1707 1307 1829 1363 fons
1872 1310 2333 1365 sanctificationis
2366 1317 2449 1365 est
2483 1309 2870 1364 inexhaustus.
2922 1307 3060 1364 Cum
3118 1310 3474 1379 praecepisset
3506 1324 3698 1365 sacer-

432 1383 587 1440 dotes
632 1388 725 1442 illo
757 1389 881 1443 oleo
910 1390 1340 1459 consecrandos,
1372 1394 1637 1449 continuo
1665 1395 1816 1449 addit
1853 1415 1866 1450 :
1906 1416 1924 1447 ι
1974 1398 2117 1453 Caro
2165 1399 2409 1452 humana
2445 1412 2553 1453 non
2593 1413 2657 1452 eo
2694 1406 2932 1465 ungatur
2979 1396 3047 1449 δι.
3091 1416 3109 1449 ι
3167 1395 3289 1463 Quo
3334 1406 3498 1467 pacto
3537 1398 3693 1452 illum

436 1471 736 1542 Scriptum
762 1478 1040 1533 sulvemus
1087 1478 1343 1534 nodum?
1380 1479 1697 1538 Mcmineris
1730 1484 2101 1539 sacerdotium
2132 1485 2399 1541 excedere
2428 1499 2591 1540 omne
2620 1485 2921 1539 humanum
2962 1484 3268 1554 fastigium,
3302 1484 3450 1555 quod
3485 1485 3696 1541 Christi

432 1577 596 1631 supra
630 1572 884 1619 naturam
918 1568 1192 1636 particeps
1245 1579 1352 1623 est.
1394 1568 1627 1626 Proinde
1677 1586 1706 1625 a
1757 1580 1918 1627 terra:
1963 1574 2220 1643 contagio
2278 1573 2617 1629 abscindens
2654 1573 2992 1639 sacerdotes,
3033 1574 3265 1627 ascribit
3299 1589 3396 1628 eos
3435 1573 3698 1631 cmlodi-

432 1666 564 1704 cens
600 1669 614 1706 :
651 1672 669 1704 ι
717 1652 794 1708 Ne
827 1657 1155 1711 vocaveritis
1193 1659 1347 1711 vobis
1373 1667 1580 1728 patrem
1614 1676 1780 1730 super
1817 1670 2041 1716 terram.
2084 1660 2238 1717 Unus
2278 1663 2427 1715 enim
2473 1660 2628 1716 vobis
2658 1658 2819 1714 Pater
2854 1669 2939 1716 est
2972 1661 3025 1714 in
3061 1660 3217 1716 ctelis
3265 1660 3331 1713 ⁴¹.
3377 1680 3395 1713 ι
3431 1691 3500 1702 -—-
3529 1680 3547 1713 ι
3586 1659 3698 1718 Vos

432 1753 625 1792 oniiies
668 1739 869 1796 fratres
901 1744 1036 1798 estis
1069 1743 1135 1800 ".
1176 1764 1194 1796 ι
1235 1743 1384 1799 Mors
1414 1747 1528 1800 sive
1583 1748 1820 1816 capitale
1867 1748 2197 1819 supplicium
2250 1749 2329 1802 illi
2359 1764 2520 1819 poena
2564 1756 2670 1813 est,
2700 1748 2792 1816 qui
2847 1748 3169 1817 alienigenae
3193 1750 3259 1802 de
3299 1748 3407 1804 isto
3429 1750 3697 1820 elargitus

436 1826 602 1881 fuerit
634 1830 777 1884 oleo.
815 1830 948 1884 Nam
996 1831 1174 1899 inquit
1208 1850 1221 1885 :
1271 1852 1289 1885 ι
1327 1833 1404 1888 Ne
1443 1834 1704 1890 dederitis
1737 1849 1925 1891 sancta
1959 1837 2212 1901 canibus,
2255 1840 2431 1906 neque
2461 1836 2778 1905 objeceritis
2808 1837 3136 1907 margaritas
3171 1837 3356 1906 porcis
3398 1837 3466 1891 “.
3510 1856 3529 1889 ι
3567 1838 3689 1892 Νοη

430 1915 575 1966 enim
611 1916 681 1977 is,
728 1919 821 1984 qui
858 1919 1035 1973 adhuc
1082 1920 1249 1975 fuerit
1298 1922 1547 1991 impurus
1589 1930 1644 1977 et
1673 1922 2009 1988 incredulus,
2060 1923 2551 1979 sanctificationem
2592 1923 2932 1991 assequitur.
2987 1922 3370 1977 Sanctiﬁcatio
3413 1926 3692 1996 contingit

433 2001 614 2069 illum,
648 2004 739 2073 qui
781 2004 1039 2079 baptismi
1098 2007 1407 2063 interventu
1440 2011 1774 2065 emundatus
1815 2011 2001 2066 fuerit.
2052 2010 2167 2066 Nec
2193 2010 2479 2080 permittit,
2517 2019 2577 2065 ut
2608 2010 2734 2081 quis
2763 2010 3018 2080 privatim
3063 2011 3168 2066 sibi
3207 2022 3359 2081 paret
3383 2012 3687 2069 illiusmodi

432 2089 615 2144 oleum
649 2091 764 2146 sive
799 2104 1161 2161 unguentum.
1210 2096 1341 2161 Quae
1371 2097 1515 2151 enim
1544 2098 1785 2153 societas
1809 2107 1893 2153 est
1949 2099 2281 2153 naturalium
2321 2108 2377 2152 et
2429 2098 2800 2153 artificialium
2832 2097 2855 2150 1
2883 2096 3164 2153 Christum
3195 2098 3353 2154 nobis
3395 2101 3467 2155 ob
3497 2101 3692 2156 oculos

432 2179 587 2246 ponit
632 2178 764 2233 illud
806 2191 1169 2250 unguentum,
1204 2183 1662 2252 quemadmodum
1699 2200 1865 2253 supra
1912 2185 2185 2241 dedimus.
2221 2182 2427 2241 Prmter
2455 2186 2759 2250 Christum,
2791 2186 2954 2240 sicuti
2988 2196 3319 2255 praeceptum
3351 2196 3436 2242 est
3458 2186 3687 2257 Judaeis,

433 2266 787 2333 agnoscimus
812 2267 1152 2324 Salvatorem
1184 2271 1417 2325 nullum.
1470 2273 1539 2324 At
1566 2269 1738 2326 Judzei
1781 2272 1886 2326 sibi
1920 2282 2312 2342 componentes
2340 2284 2393 2329 et
2424 2273 2759 2327 adornautes
2801 2272 2971 2325 lilium
3003 2272 3329 2342 iniquitatis,
3377 2274 3690 2344 deprehen-

430 2354 638 2408 duntur
669 2356 964 2411 manifesto
996 2358 1140 2426 quod
1184 2360 1445 2413 deserunt
1476 2370 1815 2429 unguentum
1858 2360 1948 2415 Dei
1976 2369 2031 2415 et
2064 2361 2264 2429 Patris,
2297 2362 2391 2433 qui
2420 2363 2578 2417 nobis
2614 2360 2987 2416 manifestavit
3016 2361 3371 2432 fragrantiatn
3414 2363 3690 2432 cognitio-

432 2445 518 2498 nis
545 2459 659 2499 sua:
694 2445 747 2498 in
792 2444 933 2501 Filio
966 2463 1060 2517 per
1088 2448 1308 2504 tabulas
1346 2450 1684 2519 perscriptas
1710 2450 1881 2520 digito
1923 2449 2038 2506 Dei.

502 2548 617 2605 Hoc
660 2554 883 2609 nomine
911 2553 1165 2624 designat
1204 2558 1312 2610 vim
1350 2572 1504 2611 suam
1553 2556 1861 2622 mirificam,
1896 2572 2003 2624 qua
2035 2540 2082 2596 Α

2181 2559 2454 2615 Δάκτυλον
2485 2558 2619 2612 Θεοῦ
2653 2558 2809 2612 καλεῖ
2835 2557 3072 2628 ἀλλαχοῦ
3121 2560 3152 2630 ἡ
3190 2560 3383 2631 Γραφὴ
3406 2561 3503 2631 τήν
3533 2560 3688 2632 ἐνέρ-

427 2641 614 2692 omnia
657 2640 843 2704 efﬁcit,
887 2644 1349 2717 quemadmodum
1396 2652 1450 2697 et
1483 2660 1693 2713 supra:
1732 2664 1751 2697 ι
1786 2646 1999 2715 Digitus

2109 2667 2263 2719 γειαν
2292 2648 2457 2703 αὑτοῦ
2484 2649 2625 2720 (94),
2672 2644 2749 2712 ὡς
2784 2651 2811 2702 6
2831 2648 3032 2720 Φαραώ
3064 2649 3175 2719 (95)
3204 2667 3377 2719 φησι·
3416 2669 3435 2701 ι
3476 2653 3687 2704 Δάκτυο

382 2754 387 2761 ι
431 2729 524 2784 Dei
553 2741 638 2787 est
673 2734 762 2788 hic
792 2734 859 2788 “.
909 2752 930 2786 ι
971 2735 1241 2789 Similiter
1265 2744 1319 2790 et
1347 2735 1604 2791 Christus
1632 2737 1708 2791 ait
1742 2736 1797 2790 in
1822 2735 1965 2790 Evan

2111 2739 2201 2801 λος
2237 2738 2370 2791 Θεοῦ
2395 2741 2534 2792 ἐστι.
2572 2756 2591 2789 ι
2628 2739 2738 2792 Καὶ
2769 2740 2798 2791 6
2828 2738 3065 2810 Κύριοςο
3103 2756 3121 2790 ι
3162 2740 3224 2793 Et
3264 2738 3320 2792 δὲ
3350 2739 3461 2807 ἐγὼ
3493 2742 3551 2792 ὲν
3586 2740 3685 2793 δα-

426 2824 570 2891 gulio
612 2823 815 2879 Lucae:
856 2844 873 2876 ι
908 2825 964 2879 Si
1006 2838 1186 2881 autern
1249 2842 1349 2897 ego
1411 2829 1463 2881 in
1514 2828 1684 2897 digito
1716 2828 1806 2882 Dei
1841 2829 2003 2897 ejicio

2110 2830 2289 2900 κτύλῳ
2319 2830 2455 2883 Θεοῦ
2484 2829 2758 2902 [exesum
2786 2830 2855 2883 τὰ
2882 2830 3157 2900 δαιμόνια.
3195 2851 3214 2882 ι
3253 2830 3406 2902 παρὰ
3434 2830 3510 2901 τῷ
3538 2833 3680 2884 Aou-

424 2915 692 2969 dgemonia
732 2917 799 2971 ⁸⁸.
855 2936 873 2968 ι
931 2918 1077 2972 Idem
1123 2920 1226 2974 hoc
1273 2920 1550 2973 evidenter
1585 2921 1826 2989 explicat
1867 2919 2002 2974 Mat-

2110 2921 2226 2993 xq’t].
2262 2922 2437 2993 Ὅπερ
2485 2924 2513 2976 6
2570 2921 2887 2987 Ματθαῖος,
2932 2939 2952 2973 ι
2987 2922 3075 2974 Ἐν
3124 2922 3402 2991 Πνεῦματι
3461 2919 3620 2985 Θεοῦ.
3662 2940 3683 2975 ι

422 3003 620 3067 tinens,
680 3005 973 3060 scribens:
1018 3023 1037 3057 ι
1080 3005 1137 3061 Si
1188 3023 1287 3076 ego
1325 3008 1378 3060 in
1428 3007 1642 3077 Spiritu
1696 3007 1788 3064 Dei
1838 3009 2001 3080 ejicio

2108 3012 2274 3082 λέγει.
2328 3012 2500 3065 Τοῦτο
2550 3012 2608 3067 δέ
2642 3029 2808 3084 φησιν
2840 3015 2872 3084 ἡ
2908 3011 3100 3083 Γραφὴ
3130 3012 3241 3083 (96)
3278 3013 3412 3084 πρὸς
3447 3014 3688 3068 ἀντιδια-

423 3092 692 3177 d:emonia
742 3094 807 3148 ⁸⁷.
849 3114 868 3146 ι
910 3095 1132 3153 Tabula:
1179 3106 1361 3151 autem
1403 3098 1507 3152 illa:
1551 3098 1812 3153 dicuntur
1859 3102 2000 3155 scri-

2106 3104 2299 3175 στολὴν
2326 3104 2433 3157 τῶν
2458 3104 2770 3173 μελλουσῶν
2797 3103 3046 3158 πλακῶν.
3083 3105 3336 3168 Ἐκεινας
3382 3104 3491 3176 γὰρ
3522 3105 3687 3168 αὐτὸς

424 3192 529 3251 piae
551 3183 724 3255 digito
754 3187 868 3253 Dei,
902 3194 961 3242 ut
997 3189 1411 3259 distinguantur
1454 3200 1506 3245 et
1537 3199 1900 3245 seceruantur
1934 3192 2001 3245 ab

2107 3198 2134 3249 6
2167 3198 2406 3267 Μωῦσῆς
2429 3198 2523 3251 καὶ
2554 3196 2770 3262 λαξεύει
2799 3195 2891 3251 καὶ
2919 3196 3121 3268 γράφει.
3152 3197 3291 3251 κατὰ
3318 3195 3567 3251 κέλευσιν
3586 3195 3682 3251 τοῦ

426 3272 627 3329 tabulis
661 3275 807 3339 istis,
844 3294 981 3351 quas
1014 3290 1486 3349 paraturusresset
1520 3281 1719 3346 Moses,
1771 3283 2006 3353 quibus-
2111 3288 2267 3342 Θεοῦ.

423 3378 532 3431 que
566 3363 842 3424 iucisurus
882 3378 1029 3426 esset
1070 3369 1395 3443 Decalogum
1431 3389 1495 3429 ex
1527 3374 1853 3444 prazscripto
1888 3374 2009 3429 Dei.

500 3500 566 3553 Et
598 3501 779 3555 videns
816 3505 1048 3573 populus
1083 3507 1221 3579 quod
1251 3518 1550 3562 oneraretur
1600 3507 1801 3575 Moses,
1830 3519 1934 3564 etc.
1983 3508 2201 3582 [XXXII
2226 3551 2241 3575 ,
2277 3508 2355 3581 1.]
2390 3508 2529 3574 Quid
2556 3508 2662 3562 hoc
2692 3509 2759 3562 ad
2787 3507 2979 3574 Deum,
3013 3507 3106 3580 qui
3137 3520 3373 3575 semper,
3405 3506 3530 3559 licet
3561 3519 3673 3558 non

425 3588 802 3655 conspiciatur
850 3594 1104 3652 immanis
1139 3597 1340 3657 oculis.
1376 3606 1574 3666 praesto
1596 3591 1687 3653 est
1721 3607 1880 3652 terra:
1914 3598 2136 3659 incolis,
2194 3598 2298 3651 etsi
2331 3595 2510 3651 Moses
2540 3595 2734 3650 abest?
2763 3594 3042 3649 Exciamet
3091 3608 3238 3648 nunc
3270 3592 3434 3646 David
3463 3609 3478 3645 :
3508 3610 3527 3643 ι
3574 3589 3686 3646 Ge-

428 3676 639 3729 ueratio
664 3693 828 3746 prava
859 3689 913 3734 et
945 3686 1283 3738 exacerbans
1324 3685 1392 3738 ⁸⁸.
1443 3704 1461 3736 ›
1493 3684 1665 3739 Etiam
1720 3685 1897 3741 Moses
1938 3686 2164 3741 insonet
2200 3701 2213 3737 :
2254 3702 2272 3734 ι
2310 3682 2739 3737 Obliviscebaris
2779 3682 2872 3735 Dei
2902 3682 3001 3751 qui
3035 3689 3087 3734 te
3114 3680 3289 3734 nutrit
3316 3680 3382 3731 δ’.
3425 3697 3443 3730 ι
3476 3676 3683 3731 Verum

428 3765 571 3829 quod
606 3769 936 3836 appetebant
978 3769 1113 3825 deos
1147 3772 1382 3839 alienos,
1418 3789 1541 3826 cum
1573 3781 1725 3827 tanta
1766 3774 1969 3828 virtute
2011 3756 2196 3843 totque
2224 3772 2505 3826 miraculis
2534 3772 2697 3825 unius
2727 3781 2782 3824 et
2811 3770 2924 3824 veri
2956 3769 3052 3826 Del
3077 3769 3130 3822 in
3161 3767 3468 3821 libertatem
3500 3779 3686 3818 veram

425 3861 585 3907 erant
616 3855 855 3909 asserti?
890 3855 1064 3911 Tanta
1109 3874 1269 3915 czecze
1293 3861 1489 3915 tuentis
1523 3860 1623 3914 fuit
1654 3861 1968 3924 obstinatio,
2006 3867 2066 3913 ut
2106 3867 2420 3927 contempto
2449 3871 2708 3926 supremo
2734 3856 2967 3911 Numine
3013 3854 3388 3908 relaberentur
3433 3852 3488 3906 in
3509 3850 3690 3922 Egy-

426 3941 661 4009 ptiacam
689 3945 1159 4012 superstitionem,
1197 3955 1257 4001 ut
1302 3956 1445 4017 patet
1490 3964 1554 4001 ex
1590 3948 1755 4011 idolo,
1801 3950 1947 4018 quod
1978 3953 2331 4017 paraverant.
2369 3943 2614 4015 [Egyptii
2676 3944 2878 3999 etenim
2929 3942 3142 3997 divinos
3169 3942 3405 3995 honores
3430 3939 3690 3994 delerunt

428 4029 620 4083 vitulo.
648 4030 820 4101 309
853 4031 1095 4089 Eventus
1132 4034 1300 4103 igitur
1334 4035 1437 4089 fuit
1467 4035 1672 4091 ludatis
1720 4036 1960 4091 deterior
1986 4034 2253 4111 auspicio,
2313 4032 2451 4096 sive,
2490 4040 2548 4087 ut
2594 4030 2799 4086 Christi
2844 4029 3028 4085 verbis
3086 4036 3210 4082 utar
3248 4027 3332 4090 '°,
3388 4026 3689 4081 novissima

415 4119 582 4195 .t'acta
626 4127 758 4172 sunt
786 4120 896 4177 illis
930 4120 1205 4177 deteriora
1256 4124 1472 4193 primis.
1518 4125 1723 4188 Aaron,
1758 4131 1816 4176 ut
1849 4124 2068 4176 illorum
2097 4120 2387 4176 vecordem
2424 4120 2682 4189 impetum
2731 4116 3030 4186 frangeret,
3057 4116 3301 4185 postulat
3355 4122 3682 4169 ornamenta

430 4214 487 4258 rt
529 4208 789 4262 mundum
816 4211 1162 4265 muliebrem.
1212 4209 1349 4265 Nam
1374 4219 1523 4265 tanta
1556 4212 1807 4267 vecordia
1838 4212 2113 4265 invaserat
2140 4210 2356 4263 illorum
2385 4208 2616 4268 animos,
2654 4213 2712 4259 ut
2734 4204 2917 4259 Aaron
2948 4204 3265 4258 formidaret
3301 4202 3522 4256 illorum
3564 4217 3689 4271 pro.

361 4303 373 4315 '
434 4295 672 4361 positum
712 4298 1392 4366 repreliendere,cerneus
1416 4315 1486 4353 ex
1522 4315 1585 4353 ea
1619 4315 1679 4353 re
1711 4299 1911 4351 malum
1940 4311 2198 4366 magnum
2232 4295 2301 4349 ab
2331 4294 2612 4348 incondita
2634 4292 2789 4362 plebe
2815 4292 2920 4348 sibi
2954 4297 3225 4361 paratum.
3254 4288 3465 4343 Tamen
3492 4289 3678 4343 adem-

429 4393 519 4448 pta
546 4383 763 4436 aurium
794 4395 1116 4439 ornamenta
1147 4386 1283 4441 satis
1327 4386 1642 4439 iudicabant
1666 4385 1799 4454 ipsis
1835 4399 1936 4438 suo
1965 4382 2165 4437 decore
2190 4397 2314 4438 esse
2341 4389 2557 4445 exutos,
2592 4382 2686 4449 qui
2710 4388 2870 4434 antea
2895 4379 3218 4433 audiverant
3246 4376 3414 4432 Deum
3456 4375 3682 4431 edicen-

354 4490 359 4495 -
428 4478 534 4521 teut
568 4489 581 4524 :
620 4490 639 4522 ι
685 4468 803 4524 Non
828 4471 937 4524 sint
973 4472 1069 4526 tibi
1103 4472 1178 4525 dii
1213 4472 1305 4525 alii
1337 4480 1533 4542 praeter
1565 4489 1648 4529 me
1681 4471 1747 4524 5‘.
1792 4490 1811 4523 ι
1839 4469 2037 4524 Furori
2084 4468 2305 4524 illorum
2351 4466 2495 4523 cedit
2523 4466 2727 4531 Aaron,
2756 4474 2810 4520 et
2838 4466 2966 4520 dum
3003 4466 3161 4535 quasi
3188 4464 3549 4519 conviciando
3578 4478 3673 4517 cx-

428 4558 653 4623 probrat
683 4575 697 4611 :
741 4576 760 4609 ι
794 4557 857 4611 Hi
884 4567 1011 4612 sunt
1037 4558 1110 4612 dii
1145 4560 1245 4624 tui,
1284 4562 1377 4628 qui
1419 4558 1724 4613 eduxerunt
1753 4566 1807 4613 te
1835 4573 1903 4612 ex
1937 4556 2227 4629 Egypto,»
2268 4565 2398 4617 etc.,
2442 4553 2610 4607 tacite
2643 4552 2779 4623 ipsis
2820 4555 2875 4606 in
2909 4553 3229 4607 memoriam
3254 4558 3478 4607 revocat
3514 4550 3685 4603 Deum

427 4659 637 4708 verum,
669 4661 697 4698 a
728 4660 837 4714 quo
864 4661 1027 4699 manu
1066 4646 1237 4700 valida
1257 4654 1311 4700 et
1333 4645 1556 4699 brachio
1584 4646 1804 4700 excelso
1826 4644 2178 4716 .Egyptiacae
2213 4643 2465 4699 servituti
2503 4642 2616 4697 sint
2650 4643 2845 4711 erepti.
2873 4641 3005 4695 Cum
3036 4640 3184 4695 enim
3220 4640 3470 4708 ipsorum
3502 4638 3684 4707 impe-

427 4731 505 4782 tui
539 4731 738 4787 obvius
769 4733 849 4788 ire
894 4734 1131 4799 timeret,
1185 4733 1336 4789 hisce
1368 4733 1552 4786 verbis
1604 4733 1824 4788 illorum
1856 4734 2075 4787 animos
2105 4732 2359 4802 perculit.
2398 4730 2558 4797 Quod
2602 4745 2732 4783 vero
2780 4730 3017 4800 pepulus
3052 4728 3213 4783 fuerit
3244 4726 3694 4781 violentissimus

426 4834 493 4869 eo
531 4828 795 4888 tempore,
818 4833 873 4875 et
900 4820 1007 4874 vim
1037 4820 1511 4883 fecisset'Aaroui,
1538 4821 1585 4875 si
1610 4820 1757 4876 illius
1790 4821 1934 4875 votis
1966 4822 2282 4887 restitisset,
2326 4820 2461 4873 satis
2490 4818 2681 4873 edocet
2737 4818 2891 4887 ipsus
2918 4863 2934 4881 ,
2976 4818 3105 4871 dum
3175 4833 3233 4872 se
3287 4825 3481 4885 purgat
3532 4812 3691 4865 fratri

431 4906 700 4972 redeunti,
731 4908 923 4964 dicens
951 4924 966 4961 :
1002 4926 1021 4960 ι
1056 4908 1203 4964 Pune
1239 4910 1397 4969 iram.
1426 4907 1690 4975 Domine;
1741 4909 1884 4964 haud
1910 4908 2057 4964 enim
2082 4917 2136 4964 te
2164 4909 2334 4962 latent
2368 4905 2554 4976 pepuli
2587 4906 2752 4975 hujus
2785 4905 3019 4975 impetus
3049 4904 3367 4959 inconsulti.
3410 4922 3429 4954 ι
3467 4901 3523 4955 Si
3563 4899 3686 4969 quis

428 4995 650 5050 deficiat
684 5012 714 5049 a
749 4996 880 5063 Deo,
924 4998 1070 5052 hunc
1091 4999 1358 5052 continuo
1387 5006 1697 5066 sequuntur
1722 4998 1856 5051 vitia
1889 4998 2097 5059 carnis,
2128 5012 2252 5066 quae
2285 5001 2533 5049 recenset
2562 4991 2786 5057 Paulus,
2830 4992 3031 5061 quibus
3061 5007 3280 5061 quoque
3320 4992 3687 5043 connumerat

431 5083 573 5135 fwda
600 5102 628 5134 ιι
663 5083 1053 5140 idololatriam.
1086 5084 1265 5141 Verba
1297 5086 1451 5139 Pauli
1497 5084 1612 5138 hate
1641 5094 1769 5138 sunt
1800 5105 1812 5139 :
1865 5103 1882 5135 ι
1923 5083 2058 5139 Nam
2087 5082 2379 5139 manifeSta
2413 5090 2544 5137 sunt
2573 5096 2736 5151 opera
2771 5081 2980 5145 carnis,
3014 5095 3137 5149 qua:
3169 5087 3299 5133 sunt
3338 5078 3452 5131 haec
3482 5094 3496 5130 :
3531 5074 3693 5129 adul-

503 5256 549 5288 ³⁸
580 5255 741 5309 Prov.
781 5272 891 5316 xvi.
922 5257 976 5311 5.
1054 5256 1100 5289 ³⁹
1130 5255 1149 5307 1
1177 5254 1304 5309 Cor.
1340 5271 1413 5321 tv,
1449 5256 1505 5307 7.
1605 5254 1833 5309 “Joan.
1868 5270 1906 5317 ι,
1948 5257 2031 5309 16.

2111 5256 2151 5287 δι
2187 5253 2345 5308 Joan.
2387 5268 2469 5314 ιιι,
2507 5252 2594 5306 34.
2694 5251 2739 5283 ⁸³
2766 5250 2957 5321 Matth.
3006 5265 3136 5305 uttt
3166 5291 3181 5314 ,
3222 5254 3276 5315 9.
3381 5248 3427 5281 “
3456 5247 3589 5321 ibid.
3633 5245 3692 5302 8.

432 5334 474 5356 "
516 5326 703 5379 Matth.
745 5344 843 5391 \‘ii,
885 5328 938 5379 6.
1050 5327 1094 5359 ⁸³
1127 5325 1297 5379 Exod.
1323 5317 1439 5392 vui,
1478 5326 1563 5379 i9.
1678 5326 1721 5356 “
1750 5323 1879 5377 Luc.
1923 5341 1997 5391 xi,
2028 5326 2118 5380 20.
2226 5326 2269 5357 ⁸⁷
2309 5324 2497 5377 Matth.
2534 5339 2634 5385 xu,
2662 5322 2752 5376 28.
2828 5320 2874 5353 “
2913 5322 3061 5376 Psal.
3088 5336 3294 5385 uxvtt,
3322 5321 3374 5374 8.
3453 5319 3499 5350 δ’
3532 5317 3691 5373 Deut.

432 5412 605 5457 xxxii,
646 5398 731 5453 18.
859 5398 906 5428 ⁸⁸
934 5394 1124 5450 Matth.
1184 5412 1280 5461 xu,
1322 5396 1411 5451 45.
1488 5394 1530 5425 ⁶¹
1565 5394 1847 5460 Exod“,
1876 5396 1929 5450 5.

1942 5535 2175 5593 NOTAE.

509 5662 617 5727 ιω)
652 5660 762 5728 Τὴν
795 5660 1149 5735 ὲνερςίητικὴν
1186 5659 1345 5713 αὐτοῦ
1385 5660 1614 5730 δύναμιν
1664 5661 1803 5714 οὕτω
1842 5657 2013 5712 καλεῖ.

1763 5678 1803 5713 ω
1842 5657 2013 5712 καλεῖ.
2446 5657 2555 5711 ἄνω
2580 5655 2769 5735 ρησίνι.
2802 5639 2932 5735 Afir.
2957 5724 2978 5735 _
3141 5723 3153 5733 _
3185 5724 3195 5735 ι
3295 5726 3308 5735 .
3336 5724 3346 5735 ⁸

444 5722 631 5812 ’στῆς
660 5722 791 5807 Δῦγ.
826 5722 955 5797 κὼὀέ
979 5722 991 5730 ’
1098 5722 1118 5779 .’
1523 5722 1534 5730 ’
2188 5722 2298 5801 (96)
2324 5728 2547 5801 Εἴρηται
2576 5726 2629 5779 δὲ
2648 5722 2797 5801 ’πρὸς
2828 5723 3258 5795 ἁντιδιαστοὶὴν.
3281 5724 3409 5777 Δὺτ.
