  <div class='ocr_page' id='page_1' title='image "/cluster/home/n/w/nwhite01/storage/ocr_20150623/87:1/hvd.32044073502353/338.png"; bbox 0 0 4010 6212; ppageno 0'>
   <div class='ocr_carea' id='block_1_1' title="bbox 241 314 1824 391">
    <p class='ocr_par' dir='ltr' id='par_1_1' title="bbox 241 317 1818 391">
     <span class='ocr_line' id='line_1_1' title="bbox 241 317 1818 391; baseline -0.006 -3"><span class='ocrx_word' id='word_1_1' title='bbox 241 326 355 391; x_wconf 70' lang='grc' dir='ltr'><strong>(ἶὗὸ</strong></span> <span class='ocrx_word' id='word_1_2' title='bbox 1345 317 1818 380; x_wconf 75' lang='lat' dir='ltr'><strong>COMMENTAR</strong></span> 
     </span>
    </p>
   </div>
   <div class='ocr_carea' id='block_1_2' title="bbox 1916 314 3499 391">
    <p class='ocr_par' dir='ltr' id='par_1_2' title="bbox 1926 314 3499 381">
     <span class='ocr_line' id='line_1_2' title="bbox 1926 314 3499 381; baseline -0.001 -2"><span class='ocrx_word' id='word_1_3' title='bbox 1926 320 2008 381; x_wconf 75' lang='lat' dir='ltr'><strong>IN</strong></span> <span class='ocrx_word' id='word_1_4' title='bbox 2049 319 2392 381; x_wconf 78' lang='lat' dir='ltr'><strong>EXODUM.</strong></span> <span class='ocrx_word' id='word_1_5' title='bbox 3392 314 3499 378; x_wconf 79' lang='grc'>666</span> 
     </span>
    </p>
   </div>
   <div class='ocr_carea' id='block_1_3' title="bbox 241 423 3508 498">
    <p class='ocr_par' dir='ltr' id='par_1_3' title="bbox 241 423 3508 498">
     <span class='ocr_line' id='line_1_3' title="bbox 241 423 3508 498; baseline -0.004 -5"><span class='ocrx_word' id='word_1_6' title='bbox 241 438 468 498; x_wconf 85' lang='lat' dir='ltr'><strong>terium,</strong></span> <span class='ocrx_word' id='word_1_7' title='bbox 527 432 828 496; x_wconf 80' lang='lat' dir='ltr'><strong>scortatio,</strong></span> <span class='ocrx_word' id='word_1_8' title='bbox 894 428 1267 493; x_wconf 87' lang='lat' dir='ltr'><strong>immunditia,</strong></span> <span class='ocrx_word' id='word_1_9' title='bbox 1316 430 1571 492; x_wconf 83' lang='lat' dir='ltr'><strong>lascivia,</strong></span> <span class='ocrx_word' id='word_1_10' title='bbox 1615 428 2042 485; x_wconf 80' lang='lat' dir='ltr'><strong>simulacrorum</strong></span> <span class='ocrx_word' id='word_1_11' title='bbox 2075 428 2258 482; x_wconf 89' lang='lat' dir='ltr'><strong>cultus</strong></span> <span class='ocrx_word' id='word_1_12' title='bbox 2291 430 2359 481; x_wconf 82' lang='lat'><strong>&quot;.</strong></span> <span class='ocrx_word' id='word_1_13' title='bbox 2398 446 2416 477; x_wconf 74' lang='grc' dir='ltr'><strong><em>ι</em></strong></span> <span class='ocrx_word' id='word_1_14' title='bbox 2474 423 2826 480; x_wconf 88' lang='lat' dir='ltr'><strong>lmmunditia</strong></span> <span class='ocrx_word' id='word_1_15' title='bbox 2878 435 3057 481; x_wconf 86' lang='lat' dir='ltr'><strong>autem</strong></span> <span class='ocrx_word' id='word_1_16' title='bbox 3087 440 3211 480; x_wconf 87' lang='lat' dir='ltr'><strong>vera</strong></span> <span class='ocrx_word' id='word_1_17' title='bbox 3246 435 3508 481; x_wconf 74' lang='lat' dir='ltr'><strong>censetur</strong></span> 
     </span>
    </p>
   </div>
   <div class='ocr_carea' id='block_1_4' title="bbox 242 512 3502 591">
    <p class='ocr_par' dir='ltr' id='par_1_4' title="bbox 242 512 3502 591">
     <span class='ocr_line' id='line_1_4' title="bbox 242 512 3502 591; baseline -0.004 -11"><span class='ocrx_word' id='word_1_18' title='bbox 242 521 488 585; x_wconf 78' lang='lat' dir='ltr'><strong>luxuria,</strong></span> <span class='ocrx_word' id='word_1_19' title='bbox 532 534 657 591; x_wconf 69' lang='lat' dir='ltr'><strong>quae</strong></span> <span class='ocrx_word' id='word_1_20' title='bbox 707 517 1055 586; x_wconf 76' lang='lat' dir='ltr'><strong>conspicitur</strong></span> <span class='ocrx_word' id='word_1_21' title='bbox 1083 518 1136 572; x_wconf 93' lang='lat' dir='ltr'><strong>in</strong></span> <span class='ocrx_word' id='word_1_22' title='bbox 1167 516 1584 571; x_wconf 84' lang='lat' dir='ltr'><strong>idololatrarum</strong></span> <span class='ocrx_word' id='word_1_23' title='bbox 1619 515 2056 570; x_wconf 83' lang='lat' dir='ltr'><strong>celebritatihus.</strong></span> <span class='ocrx_word' id='word_1_24' title='bbox 2085 515 2319 580; x_wconf 80' lang='lat' dir='ltr'><strong>Quidam</strong></span> <span class='ocrx_word' id='word_1_25' title='bbox 2365 516 2517 569; x_wconf 87' lang='lat' dir='ltr'><strong>aiunt</strong></span> <span class='ocrx_word' id='word_1_26' title='bbox 2556 514 2788 568; x_wconf 76' lang='lat' dir='ltr'><strong>hostiam</strong></span> <span class='ocrx_word' id='word_1_27' title='bbox 2824 528 2931 568; x_wconf 88' lang='lat' dir='ltr'><strong>non</strong></span> <span class='ocrx_word' id='word_1_28' title='bbox 2971 522 3263 569; x_wconf 75' lang='lat' dir='ltr'><strong>mactatam</strong></span> <span class='ocrx_word' id='word_1_29' title='bbox 3288 529 3410 568; x_wconf 86' lang='lat' dir='ltr'><strong>esse</strong></span> <span class='ocrx_word' id='word_1_30' title='bbox 3445 512 3502 566; x_wconf 89' lang='lat' dir='ltr'><strong>in</strong></span> 
     </span>
    </p>
   </div>
   <div class='ocr_carea' id='block_1_5' title="bbox 244 600 3505 675">
    <p class='ocr_par' dir='ltr' id='par_1_5' title="bbox 244 600 3505 675">
     <span class='ocr_line' id='line_1_5' title="bbox 244 600 3505 675; baseline -0.003 -9"><span class='ocrx_word' id='word_1_31' title='bbox 244 612 512 666; x_wconf 89' lang='lat' dir='ltr'><strong>honorem</strong></span> <span class='ocrx_word' id='word_1_32' title='bbox 571 606 750 669; x_wconf 90' lang='lat' dir='ltr'><strong>vituli,</strong></span> <span class='ocrx_word' id='word_1_33' title='bbox 812 606 908 659; x_wconf 89' lang='lat' dir='ltr'><strong>sed</strong></span> <span class='ocrx_word' id='word_1_34' title='bbox 973 611 1032 658; x_wconf 91' lang='lat' dir='ltr'><strong>ut</strong></span> <span class='ocrx_word' id='word_1_35' title='bbox 1073 614 1220 660; x_wconf 82' lang='lat' dir='ltr'><strong>esset</strong></span> <span class='ocrx_word' id='word_1_36' title='bbox 1274 604 1517 675; x_wconf 78' lang='lat' dir='ltr'><strong>expiatio</strong></span> <span class='ocrx_word' id='word_1_37' title='bbox 1562 604 1738 674; x_wconf 80' lang='lat' dir='ltr'><strong>impiae</strong></span> <span class='ocrx_word' id='word_1_38' title='bbox 1794 603 2274 674; x_wconf 79' lang='lat' dir='ltr'><strong>transgressionis.</strong></span> <span class='ocrx_word' id='word_1_39' title='bbox 2341 600 2693 672; x_wconf 82' lang='lat' dir='ltr'><strong>Quapropter</strong></span> <span class='ocrx_word' id='word_1_40' title='bbox 2749 615 2812 656; x_wconf 90' lang='lat' dir='ltr'><strong>ea</strong></span> <span class='ocrx_word' id='word_1_41' title='bbox 2870 601 3050 655; x_wconf 84' lang='lat' dir='ltr'><strong>hostia</strong></span> <span class='ocrx_word' id='word_1_42' title='bbox 3116 601 3313 655; x_wconf 87' lang='lat' dir='ltr'><strong>salutis</strong></span> <span class='ocrx_word' id='word_1_43' title='bbox 3364 615 3505 655; x_wconf 89' lang='lat' dir='ltr'><strong>nun-</strong></span> 
     </span>
    </p>
   </div>
   <div class='ocr_carea' id='block_1_6' title="bbox 252 696 2061 769">
    <p class='ocr_par' dir='ltr' id='par_1_6' title="bbox 252 696 2061 769">
     <span class='ocr_line' id='line_1_6' title="bbox 252 696 2061 769; baseline -0.01 -12"><span class='ocrx_word' id='word_1_44' title='bbox 252 709 507 769; x_wconf 88' lang='lat' dir='ltr'><strong>cupatur.</strong></span> <span class='ocrx_word' id='word_1_45' title='bbox 2048 696 2061 703; x_wconf 77' lang='lat'><strong>‘</strong></span> 
     </span>
    </p>
   </div>
   <div class='ocr_carea' id='block_1_7' title="bbox 321 819 3507 901">
    <p class='ocr_par' dir='ltr' id='par_1_7' title="bbox 321 819 3507 901">
     <span class='ocr_line' id='line_1_7' title="bbox 321 819 3507 901; baseline -0.004 -13"><span class='ocrx_word' id='word_1_46' title='bbox 321 828 558 900; x_wconf 80' lang='lat' dir='ltr'><strong>Populus</strong></span> <span class='ocrx_word' id='word_1_47' title='bbox 579 831 718 884; x_wconf 82' lang='lat' dir='ltr'><strong>enim</strong></span> <span class='ocrx_word' id='word_1_48' title='bbox 739 838 885 889; x_wconf 78' lang='lat' dir='ltr'><strong>tuus,</strong></span> <span class='ocrx_word' id='word_1_49' title='bbox 908 844 1062 900; x_wconf 83' lang='lat' dir='ltr'><strong>quem</strong></span> <span class='ocrx_word' id='word_1_50' title='bbox 1112 830 1365 895; x_wconf 69' lang='lat' dir='ltr'><strong>eduxisti,</strong></span> <span class='ocrx_word' id='word_1_51' title='bbox 1393 839 1500 885; x_wconf 85' lang='lat' dir='ltr'><strong>etc.</strong></span> <span class='ocrx_word' id='word_1_52' title='bbox 1525 826 1765 901; x_wconf 71' lang='lat' dir='ltr'><strong>[XXXIL</strong></span> <span class='ocrx_word' id='word_1_53' title='bbox 1804 824 2337 899; x_wconf 64' lang='lat' dir='ltr'><strong>7.]RejicitJudaeos</strong></span> <span class='ocrx_word' id='word_1_54' title='bbox 2365 825 2532 890; x_wconf 84' lang='lat' dir='ltr'><strong>Deus,</strong></span> <span class='ocrx_word' id='word_1_55' title='bbox 2565 834 2619 881; x_wconf 93' lang='lat' dir='ltr'><strong>et</strong></span> <span class='ocrx_word' id='word_1_56' title='bbox 2652 825 2784 880; x_wconf 82' lang='lat' dir='ltr'><strong>Mosi</strong></span> <span class='ocrx_word' id='word_1_57' title='bbox 2819 824 3009 887; x_wconf 88' lang='lat' dir='ltr'><strong>tradit,</strong></span> <span class='ocrx_word' id='word_1_58' title='bbox 3067 821 3325 892; x_wconf 83' lang='lat' dir='ltr'><strong>quamvis</strong></span> <span class='ocrx_word' id='word_1_59' title='bbox 3385 819 3507 888; x_wconf 81' lang='lat' dir='ltr'><strong>ipse</strong></span> 
     </span>
    </p>
   </div>
   <div class='ocr_carea' id='block_1_8' title="bbox 257 906 3500 991">
    <p class='ocr_par' dir='ltr' id='par_1_8' title="bbox 257 906 3500 991">
     <span class='ocr_line' id='line_1_8' title="bbox 257 906 3500 991; baseline -0.005 -15"><span class='ocrx_word' id='word_1_60' title='bbox 257 922 400 991; x_wconf 81' lang='lat' dir='ltr'><strong>leges</strong></span> <span class='ocrx_word' id='word_1_61' title='bbox 432 918 703 973; x_wconf 86' lang='lat' dir='ltr'><strong>dedisset.</strong></span> <span class='ocrx_word' id='word_1_62' title='bbox 741 917 997 972; x_wconf 81' lang='lat' dir='ltr'><strong>Imitatur</strong></span> <span class='ocrx_word' id='word_1_63' title='bbox 1030 920 1219 987; x_wconf 83' lang='lat' dir='ltr'><strong>itaque</strong></span> <span class='ocrx_word' id='word_1_64' title='bbox 1259 918 1473 971; x_wconf 83' lang='lat' dir='ltr'><strong>dictum</strong></span> <span class='ocrx_word' id='word_1_65' title='bbox 1507 935 1522 973; x_wconf 87' lang='lat'><strong>:</strong></span> <span class='ocrx_word' id='word_1_66' title='bbox 1559 935 1578 967; x_wconf 86' lang='grc'><em>‹</em></span> <span class='ocrx_word' id='word_1_67' title='bbox 1615 916 1775 969; x_wconf 84' lang='lat' dir='ltr'><strong>Abite</strong></span> <span class='ocrx_word' id='word_1_68' title='bbox 1807 930 1838 967; x_wconf 86' lang='lat' dir='ltr'><strong>a</strong></span> <span class='ocrx_word' id='word_1_69' title='bbox 1868 931 1972 980; x_wconf 91' lang='lat' dir='ltr'><strong>me,</strong></span> <span class='ocrx_word' id='word_1_70' title='bbox 2019 914 2116 983; x_wconf 87' lang='lat' dir='ltr'><strong>qui</strong></span> <span class='ocrx_word' id='word_1_71' title='bbox 2166 915 2475 984; x_wconf 90' lang='lat' dir='ltr'><strong>operamini</strong></span> <span class='ocrx_word' id='word_1_72' title='bbox 2518 914 2912 981; x_wconf 88' lang='lat' dir='ltr'><strong>iniquitatem;</strong></span> <span class='ocrx_word' id='word_1_73' title='bbox 2947 925 3057 964; x_wconf 85' lang='lat' dir='ltr'><strong>non</strong></span> <span class='ocrx_word' id='word_1_74' title='bbox 3093 908 3221 962; x_wconf 88' lang='lat' dir='ltr'><strong>novi</strong></span> <span class='ocrx_word' id='word_1_75' title='bbox 3249 922 3350 962; x_wconf 89' lang='lat' dir='ltr'><strong>vos</strong></span> <span class='ocrx_word' id='word_1_76' title='bbox 3375 906 3444 960; x_wconf 82' lang='grc'><strong>⁸³.</strong></span> <span class='ocrx_word' id='word_1_77' title='bbox 3480 926 3500 958; x_wconf 74' lang='grc' dir='ltr'>ι</span> 
     </span>
    </p>
   </div>
   <div class='ocr_carea' id='block_1_9' title="bbox 256 994 3508 1073">
    <p class='ocr_par' dir='ltr' id='par_1_9' title="bbox 256 994 3508 1073">
     <span class='ocr_line' id='line_1_9' title="bbox 256 994 3508 1073; baseline -0.005 -11"><span class='ocrx_word' id='word_1_78' title='bbox 256 1009 503 1065; x_wconf 90' lang='lat' dir='ltr'><strong>Detinuit</strong></span> <span class='ocrx_word' id='word_1_79' title='bbox 534 1004 679 1073; x_wconf 90' lang='lat' dir='ltr'><strong>apud</strong></span> <span class='ocrx_word' id='word_1_80' title='bbox 716 1020 776 1059; x_wconf 88' lang='lat' dir='ltr'><strong>se</strong></span> <span class='ocrx_word' id='word_1_81' title='bbox 815 1005 869 1059; x_wconf 92' lang='lat' dir='ltr'><strong>in</strong></span> <span class='ocrx_word' id='word_1_82' title='bbox 907 1014 1096 1059; x_wconf 91' lang='lat' dir='ltr'><strong>monte</strong></span> <span class='ocrx_word' id='word_1_83' title='bbox 1125 1005 1313 1060; x_wconf 85' lang='lat' dir='ltr'><strong>Mosen</strong></span> <span class='ocrx_word' id='word_1_84' title='bbox 1349 1005 1547 1059; x_wconf 84' lang='lat' dir='ltr'><strong>diebus</strong></span> <span class='ocrx_word' id='word_1_85' title='bbox 1579 1003 1975 1073; x_wconf 76' lang='lat' dir='ltr'><strong>quadraginta,</strong></span> <span class='ocrx_word' id='word_1_86' title='bbox 2026 1011 2082 1054; x_wconf 91' lang='lat' dir='ltr'><strong>ut</strong></span> <span class='ocrx_word' id='word_1_87' title='bbox 2125 1011 2490 1071; x_wconf 82' lang='lat' dir='ltr'><strong>cognosceret</strong></span> <span class='ocrx_word' id='word_1_88' title='bbox 2527 1016 2695 1071; x_wconf 91' lang='lat' dir='ltr'><strong>quam</strong></span> <span class='ocrx_word' id='word_1_89' title='bbox 2731 998 2892 1053; x_wconf 84' lang='lat' dir='ltr'><strong>facile</strong></span> <span class='ocrx_word' id='word_1_90' title='bbox 2924 998 3163 1067; x_wconf 90' lang='lat' dir='ltr'><strong>populus</strong></span> <span class='ocrx_word' id='word_1_91' title='bbox 3193 994 3285 1048; x_wconf 90' lang='lat' dir='ltr'><strong>ille</strong></span> <span class='ocrx_word' id='word_1_92' title='bbox 3317 1009 3508 1048; x_wconf 87' lang='lat' dir='ltr'><strong>rever-</strong></span> 
     </span>
    </p>
   </div>
   <div class='ocr_carea' id='block_1_10' title="bbox 255 1078 3524 1153">
    <p class='ocr_par' dir='ltr' id='par_1_10' title="bbox 255 1078 3524 1153">
     <span class='ocr_line' id='line_1_10' title="bbox 255 1078 3524 1153; baseline -0.006 -1"><span class='ocrx_word' id='word_1_93' title='bbox 255 1105 465 1153; x_wconf 86' lang='lat' dir='ltr'><strong>teretur</strong></span> <span class='ocrx_word' id='word_1_94' title='bbox 497 1095 566 1149; x_wconf 89' lang='lat' dir='ltr'><strong>ad</strong></span> <span class='ocrx_word' id='word_1_95' title='bbox 601 1092 900 1148; x_wconf 77' lang='lat' dir='ltr'><strong>nefandam</strong></span> <span class='ocrx_word' id='word_1_96' title='bbox 939 1093 1341 1148; x_wconf 89' lang='lat' dir='ltr'><strong>idololatriam.</strong></span> <span class='ocrx_word' id='word_1_97' title='bbox 1382 1090 1623 1147; x_wconf 88' lang='lat' dir='ltr'><strong>Proinde</strong></span> <span class='ocrx_word' id='word_1_98' title='bbox 1662 1088 2101 1144; x_wconf 90' lang='lat' dir='ltr'><strong>introducendos</strong></span> <span class='ocrx_word' id='word_1_99' title='bbox 2144 1103 2268 1143; x_wconf 89' lang='lat' dir='ltr'><strong>esse</strong></span> <span class='ocrx_word' id='word_1_100' title='bbox 2297 1090 2417 1144; x_wconf 89' lang='lat' dir='ltr'><strong>dies</strong></span> <span class='ocrx_word' id='word_1_101' title='bbox 2455 1087 2631 1142; x_wconf 88' lang='lat' dir='ltr'><strong>festos</strong></span> <span class='ocrx_word' id='word_1_102' title='bbox 2656 1094 2712 1140; x_wconf 91' lang='lat' dir='ltr'><strong>et</strong></span> <span class='ocrx_word' id='word_1_103' title='bbox 2746 1084 3045 1143; x_wconf 78' lang='lat' dir='ltr'><strong>sacrificia,</strong></span> <span class='ocrx_word' id='word_1_104' title='bbox 3088 1092 3143 1137; x_wconf 90' lang='lat' dir='ltr'><strong>et</strong></span> <span class='ocrx_word' id='word_1_105' title='bbox 3173 1078 3524 1148; x_wconf 80' lang='lat' dir='ltr'><strong>splendidas</strong></span> 
     </span>
    </p>
   </div>
   <div class='ocr_carea' id='block_1_11' title="bbox 253 1167 3505 1253">
    <p class='ocr_par' dir='ltr' id='par_1_11' title="bbox 253 1167 3505 1253">
     <span class='ocr_line' id='line_1_11' title="bbox 253 1167 3505 1253; baseline -0.007 -12"><span class='ocrx_word' id='word_1_106' title='bbox 253 1187 644 1253; x_wconf 83' lang='lat' dir='ltr'><strong>solemnesque</strong></span> <span class='ocrx_word' id='word_1_107' title='bbox 682 1183 902 1253; x_wconf 86' lang='lat' dir='ltr'><strong>epulas,</strong></span> <span class='ocrx_word' id='word_1_108' title='bbox 963 1198 1032 1236; x_wconf 85' lang='lat' dir='ltr'><strong>ne</strong></span> <span class='ocrx_word' id='word_1_109' title='bbox 1078 1194 1434 1236; x_wconf 86' lang='lat' dir='ltr'><strong>recurrerent</strong></span> <span class='ocrx_word' id='word_1_110' title='bbox 1483 1181 1551 1233; x_wconf 90' lang='lat' dir='ltr'><strong>ad</strong></span> <span class='ocrx_word' id='word_1_111' title='bbox 1598 1179 1832 1234; x_wconf 88' lang='lat' dir='ltr'><strong>vetitum</strong></span> <span class='ocrx_word' id='word_1_112' title='bbox 1884 1177 2156 1231; x_wconf 90' lang='lat' dir='ltr'><strong>idolorum</strong></span> <span class='ocrx_word' id='word_1_113' title='bbox 2207 1176 2444 1229; x_wconf 92' lang='lat' dir='ltr'><strong>cultum.</strong></span> <span class='ocrx_word' id='word_1_114' title='bbox 2489 1174 2554 1227; x_wconf 86' lang='lat' dir='ltr'><strong>Et</strong></span> <span class='ocrx_word' id='word_1_115' title='bbox 2590 1175 2645 1227; x_wconf 92' lang='lat' dir='ltr'><strong>in</strong></span> <span class='ocrx_word' id='word_1_116' title='bbox 2688 1173 2836 1226; x_wconf 89' lang='lat' dir='ltr'><strong>hunc</strong></span> <span class='ocrx_word' id='word_1_117' title='bbox 2887 1170 3134 1233; x_wconf 91' lang='lat' dir='ltr'><strong>modum,</strong></span> <span class='ocrx_word' id='word_1_118' title='bbox 3170 1175 3225 1222; x_wconf 93' lang='lat' dir='ltr'><strong>et</strong></span> <span class='ocrx_word' id='word_1_119' title='bbox 3259 1167 3505 1221; x_wconf 79' lang='lat' dir='ltr'><strong>illiusce—</strong></span> 
     </span>
    </p>
   </div>
   <div class='ocr_carea' id='block_1_12' title="bbox 253 1252 3509 1343">
    <p class='ocr_par' dir='ltr' id='par_1_12' title="bbox 253 1252 3509 1343">
     <span class='ocr_line' id='line_1_12' title="bbox 253 1252 3509 1343; baseline -0.008 -13"><span class='ocrx_word' id='word_1_120' title='bbox 253 1275 403 1330; x_wconf 90' lang='lat' dir='ltr'><strong>modi</strong></span> <span class='ocrx_word' id='word_1_121' title='bbox 434 1252 727 1328; x_wconf 80' lang='lat' dir='ltr'><strong>exercitiis</strong></span> <span class='ocrx_word' id='word_1_122' title='bbox 755 1278 810 1324; x_wconf 91' lang='lat' dir='ltr'><strong>et</strong></span> <span class='ocrx_word' id='word_1_123' title='bbox 844 1269 1077 1343; x_wconf 75' lang='lat' dir='ltr'><strong>ludicris</strong></span> <span class='ocrx_word' id='word_1_124' title='bbox 1133 1269 1356 1324; x_wconf 87' lang='lat' dir='ltr'><strong>illorum</strong></span> <span class='ocrx_word' id='word_1_125' title='bbox 1404 1267 1649 1336; x_wconf 88' lang='lat' dir='ltr'><strong>pueriles</strong></span> <span class='ocrx_word' id='word_1_126' title='bbox 1688 1266 1901 1320; x_wconf 89' lang='lat' dir='ltr'><strong>animos</strong></span> <span class='ocrx_word' id='word_1_127' title='bbox 1950 1262 2340 1334; x_wconf 88' lang='lat' dir='ltr'><strong>provehendos</strong></span> <span class='ocrx_word' id='word_1_128' title='bbox 2370 1276 2497 1316; x_wconf 83' lang='lat' dir='ltr'><strong>esse</strong></span> <span class='ocrx_word' id='word_1_129' title='bbox 2537 1260 2606 1313; x_wconf 90' lang='lat' dir='ltr'><strong>ad</strong></span> <span class='ocrx_word' id='word_1_130' title='bbox 2641 1259 2958 1328; x_wconf 91' lang='lat' dir='ltr'><strong>spiritualia</strong></span> <span class='ocrx_word' id='word_1_131' title='bbox 3007 1258 3173 1310; x_wconf 91' lang='lat' dir='ltr'><strong>bona.</strong></span> <span class='ocrx_word' id='word_1_132' title='bbox 3234 1252 3509 1308; x_wconf 63' lang='lat' dir='ltr'><strong>Caeterum</strong></span> 
     </span>
    </p>
   </div>
   <div class='ocr_carea' id='block_1_13' title="bbox 203 1341 3509 1435">
    <p class='ocr_par' dir='ltr' id='par_1_13' title="bbox 203 1341 3509 1435">
     <span class='ocr_line' id='line_1_13' title="bbox 203 1341 3509 1435; baseline -0.008 -19"><span class='ocrx_word' id='word_1_133' title='bbox 203 1430 209 1435; x_wconf 27' lang='grc' dir='ltr'><strong><em>ν</em></strong></span> <span class='ocrx_word' id='word_1_134' title='bbox 256 1361 565 1418; x_wconf 87' lang='lat' dir='ltr'><strong>necessitas</strong></span> <span class='ocrx_word' id='word_1_135' title='bbox 596 1358 875 1427; x_wconf 79' lang='lat' dir='ltr'><strong>exigebat,</strong></span> <span class='ocrx_word' id='word_1_136' title='bbox 896 1341 971 1411; x_wconf 5' lang='lat' dir='ltr'><strong>Qut</strong></span> <span class='ocrx_word' id='word_1_137' title='bbox 1014 1355 1217 1418; x_wconf 75' lang='lat' dir='ltr'><strong>Moses,</strong></span> <span class='ocrx_word' id='word_1_138' title='bbox 1264 1356 1357 1424; x_wconf 91' lang='lat' dir='ltr'><strong>qui</strong></span> <span class='ocrx_word' id='word_1_139' title='bbox 1383 1353 1593 1409; x_wconf 84' lang='lat' dir='ltr'><strong>arbiter</strong></span> <span class='ocrx_word' id='word_1_140' title='bbox 1639 1363 1761 1409; x_wconf 89' lang='lat' dir='ltr'><strong>erat</strong></span> <span class='ocrx_word' id='word_1_141' title='bbox 1809 1351 2079 1417; x_wconf 91' lang='lat' dir='ltr'><strong>delectus,</strong></span> <span class='ocrx_word' id='word_1_142' title='bbox 2119 1350 2433 1404; x_wconf 88' lang='lat' dir='ltr'><strong>imitaretur</strong></span> <span class='ocrx_word' id='word_1_143' title='bbox 2464 1347 2773 1411; x_wconf 86' lang='lat' dir='ltr'><strong>Christum,</strong></span> <span class='ocrx_word' id='word_1_144' title='bbox 2812 1346 2905 1415; x_wconf 90' lang='lat' dir='ltr'><strong>qui</strong></span> <span class='ocrx_word' id='word_1_145' title='bbox 2957 1344 3094 1396; x_wconf 90' lang='lat' dir='ltr'><strong>iram</strong></span> <span class='ocrx_word' id='word_1_146' title='bbox 3130 1341 3351 1396; x_wconf 78' lang='lat' dir='ltr'><strong>emlitus</strong></span> <span class='ocrx_word' id='word_1_147' title='bbox 3382 1353 3509 1408; x_wconf 90' lang='lat' dir='ltr'><strong>pec-</strong></span> 
     </span>
    </p>
   </div>
   <div class='ocr_carea' id='block_1_14' title="bbox 257 1427 3504 1514">
    <p class='ocr_par' dir='ltr' id='par_1_14' title="bbox 257 1427 3504 1514">
     <span class='ocr_line' id='line_1_14' title="bbox 257 1427 3504 1514; baseline -0.008 -10"><span class='ocrx_word' id='word_1_148' title='bbox 257 1448 540 1504; x_wconf 89' lang='lat' dir='ltr'><strong>catoribus</strong></span> <span class='ocrx_word' id='word_1_149' title='bbox 588 1444 995 1513; x_wconf 84' lang='lat' dir='ltr'><strong>impendentem</strong></span> <span class='ocrx_word' id='word_1_150' title='bbox 1059 1451 1315 1514; x_wconf 87' lang='lat' dir='ltr'><strong>potenter</strong></span> <span class='ocrx_word' id='word_1_151' title='bbox 1350 1441 1639 1496; x_wconf 87' lang='lat' dir='ltr'><strong>discussit.</strong></span> <span class='ocrx_word' id='word_1_152' title='bbox 1689 1439 2035 1509; x_wconf 87' lang='lat' dir='ltr'><strong>Quapropter</strong></span> <span class='ocrx_word' id='word_1_153' title='bbox 2102 1436 2396 1491; x_wconf 83' lang='lat' dir='ltr'><strong>admodum</strong></span> <span class='ocrx_word' id='word_1_154' title='bbox 2451 1442 2705 1505; x_wconf 86' lang='lat' dir='ltr'><strong>prompte</strong></span> <span class='ocrx_word' id='word_1_155' title='bbox 2740 1449 2798 1488; x_wconf 88' lang='lat' dir='ltr'><strong>se</strong></span> <span class='ocrx_word' id='word_1_156' title='bbox 2827 1431 3004 1500; x_wconf 65' lang='lat' dir='ltr'><strong>culpae</strong></span> <span class='ocrx_word' id='word_1_157' title='bbox 3051 1446 3077 1480; x_wconf 91' lang='lat' dir='ltr'><strong>a</strong></span> <span class='ocrx_word' id='word_1_158' title='bbox 3112 1427 3320 1482; x_wconf 68' lang='grc' dir='ltr'><strong>,ιιιὼαίε</strong></span> <span class='ocrx_word' id='word_1_159' title='bbox 3344 1441 3504 1480; x_wconf 87' lang='lat' dir='ltr'><strong>com-</strong></span> 
     </span>
    </p>
   </div>
   <div class='ocr_carea' id='block_1_15' title="bbox 257 1513 3508 1603">
    <p class='ocr_par' dir='ltr' id='par_1_15' title="bbox 257 1513 3508 1603">
     <span class='ocr_line' id='line_1_15' title="bbox 257 1513 3508 1603; baseline -0.007 -14"><span class='ocrx_word' id='word_1_160' title='bbox 257 1537 443 1591; x_wconf 70' lang='lat' dir='ltr'><strong>missa:</strong></span> <span class='ocrx_word' id='word_1_161' title='bbox 470 1533 886 1603; x_wconf 74' lang='lat' dir='ltr'><strong>deprecatorem</strong></span> <span class='ocrx_word' id='word_1_162' title='bbox 925 1513 1123 1596; x_wconf 87' lang='lat' dir='ltr'><strong>oll&#39;ert;</strong></span> <span class='ocrx_word' id='word_1_163' title='bbox 1176 1530 1431 1583; x_wconf 81' lang='lat' dir='ltr'><strong>nonnihil</strong></span> <span class='ocrx_word' id='word_1_164' title='bbox 1492 1528 1545 1583; x_wconf 91' lang='lat' dir='ltr'><strong>in</strong></span> <span class='ocrx_word' id='word_1_165' title='bbox 1592 1544 1742 1599; x_wconf 88' lang='lat' dir='ltr'><strong>spem</strong></span> <span class='ocrx_word' id='word_1_166' title='bbox 1788 1529 1959 1583; x_wconf 75' lang='lat' dir='ltr'><strong>venite</strong></span> <span class='ocrx_word' id='word_1_167' title='bbox 2009 1524 2368 1595; x_wconf 68' lang='lat' dir='ltr'><strong>impetrandae</strong></span> <span class='ocrx_word' id='word_1_168' title='bbox 2416 1531 2638 1576; x_wconf 89' lang='lat' dir='ltr'><strong>erectus</strong></span> <span class='ocrx_word' id='word_1_169' title='bbox 2677 1517 3097 1590; x_wconf 85' lang='lat' dir='ltr'><strong>benignissimis</strong></span> <span class='ocrx_word' id='word_1_170' title='bbox 3138 1516 3235 1570; x_wconf 90' lang='lat' dir='ltr'><strong>Dei</strong></span> <span class='ocrx_word' id='word_1_171' title='bbox 3296 1513 3508 1579; x_wconf 85' lang='lat' dir='ltr'><strong>verbis,</strong></span> 
     </span>
    </p>
   </div>
   <div class='ocr_carea' id='block_1_16' title="bbox 256 1603 3511 1691">
    <p class='ocr_par' dir='ltr' id='par_1_16' title="bbox 256 1603 3511 1691">
     <span class='ocr_line' id='line_1_16' title="bbox 256 1603 3511 1691; baseline -0.006 -19"><span class='ocrx_word' id='word_1_172' title='bbox 256 1637 380 1691; x_wconf 67' lang='lat' dir='ltr'><strong>quae</strong></span> <span class='ocrx_word' id='word_1_173' title='bbox 413 1623 485 1674; x_wconf 90' lang='lat' dir='ltr'><strong>ita</strong></span> <span class='ocrx_word' id='word_1_174' title='bbox 520 1620 798 1674; x_wconf 88' lang='lat' dir='ltr'><strong>habebant</strong></span> <span class='ocrx_word' id='word_1_175' title='bbox 831 1634 847 1671; x_wconf 90' lang='lat'><strong>:</strong></span> <span class='ocrx_word' id='word_1_176' title='bbox 887 1634 906 1669; x_wconf 74' lang='grc' dir='ltr'>ι</span> <span class='ocrx_word' id='word_1_177' title='bbox 952 1617 1084 1671; x_wconf 91' lang='lat' dir='ltr'><strong>Sine</strong></span> <span class='ocrx_word' id='word_1_178' title='bbox 1122 1631 1273 1671; x_wconf 92' lang='lat' dir='ltr'><strong>nunc</strong></span> <span class='ocrx_word' id='word_1_179' title='bbox 1300 1631 1409 1670; x_wconf 88' lang='lat' dir='ltr'><strong>me.</strong></span> <span class='ocrx_word' id='word_1_180' title='bbox 1452 1634 1471 1667; x_wconf 75' lang='grc' dir='ltr'><strong>ι</strong></span> <span class='ocrx_word' id='word_1_181' title='bbox 1527 1615 1670 1679; x_wconf 88' lang='lat' dir='ltr'><strong>Quid</strong></span> <span class='ocrx_word' id='word_1_182' title='bbox 1722 1614 1868 1668; x_wconf 86' lang='lat' dir='ltr'><strong>enim</strong></span> <span class='ocrx_word' id='word_1_183' title='bbox 1923 1616 2142 1671; x_wconf 90' lang='lat' dir='ltr'><strong>obstare</strong></span> <span class='ocrx_word' id='word_1_184' title='bbox 2197 1613 2470 1684; x_wconf 89' lang='lat' dir='ltr'><strong>potuisset</strong></span> <span class='ocrx_word' id='word_1_185' title='bbox 2509 1612 2640 1677; x_wconf 87' lang='lat' dir='ltr'><strong>Deo,</strong></span> <span class='ocrx_word' id='word_1_186' title='bbox 2675 1610 2721 1664; x_wconf 90' lang='lat' dir='ltr'><strong>si</strong></span> <span class='ocrx_word' id='word_1_187' title='bbox 2749 1608 3021 1663; x_wconf 88' lang='lat' dir='ltr'><strong>voluisset</strong></span> <span class='ocrx_word' id='word_1_188' title='bbox 3052 1621 3083 1659; x_wconf 91' lang='lat' dir='ltr'><strong>e</strong></span> <span class='ocrx_word' id='word_1_189' title='bbox 3119 1603 3299 1658; x_wconf 87' lang='lat' dir='ltr'><strong>medio</strong></span> <span class='ocrx_word' id='word_1_190' title='bbox 3335 1616 3511 1671; x_wconf 83' lang='lat' dir='ltr'><strong>popu-</strong></span> 
     </span>
    </p>
   </div>
   <div class='ocr_carea' id='block_1_17' title="bbox 252 1690 3511 1772">
    <p class='ocr_par' dir='ltr' id='par_1_17' title="bbox 252 1690 3511 1772">
     <span class='ocr_line' id='line_1_17' title="bbox 252 1690 3511 1772; baseline -0.006 -10"><span class='ocrx_word' id='word_1_191' title='bbox 252 1690 373 1763; x_wconf 88' lang='lat' dir='ltr'><strong>lum</strong></span> <span class='ocrx_word' id='word_1_192' title='bbox 430 1710 597 1763; x_wconf 89' lang='lat' dir='ltr'><strong>istum</strong></span> <span class='ocrx_word' id='word_1_193' title='bbox 653 1704 898 1760; x_wconf 83' lang='lat' dir='ltr'><strong>tollere?</strong></span> <span class='ocrx_word' id='word_1_194' title='bbox 947 1702 1296 1772; x_wconf 89' lang='lat' dir='ltr'><strong>Quapropter</strong></span> <span class='ocrx_word' id='word_1_195' title='bbox 1340 1703 1520 1756; x_wconf 87' lang='lat' dir='ltr'><strong>amico</strong></span> <span class='ocrx_word' id='word_1_196' title='bbox 1569 1702 1664 1756; x_wconf 88' lang='lat' dir='ltr'><strong>illo</strong></span> <span class='ocrx_word' id='word_1_197' title='bbox 1723 1700 1967 1770; x_wconf 84' lang='lat' dir='ltr'><strong>alloquio</strong></span> <span class='ocrx_word' id='word_1_198' title='bbox 2037 1699 2223 1754; x_wconf 84' lang='lat' dir='ltr'><strong>Mosen</strong></span> <span class='ocrx_word' id='word_1_199' title='bbox 2275 1701 2646 1763; x_wconf 87' lang='lat' dir='ltr'><strong>cohortatur,</strong></span> <span class='ocrx_word' id='word_1_200' title='bbox 2691 1710 2760 1750; x_wconf 90' lang='lat' dir='ltr'><strong>ne</strong></span> <span class='ocrx_word' id='word_1_201' title='bbox 2828 1692 3080 1750; x_wconf 87' lang='lat' dir='ltr'><strong>cunctari</strong></span> <span class='ocrx_word' id='word_1_202' title='bbox 3113 1691 3243 1745; x_wconf 81' lang='lat' dir='ltr'><strong>velit</strong></span> <span class='ocrx_word' id='word_1_203' title='bbox 3280 1690 3511 1743; x_wconf 76' lang='lat' dir='ltr'><strong>Domino</strong></span> 
     </span>
    </p>
   </div>
   <div class='ocr_carea' id='block_1_18' title="bbox 257 1778 3508 1865">
    <p class='ocr_par' dir='ltr' id='par_1_18' title="bbox 257 1778 3508 1865">
     <span class='ocr_line' id='line_1_18' title="bbox 257 1778 3508 1865; baseline -0.008 -12"><span class='ocrx_word' id='word_1_204' title='bbox 257 1796 579 1865; x_wconf 88' lang='lat' dir='ltr'><strong>supplicare</strong></span> <span class='ocrx_word' id='word_1_205' title='bbox 609 1809 707 1863; x_wconf 91' lang='lat' dir='ltr'><strong>pro</strong></span> <span class='ocrx_word' id='word_1_206' title='bbox 736 1794 943 1848; x_wconf 90' lang='lat' dir='ltr'><strong>delicto</strong></span> <span class='ocrx_word' id='word_1_207' title='bbox 992 1791 1205 1861; x_wconf 88' lang='lat' dir='ltr'><strong>populi.</strong></span> <span class='ocrx_word' id='word_1_208' title='bbox 1258 1789 1412 1844; x_wconf 82' lang='lat' dir='ltr'><strong>Haud</strong></span> <span class='ocrx_word' id='word_1_209' title='bbox 1462 1790 1611 1845; x_wconf 89' lang='lat' dir='ltr'><strong>enim</strong></span> <span class='ocrx_word' id='word_1_210' title='bbox 1663 1792 1842 1860; x_wconf 89' lang='lat' dir='ltr'><strong>ipsum</strong></span> <span class='ocrx_word' id='word_1_211' title='bbox 1866 1788 2094 1855; x_wconf 84' lang='lat' dir='ltr'><strong>latebat,</strong></span> <span class='ocrx_word' id='word_1_212' title='bbox 2127 1786 2311 1842; x_wconf 75' lang='lat' dir='ltr'><strong>Mosen</strong></span> <span class='ocrx_word' id='word_1_213' title='bbox 2351 1793 2706 1856; x_wconf 89' lang='lat' dir='ltr'><strong>reputantem</strong></span> <span class='ocrx_word' id='word_1_214' title='bbox 2739 1778 2931 1835; x_wconf 88' lang='lat' dir='ltr'><strong>delicti</strong></span> <span class='ocrx_word' id='word_1_215' title='bbox 2970 1778 3364 1834; x_wconf 86' lang='lat' dir='ltr'><strong>enormitatem</strong></span> <span class='ocrx_word' id='word_1_216' title='bbox 3397 1788 3508 1828; x_wconf 89' lang='lat' dir='ltr'><strong>non</strong></span> 
     </span>
    </p>
   </div>
   <div class='ocr_carea' id='block_1_19' title="bbox 257 1862 3514 1949">
    <p class='ocr_par' dir='ltr' id='par_1_19' title="bbox 257 1862 3514 1949">
     <span class='ocr_line' id='line_1_19' title="bbox 257 1862 3514 1949; baseline -0.006 -12"><span class='ocrx_word' id='word_1_217' title='bbox 257 1898 533 1938; x_wconf 89' lang='lat' dir='ltr'><strong>ausurum</strong></span> <span class='ocrx_word' id='word_1_218' title='bbox 563 1862 905 1936; x_wconf 83' lang='lat' dir='ltr'><strong>intercedere</strong></span> <span class='ocrx_word' id='word_1_219' title='bbox 955 1894 1056 1948; x_wconf 93' lang='lat' dir='ltr'><strong>pro</strong></span> <span class='ocrx_word' id='word_1_220' title='bbox 1108 1879 1335 1948; x_wconf 83' lang='lat' dir='ltr'><strong>pepulo,</strong></span> <span class='ocrx_word' id='word_1_221' title='bbox 1385 1878 1694 1949; x_wconf 52' lang='lat' dir='ltr'><strong>praserltim</strong></span> <span class='ocrx_word' id='word_1_222' title='bbox 1749 1892 1873 1930; x_wconf 89' lang='lat' dir='ltr'><strong>cum</strong></span> <span class='ocrx_word' id='word_1_223' title='bbox 1930 1892 2102 1943; x_wconf 91' lang='lat' dir='ltr'><strong>nunc,</strong></span> <span class='ocrx_word' id='word_1_224' title='bbox 2153 1876 2296 1931; x_wconf 90' lang='lat' dir='ltr'><strong>comi</strong></span> <span class='ocrx_word' id='word_1_225' title='bbox 2330 1874 2582 1943; x_wconf 90' lang='lat' dir='ltr'><strong>alloquio</strong></span> <span class='ocrx_word' id='word_1_226' title='bbox 2635 1872 3032 1927; x_wconf 86' lang='lat' dir='ltr'><strong>confirmatus,</strong></span> <span class='ocrx_word' id='word_1_227' title='bbox 3066 1864 3279 1936; x_wconf 77' lang='lat' dir='ltr'><strong>profert</strong></span> <span class='ocrx_word' id='word_1_228' title='bbox 3315 1862 3514 1932; x_wconf 86' lang='lat' dir='ltr'><strong>pavido</strong></span> 
     </span>
    </p>
   </div>
   <div class='ocr_carea' id='block_1_20' title="bbox 257 1947 3517 2040">
    <p class='ocr_par' dir='ltr' id='par_1_20' title="bbox 257 1947 3517 2040">
     <span class='ocr_line' id='line_1_20' title="bbox 257 1947 3517 2040; baseline -0.007 -15"><span class='ocrx_word' id='word_1_229' title='bbox 257 1980 530 2040; x_wconf 80' lang='lat' dir='ltr'><strong>pectore:</strong></span> <span class='ocrx_word' id='word_1_230' title='bbox 567 1986 586 2020; x_wconf 71' lang='grc' dir='ltr'>ι</span> <span class='ocrx_word' id='word_1_231' title='bbox 642 1967 719 2023; x_wconf 83' lang='lat' dir='ltr'><strong>Ne</strong></span> <span class='ocrx_word' id='word_1_232' title='bbox 753 1947 1033 2022; x_wconf 83' lang='lat' dir='ltr'><strong>averseris</strong></span> <span class='ocrx_word' id='word_1_233' title='bbox 1087 1947 1192 2020; x_wconf 83' lang='lat' dir='ltr'><strong>me</strong></span> <span class='ocrx_word' id='word_1_234' title='bbox 1234 1980 1333 2034; x_wconf 89' lang='lat' dir='ltr'><strong>pro</strong></span> <span class='ocrx_word' id='word_1_235' title='bbox 1375 1947 1599 2034; x_wconf 81' lang='lat' dir='ltr'><strong>populo</strong></span> <span class='ocrx_word' id='word_1_236' title='bbox 1632 1965 2055 2033; x_wconf 85' lang='lat' dir='ltr'><strong>supplicantem.</strong></span> <span class='ocrx_word' id='word_1_237' title='bbox 2103 1982 2124 2017; x_wconf 73' lang='grc' dir='ltr'><strong>ι</strong></span> <span class='ocrx_word' id='word_1_238' title='bbox 2162 1962 2344 2017; x_wconf 83' lang='lat' dir='ltr'><strong>Moses</strong></span> <span class='ocrx_word' id='word_1_239' title='bbox 2377 1962 2571 2016; x_wconf 88' lang='lat' dir='ltr'><strong>audito</strong></span> <span class='ocrx_word' id='word_1_240' title='bbox 2608 1958 2795 2029; x_wconf 90' lang='lat' dir='ltr'><strong>populi</strong></span> <span class='ocrx_word' id='word_1_241' title='bbox 2843 1952 3237 2032; x_wconf 81' lang='lat' dir='ltr'><strong>tumultuantis</strong></span> <span class='ocrx_word' id='word_1_242' title='bbox 3262 1947 3517 2005; x_wconf 82' lang='lat' dir='ltr'><strong>&#39;clamore</strong></span> 
     </span>
    </p>
   </div>
   <div class='ocr_carea' id='block_1_21' title="bbox 262 2038 3512 2123">
    <p class='ocr_par' dir='ltr' id='par_1_21' title="bbox 262 2038 3512 2123">
     <span class='ocr_line' id='line_1_21' title="bbox 262 2038 3512 2123; baseline -0.007 -11"><span class='ocrx_word' id='word_1_243' title='bbox 262 2038 318 2113; x_wconf 90' lang='lat' dir='ltr'><strong>in</strong></span> <span class='ocrx_word' id='word_1_244' title='bbox 358 2058 635 2112; x_wconf 84' lang='lat' dir='ltr'><strong>descensu</strong></span> <span class='ocrx_word' id='word_1_245' title='bbox 672 2056 881 2113; x_wconf 81' lang='lat' dir='ltr'><strong>montis</strong></span> <span class='ocrx_word' id='word_1_246' title='bbox 921 2053 1254 2109; x_wconf 88' lang='lat' dir='ltr'><strong>comminuit</strong></span> <span class='ocrx_word' id='word_1_247' title='bbox 1304 2054 1439 2123; x_wconf 86' lang='lat' dir='ltr'><strong>legis</strong></span> <span class='ocrx_word' id='word_1_248' title='bbox 1490 2052 1704 2107; x_wconf 87' lang='lat' dir='ltr'><strong>tabulas</strong></span> <span class='ocrx_word' id='word_1_249' title='bbox 1757 2067 2025 2107; x_wconf 80' lang='lat' dir='ltr'><strong>recusans</strong></span> <span class='ocrx_word' id='word_1_250' title='bbox 2047 2068 2172 2108; x_wconf 90' lang='lat' dir='ltr'><strong>esse</strong></span> <span class='ocrx_word' id='word_1_251' title='bbox 2202 2053 2541 2121; x_wconf 66' lang='lat' dir='ltr'><strong>predagogus</strong></span> <span class='ocrx_word' id='word_1_252' title='bbox 2592 2044 2969 2102; x_wconf 88' lang='lat' dir='ltr'><strong>inobedientis</strong></span> <span class='ocrx_word' id='word_1_253' title='bbox 3018 2042 3229 2111; x_wconf 85' lang='lat' dir='ltr'><strong>populi.</strong></span> <span class='ocrx_word' id='word_1_254' title='bbox 3259 2038 3512 2093; x_wconf 78' lang='lat' dir='ltr'><strong>Vitulum</strong></span> 
     </span>
    </p>
   </div>
   <div class='ocr_carea' id='block_1_22' title="bbox 261 2128 3512 2215">
    <p class='ocr_par' dir='ltr' id='par_1_22' title="bbox 261 2128 3512 2215">
     <span class='ocr_line' id='line_1_22' title="bbox 261 2128 3512 2215; baseline -0.007 -16"><span class='ocrx_word' id='word_1_255' title='bbox 261 2147 317 2200; x_wconf 82' lang='lat' dir='ltr'><strong>in</strong></span> <span class='ocrx_word' id='word_1_256' title='bbox 358 2146 638 2215; x_wconf 84' lang='lat' dir='ltr'><strong>pulverem</strong></span> <span class='ocrx_word' id='word_1_257' title='bbox 669 2143 955 2196; x_wconf 87' lang='lat' dir='ltr'><strong>redactum</strong></span> <span class='ocrx_word' id='word_1_258' title='bbox 1002 2142 1208 2211; x_wconf 89' lang='lat' dir='ltr'><strong>sparsit</strong></span> <span class='ocrx_word' id='word_1_259' title='bbox 1259 2140 1313 2193; x_wconf 90' lang='lat' dir='ltr'><strong>in</strong></span> <span class='ocrx_word' id='word_1_260' title='bbox 1349 2154 1544 2208; x_wconf 89' lang='lat' dir='ltr'><strong>aquas,</strong></span> <span class='ocrx_word' id='word_1_261' title='bbox 1573 2140 1780 2209; x_wconf 89' lang='lat' dir='ltr'><strong>quibus</strong></span> <span class='ocrx_word' id='word_1_262' title='bbox 1816 2142 2023 2208; x_wconf 85' lang='lat' dir='ltr'><strong>potavit</strong></span> <span class='ocrx_word' id='word_1_263' title='bbox 2077 2140 2375 2199; x_wconf 88' lang='lat' dir='ltr'><strong>lsraelitas,</strong></span> <span class='ocrx_word' id='word_1_264' title='bbox 2411 2146 2471 2193; x_wconf 90' lang='lat' dir='ltr'><strong>ut</strong></span> <span class='ocrx_word' id='word_1_265' title='bbox 2499 2138 2917 2191; x_wconf 85' lang='lat' dir='ltr'><strong>demonstraret</strong></span> <span class='ocrx_word' id='word_1_266' title='bbox 2947 2131 3220 2186; x_wconf 85' lang='lat' dir='ltr'><strong>nefarium</strong></span> <span class='ocrx_word' id='word_1_267' title='bbox 3251 2128 3356 2180; x_wconf 87' lang='lat' dir='ltr'><strong>hoc</strong></span> <span class='ocrx_word' id='word_1_268' title='bbox 3389 2142 3512 2181; x_wconf 76' lang='lat' dir='ltr'><strong>see.-</strong></span> 
     </span>
    </p>
   </div>
   <div class='ocr_carea' id='block_1_23' title="bbox 262 2213 3512 2299">
    <p class='ocr_par' dir='ltr' id='par_1_23' title="bbox 262 2213 3512 2299">
     <span class='ocr_line' id='line_1_23' title="bbox 262 2213 3512 2299; baseline -0.006 -13"><span class='ocrx_word' id='word_1_269' title='bbox 262 2235 348 2287; x_wconf 86' lang='lat' dir='ltr'><strong>lus</strong></span> <span class='ocrx_word' id='word_1_270' title='bbox 385 2247 508 2287; x_wconf 87' lang='lat' dir='ltr'><strong>esse</strong></span> <span class='ocrx_word' id='word_1_271' title='bbox 560 2230 908 2291; x_wconf 87' lang='lat' dir='ltr'><strong>intestinum,</strong></span> <span class='ocrx_word' id='word_1_272' title='bbox 945 2236 1000 2281; x_wconf 91' lang='lat' dir='ltr'><strong>et</strong></span> <span class='ocrx_word' id='word_1_273' title='bbox 1045 2228 1291 2299; x_wconf 77' lang='lat' dir='ltr'><strong>ipsorum</strong></span> <span class='ocrx_word' id='word_1_274' title='bbox 1341 2228 1620 2296; x_wconf 80' lang='lat' dir='ltr'><strong>attingere</strong></span> <span class='ocrx_word' id='word_1_275' title='bbox 1651 2227 1820 2292; x_wconf 88' lang='lat' dir='ltr'><strong>hepar</strong></span> <span class='ocrx_word' id='word_1_276' title='bbox 1849 2234 1905 2280; x_wconf 91' lang='lat' dir='ltr'><strong>et</strong></span> <span class='ocrx_word' id='word_1_277' title='bbox 1948 2227 2154 2280; x_wconf 89' lang='lat' dir='ltr'><strong>viscera</strong></span> <span class='ocrx_word' id='word_1_278' title='bbox 2199 2226 2385 2280; x_wconf 92' lang='lat' dir='ltr'><strong>omnia</strong></span> <span class='ocrx_word' id='word_1_279' title='bbox 2420 2242 2433 2279; x_wconf 91' lang='lat'><strong>:</strong></span> <span class='ocrx_word' id='word_1_280' title='bbox 2471 2225 2579 2286; x_wconf 85' lang='lat' dir='ltr'><strong>vel,</strong></span> <span class='ocrx_word' id='word_1_281' title='bbox 2633 2232 2692 2276; x_wconf 91' lang='lat' dir='ltr'><strong>ut</strong></span> <span class='ocrx_word' id='word_1_282' title='bbox 2740 2221 2986 2280; x_wconf 88' lang='lat' dir='ltr'><strong>doceret,</strong></span> <span class='ocrx_word' id='word_1_283' title='bbox 3028 2218 3245 2271; x_wconf 90' lang='lat' dir='ltr'><strong>animos</strong></span> <span class='ocrx_word' id='word_1_284' title='bbox 3293 2213 3512 2266; x_wconf 86' lang='lat' dir='ltr'><strong>illorum</strong></span> 
     </span>
    </p>
   </div>
   <div class='ocr_carea' id='block_1_24' title="bbox 265 2299 3515 2390">
    <p class='ocr_par' dir='ltr' id='par_1_24' title="bbox 265 2299 3515 2390">
     <span class='ocr_line' id='line_1_24' title="bbox 265 2299 3515 2390; baseline -0.006 -18"><span class='ocrx_word' id='word_1_285' title='bbox 265 2334 493 2390; x_wconf 88' lang='lat' dir='ltr'><strong>prorsus</strong></span> <span class='ocrx_word' id='word_1_286' title='bbox 526 2318 767 2371; x_wconf 81' lang='lat' dir='ltr'><strong>infectos</strong></span> <span class='ocrx_word' id='word_1_287' title='bbox 802 2330 927 2369; x_wconf 88' lang='lat' dir='ltr'><strong>esse</strong></span> <span class='ocrx_word' id='word_1_288' title='bbox 976 2313 1314 2378; x_wconf 81' lang='lat' dir='ltr'><strong>idololatria,</strong></span> <span class='ocrx_word' id='word_1_289' title='bbox 1370 2322 1426 2367; x_wconf 91' lang='lat' dir='ltr'><strong>et</strong></span> <span class='ocrx_word' id='word_1_290' title='bbox 1467 2313 1545 2366; x_wconf 90' lang='lat' dir='ltr'><strong>nil</strong></span> <span class='ocrx_word' id='word_1_291' title='bbox 1590 2312 1696 2368; x_wconf 90' lang='lat' dir='ltr'><strong>nisi</strong></span> <span class='ocrx_word' id='word_1_292' title='bbox 1736 2314 2005 2366; x_wconf 86' lang='lat' dir='ltr'><strong>idolorum</strong></span> <span class='ocrx_word' id='word_1_293' title='bbox 2045 2314 2255 2367; x_wconf 83' lang='lat' dir='ltr'><strong>cultum</strong></span> <span class='ocrx_word' id='word_1_294' title='bbox 2287 2311 2614 2382; x_wconf 90' lang='lat' dir='ltr'><strong>parturire;</strong></span> <span class='ocrx_word' id='word_1_295' title='bbox 2665 2309 2771 2367; x_wconf 87' lang='lat' dir='ltr'><strong>vel,</strong></span> <span class='ocrx_word' id='word_1_296' title='bbox 2812 2314 2873 2360; x_wconf 94' lang='lat' dir='ltr'><strong>ut</strong></span> <span class='ocrx_word' id='word_1_297' title='bbox 2905 2306 3009 2358; x_wconf 87' lang='lat' dir='ltr'><strong>hoc</strong></span> <span class='ocrx_word' id='word_1_298' title='bbox 3043 2301 3296 2371; x_wconf 81' lang='lat' dir='ltr'><strong>exemplo</strong></span> <span class='ocrx_word' id='word_1_299' title='bbox 3326 2299 3515 2353; x_wconf 83' lang='lat' dir='ltr'><strong>deela-</strong></span> 
     </span>
    </p>
   </div>
   <div class='ocr_carea' id='block_1_25' title="bbox 267 2390 3508 2473">
    <p class='ocr_par' dir='ltr' id='par_1_25' title="bbox 267 2390 3508 2473">
     <span class='ocr_line' id='line_1_25' title="bbox 267 2390 3508 2473; baseline -0.006 -14"><span class='ocrx_word' id='word_1_300' title='bbox 267 2415 416 2461; x_wconf 86' lang='lat' dir='ltr'><strong>raret</strong></span> <span class='ocrx_word' id='word_1_301' title='bbox 445 2418 596 2459; x_wconf 88' lang='lat' dir='ltr'><strong>more</strong></span> <span class='ocrx_word' id='word_1_302' title='bbox 636 2402 977 2473; x_wconf 82' lang='lat' dir='ltr'><strong>prophetico,</strong></span> <span class='ocrx_word' id='word_1_303' title='bbox 1016 2399 1133 2453; x_wconf 86' lang='lat' dir='ltr'><strong>fore</strong></span> <span class='ocrx_word' id='word_1_304' title='bbox 1184 2397 1486 2467; x_wconf 86' lang='lat' dir='ltr'><strong>aliquando</strong></span> <span class='ocrx_word' id='word_1_305' title='bbox 1518 2407 1601 2459; x_wconf 84' lang='lat' dir='ltr'><strong>(ut</strong></span> <span class='ocrx_word' id='word_1_306' title='bbox 1635 2408 1826 2452; x_wconf 90' lang='lat' dir='ltr'><strong>nostro</strong></span> <span class='ocrx_word' id='word_1_307' title='bbox 1873 2399 2077 2454; x_wconf 66' lang='lat' dir='ltr'><strong>saeculo</strong></span> <span class='ocrx_word' id='word_1_308' title='bbox 2122 2399 2404 2469; x_wconf 88' lang='lat' dir='ltr'><strong>c0ntigit)</strong></span> <span class='ocrx_word' id='word_1_309' title='bbox 2454 2406 2514 2451; x_wconf 92' lang='lat' dir='ltr'><strong>ut</strong></span> <span class='ocrx_word' id='word_1_310' title='bbox 2562 2396 2824 2450; x_wconf 89' lang='lat' dir='ltr'><strong>universa</strong></span> <span class='ocrx_word' id='word_1_311' title='bbox 2861 2392 3011 2446; x_wconf 85' lang='lat' dir='ltr'><strong>idola</strong></span> <span class='ocrx_word' id='word_1_312' title='bbox 3048 2390 3508 2449; x_wconf 78' lang='lat' dir='ltr'><strong>excluderentur,</strong></span> 
     </span>
    </p>
   </div>
   <div class='ocr_carea' id='block_1_26' title="bbox 263 2474 3619 2557">
    <p class='ocr_par' dir='ltr' id='par_1_26' title="bbox 263 2474 3619 2557">
     <span class='ocr_line' id='line_1_26' title="bbox 263 2474 3619 2557; baseline -0.007 -11"><span class='ocrx_word' id='word_1_313' title='bbox 263 2502 317 2546; x_wconf 85' lang='lat' dir='ltr'><strong>et</strong></span> <span class='ocrx_word' id='word_1_314' title='bbox 347 2491 532 2545; x_wconf 91' lang='lat' dir='ltr'><strong>omnis</strong></span> <span class='ocrx_word' id='word_1_315' title='bbox 549 2489 795 2551; x_wconf 88' lang='lat' dir='ltr'><strong>occasio,</strong></span> <span class='ocrx_word' id='word_1_316' title='bbox 829 2503 952 2556; x_wconf 82' lang='lat' dir='ltr'><strong>quae</strong></span> <span class='ocrx_word' id='word_1_317' title='bbox 976 2486 1045 2541; x_wconf 89' lang='lat' dir='ltr'><strong>ad</strong></span> <span class='ocrx_word' id='word_1_318' title='bbox 1067 2488 1181 2543; x_wconf 81' lang='lat' dir='ltr'><strong>haec</strong></span> <span class='ocrx_word' id='word_1_319' title='bbox 1202 2487 1523 2543; x_wconf 85' lang='lat' dir='ltr'><strong>fabricanda</strong></span> <span class='ocrx_word' id='word_1_320' title='bbox 1548 2488 1872 2557; x_wconf 87' lang='lat' dir='ltr'><strong>impelleret,</strong></span> <span class='ocrx_word' id='word_1_321' title='bbox 1898 2495 2276 2556; x_wconf 72' lang='lat' dir='ltr'><strong>amputaretur</strong></span> <span class='ocrx_word' id='word_1_322' title='bbox 2297 2504 2309 2538; x_wconf 90' lang='lat'><strong>:</strong></span> <span class='ocrx_word' id='word_1_323' title='bbox 2332 2492 2495 2553; x_wconf 89' lang='lat' dir='ltr'><strong>epota</strong></span> <span class='ocrx_word' id='word_1_324' title='bbox 2528 2483 2742 2537; x_wconf 90' lang='lat' dir='ltr'><strong>scilicet</strong></span> <span class='ocrx_word' id='word_1_325' title='bbox 2770 2496 2831 2535; x_wconf 90' lang='lat' dir='ltr'><strong>ea</strong></span> <span class='ocrx_word' id='word_1_326' title='bbox 2851 2478 3148 2533; x_wconf 87' lang='lat' dir='ltr'><strong>occasione</strong></span> <span class='ocrx_word' id='word_1_327' title='bbox 3176 2490 3272 2530; x_wconf 90' lang='lat' dir='ltr'><strong>ore</strong></span> <span class='ocrx_word' id='word_1_328' title='bbox 3295 2474 3511 2544; x_wconf 88' lang='lat' dir='ltr'><strong>piorum</strong></span> <span class='ocrx_word' id='word_1_329' title='bbox 3600 2497 3619 2508; x_wconf 88' lang='lat'><strong>-</strong></span> 
     </span>
    </p>
   </div>
   <div class='ocr_carea' id='block_1_27' title="bbox 266 2565 3515 2648">
    <p class='ocr_par' dir='ltr' id='par_1_27' title="bbox 266 2565 3515 2648">
     <span class='ocr_line' id='line_1_27' title="bbox 266 2565 3515 2648; baseline -0.006 -16"><span class='ocrx_word' id='word_1_330' title='bbox 266 2579 571 2642; x_wconf 86' lang='lat' dir='ltr'><strong>hominum,</strong></span> <span class='ocrx_word' id='word_1_331' title='bbox 598 2579 742 2648; x_wconf 90' lang='lat' dir='ltr'><strong>quod</strong></span> <span class='ocrx_word' id='word_1_332' title='bbox 761 2577 965 2631; x_wconf 88' lang='lat' dir='ltr'><strong>accidit</strong></span> <span class='ocrx_word' id='word_1_333' title='bbox 997 2591 1126 2630; x_wconf 88' lang='lat' dir='ltr'><strong>vera</strong></span> <span class='ocrx_word' id='word_1_334' title='bbox 1147 2576 1521 2631; x_wconf 88' lang='lat' dir='ltr'><strong>confessione.</strong></span> <span class='ocrx_word' id='word_1_335' title='bbox 1555 2576 1667 2629; x_wconf 82' lang='lat' dir='ltr'><strong>Hac</strong></span> <span class='ocrx_word' id='word_1_336' title='bbox 1693 2574 2047 2630; x_wconf 81' lang='lat' dir='ltr'><strong>confessione</strong></span> <span class='ocrx_word' id='word_1_337' title='bbox 2066 2589 2187 2641; x_wconf 64' lang='lat' dir='ltr'><strong>quae</strong></span> <span class='ocrx_word' id='word_1_338' title='bbox 2208 2588 2303 2626; x_wconf 87' lang='lat' dir='ltr'><strong>ore</strong></span> <span class='ocrx_word' id='word_1_339' title='bbox 2331 2572 2409 2633; x_wconf 85' lang='lat' dir='ltr'><strong>lit,</strong></span> <span class='ocrx_word' id='word_1_340' title='bbox 2439 2571 2595 2623; x_wconf 75' lang='lat' dir='ltr'><strong>(trina</strong></span> <span class='ocrx_word' id='word_1_341' title='bbox 2633 2578 2688 2622; x_wconf 89' lang='lat' dir='ltr'><strong>et</strong></span> <span class='ocrx_word' id='word_1_342' title='bbox 2726 2568 2856 2632; x_wconf 79' lang='lat' dir='ltr'><strong>fixa,</strong></span> <span class='ocrx_word' id='word_1_343' title='bbox 2886 2565 3216 2619; x_wconf 75' lang='lat' dir='ltr'><strong>idololatria:</strong></span> <span class='ocrx_word' id='word_1_344' title='bbox 3254 2568 3515 2633; x_wconf 82' lang='lat' dir='ltr'><strong>mysteria</strong></span> 
     </span>
    </p>
   </div>
   <div class='ocr_carea' id='block_1_28' title="bbox 268 2647 3521 2735">
    <p class='ocr_par' dir='ltr' id='par_1_28' title="bbox 268 2647 3521 2735">
     <span class='ocr_line' id='line_1_28' title="bbox 268 2647 3521 2735; baseline -0.007 -15"><span class='ocrx_word' id='word_1_345' title='bbox 268 2668 446 2721; x_wconf 86' lang='lat' dir='ltr'><strong>instar</strong></span> <span class='ocrx_word' id='word_1_346' title='bbox 470 2647 630 2735; x_wconf 63' lang='lat' dir='ltr'><strong>aquae</strong></span> <span class='ocrx_word' id='word_1_347' title='bbox 656 2673 948 2719; x_wconf 87' lang='lat' dir='ltr'><strong>transeunt</strong></span> <span class='ocrx_word' id='word_1_348' title='bbox 979 2673 1034 2720; x_wconf 88' lang='lat' dir='ltr'><strong>et</strong></span> <span class='ocrx_word' id='word_1_349' title='bbox 1081 2664 1448 2718; x_wconf 90' lang='lat' dir='ltr'><strong>dilabuntur:</strong></span> <span class='ocrx_word' id='word_1_350' title='bbox 1497 2664 1753 2730; x_wconf 85' lang='lat' dir='ltr'><strong>quamvis</strong></span> <span class='ocrx_word' id='word_1_351' title='bbox 1787 2662 1879 2716; x_wconf 91' lang='lat' dir='ltr'><strong>illa</strong></span> <span class='ocrx_word' id='word_1_352' title='bbox 1904 2675 2043 2730; x_wconf 89' lang='lat' dir='ltr'><strong>aqua</strong></span> <span class='ocrx_word' id='word_1_353' title='bbox 2071 2660 2224 2730; x_wconf 88' lang='lat' dir='ltr'><strong>prius</strong></span> <span class='ocrx_word' id='word_1_354' title='bbox 2262 2659 2332 2712; x_wconf 89' lang='lat' dir='ltr'><strong>ab</strong></span> <span class='ocrx_word' id='word_1_355' title='bbox 2364 2657 2586 2712; x_wconf 85' lang='lat' dir='ltr'><strong>vesanis</strong></span> <span class='ocrx_word' id='word_1_356' title='bbox 2619 2653 2932 2708; x_wconf 87' lang='lat' dir='ltr'><strong>idololatris</strong></span> <span class='ocrx_word' id='word_1_357' title='bbox 2961 2665 3163 2705; x_wconf 91' lang='lat' dir='ltr'><strong>cruore</strong></span> <span class='ocrx_word' id='word_1_358' title='bbox 3197 2647 3362 2702; x_wconf 90' lang='lat' dir='ltr'><strong>fuerit</strong></span> <span class='ocrx_word' id='word_1_359' title='bbox 3393 2661 3521 2699; x_wconf 82' lang='lat' dir='ltr'><strong>cor-</strong></span> 
     </span>
    </p>
   </div>
   <div class='ocr_carea' id='block_1_29' title="bbox 270 2735 3520 2823">
    <p class='ocr_par' dir='ltr' id='par_1_29' title="bbox 270 2735 3520 2823">
     <span class='ocr_line' id='line_1_29' title="bbox 270 2735 3520 2823; baseline -0.006 -16"><span class='ocrx_word' id='word_1_360' title='bbox 270 2763 427 2823; x_wconf 86' lang='lat' dir='ltr'><strong>rupta</strong></span> <span class='ocrx_word' id='word_1_361' title='bbox 458 2760 514 2807; x_wconf 89' lang='lat' dir='ltr'><strong>et</strong></span> <span class='ocrx_word' id='word_1_362' title='bbox 563 2744 916 2806; x_wconf 84' lang='lat' dir='ltr'><strong>conturbata.</strong></span> <span class='ocrx_word' id='word_1_363' title='bbox 970 2749 1112 2803; x_wconf 89' lang='lat' dir='ltr'><strong>Natu</strong></span> <span class='ocrx_word' id='word_1_364' title='bbox 1143 2750 1237 2819; x_wconf 92' lang='lat' dir='ltr'><strong>qui</strong></span> <span class='ocrx_word' id='word_1_365' title='bbox 1288 2750 1441 2818; x_wconf 86' lang='lat' dir='ltr'><strong>prius</strong></span> <span class='ocrx_word' id='word_1_366' title='bbox 1475 2764 1674 2817; x_wconf 87' lang='lat' dir='ltr'><strong>magna</strong></span> <span class='ocrx_word' id='word_1_367' title='bbox 1723 2752 2079 2803; x_wconf 86' lang='lat' dir='ltr'><strong>veneratione</strong></span> <span class='ocrx_word' id='word_1_368' title='bbox 2120 2747 2175 2801; x_wconf 90' lang='lat' dir='ltr'><strong>in</strong></span> <span class='ocrx_word' id='word_1_369' title='bbox 2214 2761 2393 2816; x_wconf 80' lang='lat' dir='ltr'><strong>genua</strong></span> <span class='ocrx_word' id='word_1_370' title='bbox 2443 2742 2726 2813; x_wconf 86' lang='lat' dir='ltr'><strong>provoluti</strong></span> <span class='ocrx_word' id='word_1_371' title='bbox 2781 2735 3312 2800; x_wconf 72' lang='lat' dir='ltr'><strong>adorabantidola,</strong></span> <span class='ocrx_word' id='word_1_372' title='bbox 3373 2747 3520 2787; x_wconf 88' lang='lat' dir='ltr'><strong>nunc</strong></span> 
     </span>
    </p>
   </div>
   <div class='ocr_carea' id='block_1_30' title="bbox 268 2822 3522 2905">
    <p class='ocr_par' dir='ltr' id='par_1_30' title="bbox 268 2822 3522 2905">
     <span class='ocr_line' id='line_1_30' title="bbox 268 2822 3522 2905; baseline -0.007 -11"><span class='ocrx_word' id='word_1_373' title='bbox 268 2856 380 2894; x_wconf 85' lang='lat' dir='ltr'><strong>non</strong></span> <span class='ocrx_word' id='word_1_374' title='bbox 410 2848 635 2893; x_wconf 89' lang='lat' dir='ltr'><strong>cessant</strong></span> <span class='ocrx_word' id='word_1_375' title='bbox 686 2837 973 2891; x_wconf 86' lang='lat' dir='ltr'><strong>destruere</strong></span> <span class='ocrx_word' id='word_1_376' title='bbox 1026 2836 1356 2890; x_wconf 71' lang='lat' dir='ltr'><strong>idololatria:</strong></span> <span class='ocrx_word' id='word_1_377' title='bbox 1407 2836 1685 2905; x_wconf 77' lang='lat' dir='ltr'><strong>dogmata.</strong></span> <span class='ocrx_word' id='word_1_378' title='bbox 1734 2834 1935 2901; x_wconf 86' lang='lat' dir='ltr'><strong>Moses,</strong></span> <span class='ocrx_word' id='word_1_379' title='bbox 1969 2852 2094 2890; x_wconf 90' lang='lat' dir='ltr'><strong>cum</strong></span> <span class='ocrx_word' id='word_1_380' title='bbox 2141 2835 2210 2889; x_wconf 91' lang='lat' dir='ltr'><strong>de</strong></span> <span class='ocrx_word' id='word_1_381' title='bbox 2259 2833 2517 2888; x_wconf 87' lang='lat' dir='ltr'><strong>sontibus</strong></span> <span class='ocrx_word' id='word_1_382' title='bbox 2562 2840 2783 2899; x_wconf 88' lang='lat' dir='ltr'><strong>captum</strong></span> <span class='ocrx_word' id='word_1_383' title='bbox 2830 2835 2988 2881; x_wconf 90' lang='lat' dir='ltr'><strong>esset</strong></span> <span class='ocrx_word' id='word_1_384' title='bbox 3025 2822 3380 2894; x_wconf 89' lang='lat' dir='ltr'><strong>supplicium,</strong></span> <span class='ocrx_word' id='word_1_385' title='bbox 3423 2833 3522 2888; x_wconf 89' lang='lat' dir='ltr'><strong>pro</strong></span> 
     </span>
    </p>
   </div>
   <div class='ocr_carea' id='block_1_31' title="bbox 272 2905 3523 3002">
    <p class='ocr_par' dir='ltr' id='par_1_31' title="bbox 272 2905 3523 3002">
     <span class='ocr_line' id='line_1_31' title="bbox 272 2905 3523 3002; baseline -0.007 -21"><span class='ocrx_word' id='word_1_386' title='bbox 272 2927 502 2994; x_wconf 83' lang='lat' dir='ltr'><strong>reliquis</strong></span> <span class='ocrx_word' id='word_1_387' title='bbox 533 2925 599 2979; x_wconf 89' lang='lat' dir='ltr'><strong>ad</strong></span> <span class='ocrx_word' id='word_1_388' title='bbox 633 2940 824 3002; x_wconf 66' lang='lat' dir='ltr'><strong>pret-es</strong></span> <span class='ocrx_word' id='word_1_389' title='bbox 852 2922 1227 2984; x_wconf 86' lang='lat' dir='ltr'><strong>convertitur,</strong></span> <span class='ocrx_word' id='word_1_390' title='bbox 1258 2929 1485 2990; x_wconf 83' lang='lat' dir='ltr'><strong>propter</strong></span> <span class='ocrx_word' id='word_1_391' title='bbox 1510 2937 1657 2990; x_wconf 89' lang='lat' dir='ltr'><strong>quos</strong></span> <span class='ocrx_word' id='word_1_392' title='bbox 1707 2922 2011 2992; x_wconf 81' lang='lat' dir='ltr'><strong>digreditur</strong></span> <span class='ocrx_word' id='word_1_393' title='bbox 2051 2924 2277 2977; x_wconf 87' lang='lat' dir='ltr'><strong>castris.</strong></span> <span class='ocrx_word' id='word_1_394' title='bbox 2316 2918 2472 2973; x_wconf 83' lang='lat' dir='ltr'><strong>[laud</strong></span> <span class='ocrx_word' id='word_1_395' title='bbox 2522 2916 2819 2972; x_wconf 88' lang='lat' dir='ltr'><strong>dissimilia</strong></span> <span class='ocrx_word' id='word_1_396' title='bbox 2849 2913 2970 2967; x_wconf 85' lang='lat' dir='ltr'><strong>ausi</strong></span> <span class='ocrx_word' id='word_1_397' title='bbox 3012 2913 3238 2965; x_wconf 89' lang='lat' dir='ltr'><strong>fuerunt</strong></span> <span class='ocrx_word' id='word_1_398' title='bbox 3262 2905 3523 2962; x_wconf 83' lang='lat' dir='ltr'><strong>commit-</strong></span> 
     </span>
    </p>
   </div>
   <div class='ocr_carea' id='block_1_32' title="bbox 272 2995 3521 3083">
    <p class='ocr_par' dir='ltr' id='par_1_32' title="bbox 272 2995 3521 3083">
     <span class='ocr_line' id='line_1_32' title="bbox 272 2995 3521 3083; baseline -0.007 -14"><span class='ocrx_word' id='word_1_399' title='bbox 272 3028 386 3069; x_wconf 88' lang='lat' dir='ltr'><strong>tere</strong></span> <span class='ocrx_word' id='word_1_400' title='bbox 408 3012 583 3067; x_wconf 74' lang='lat' dir='ltr'><strong>Judtei</strong></span> <span class='ocrx_word' id='word_1_401' title='bbox 616 3014 670 3066; x_wconf 89' lang='lat' dir='ltr'><strong>in</strong></span> <span class='ocrx_word' id='word_1_402' title='bbox 722 2996 1008 3083; x_wconf 78' lang='lat' dir='ltr'><strong>Christum</strong></span> <span class='ocrx_word' id='word_1_403' title='bbox 1060 3016 1349 3064; x_wconf 88' lang='lat' dir='ltr'><strong>vocantem</strong></span> <span class='ocrx_word' id='word_1_404' title='bbox 1401 3024 1497 3064; x_wconf 89' lang='lat' dir='ltr'><strong>eos</strong></span> <span class='ocrx_word' id='word_1_405' title='bbox 1533 3010 1588 3062; x_wconf 89' lang='lat' dir='ltr'><strong>in</strong></span> <span class='ocrx_word' id='word_1_406' title='bbox 1636 3024 1865 3079; x_wconf 82' lang='lat' dir='ltr'><strong>regnum</strong></span> <span class='ocrx_word' id='word_1_407' title='bbox 1917 3012 2207 3074; x_wconf 74' lang='lat' dir='ltr'><strong>crelorum,</strong></span> <span class='ocrx_word' id='word_1_408' title='bbox 2238 3008 2705 3078; x_wconf 89' lang='lat' dir='ltr'><strong>quemadmodum</strong></span> <span class='ocrx_word' id='word_1_409' title='bbox 2734 3002 2914 3056; x_wconf 75' lang='lat' dir='ltr'><strong>Moses</strong></span> <span class='ocrx_word' id='word_1_410' title='bbox 2942 3002 2997 3055; x_wconf 89' lang='lat' dir='ltr'><strong>in</strong></span> <span class='ocrx_word' id='word_1_411' title='bbox 3030 3007 3232 3053; x_wconf 85' lang='lat' dir='ltr'><strong>terram</strong></span> <span class='ocrx_word' id='word_1_412' title='bbox 3267 2995 3521 3065; x_wconf 83' lang='lat' dir='ltr'><strong>promis-</strong></span> 
     </span>
    </p>
   </div>
   <div class='ocr_carea' id='block_1_33' title="bbox 272 3080 3525 3169">
    <p class='ocr_par' dir='ltr' id='par_1_33' title="bbox 272 3080 3525 3169">
     <span class='ocr_line' id='line_1_33' title="bbox 272 3080 3525 3169; baseline -0.007 -12"><span class='ocrx_word' id='word_1_413' title='bbox 272 3104 447 3158; x_wconf 74' lang='lat' dir='ltr'><strong>sionis</strong></span> <span class='ocrx_word' id='word_1_414' title='bbox 479 3121 493 3154; x_wconf 71' lang='grc' dir='ltr'>ς</span> <span class='ocrx_word' id='word_1_415' title='bbox 523 3112 581 3155; x_wconf 91' lang='lat' dir='ltr'><strong>et</strong></span> <span class='ocrx_word' id='word_1_416' title='bbox 629 3080 1043 3169; x_wconf 82' lang='lat' dir='ltr'><strong>promittentem</strong></span> <span class='ocrx_word' id='word_1_417' title='bbox 1094 3113 1151 3152; x_wconf 86' lang='lat' dir='ltr'><strong>se</strong></span> <span class='ocrx_word' id='word_1_418' title='bbox 1207 3098 1577 3151; x_wconf 87' lang='lat' dir='ltr'><strong>liberaturum</strong></span> <span class='ocrx_word' id='word_1_419' title='bbox 1616 3097 1828 3162; x_wconf 75' lang='lat' dir='ltr'><strong>fideles,</strong></span> <span class='ocrx_word' id='word_1_420' title='bbox 1875 3095 2342 3167; x_wconf 83' lang='lat' dir='ltr'><strong>quemadmodum</strong></span> <span class='ocrx_word' id='word_1_421' title='bbox 2379 3094 2559 3149; x_wconf 50' lang='grc' dir='ltr'><strong>Μίμας</strong></span> <span class='ocrx_word' id='word_1_422' title='bbox 2609 3092 2898 3147; x_wconf 86' lang='lat' dir='ltr'><strong>servitutis</strong></span> <span class='ocrx_word' id='word_1_423' title='bbox 2930 3088 3120 3158; x_wconf 80' lang='lat' dir='ltr'><strong>iugum</strong></span> <span class='ocrx_word' id='word_1_424' title='bbox 3151 3084 3383 3139; x_wconf 89' lang='lat' dir='ltr'><strong>abstuiit</strong></span> <span class='ocrx_word' id='word_1_425' title='bbox 3420 3080 3525 3135; x_wconf 81' lang='lat' dir='ltr'><strong>Ju-</strong></span> 
     </span>
    </p>
   </div>
   <div class='ocr_carea' id='block_1_34' title="bbox 276 3169 3529 3256">
    <p class='ocr_par' dir='ltr' id='par_1_34' title="bbox 276 3169 3529 3256">
     <span class='ocr_line' id='line_1_34' title="bbox 276 3169 3529 3256; baseline -0.007 -13"><span class='ocrx_word' id='word_1_426' title='bbox 276 3193 428 3245; x_wconf 74' lang='lat' dir='ltr'><strong>rlteis.</strong></span> <span class='ocrx_word' id='word_1_427' title='bbox 461 3188 734 3242; x_wconf 76' lang='lat' dir='ltr'><strong>Prurterea</strong></span> <span class='ocrx_word' id='word_1_428' title='bbox 777 3202 952 3256; x_wconf 69' lang='lat' dir='ltr'><strong>agnus</strong></span> <span class='ocrx_word' id='word_1_429' title='bbox 985 3184 1263 3254; x_wconf 72' lang='lat' dir='ltr'><strong>paschalis</strong></span> <span class='ocrx_word' id='word_1_430' title='bbox 1316 3184 1629 3238; x_wconf 82' lang='lat' dir='ltr'><strong>luculenter</strong></span> <span class='ocrx_word' id='word_1_431' title='bbox 1672 3184 1921 3248; x_wconf 87' lang='lat' dir='ltr'><strong>docebat,</strong></span> <span class='ocrx_word' id='word_1_432' title='bbox 1965 3184 2285 3253; x_wconf 86' lang='lat' dir='ltr'><strong>sanguinem</strong></span> <span class='ocrx_word' id='word_1_433' title='bbox 2326 3180 2535 3235; x_wconf 86' lang='lat' dir='ltr'><strong>Christi</strong></span> <span class='ocrx_word' id='word_1_434' title='bbox 2569 3179 2805 3234; x_wconf 88' lang='lat' dir='ltr'><strong>salutem</strong></span> <span class='ocrx_word' id='word_1_435' title='bbox 2859 3175 3023 3245; x_wconf 82' lang='lat'><strong>310</strong></span> <span class='ocrx_word' id='word_1_436' title='bbox 3076 3172 3303 3241; x_wconf 72' lang='lat' dir='ltr'><strong>elargiri</strong></span> <span class='ocrx_word' id='word_1_437' title='bbox 3344 3169 3529 3223; x_wconf 83' lang='lat' dir='ltr'><strong>lldeli-</strong></span> 
     </span>
    </p>
   </div>
   <div class='ocr_carea' id='block_1_35' title="bbox 277 3258 3532 3345">
    <p class='ocr_par' dir='ltr' id='par_1_35' title="bbox 277 3258 3532 3345">
     <span class='ocr_line' id='line_1_35' title="bbox 277 3258 3532 3345; baseline -0.008 -13"><span class='ocrx_word' id='word_1_438' title='bbox 277 3280 399 3332; x_wconf 90' lang='lat' dir='ltr'><strong>bus.</strong></span> <span class='ocrx_word' id='word_1_439' title='bbox 427 3278 495 3329; x_wconf 83' lang='lat' dir='ltr'><strong>At</strong></span> <span class='ocrx_word' id='word_1_440' title='bbox 527 3275 717 3345; x_wconf 85' lang='lat' dir='ltr'><strong>perfidi</strong></span> <span class='ocrx_word' id='word_1_441' title='bbox 747 3271 924 3327; x_wconf 68' lang='lat' dir='ltr'><strong>Judaei</strong></span> <span class='ocrx_word' id='word_1_442' title='bbox 961 3279 1041 3325; x_wconf 89' lang='lat' dir='ltr'><strong>tot</strong></span> <span class='ocrx_word' id='word_1_443' title='bbox 1075 3272 1358 3340; x_wconf 85' lang='lat' dir='ltr'><strong>tantisque</strong></span> <span class='ocrx_word' id='word_1_444' title='bbox 1394 3272 1542 3341; x_wconf 85' lang='lat' dir='ltr'><strong>typis</strong></span> <span class='ocrx_word' id='word_1_445' title='bbox 1587 3272 1796 3341; x_wconf 85' lang='lat' dir='ltr'><strong>spretis</strong></span> <span class='ocrx_word' id='word_1_446' title='bbox 1844 3279 1900 3326; x_wconf 88' lang='lat' dir='ltr'><strong>et</strong></span> <span class='ocrx_word' id='word_1_447' title='bbox 1959 3271 2315 3339; x_wconf 88' lang='lat' dir='ltr'><strong>contemptis,</strong></span> <span class='ocrx_word' id='word_1_448' title='bbox 2373 3268 2742 3337; x_wconf 88' lang='lat' dir='ltr'><strong>abripuerunt</strong></span> <span class='ocrx_word' id='word_1_449' title='bbox 2791 3264 3104 3326; x_wconf 81' lang='lat' dir='ltr'><strong>doctrinas,</strong></span> <span class='ocrx_word' id='word_1_450' title='bbox 3153 3274 3279 3329; x_wconf 64' lang='lat' dir='ltr'><strong>quae</strong></span> <span class='ocrx_word' id='word_1_451' title='bbox 3311 3258 3532 3310; x_wconf 88' lang='lat' dir='ltr'><strong>fuerunt</strong></span> 
     </span>
    </p>
   </div>
   <div class='ocr_carea' id='block_1_36' title="bbox 278 3344 3530 3434">
    <p class='ocr_par' dir='ltr' id='par_1_36' title="bbox 278 3344 3530 3434">
     <span class='ocr_line' id='line_1_36' title="bbox 278 3344 3530 3434; baseline -0.006 -17"><span class='ocrx_word' id='word_1_452' title='bbox 278 3344 543 3434; x_wconf 74' lang='lat' dir='ltr'><strong>praecepta</strong></span> <span class='ocrx_word' id='word_1_453' title='bbox 595 3361 905 3424; x_wconf 89' lang='lat' dir='ltr'><strong>hominum,</strong></span> <span class='ocrx_word' id='word_1_454' title='bbox 959 3368 1013 3412; x_wconf 91' lang='lat' dir='ltr'><strong>et</strong></span> <span class='ocrx_word' id='word_1_455' title='bbox 1057 3354 1365 3428; x_wconf 82' lang='lat' dir='ltr'><strong>elegerunt,</strong></span> <span class='ocrx_word' id='word_1_456' title='bbox 1405 3358 1607 3425; x_wconf 85' lang='lat' dir='ltr'><strong>quibus</strong></span> <span class='ocrx_word' id='word_1_457' title='bbox 1662 3358 1978 3420; x_wconf 87' lang='lat' dir='ltr'><strong>crederent,</strong></span> <span class='ocrx_word' id='word_1_458' title='bbox 2024 3357 2247 3411; x_wconf 85' lang='lat' dir='ltr'><strong>fraudes</strong></span> <span class='ocrx_word' id='word_1_459' title='bbox 2279 3366 2332 3410; x_wconf 86' lang='lat' dir='ltr'><strong>et</strong></span> <span class='ocrx_word' id='word_1_460' title='bbox 2373 3356 2532 3411; x_wconf 93' lang='lat' dir='ltr'><strong>dolos</strong></span> <span class='ocrx_word' id='word_1_461' title='bbox 2576 3353 2789 3414; x_wconf 64' lang='lat' dir='ltr'><strong>saeculi,</strong></span> <span class='ocrx_word' id='word_1_462' title='bbox 2827 3350 3032 3420; x_wconf 81' lang='lat' dir='ltr'><strong>quibus</strong></span> <span class='ocrx_word' id='word_1_463' title='bbox 3066 3349 3141 3402; x_wconf 87' lang='lat' dir='ltr'><strong>ita</strong></span> <span class='ocrx_word' id='word_1_464' title='bbox 3183 3355 3314 3402; x_wconf 89' lang='lat' dir='ltr'><strong>sunt</strong></span> <span class='ocrx_word' id='word_1_465' title='bbox 3348 3344 3530 3398; x_wconf 78' lang='lat' dir='ltr'><strong>allecti</strong></span> 
     </span>
    </p>
   </div>
   <div class='ocr_carea' id='block_1_37' title="bbox 277 3432 3527 3514">
    <p class='ocr_par' dir='ltr' id='par_1_37' title="bbox 277 3432 3527 3514">
     <span class='ocr_line' id='line_1_37' title="bbox 277 3432 3527 3514; baseline -0.008 -8"><span class='ocrx_word' id='word_1_466' title='bbox 277 3464 330 3506; x_wconf 84' lang='lat' dir='ltr'><strong>et</strong></span> <span class='ocrx_word' id='word_1_467' title='bbox 359 3432 632 3514; x_wconf 84' lang='lat' dir='ltr'><strong>subversi,</strong></span> <span class='ocrx_word' id='word_1_468' title='bbox 672 3458 730 3501; x_wconf 90' lang='lat' dir='ltr'><strong>ut</strong></span> <span class='ocrx_word' id='word_1_469' title='bbox 781 3453 1213 3514; x_wconf 80' lang='lat' dir='ltr'><strong>aspernarentur</strong></span> <span class='ocrx_word' id='word_1_470' title='bbox 1265 3444 1569 3509; x_wconf 80' lang='lat' dir='ltr'><strong>Christum,</strong></span> <span class='ocrx_word' id='word_1_471' title='bbox 1600 3453 1653 3499; x_wconf 90' lang='lat' dir='ltr'><strong>et</strong></span> <span class='ocrx_word' id='word_1_472' title='bbox 1692 3445 1756 3498; x_wconf 89' lang='lat' dir='ltr'><strong>ad</strong></span> <span class='ocrx_word' id='word_1_473' title='bbox 1797 3446 2016 3513; x_wconf 88' lang='lat' dir='ltr'><strong>nuptias</strong></span> <span class='ocrx_word' id='word_1_474' title='bbox 2060 3446 2253 3499; x_wconf 89' lang='lat' dir='ltr'><strong>scdulo</strong></span> <span class='ocrx_word' id='word_1_475' title='bbox 2300 3443 2540 3508; x_wconf 89' lang='lat' dir='ltr'><strong>invitati,</strong></span> <span class='ocrx_word' id='word_1_476' title='bbox 2580 3442 2769 3495; x_wconf 89' lang='lat' dir='ltr'><strong>venire</strong></span> <span class='ocrx_word' id='word_1_477' title='bbox 2806 3442 3135 3492; x_wconf 89' lang='lat' dir='ltr'><strong>recusarent</strong></span> <span class='ocrx_word' id='word_1_478' title='bbox 3164 3432 3235 3487; x_wconf 73' lang='lat'><strong>“.</strong></span> <span class='ocrx_word' id='word_1_479' title='bbox 3262 3432 3527 3501; x_wconf 86' lang='lat' dir='ltr'><strong>Quapro-</strong></span> 
     </span>
    </p>
   </div>
   <div class='ocr_carea' id='block_1_38' title="bbox 280 3526 3537 3605">
    <p class='ocr_par' dir='ltr' id='par_1_38' title="bbox 280 3526 3537 3605">
     <span class='ocr_line' id='line_1_38' title="bbox 280 3526 3537 3605; baseline -0.005 -19"><span class='ocrx_word' id='word_1_480' title='bbox 280 3543 399 3603; x_wconf 89' lang='lat' dir='ltr'><strong>pter</strong></span> <span class='ocrx_word' id='word_1_481' title='bbox 438 3549 564 3588; x_wconf 90' lang='lat' dir='ltr'><strong>cum</strong></span> <span class='ocrx_word' id='word_1_482' title='bbox 600 3542 815 3605; x_wconf 81' lang='lat' dir='ltr'><strong>tempus</strong></span> <span class='ocrx_word' id='word_1_483' title='bbox 846 3530 1187 3594; x_wconf 85' lang='lat' dir='ltr'><strong>advenisset,</strong></span> <span class='ocrx_word' id='word_1_484' title='bbox 1231 3544 1342 3598; x_wconf 87' lang='lat' dir='ltr'><strong>quo</strong></span> <span class='ocrx_word' id='word_1_485' title='bbox 1396 3529 1649 3582; x_wconf 86' lang='lat' dir='ltr'><strong>scelerati</strong></span> <span class='ocrx_word' id='word_1_486' title='bbox 1709 3528 1787 3582; x_wconf 91' lang='lat' dir='ltr'><strong>illi</strong></span> <span class='ocrx_word' id='word_1_487' title='bbox 1840 3528 2094 3585; x_wconf 77' lang='lat' dir='ltr'><strong>funditus</strong></span> <span class='ocrx_word' id='word_1_488' title='bbox 2136 3532 2451 3594; x_wconf 89' lang='lat' dir='ltr'><strong>interirent,</strong></span> <span class='ocrx_word' id='word_1_489' title='bbox 2516 3536 2841 3582; x_wconf 88' lang='lat' dir='ltr'><strong>sanctorum</strong></span> <span class='ocrx_word' id='word_1_490' title='bbox 2898 3538 3095 3594; x_wconf 82' lang='lat' dir='ltr'><strong>preces</strong></span> <span class='ocrx_word' id='word_1_491' title='bbox 3125 3526 3537 3575; x_wconf 84' lang='lat' dir='ltr'><strong>conscrvarunt</strong></span> 
     </span>
    </p>
   </div>
   <div class='ocr_carea' id='block_1_39' title="bbox 283 3605 3522 3691">
    <p class='ocr_par' dir='ltr' id='par_1_39' title="bbox 283 3605 3522 3691">
     <span class='ocr_line' id='line_1_39' title="bbox 283 3605 3522 3691; baseline -0.006 -15"><span class='ocrx_word' id='word_1_492' title='bbox 283 3623 548 3691; x_wconf 83' lang='lat' dir='ltr'><strong>reliquias</strong></span> <span class='ocrx_word' id='word_1_493' title='bbox 579 3641 592 3676; x_wconf 92' lang='lat'>:</span> <span class='ocrx_word' id='word_1_494' title='bbox 622 3637 746 3675; x_wconf 91' lang='lat' dir='ltr'><strong>cum</strong></span> <span class='ocrx_word' id='word_1_495' title='bbox 790 3619 1039 3673; x_wconf 80' lang='lat' dir='ltr'><strong>Romana</strong></span> <span class='ocrx_word' id='word_1_496' title='bbox 1071 3634 1224 3671; x_wconf 86' lang='lat' dir='ltr'><strong>arma</strong></span> <span class='ocrx_word' id='word_1_497' title='bbox 1251 3627 1484 3673; x_wconf 70' lang='lat' dir='ltr'><strong>caeteros</strong></span> <span class='ocrx_word' id='word_1_498' title='bbox 1536 3618 1916 3672; x_wconf 84' lang='lat' dir='ltr'><strong>absumerent.</strong></span> <span class='ocrx_word' id='word_1_499' title='bbox 1968 3618 2443 3685; x_wconf 83' lang='lat' dir='ltr'><strong>Quemadmodum</strong></span> <span class='ocrx_word' id='word_1_500' title='bbox 2481 3615 2793 3685; x_wconf 86' lang='lat' dir='ltr'><strong>antiquitus</strong></span> <span class='ocrx_word' id='word_1_501' title='bbox 2821 3612 3167 3667; x_wconf 80' lang='lat' dir='ltr'><strong>exuebautur</strong></span> <span class='ocrx_word' id='word_1_502' title='bbox 3200 3608 3363 3661; x_wconf 89' lang='lat' dir='ltr'><strong>stolis</strong></span> <span class='ocrx_word' id='word_1_503' title='bbox 3389 3645 3403 3669; x_wconf 98' lang='lat'><strong>,</strong></span> <span class='ocrx_word' id='word_1_504' title='bbox 3440 3605 3522 3658; x_wconf 89' lang='lat' dir='ltr'><strong>sic</strong></span> 
     </span>
    </p>
   </div>
   <div class='ocr_carea' id='block_1_40' title="bbox 282 3693 3534 3779">
    <p class='ocr_par' dir='ltr' id='par_1_40' title="bbox 282 3693 3534 3779">
     <span class='ocr_line' id='line_1_40' title="bbox 282 3693 3534 3779; baseline -0.005 -20"><span class='ocrx_word' id='word_1_505' title='bbox 282 3711 467 3779; x_wconf 82' lang='lat' dir='ltr'><strong>gloriae</strong></span> <span class='ocrx_word' id='word_1_506' title='bbox 508 3709 700 3774; x_wconf 89' lang='lat' dir='ltr'><strong>vestis,</strong></span> <span class='ocrx_word' id='word_1_507' title='bbox 735 3723 857 3776; x_wconf 65' lang='lat' dir='ltr'><strong>quae</strong></span> <span class='ocrx_word' id='word_1_508' title='bbox 887 3714 1011 3761; x_wconf 85' lang='lat' dir='ltr'><strong>erat</strong></span> <span class='ocrx_word' id='word_1_509' title='bbox 1061 3705 1340 3770; x_wconf 87' lang='lat' dir='ltr'><strong>Christus,</strong></span> <span class='ocrx_word' id='word_1_510' title='bbox 1389 3706 1526 3773; x_wconf 89' lang='lat' dir='ltr'><strong>ipsis</strong></span> <span class='ocrx_word' id='word_1_511' title='bbox 1577 3704 1827 3758; x_wconf 85' lang='lat' dir='ltr'><strong>detracta</strong></span> <span class='ocrx_word' id='word_1_512' title='bbox 1867 3716 1971 3761; x_wconf 86' lang='lat' dir='ltr'><strong>est.</strong></span> <span class='ocrx_word' id='word_1_513' title='bbox 2040 3707 2142 3760; x_wconf 80' lang='lat' dir='ltr'><strong>Hic</strong></span> <span class='ocrx_word' id='word_1_514' title='bbox 2189 3707 2475 3776; x_wconf 80' lang='lat' dir='ltr'><strong>digressus</strong></span> <span class='ocrx_word' id='word_1_515' title='bbox 2514 3710 2599 3757; x_wconf 89' lang='lat' dir='ltr'><strong>est</strong></span> <span class='ocrx_word' id='word_1_516' title='bbox 2639 3703 2708 3754; x_wconf 91' lang='lat' dir='ltr'><strong>ab</strong></span> <span class='ocrx_word' id='word_1_517' title='bbox 2752 3701 2885 3764; x_wconf 83' lang='lat' dir='ltr'><strong>illis,</strong></span> <span class='ocrx_word' id='word_1_518' title='bbox 2926 3694 3393 3767; x_wconf 83' lang='lat' dir='ltr'><strong>quemadmodum</strong></span> <span class='ocrx_word' id='word_1_519' title='bbox 3427 3693 3534 3746; x_wconf 84' lang='lat' dir='ltr'><strong>iste</strong></span> 
     </span>
    </p>
   </div>
   <div class='ocr_carea' id='block_1_41' title="bbox 282 3777 3533 3859">
    <p class='ocr_par' dir='ltr' id='par_1_41' title="bbox 282 3777 3533 3859">
     <span class='ocr_line' id='line_1_41' title="bbox 282 3777 3533 3859; baseline -0.007 -10"><span class='ocrx_word' id='word_1_520' title='bbox 282 3805 591 3849; x_wconf 80' lang='lat' dir='ltr'><strong>recesserat</strong></span> <span class='ocrx_word' id='word_1_521' title='bbox 617 3795 687 3848; x_wconf 92' lang='lat' dir='ltr'><strong>ab</strong></span> <span class='ocrx_word' id='word_1_522' title='bbox 722 3802 919 3847; x_wconf 87' lang='lat' dir='ltr'><strong>eorum</strong></span> <span class='ocrx_word' id='word_1_523' title='bbox 968 3792 1368 3847; x_wconf 88' lang='lat' dir='ltr'><strong>tabernaculis.</strong></span> <span class='ocrx_word' id='word_1_524' title='bbox 1405 3791 1648 3846; x_wconf 86' lang='lat' dir='ltr'><strong>Desertis</strong></span> <span class='ocrx_word' id='word_1_525' title='bbox 1696 3805 1933 3859; x_wconf 89' lang='lat' dir='ltr'><strong>namque</strong></span> <span class='ocrx_word' id='word_1_526' title='bbox 1964 3789 2184 3843; x_wconf 87' lang='lat' dir='ltr'><strong>illorqu</strong></span> <span class='ocrx_word' id='word_1_527' title='bbox 2218 3789 2441 3852; x_wconf 84' lang='lat' dir='ltr'><strong>castris,</strong></span> <span class='ocrx_word' id='word_1_528' title='bbox 2478 3787 2616 3840; x_wconf 91' lang='lat' dir='ltr'><strong>abiit</strong></span> <span class='ocrx_word' id='word_1_529' title='bbox 2656 3798 2823 3853; x_wconf 89' lang='lat' dir='ltr'><strong>quam</strong></span> <span class='ocrx_word' id='word_1_530' title='bbox 2862 3780 3184 3852; x_wconf 82' lang='lat' dir='ltr'><strong>longissime</strong></span> <span class='ocrx_word' id='word_1_531' title='bbox 3215 3777 3281 3830; x_wconf 91' lang='lat' dir='ltr'><strong>ad</strong></span> <span class='ocrx_word' id='word_1_532' title='bbox 3321 3782 3533 3845; x_wconf 80' lang='lat' dir='ltr'><strong>gentes,</strong></span> 
     </span>
    </p>
   </div>
   <div class='ocr_carea' id='block_1_42' title="bbox 284 3859 3537 3951">
    <p class='ocr_par' dir='ltr' id='par_1_42' title="bbox 284 3859 3537 3951">
     <span class='ocr_line' id='line_1_42' title="bbox 284 3859 3537 3951; baseline -0.007 -15"><span class='ocrx_word' id='word_1_533' title='bbox 284 3882 470 3951; x_wconf 79' lang='lat' dir='ltr'><strong>ibique</strong></span> <span class='ocrx_word' id='word_1_534' title='bbox 496 3882 921 3935; x_wconf 86' lang='lat' dir='ltr'><strong>tabernaculum</strong></span> <span class='ocrx_word' id='word_1_535' title='bbox 970 3879 1114 3943; x_wconf 77' lang='lat' dir='ltr'><strong>fixit,</strong></span> <span class='ocrx_word' id='word_1_536' title='bbox 1150 3879 1373 3932; x_wconf 84' lang='lat' dir='ltr'><strong>scilicet</strong></span> <span class='ocrx_word' id='word_1_537' title='bbox 1414 3877 1717 3931; x_wconf 86' lang='lat' dir='ltr'><strong>Ecclesiam</strong></span> <span class='ocrx_word' id='word_1_538' title='bbox 1749 3877 2084 3940; x_wconf 77' lang='lat' dir='ltr'><strong>construxit,</strong></span> <span class='ocrx_word' id='word_1_539' title='bbox 2129 3890 2291 3945; x_wconf 89' lang='lat' dir='ltr'><strong>quam</strong></span> <span class='ocrx_word' id='word_1_540' title='bbox 2344 3874 2429 3929; x_wconf 90' lang='lat' dir='ltr'><strong>sui</strong></span> <span class='ocrx_word' id='word_1_541' title='bbox 2460 3874 2604 3943; x_wconf 87' lang='lat' dir='ltr'><strong>juris</strong></span> <span class='ocrx_word' id='word_1_542' title='bbox 2646 3872 2881 3935; x_wconf 84' lang='lat' dir='ltr'><strong>faciens,</strong></span> <span class='ocrx_word' id='word_1_543' title='bbox 2922 3867 3101 3937; x_wconf 87' lang='lat' dir='ltr'><strong>inquit</strong></span> <span class='ocrx_word' id='word_1_544' title='bbox 3135 3884 3147 3918; x_wconf 87' lang='lat'><strong>:</strong></span> <span class='ocrx_word' id='word_1_545' title='bbox 3185 3883 3204 3915; x_wconf 75' lang='grc' dir='ltr'>ι</span> <span class='ocrx_word' id='word_1_546' title='bbox 3246 3863 3345 3917; x_wconf 83' lang='lat' dir='ltr'><strong>llic</strong></span> <span class='ocrx_word' id='word_1_547' title='bbox 3377 3859 3537 3914; x_wconf 86' lang='lat' dir='ltr'><strong>habi-</strong></span> 
     </span>
    </p>
   </div>
   <div class='ocr_carea' id='block_1_43' title="bbox 285 3944 3534 4038">
    <p class='ocr_par' dir='ltr' id='par_1_43' title="bbox 285 3944 3534 4038">
     <span class='ocr_line' id='line_1_43' title="bbox 285 3944 3534 4038; baseline -0.01 -14"><span class='ocrx_word' id='word_1_548' title='bbox 285 3944 433 4034; x_wconf 76' lang='lat' dir='ltr'><strong>tabo,</strong></span> <span class='ocrx_word' id='word_1_549' title='bbox 470 3958 602 4038; x_wconf 87' lang='lat' dir='ltr'><strong>quia</strong></span> <span class='ocrx_word' id='word_1_550' title='bbox 635 3969 773 4038; x_wconf 85' lang='lat' dir='ltr'><strong>elegi</strong></span> <span class='ocrx_word' id='word_1_551' title='bbox 826 3983 949 4022; x_wconf 90' lang='lat' dir='ltr'><strong>eam</strong></span> <span class='ocrx_word' id='word_1_552' title='bbox 990 3967 1058 4022; x_wconf 80' lang='grc'><strong>⁵⁸.</strong></span> <span class='ocrx_word' id='word_1_553' title='bbox 1098 3985 1117 4017; x_wconf 74' lang='grc' dir='ltr'><strong><em>ι</em></strong></span> <span class='ocrx_word' id='word_1_554' title='bbox 1168 3965 1320 4021; x_wconf 84' lang='lat' dir='ltr'><strong>Hanc</strong></span> <span class='ocrx_word' id='word_1_555' title='bbox 1349 3967 1603 4020; x_wconf 82' lang='lat' dir='ltr'><strong>vestibus</strong></span> <span class='ocrx_word' id='word_1_556' title='bbox 1655 3965 1857 4033; x_wconf 77' lang='lat' dir='ltr'><strong>quibus</strong></span> <span class='ocrx_word' id='word_1_557' title='bbox 1909 3944 2241 4029; x_wconf 84' lang='lat' dir='ltr'><strong>despoliavit</strong></span> <span class='ocrx_word' id='word_1_558' title='bbox 2288 3957 2540 4027; x_wconf 90' lang='lat' dir='ltr'><strong>perditos</strong></span> <span class='ocrx_word' id='word_1_559' title='bbox 2586 3954 2834 4017; x_wconf 72' lang='lat' dir='ltr'><strong>Judteos,</strong></span> <span class='ocrx_word' id='word_1_560' title='bbox 2873 3951 3098 4006; x_wconf 88' lang='lat' dir='ltr'><strong>vestivit</strong></span> <span class='ocrx_word' id='word_1_561' title='bbox 3127 3959 3181 4002; x_wconf 92' lang='lat' dir='ltr'><strong>et</strong></span> <span class='ocrx_word' id='word_1_562' title='bbox 3222 3944 3534 4001; x_wconf 84' lang='lat' dir='ltr'><strong>exornavit.</strong></span> 
     </span>
    </p>
   </div>
   <div class='ocr_carea' id='block_1_44' title="bbox 286 4029 3542 4125">
    <p class='ocr_par' dir='ltr' id='par_1_44' title="bbox 286 4029 3542 4125">
     <span class='ocr_line' id='line_1_44' title="bbox 286 4029 3542 4125; baseline -0.008 -18"><span class='ocrx_word' id='word_1_563' title='bbox 286 4029 636 4125; x_wconf 76' lang='lat' dir='ltr'><strong>Quapropter</strong></span> <span class='ocrx_word' id='word_1_564' title='bbox 690 4029 809 4107; x_wconf 67' lang='lat' dir='ltr'><strong>ait:</strong></span> <span class='ocrx_word' id='word_1_565' title='bbox 857 4071 875 4103; x_wconf 75' lang='grc' dir='ltr'>ι</span> <span class='ocrx_word' id='word_1_566' title='bbox 922 4052 1176 4106; x_wconf 82' lang='lat' dir='ltr'><strong>Exsultet</strong></span> <span class='ocrx_word' id='word_1_567' title='bbox 1226 4051 1413 4123; x_wconf 82' lang='lat' dir='ltr'><strong>anima</strong></span> <span class='ocrx_word' id='word_1_568' title='bbox 1452 4066 1572 4104; x_wconf 90' lang='lat' dir='ltr'><strong>mea</strong></span> <span class='ocrx_word' id='word_1_569' title='bbox 1621 4029 1684 4104; x_wconf 27' lang='lat' dir='ltr'><strong>in.</strong></span> <span class='ocrx_word' id='word_1_570' title='bbox 1730 4050 1981 4104; x_wconf 82' lang='lat' dir='ltr'><strong>Domino.</strong></span> <span class='ocrx_word' id='word_1_571' title='bbox 2027 4046 2213 4101; x_wconf 85' lang='lat' dir='ltr'><strong>Induit</strong></span> <span class='ocrx_word' id='word_1_572' title='bbox 2249 4046 2395 4100; x_wconf 89' lang='lat' dir='ltr'><strong>enim</strong></span> <span class='ocrx_word' id='word_1_573' title='bbox 2448 4059 2534 4098; x_wconf 89' lang='lat' dir='ltr'><strong>me</strong></span> <span class='ocrx_word' id='word_1_574' title='bbox 2569 4042 2909 4096; x_wconf 90' lang='lat' dir='ltr'><strong>vestimento</strong></span> <span class='ocrx_word' id='word_1_575' title='bbox 2959 4035 3186 4098; x_wconf 84' lang='lat' dir='ltr'><strong>salutis,</strong></span> <span class='ocrx_word' id='word_1_576' title='bbox 3246 4042 3302 4087; x_wconf 89' lang='lat' dir='ltr'><strong>et</strong></span> <span class='ocrx_word' id='word_1_577' title='bbox 3350 4029 3542 4083; x_wconf 73' lang='lat' dir='ltr'><strong>tunica</strong></span> 
     </span>
    </p>
   </div>
   <div class='ocr_carea' id='block_1_45' title="bbox 287 4117 3543 4212">
    <p class='ocr_par' dir='ltr' id='par_1_45' title="bbox 287 4117 3543 4212">
     <span class='ocr_line' id='line_1_45' title="bbox 287 4117 3543 4212; baseline -0.009 -15"><span class='ocrx_word' id='word_1_578' title='bbox 287 4146 536 4199; x_wconf 69' lang='lat' dir='ltr'><strong>lzetitite:</strong></span> <span class='ocrx_word' id='word_1_579' title='bbox 579 4141 847 4212; x_wconf 89' lang='lat' dir='ltr'><strong>imposuit</strong></span> <span class='ocrx_word' id='word_1_580' title='bbox 904 4140 1042 4194; x_wconf 87' lang='lat' dir='ltr'><strong>mihi</strong></span> <span class='ocrx_word' id='word_1_581' title='bbox 1077 4118 1326 4203; x_wconf 82' lang='lat' dir='ltr'><strong>mitram,</strong></span> <span class='ocrx_word' id='word_1_582' title='bbox 1368 4146 1423 4193; x_wconf 94' lang='lat' dir='ltr'><strong>et</strong></span> <span class='ocrx_word' id='word_1_583' title='bbox 1475 4146 1536 4192; x_wconf 91' lang='lat' dir='ltr'><strong>ut</strong></span> <span class='ocrx_word' id='word_1_584' title='bbox 1587 4153 1848 4208; x_wconf 83' lang='lat' dir='ltr'><strong>sponsam</strong></span> <span class='ocrx_word' id='word_1_585' title='bbox 1892 4151 1980 4192; x_wconf 84' lang='lat' dir='ltr'><strong>me</strong></span> <span class='ocrx_word' id='word_1_586' title='bbox 2028 4133 2409 4191; x_wconf 89' lang='lat' dir='ltr'><strong>cohonestavit</strong></span> <span class='ocrx_word' id='word_1_587' title='bbox 2451 4129 2805 4187; x_wconf 89' lang='lat' dir='ltr'><strong>ornamentis</strong></span> <span class='ocrx_word' id='word_1_588' title='bbox 2842 4124 3109 4198; x_wconf 89' lang='lat' dir='ltr'><strong>plurimis</strong></span> <span class='ocrx_word' id='word_1_589' title='bbox 3141 4122 3213 4174; x_wconf 78' lang='lat'><strong>&quot;.</strong></span> <span class='ocrx_word' id='word_1_590' title='bbox 3248 4139 3267 4172; x_wconf 74' lang='grc' dir='ltr'><strong>ι</strong></span> <span class='ocrx_word' id='word_1_591' title='bbox 3305 4117 3543 4185; x_wconf 84' lang='lat' dir='ltr'><strong>Quidam</strong></span> 
     </span>
    </p>
   </div>
   <div class='ocr_carea' id='block_1_46' title="bbox 280 4206 3541 4294">
    <p class='ocr_par' dir='ltr' id='par_1_46' title="bbox 280 4206 3541 4294">
     <span class='ocr_line' id='line_1_46' title="bbox 280 4206 3541 4294; baseline -0.009 -9"><span class='ocrx_word' id='word_1_592' title='bbox 280 4232 512 4285; x_wconf 86' lang='lat' dir='ltr'><strong>tradunt</strong></span> <span class='ocrx_word' id='word_1_593' title='bbox 543 4206 675 4284; x_wconf 33' lang='lat' dir='ltr'><strong>non‘</strong></span> <span class='ocrx_word' id='word_1_594' title='bbox 708 4238 900 4285; x_wconf 90' lang='lat' dir='ltr'><strong>sontes</strong></span> <span class='ocrx_word' id='word_1_595' title='bbox 942 4229 1124 4282; x_wconf 87' lang='lat' dir='ltr'><strong>solum</strong></span> <span class='ocrx_word' id='word_1_596' title='bbox 1182 4227 1275 4280; x_wconf 91' lang='lat' dir='ltr'><strong>illa</strong></span> <span class='ocrx_word' id='word_1_597' title='bbox 1326 4225 1482 4280; x_wconf 89' lang='lat' dir='ltr'><strong>clade</strong></span> <span class='ocrx_word' id='word_1_598' title='bbox 1528 4206 1915 4294; x_wconf 85' lang='lat' dir='ltr'><strong>consumptos,</strong></span> <span class='ocrx_word' id='word_1_599' title='bbox 1965 4223 2060 4277; x_wconf 89' lang='lat' dir='ltr'><strong>sed</strong></span> <span class='ocrx_word' id='word_1_600' title='bbox 2103 4220 2403 4291; x_wconf 88' lang='lat' dir='ltr'><strong>quoslibet,</strong></span> <span class='ocrx_word' id='word_1_601' title='bbox 2442 4225 2501 4272; x_wconf 94' lang='lat' dir='ltr'><strong>ut</strong></span> <span class='ocrx_word' id='word_1_602' title='bbox 2538 4216 2777 4286; x_wconf 89' lang='lat' dir='ltr'><strong>quisque</strong></span> <span class='ocrx_word' id='word_1_603' title='bbox 2811 4211 2958 4268; x_wconf 89' lang='lat' dir='ltr'><strong>cladi</strong></span> <span class='ocrx_word' id='word_1_604' title='bbox 2982 4210 3137 4285; x_wconf 68' lang='lat' dir='ltr'><strong>forte</strong></span> <span class='ocrx_word' id='word_1_605' title='bbox 3173 4206 3541 4261; x_wconf 80' lang='lat' dir='ltr'><strong>occurrisset.</strong></span> 
     </span>
    </p>
   </div>
   <div class='ocr_carea' id='block_1_47' title="bbox 286 4294 3545 4384">
    <p class='ocr_par' dir='ltr' id='par_1_47' title="bbox 286 4294 3545 4384">
     <span class='ocr_line' id='line_1_47' title="bbox 286 4294 3545 4384; baseline -0.01 -9"><span class='ocrx_word' id='word_1_606' title='bbox 286 4322 421 4375; x_wconf 73' lang='lat' dir='ltr'><strong>Cum</strong></span> <span class='ocrx_word' id='word_1_607' title='bbox 457 4318 605 4373; x_wconf 90' lang='lat' dir='ltr'><strong>enim</strong></span> <span class='ocrx_word' id='word_1_608' title='bbox 641 4317 887 4372; x_wconf 88' lang='lat' dir='ltr'><strong>universi</strong></span> <span class='ocrx_word' id='word_1_609' title='bbox 922 4315 1287 4384; x_wconf 87' lang='lat' dir='ltr'><strong>deliquerint,</strong></span> <span class='ocrx_word' id='word_1_610' title='bbox 1339 4315 1462 4370; x_wconf 89' lang='lat' dir='ltr'><strong>sine</strong></span> <span class='ocrx_word' id='word_1_611' title='bbox 1504 4313 1838 4368; x_wconf 88' lang='lat' dir='ltr'><strong>discrimine</strong></span> <span class='ocrx_word' id='word_1_612' title='bbox 1883 4312 2048 4365; x_wconf 86' lang='lat' dir='ltr'><strong>etiam</strong></span> <span class='ocrx_word' id='word_1_613' title='bbox 2102 4311 2449 4380; x_wconf 89' lang='lat' dir='ltr'><strong>plectuntur,</strong></span> <span class='ocrx_word' id='word_1_614' title='bbox 2482 4302 2949 4375; x_wconf 88' lang='lat' dir='ltr'><strong>quemadmodum</strong></span> <span class='ocrx_word' id='word_1_615' title='bbox 2981 4298 3029 4353; x_wconf 91' lang='lat' dir='ltr'><strong>si</strong></span> <span class='ocrx_word' id='word_1_616' title='bbox 3061 4297 3188 4365; x_wconf 87' lang='lat' dir='ltr'><strong>quis</strong></span> <span class='ocrx_word' id='word_1_617' title='bbox 3221 4294 3394 4361; x_wconf 80' lang='lat' dir='ltr'><strong>virgis</strong></span> <span class='ocrx_word' id='word_1_618' title='bbox 3436 4306 3545 4346; x_wconf 72' lang='lat' dir='ltr'><strong>cte-</strong></span> 
     </span>
    </p>
   </div>
   <div class='ocr_carea' id='block_1_48' title="bbox 288 4379 3548 4475">
    <p class='ocr_par' dir='ltr' id='par_1_48' title="bbox 288 4379 3548 4475">
     <span class='ocr_line' id='line_1_48' title="bbox 288 4379 3548 4475; baseline -0.009 -14"><span class='ocrx_word' id='word_1_619' title='bbox 288 4409 436 4462; x_wconf 86' lang='lat' dir='ltr'><strong>ditur</strong></span> <span class='ocrx_word' id='word_1_620' title='bbox 471 4422 577 4461; x_wconf 90' lang='lat' dir='ltr'><strong>suo</strong></span> <span class='ocrx_word' id='word_1_621' title='bbox 613 4407 830 4471; x_wconf 84' lang='lat' dir='ltr'><strong>merito,</strong></span> <span class='ocrx_word' id='word_1_622' title='bbox 883 4409 1254 4475; x_wconf 87' lang='lat' dir='ltr'><strong>quodcunque</strong></span> <span class='ocrx_word' id='word_1_623' title='bbox 1308 4402 1620 4456; x_wconf 74' lang='lat' dir='ltr'><strong>membrum</strong></span> <span class='ocrx_word' id='word_1_624' title='bbox 1674 4410 1767 4453; x_wconf 89' lang='lat' dir='ltr'><strong>aut</strong></span> <span class='ocrx_word' id='word_1_625' title='bbox 1818 4379 2159 4469; x_wconf 59' lang='lat' dir='ltr'><strong>quacunque</strong></span> <span class='ocrx_word' id='word_1_626' title='bbox 2208 4411 2338 4467; x_wconf 89' lang='lat' dir='ltr'><strong>pars</strong></span> <span class='ocrx_word' id='word_1_627' title='bbox 2369 4393 2623 4462; x_wconf 88' lang='lat' dir='ltr'><strong>corporis</strong></span> <span class='ocrx_word' id='word_1_628' title='bbox 2653 4390 2977 4467; x_wconf 81' lang='lat' dir='ltr'><strong>castigatur,</strong></span> <span class='ocrx_word' id='word_1_629' title='bbox 3002 4386 3152 4455; x_wconf 87' lang='lat' dir='ltr'><strong>juste</strong></span> <span class='ocrx_word' id='word_1_630' title='bbox 3193 4396 3337 4437; x_wconf 58' lang='lat' dir='ltr'><strong>cassa</strong></span> <span class='ocrx_word' id='word_1_631' title='bbox 3366 4379 3548 4436; x_wconf 82' lang='lat' dir='ltr'><strong>credi-</strong></span> 
     </span>
    </p>
   </div>
   <div class='ocr_carea' id='block_1_49' title="bbox 289 4476 3550 4561">
    <p class='ocr_par' dir='ltr' id='par_1_49' title="bbox 289 4476 3550 4561">
     <span class='ocr_line' id='line_1_49' title="bbox 289 4476 3550 4561; baseline -0.011 -10"><span class='ocrx_word' id='word_1_632' title='bbox 289 4507 400 4552; x_wconf 89' lang='lat' dir='ltr'><strong>tur.</strong></span> <span class='ocrx_word' id='word_1_633' title='bbox 435 4497 515 4553; x_wconf 80' lang='lat' dir='ltr'><strong>Ad</strong></span> <span class='ocrx_word' id='word_1_634' title='bbox 543 4512 667 4551; x_wconf 89' lang='lat' dir='ltr'><strong>eum</strong></span> <span class='ocrx_word' id='word_1_635' title='bbox 713 4495 934 4549; x_wconf 88' lang='lat' dir='ltr'><strong>modmn</strong></span> <span class='ocrx_word' id='word_1_636' title='bbox 964 4496 1264 4548; x_wconf 88' lang='lat' dir='ltr'><strong>universus</strong></span> <span class='ocrx_word' id='word_1_637' title='bbox 1295 4491 1532 4561; x_wconf 88' lang='lat' dir='ltr'><strong>populus</strong></span> <span class='ocrx_word' id='word_1_638' title='bbox 1586 4505 1782 4559; x_wconf 81' lang='lat' dir='ltr'><strong>ptenas</strong></span> <span class='ocrx_word' id='word_1_639' title='bbox 1832 4483 2176 4555; x_wconf 76' lang='lat' dir='ltr'><strong>expendebat</strong></span> <span class='ocrx_word' id='word_1_640' title='bbox 2227 4479 2513 4535; x_wconf 89' lang='lat' dir='ltr'><strong>commissi</strong></span> <span class='ocrx_word' id='word_1_641' title='bbox 2558 4476 2810 4536; x_wconf 87' lang='lat' dir='ltr'><strong>sceleris,</strong></span> <span class='ocrx_word' id='word_1_642' title='bbox 2850 4488 2975 4527; x_wconf 89' lang='lat' dir='ltr'><strong>eum</strong></span> <span class='ocrx_word' id='word_1_643' title='bbox 3008 4484 3171 4541; x_wconf 75' lang='lat' dir='ltr'><strong>paula</strong></span> <span class='ocrx_word' id='word_1_644' title='bbox 3218 4482 3313 4537; x_wconf 90' lang='lat' dir='ltr'><strong>per</strong></span> <span class='ocrx_word' id='word_1_645' title='bbox 3342 4476 3550 4561; x_wconf 65' lang='lat' dir='ltr'><strong>pauco-</strong></span> 
     </span>
    </p>
   </div>
   <div class='ocr_carea' id='block_1_50' title="bbox 290 4551 3548 4654">
    <p class='ocr_par' dir='ltr' id='par_1_50' title="bbox 290 4551 3548 4654">
     <span class='ocr_line' id='line_1_50' title="bbox 290 4551 3548 4654; baseline -0.011 -16"><span class='ocrx_word' id='word_1_646' title='bbox 290 4602 409 4638; x_wconf 85' lang='lat' dir='ltr'><strong>rum</strong></span> <span class='ocrx_word' id='word_1_647' title='bbox 443 4591 780 4654; x_wconf 82' lang='lat' dir='ltr'><strong>evagaretur</strong></span> <span class='ocrx_word' id='word_1_648' title='bbox 814 4582 1020 4651; x_wconf 86' lang='lat' dir='ltr'><strong>capita.</strong></span> <span class='ocrx_word' id='word_1_649' title='bbox 1065 4581 1212 4636; x_wconf 89' lang='lat' dir='ltr'><strong>Idem</strong></span> <span class='ocrx_word' id='word_1_650' title='bbox 1244 4595 1391 4634; x_wconf 90' lang='lat' dir='ltr'><strong>nunc</strong></span> <span class='ocrx_word' id='word_1_651' title='bbox 1427 4593 1651 4648; x_wconf 88' lang='lat' dir='ltr'><strong>quoque</strong></span> <span class='ocrx_word' id='word_1_652' title='bbox 1683 4576 1803 4630; x_wconf 75' lang='lat' dir='ltr'><strong>tit-ri</strong></span> <span class='ocrx_word' id='word_1_653' title='bbox 1835 4575 2193 4635; x_wconf 83' lang='lat' dir='ltr'><strong>observatur,</strong></span> <span class='ocrx_word' id='word_1_654' title='bbox 2242 4564 2469 4637; x_wconf 88' lang='lat' dir='ltr'><strong>quando</strong></span> <span class='ocrx_word' id='word_1_655' title='bbox 2507 4564 2653 4619; x_wconf 84' lang='lat' dir='ltr'><strong>Deus</strong></span> <span class='ocrx_word' id='word_1_656' title='bbox 2686 4577 2784 4617; x_wconf 88' lang='lat' dir='ltr'><strong>sua</strong></span> <span class='ocrx_word' id='word_1_657' title='bbox 2811 4560 3026 4631; x_wconf 85' lang='lat' dir='ltr'><strong>judicia</strong></span> <span class='ocrx_word' id='word_1_658' title='bbox 3055 4555 3267 4610; x_wconf 85' lang='lat' dir='ltr'><strong>invehit</strong></span> <span class='ocrx_word' id='word_1_659' title='bbox 3310 4551 3548 4654; x_wconf 58' lang='lat' dir='ltr'><strong>publica,</strong></span> 
     </span>
    </p>
   </div>
   <div class='ocr_carea' id='block_1_51' title="bbox 290 4638 3552 4744">
    <p class='ocr_par' dir='ltr' id='par_1_51' title="bbox 290 4638 3552 4744">
     <span class='ocr_line' id='line_1_51' title="bbox 290 4638 3552 4744; baseline -0.01 -17"><span class='ocrx_word' id='word_1_660' title='bbox 290 4674 495 4744; x_wconf 87' lang='lat' dir='ltr'><strong>quibus</strong></span> <span class='ocrx_word' id='word_1_661' title='bbox 547 4638 740 4741; x_wconf 62' lang='lat' dir='ltr'><strong>plectit</strong></span> <span class='ocrx_word' id='word_1_662' title='bbox 787 4638 1136 4724; x_wconf 73' lang='lat' dir='ltr'><strong>incredulum</strong></span> <span class='ocrx_word' id='word_1_663' title='bbox 1178 4638 1505 4736; x_wconf 46' lang='lat' dir='ltr'><strong>etimpiulm</strong></span> <span class='ocrx_word' id='word_1_664' title='bbox 1558 4638 1861 4718; x_wconf 79' lang='lat' dir='ltr'><strong>humanum</strong></span> <span class='ocrx_word' id='word_1_665' title='bbox 1916 4673 2113 4730; x_wconf 87' lang='lat' dir='ltr'><strong>genus.</strong></span> <span class='ocrx_word' id='word_1_666' title='bbox 2175 4655 2286 4709; x_wconf 78' lang='lat' dir='ltr'><strong>Lex</strong></span> <span class='ocrx_word' id='word_1_667' title='bbox 2337 4669 2434 4723; x_wconf 85' lang='lat' dir='ltr'><strong>per</strong></span> <span class='ocrx_word' id='word_1_668' title='bbox 2492 4652 2678 4706; x_wconf 79' lang='lat' dir='ltr'><strong>Mosen</strong></span> <span class='ocrx_word' id='word_1_669' title='bbox 2712 4650 2960 4705; x_wconf 84' lang='lat' dir='ltr'><strong>clamat:</strong></span> <span class='ocrx_word' id='word_1_670' title='bbox 2998 4665 3017 4698; x_wconf 73' lang='grc' dir='ltr'>ι</span> <span class='ocrx_word' id='word_1_671' title='bbox 3056 4645 3112 4698; x_wconf 83' lang='lat' dir='ltr'><strong>Si</strong></span> <span class='ocrx_word' id='word_1_672' title='bbox 3154 4638 3552 4744; x_wconf 40' lang='lat' dir='ltr'><strong>qtiisn&#39;ult&#39;Dei</strong></span> 
     </span>
    </p>
   </div>
   <div class='ocr_carea' id='block_1_52' title="bbox 291 4728 3554 4825">
    <p class='ocr_par' dir='ltr' id='par_1_52' title="bbox 291 4728 3554 4825">
     <span class='ocr_line' id='line_1_52' title="bbox 291 4728 3554 4825; baseline -0.011 -9"><span class='ocrx_word' id='word_1_673' title='bbox 291 4779 417 4817; x_wconf 83' lang='lat' dir='ltr'><strong>esse</strong></span> <span class='ocrx_word' id='word_1_674' title='bbox 446 4762 682 4825; x_wconf 87' lang='lat' dir='ltr'><strong>amicus,</strong></span> <span class='ocrx_word' id='word_1_675' title='bbox 714 4760 849 4813; x_wconf 80' lang='lat' dir='ltr'><strong>mihi</strong></span> <span class='ocrx_word' id='word_1_676' title='bbox 883 4759 1094 4812; x_wconf 87' lang='lat' dir='ltr'><strong>amicus</strong></span> <span class='ocrx_word' id='word_1_677' title='bbox 1128 4757 1240 4810; x_wconf 85' lang='lat' dir='ltr'><strong>flat.</strong></span> <span class='ocrx_word' id='word_1_678' title='bbox 1280 4775 1298 4808; x_wconf 76' lang='grc' dir='ltr'>ι</span> <span class='ocrx_word' id='word_1_679' title='bbox 1329 4755 1465 4809; x_wconf 83' lang='lat' dir='ltr'><strong>Nam</strong></span> <span class='ocrx_word' id='word_1_680' title='bbox 1501 4755 1598 4822; x_wconf 91' lang='lat' dir='ltr'><strong>qui</strong></span> <span class='ocrx_word' id='word_1_681' title='bbox 1639 4751 1744 4820; x_wconf 89' lang='lat' dir='ltr'><strong>legi</strong></span> <span class='ocrx_word' id='word_1_682' title='bbox 1780 4750 1993 4805; x_wconf 89' lang='lat' dir='ltr'><strong>amicus</strong></span> <span class='ocrx_word' id='word_1_683' title='bbox 2033 4755 2142 4807; x_wconf 89' lang='lat' dir='ltr'><strong>est,</strong></span> <span class='ocrx_word' id='word_1_684' title='bbox 2174 4742 2319 4797; x_wconf 88' lang='lat' dir='ltr'><strong>idem</strong></span> <span class='ocrx_word' id='word_1_685' title='bbox 2344 4751 2397 4795; x_wconf 87' lang='lat' dir='ltr'><strong>et</strong></span> <span class='ocrx_word' id='word_1_686' title='bbox 2432 4740 2542 4794; x_wconf 91' lang='lat' dir='ltr'><strong>Deo</strong></span> <span class='ocrx_word' id='word_1_687' title='bbox 2578 4739 2792 4791; x_wconf 79' lang='lat' dir='ltr'><strong>anticus</strong></span> <span class='ocrx_word' id='word_1_688' title='bbox 2863 4736 3116 4788; x_wconf 88' lang='lat' dir='ltr'><strong>habetur.</strong></span> <span class='ocrx_word' id='word_1_689' title='bbox 3153 4729 3348 4785; x_wconf 87' lang='lat' dir='ltr'><strong>Omnis</strong></span> <span class='ocrx_word' id='word_1_690' title='bbox 3385 4728 3554 4797; x_wconf 78' lang='lat' dir='ltr'><strong>igitur</strong></span> 
     </span>
    </p>
   </div>
   <div class='ocr_carea' id='block_1_53' title="bbox 292 4824 3556 4917">
    <p class='ocr_par' dir='ltr' id='par_1_53' title="bbox 292 4824 3556 4917">
     <span class='ocr_line' id='line_1_53' title="bbox 292 4824 3556 4917; baseline -0.011 -14"><span class='ocrx_word' id='word_1_691' title='bbox 292 4850 386 4917; x_wconf 89' lang='lat' dir='ltr'><strong>qui</strong></span> <span class='ocrx_word' id='word_1_692' title='bbox 417 4848 718 4917; x_wconf 60' lang='lat' dir='ltr'><strong>diligenter</strong></span> <span class='ocrx_word' id='word_1_693' title='bbox 749 4848 1152 4903; x_wconf 81' lang='lat' dir='ltr'><strong>observat.tam</strong></span> <span class='ocrx_word' id='word_1_694' title='bbox 1206 4843 1374 4897; x_wconf 86' lang='lat' dir='ltr'><strong>Deum</strong></span> <span class='ocrx_word' id='word_1_695' title='bbox 1409 4856 1586 4911; x_wconf 82' lang='lat' dir='ltr'><strong>quam</strong></span> <span class='ocrx_word' id='word_1_696' title='bbox 1631 4841 1828 4909; x_wconf 88' lang='lat' dir='ltr'><strong>legem,</strong></span> <span class='ocrx_word' id='word_1_697' title='bbox 1869 4837 1964 4889; x_wconf 90' lang='lat' dir='ltr'><strong>dat</strong></span> <span class='ocrx_word' id='word_1_698' title='bbox 2015 4845 2262 4901; x_wconf 84' lang='lat' dir='ltr'><strong>Operam,</strong></span> <span class='ocrx_word' id='word_1_699' title='bbox 2300 4836 2362 4882; x_wconf 91' lang='lat' dir='ltr'><strong>ut</strong></span> <span class='ocrx_word' id='word_1_700' title='bbox 2392 4828 2590 4882; x_wconf 90' lang='lat' dir='ltr'><strong>sedulo</strong></span> <span class='ocrx_word' id='word_1_701' title='bbox 2626 4824 2854 4879; x_wconf 89' lang='lat' dir='ltr'><strong>occidat</strong></span> <span class='ocrx_word' id='word_1_702' title='bbox 2892 4830 3165 4889; x_wconf 88' lang='lat' dir='ltr'><strong>cognatos</strong></span> <span class='ocrx_word' id='word_1_703' title='bbox 3214 4826 3271 4917; x_wconf 52' lang='lat' dir='ltr'><strong>ent</strong></span> <span class='ocrx_word' id='word_1_704' title='bbox 3298 4828 3556 4912; x_wconf 78' lang='lat' dir='ltr'><strong>necessa-</strong></span> 
     </span>
    </p>
   </div>
   <div class='ocr_carea' id='block_1_54' title="bbox 294 4901 3553 5003">
    <p class='ocr_par' dir='ltr' id='par_1_54' title="bbox 294 4901 3553 5003">
     <span class='ocr_line' id='line_1_54' title="bbox 294 4901 3553 5003; baseline -0.011 -13"><span class='ocrx_word' id='word_1_705' title='bbox 294 4901 407 4991; x_wconf 66' lang='lat' dir='ltr'><strong>rios</strong></span> <span class='ocrx_word' id='word_1_706' title='bbox 447 4901 593 4989; x_wconf 46' lang='lat' dir='ltr'><strong>macte</strong></span> <span class='ocrx_word' id='word_1_707' title='bbox 629 4935 736 4990; x_wconf 90' lang='lat' dir='ltr'><strong>sihi</strong></span> <span class='ocrx_word' id='word_1_708' title='bbox 766 4935 1014 5003; x_wconf 86' lang='lat' dir='ltr'><strong>junctos.</strong></span> <span class='ocrx_word' id='word_1_709' title='bbox 1080 4930 1202 4987; x_wconf 83' lang='lat' dir='ltr'><strong>Non</strong></span> <span class='ocrx_word' id='word_1_710' title='bbox 1229 4930 1377 4985; x_wconf 89' lang='lat' dir='ltr'><strong>enim</strong></span> <span class='ocrx_word' id='word_1_711' title='bbox 1413 4901 1471 4983; x_wconf 48' lang='lat' dir='ltr'><strong>i-n</strong></span> <span class='ocrx_word' id='word_1_712' title='bbox 1515 4901 1808 4997; x_wconf 65' lang='lat' dir='ltr'><strong>Scriptura</strong></span> <span class='ocrx_word' id='word_1_713' title='bbox 1840 4936 2002 4979; x_wconf 88' lang='lat' dir='ltr'><strong>sacra</strong></span> <span class='ocrx_word' id='word_1_714' title='bbox 2051 4916 2441 4987; x_wconf 85' lang='lat' dir='ltr'><strong>cognationem</strong></span> <span class='ocrx_word' id='word_1_715' title='bbox 2476 4921 2531 4967; x_wconf 89' lang='lat' dir='ltr'><strong>et</strong></span> <span class='ocrx_word' id='word_1_716' title='bbox 2568 4910 3043 4981; x_wconf 88' lang='lat' dir='ltr'><strong>propinquitatem</strong></span> <span class='ocrx_word' id='word_1_717' title='bbox 3078 4904 3400 4976; x_wconf 79' lang='lat' dir='ltr'><strong>significant</strong></span> <span class='ocrx_word' id='word_1_718' title='bbox 3433 4901 3553 5003; x_wconf 62' lang='lat' dir='ltr'><strong>ipsa</strong></span> 
     </span>
    </p>
   </div>
   <div class='ocr_carea' id='block_1_55' title="bbox 219 4988 3559 5087">
    <p class='ocr_par' dir='ltr' id='par_1_55' title="bbox 219 4988 3559 5087">
     <span class='ocr_line' id='line_1_55' title="bbox 219 4988 3559 5087; baseline -0.011 -7"><span class='ocrx_word' id='word_1_719' title='bbox 219 5051 223 5055; x_wconf 58' lang='grc' dir='ltr'><strong><em>υ</em></strong></span> <span class='ocrx_word' id='word_1_720' title='bbox 294 5025 543 5079; x_wconf 80' lang='lat' dir='ltr'><strong>nomina.</strong></span> <span class='ocrx_word' id='word_1_721' title='bbox 581 5024 721 5080; x_wconf 88' lang='lat' dir='ltr'><strong>Sunt</strong></span> <span class='ocrx_word' id='word_1_722' title='bbox 753 4988 916 5078; x_wconf 71' lang='lat' dir='ltr'><strong>etiam</strong></span> <span class='ocrx_word' id='word_1_723' title='bbox 975 5022 1140 5078; x_wconf 89' lang='lat' dir='ltr'><strong>amici</strong></span> <span class='ocrx_word' id='word_1_724' title='bbox 1170 5021 1187 5084; x_wconf 73' lang='lat'><strong>,&#39;</strong></span> <span class='ocrx_word' id='word_1_725' title='bbox 1221 5029 1350 5075; x_wconf 78' lang='lat' dir='ltr'><strong>sunt</strong></span> <span class='ocrx_word' id='word_1_726' title='bbox 1401 5019 1561 5073; x_wconf 88' lang='lat' dir='ltr'><strong>nobis</strong></span> <span class='ocrx_word' id='word_1_727' title='bbox 1594 4988 1911 5087; x_wconf 69' lang='lat' dir='ltr'><strong>propinqui,</strong></span> <span class='ocrx_word' id='word_1_728' title='bbox 1947 5024 2089 5080; x_wconf 88' lang='lat' dir='ltr'><strong>quos</strong></span> <span class='ocrx_word' id='word_1_729' title='bbox 2136 5005 2378 5060; x_wconf 86' lang='lat' dir='ltr'><strong>hostium</strong></span> <span class='ocrx_word' id='word_1_730' title='bbox 2409 5003 2532 5056; x_wconf 90' lang='lat' dir='ltr'><strong>loco</strong></span> <span class='ocrx_word' id='word_1_731' title='bbox 2563 5001 2844 5054; x_wconf 88' lang='lat' dir='ltr'><strong>ducimus.</strong></span> <span class='ocrx_word' id='word_1_732' title='bbox 2876 4995 3019 5050; x_wconf 88' lang='lat' dir='ltr'><strong>Sunt</strong></span> <span class='ocrx_word' id='word_1_733' title='bbox 3049 4994 3295 5048; x_wconf 87' lang='lat' dir='ltr'><strong>rationes</strong></span> <span class='ocrx_word' id='word_1_734' title='bbox 3330 5002 3392 5087; x_wconf 54' lang='lat' dir='ltr'><strong>et</strong></span> <span class='ocrx_word' id='word_1_735' title='bbox 3426 4988 3559 5043; x_wconf 84' lang='lat' dir='ltr'><strong>all&#39;e-</strong></span> 
     </span>
    </p>
   </div>
   <div class='ocr_carea' id='block_1_56' title="bbox 296 5075 3556 5181">
    <p class='ocr_par' dir='ltr' id='par_1_56' title="bbox 296 5075 3556 5181">
     <span class='ocr_line' id='line_1_56' title="bbox 296 5075 3556 5181; baseline -0.011 -17"><span class='ocrx_word' id='word_1_736' title='bbox 296 5121 444 5177; x_wconf 72' lang='lat' dir='ltr'><strong>t-tus,</strong></span> <span class='ocrx_word' id='word_1_737' title='bbox 478 5111 575 5181; x_wconf 88' lang='lat' dir='ltr'><strong>qui</strong></span> <span class='ocrx_word' id='word_1_738' title='bbox 630 5111 791 5165; x_wconf 91' lang='lat' dir='ltr'><strong>nobis</strong></span> <span class='ocrx_word' id='word_1_739' title='bbox 830 5075 1222 5163; x_wconf 37' lang='lat' dir='ltr'><strong>‘innaseuutdr</strong></span> <span class='ocrx_word' id='word_1_740' title='bbox 1275 5114 1331 5162; x_wconf 91' lang='lat' dir='ltr'><strong>et</strong></span> <span class='ocrx_word' id='word_1_741' title='bbox 1380 5075 1830 5176; x_wconf 67' lang='lat' dir='ltr'><strong>propinquorum</strong></span> <span class='ocrx_word' id='word_1_742' title='bbox 1885 5075 2117 5152; x_wconf 72' lang='lat' dir='ltr'><strong>nuiueto</strong></span> <span class='ocrx_word' id='word_1_743' title='bbox 2174 5093 2455 5146; x_wconf 89' lang='lat' dir='ltr'><strong>habentur</strong></span> <span class='ocrx_word' id='word_1_744' title='bbox 2503 5088 2713 5158; x_wconf 86' lang='lat' dir='ltr'><strong>quibus</strong></span> <span class='ocrx_word' id='word_1_745' title='bbox 2753 5085 2864 5139; x_wconf 89' lang='lat' dir='ltr'><strong>nisi</strong></span> <span class='ocrx_word' id='word_1_746' title='bbox 2906 5084 3068 5136; x_wconf 66' lang='lat' dir='ltr'><strong>caesis</strong></span> <span class='ocrx_word' id='word_1_747' title='bbox 3117 5090 3171 5135; x_wconf 90' lang='lat' dir='ltr'><strong>et</strong></span> <span class='ocrx_word' id='word_1_748' title='bbox 3217 5075 3556 5181; x_wconf 50' lang='lat' dir='ltr'><strong>interf‘cctis,</strong></span> 
     </span>
    </p>
   </div>
   <div class='ocr_carea' id='block_1_57' title="bbox 300 5163 3556 5270">
    <p class='ocr_par' dir='ltr' id='par_1_57' title="bbox 300 5163 3556 5270">
     <span class='ocr_line' id='line_1_57' title="bbox 300 5163 3556 5270; baseline -0.011 -18"><span class='ocrx_word' id='word_1_749' title='bbox 300 5203 449 5255; x_wconf 78' lang='lat' dir='ltr'><strong>nulla</strong></span> <span class='ocrx_word' id='word_1_750' title='bbox 489 5203 611 5255; x_wconf 82' lang='lat' dir='ltr'><strong>vitae</strong></span> <span class='ocrx_word' id='word_1_751' title='bbox 650 5216 777 5270; x_wconf 80' lang='lat' dir='ltr'><strong>spes</strong></span> <span class='ocrx_word' id='word_1_752' title='bbox 814 5206 981 5254; x_wconf 88' lang='lat' dir='ltr'><strong>restat</strong></span> <span class='ocrx_word' id='word_1_753' title='bbox 1013 5216 1027 5261; x_wconf 86' lang='lat'><strong>;</strong></span> <span class='ocrx_word' id='word_1_754' title='bbox 1070 5197 1169 5266; x_wconf 91' lang='lat' dir='ltr'><strong>qui</strong></span> <span class='ocrx_word' id='word_1_755' title='bbox 1197 5197 1243 5252; x_wconf 90' lang='lat' dir='ltr'><strong>si</strong></span> <span class='ocrx_word' id='word_1_756' title='bbox 1268 5198 1480 5259; x_wconf 88' lang='lat' dir='ltr'><strong>vivunt,</strong></span> <span class='ocrx_word' id='word_1_757' title='bbox 1515 5209 1622 5249; x_wconf 93' lang='lat' dir='ltr'><strong>nos</strong></span> <span class='ocrx_word' id='word_1_758' title='bbox 1645 5193 1913 5245; x_wconf 86' lang='lat' dir='ltr'><strong>morimur</strong></span> <span class='ocrx_word' id='word_1_759' title='bbox 1944 5203 1956 5238; x_wconf 92' lang='lat'>:</span> <span class='ocrx_word' id='word_1_760' title='bbox 1987 5186 2031 5240; x_wconf 91' lang='lat' dir='ltr'><strong>si</strong></span> <span class='ocrx_word' id='word_1_761' title='bbox 2083 5183 2441 5245; x_wconf 73' lang='lat' dir='ltr'><strong>occiduntur,</strong></span> <span class='ocrx_word' id='word_1_762' title='bbox 2504 5184 2620 5230; x_wconf 87' lang='lat' dir='ltr'><strong>tu.u</strong></span> <span class='ocrx_word' id='word_1_763' title='bbox 2654 5174 2891 5228; x_wconf 87' lang='lat' dir='ltr'><strong>demum</strong></span> <span class='ocrx_word' id='word_1_764' title='bbox 2930 5171 3046 5224; x_wconf 87' lang='lat' dir='ltr'><strong>vita</strong></span> <span class='ocrx_word' id='word_1_765' title='bbox 3080 5169 3340 5263; x_wconf 78' lang='lat' dir='ltr'><strong>fruimur.</strong></span> <span class='ocrx_word' id='word_1_766' title='bbox 3359 5163 3556 5270; x_wconf 45' lang='lat' dir='ltr'><strong>“Verus</strong></span> 
     </span>
    </p>
   </div>
   <div class='ocr_carea' id='block_1_58' title="bbox 299 5250 3559 5356">
    <p class='ocr_par' dir='ltr' id='par_1_58' title="bbox 299 5250 3559 5356">
     <span class='ocr_line' id='line_1_58' title="bbox 299 5250 3559 5356; baseline -0.012 -14"><span class='ocrx_word' id='word_1_767' title='bbox 299 5287 473 5343; x_wconf 84' lang='lat' dir='ltr'><strong>frater</strong></span> <span class='ocrx_word' id='word_1_768' title='bbox 525 5250 870 5356; x_wconf 56' lang='lat' dir='ltr'><strong>erat,rquem</strong></span> <span class='ocrx_word' id='word_1_769' title='bbox 926 5250 1362 5355; x_wconf 50' lang='lat' dir='ltr'><strong>repragsentahat</strong></span> <span class='ocrx_word' id='word_1_770' title='bbox 1418 5282 1625 5336; x_wconf 87' lang='lat' dir='ltr'><strong>Aaron.</strong></span> <span class='ocrx_word' id='word_1_771' title='bbox 1666 5279 1718 5333; x_wconf 90' lang='lat' dir='ltr'><strong>Is</strong></span> <span class='ocrx_word' id='word_1_772' title='bbox 1772 5278 1864 5332; x_wconf 89' lang='lat' dir='ltr'><strong>ille</strong></span> <span class='ocrx_word' id='word_1_773' title='bbox 1901 5284 2007 5338; x_wconf 85' lang='lat' dir='ltr'><strong>est,</strong></span> <span class='ocrx_word' id='word_1_774' title='bbox 2059 5273 2155 5341; x_wconf 89' lang='lat' dir='ltr'><strong>qui</strong></span> <span class='ocrx_word' id='word_1_775' title='bbox 2205 5266 2562 5329; x_wconf 90' lang='lat' dir='ltr'><strong>accurrebat,</strong></span> <span class='ocrx_word' id='word_1_776' title='bbox 2617 5270 2677 5316; x_wconf 93' lang='lat' dir='ltr'><strong>ut</strong></span> <span class='ocrx_word' id='word_1_777' title='bbox 2717 5275 2877 5329; x_wconf 84' lang='lat' dir='ltr'><strong>Opem</strong></span> <span class='ocrx_word' id='word_1_778' title='bbox 2938 5253 3308 5356; x_wconf 55' lang='lat' dir='ltr'><strong>ferretdlqsi.</strong></span> <span class='ocrx_word' id='word_1_779' title='bbox 3359 5250 3559 5345; x_wconf 71' lang='lat' dir='ltr'><strong>Sentior</strong></span> 
     </span>
    </p>
   </div>
   <div class='ocr_carea' id='block_1_59' title="bbox 301 5341 3557 5443">
    <p class='ocr_par' dir='ltr' id='par_1_59' title="bbox 301 5341 3557 5443">
     <span class='ocr_line' id='line_1_59' title="bbox 301 5341 3557 5443; baseline -0.012 -16"><span class='ocrx_word' id='word_1_780' title='bbox 301 5377 484 5431; x_wconf 84' lang='lat' dir='ltr'><strong>dictus</strong></span> <span class='ocrx_word' id='word_1_781' title='bbox 511 5383 615 5439; x_wconf 91' lang='lat' dir='ltr'><strong>est,</strong></span> <span class='ocrx_word' id='word_1_782' title='bbox 654 5341 799 5443; x_wconf 73' lang='lat' dir='ltr'><strong>quod</strong></span> <span class='ocrx_word' id='word_1_783' title='bbox 835 5341 1166 5443; x_wconf 69' lang='lat' dir='ltr'><strong>angelorum</strong></span> <span class='ocrx_word' id='word_1_784' title='bbox 1210 5367 1426 5424; x_wconf 89' lang='lat' dir='ltr'><strong>crcatio</strong></span> <span class='ocrx_word' id='word_1_785' title='bbox 1488 5366 1828 5421; x_wconf 88' lang='lat' dir='ltr'><strong>creationem</strong></span> <span class='ocrx_word' id='word_1_786' title='bbox 1890 5359 2177 5415; x_wconf 87' lang='lat' dir='ltr'><strong>hominum</strong></span> <span class='ocrx_word' id='word_1_787' title='bbox 2238 5352 2559 5408; x_wconf 88' lang='lat' dir='ltr'><strong>antevertit.</strong></span> <span class='ocrx_word' id='word_1_788' title='bbox 2613 5348 2858 5402; x_wconf 81' lang='lat' dir='ltr'><strong>Vocatur</strong></span> <span class='ocrx_word' id='word_1_789' title='bbox 2898 5345 3066 5399; x_wconf 86' lang='lat' dir='ltr'><strong>etiam</strong></span> <span class='ocrx_word' id='word_1_790' title='bbox 3126 5343 3174 5395; x_wconf 92' lang='lat' dir='ltr'><strong>is</strong></span> <span class='ocrx_word' id='word_1_791' title='bbox 3206 5341 3421 5403; x_wconf 81' lang='lat' dir='ltr'><strong>Aaron,</strong></span> <span class='ocrx_word' id='word_1_792' title='bbox 3462 5341 3557 5432; x_wconf 84' lang='lat' dir='ltr'><strong>qui</strong></span> 
     </span>
    </p>
   </div>
   <div class='ocr_carea' id='block_1_60' title="bbox 301 5424 3557 5532">
    <p class='ocr_par' dir='ltr' id='par_1_60' title="bbox 301 5424 3557 5532">
     <span class='ocr_line' id='line_1_60' title="bbox 301 5424 3557 5532; baseline -0.013 -16"><span class='ocrx_word' id='word_1_793' title='bbox 301 5477 530 5532; x_wconf 78' lang='lat' dir='ltr'><strong>operam</strong></span> <span class='ocrx_word' id='word_1_794' title='bbox 566 5424 723 5518; x_wconf 55' lang='lat' dir='ltr'><strong>suain</strong></span> <span class='ocrx_word' id='word_1_795' title='bbox 756 5424 978 5515; x_wconf 58' lang='lat' dir='ltr'><strong>na&#39;vaw7it</strong></span> <span class='ocrx_word' id='word_1_796' title='bbox 1005 5459 1212 5530; x_wconf 87' lang='lat' dir='ltr'><strong>populo</strong></span> <span class='ocrx_word' id='word_1_797' title='bbox 1236 5473 1364 5512; x_wconf 87' lang='lat' dir='ltr'><strong>eum</strong></span> <span class='ocrx_word' id='word_1_798' title='bbox 1398 5456 1462 5510; x_wconf 86' lang='lat' dir='ltr'><strong>ad</strong></span> <span class='ocrx_word' id='word_1_799' title='bbox 1501 5453 1873 5510; x_wconf 88' lang='lat' dir='ltr'><strong>idololatriam</strong></span> <span class='ocrx_word' id='word_1_800' title='bbox 1914 5446 2241 5505; x_wconf 87' lang='lat' dir='ltr'><strong>declinaret.</strong></span> <span class='ocrx_word' id='word_1_801' title='bbox 2277 5441 2555 5498; x_wconf 61' lang='lat' dir='ltr'><strong>Cancrum</strong></span> <span class='ocrx_word' id='word_1_802' title='bbox 2592 5451 2763 5491; x_wconf 90' lang='lat' dir='ltr'><strong>unum</strong></span> <span class='ocrx_word' id='word_1_803' title='bbox 2813 5433 3039 5488; x_wconf 89' lang='lat' dir='ltr'><strong>additur</strong></span> <span class='ocrx_word' id='word_1_804' title='bbox 3068 5424 3557 5529; x_wconf 60' lang='lat' dir='ltr'><strong>idetnquemtriu-</strong></span> 
     </span>
    </p>
   </div>
   <div class='ocr_carea' id='block_1_61' title="bbox 308 5514 3559 5618">
    <p class='ocr_par' dir='ltr' id='par_1_61' title="bbox 308 5514 3559 5618">
     <span class='ocr_line' id='line_1_61' title="bbox 308 5514 3559 5618; baseline -0.013 -12"><span class='ocrx_word' id='word_1_805' title='bbox 308 5568 413 5618; x_wconf 80' lang='lat' dir='ltr'><strong>que</strong></span> <span class='ocrx_word' id='word_1_806' title='bbox 444 5566 668 5616; x_wconf 88' lang='lat' dir='ltr'><strong>nomen,</strong></span> <span class='ocrx_word' id='word_1_807' title='bbox 702 5558 759 5603; x_wconf 92' lang='lat' dir='ltr'><strong>at</strong></span> <span class='ocrx_word' id='word_1_808' title='bbox 784 5550 1005 5604; x_wconf 80' lang='lat' dir='ltr'><strong>diverso</strong></span> <span class='ocrx_word' id='word_1_809' title='bbox 1034 5555 1313 5617; x_wconf 88' lang='lat' dir='ltr'><strong>respectu.</strong></span> <span class='ocrx_word' id='word_1_810' title='bbox 1350 5543 1452 5601; x_wconf 86' lang='lat' dir='ltr'><strong>llic</strong></span> <span class='ocrx_word' id='word_1_811' title='bbox 1481 5542 1655 5598; x_wconf 88' lang='lat' dir='ltr'><strong>frater</strong></span> <span class='ocrx_word' id='word_1_812' title='bbox 1683 5539 2039 5604; x_wconf 84' lang='lat' dir='ltr'><strong>interficitur,</strong></span> <span class='ocrx_word' id='word_1_813' title='bbox 2077 5534 2207 5591; x_wconf 89' lang='lat' dir='ltr'><strong>dum</strong></span> <span class='ocrx_word' id='word_1_814' title='bbox 2246 5531 2631 5602; x_wconf 77' lang='lat' dir='ltr'><strong>exstirpamus</strong></span> <span class='ocrx_word' id='word_1_815' title='bbox 2662 5524 3092 5595; x_wconf 87' lang='lat' dir='ltr'><strong>inspirationem</strong></span> <span class='ocrx_word' id='word_1_816' title='bbox 3130 5527 3185 5573; x_wconf 88' lang='lat' dir='ltr'><strong>et</strong></span> <span class='ocrx_word' id='word_1_817' title='bbox 3220 5514 3493 5571; x_wconf 86' lang='lat' dir='ltr'><strong>instinctu</strong></span> <span class='ocrx_word' id='word_1_818' title='bbox 3508 5525 3559 5564; x_wconf 85' lang='lat' dir='ltr'><strong>tu</strong></span> 
     </span>
    </p>
   </div>
   <div class='ocr_carea' id='block_1_62' title="bbox 307 5687 3484 5789">
    <p class='ocr_par' dir='ltr' id='par_1_62' title="bbox 307 5687 3484 5789">
     <span class='ocr_line' id='line_1_62' title="bbox 307 5687 3484 5789; baseline -0.012 -5"><span class='ocrx_word' id='word_1_819' title='bbox 307 5727 350 5755; x_wconf 77' lang='lat'>“</span> <span class='ocrx_word' id='word_1_820' title='bbox 382 5724 562 5783; x_wconf 85' lang='lat' dir='ltr'><strong>Galat.</strong></span> <span class='ocrx_word' id='word_1_821' title='bbox 601 5741 651 5788; x_wconf 75' lang='grc' dir='ltr'><strong>ν,</strong></span> <span class='ocrx_word' id='word_1_822' title='bbox 689 5723 769 5789; x_wconf 78' lang='lat' dir='ltr'><strong>l9,</strong></span> <span class='ocrx_word' id='word_1_823' title='bbox 804 5723 896 5775; x_wconf 68' lang='grc' dir='ltr'><strong>ΞΟ.</strong></span> <span class='ocrx_word' id='word_1_824' title='bbox 976 5722 1018 5753; x_wconf 81' lang='grc'><strong>⁵³</strong></span> <span class='ocrx_word' id='word_1_825' title='bbox 1073 5718 1264 5774; x_wconf 72' lang='lat' dir='ltr'><strong>Matth.</strong></span> <span class='ocrx_word' id='word_1_826' title='bbox 1301 5735 1398 5777; x_wconf 74' lang='lat' dir='ltr'><strong>vn,</strong></span> <span class='ocrx_word' id='word_1_827' title='bbox 1436 5718 1521 5771; x_wconf 73' lang='lat'><strong>25.</strong></span> <span class='ocrx_word' id='word_1_828' title='bbox 1605 5715 1645 5747; x_wconf 74' lang='grc'><strong>³³</strong></span> <span class='ocrx_word' id='word_1_829' title='bbox 1692 5714 1852 5769; x_wconf 70' lang='lat' dir='ltr'><strong>Matth</strong></span> <span class='ocrx_word' id='word_1_830' title='bbox 1920 5728 2055 5773; x_wconf 68' lang='grc' dir='ltr'><strong>χχιι,</strong></span> <span class='ocrx_word' id='word_1_831' title='bbox 2089 5709 2123 5762; x_wconf 65' lang='grc'>2</span> <span class='ocrx_word' id='word_1_832' title='bbox 2156 5726 2312 5778; x_wconf 80' lang='lat' dir='ltr'><strong>seqq.</strong></span> <span class='ocrx_word' id='word_1_833' title='bbox 2392 5706 2436 5735; x_wconf 77' lang='grc'><strong>⁵⁵</strong></span> <span class='ocrx_word' id='word_1_834' title='bbox 2476 5702 2618 5758; x_wconf 77' lang='lat' dir='ltr'><strong>Psal.</strong></span> <span class='ocrx_word' id='word_1_835' title='bbox 2647 5717 2832 5763; x_wconf 61' lang='lat' dir='ltr'><strong>sicut,</strong></span> <span class='ocrx_word' id='word_1_836' title='bbox 2875 5704 2957 5756; x_wconf 70' lang='lat' dir='ltr'><strong>li.</strong></span> <span class='ocrx_word' id='word_1_837' title='bbox 3035 5698 3077 5727; x_wconf 64' lang='grc'><strong>⁵⁸</strong></span> <span class='ocrx_word' id='word_1_838' title='bbox 3112 5695 3215 5749; x_wconf 58' lang='lat' dir='ltr'><strong>lsa.</strong></span> <span class='ocrx_word' id='word_1_839' title='bbox 3252 5706 3361 5754; x_wconf 76' lang='lat' dir='ltr'><strong>Litt,</strong></span> <span class='ocrx_word' id='word_1_840' title='bbox 3404 5687 3484 5742; x_wconf 78' lang='grc' dir='ltr'><strong>1οο</strong></span> 
     </span>
    </p>
   </div>
  </div>
