  <div class='ocr_page' id='page_1' title='image "/cluster/home/n/w/nwhite01/storage/ocr_20150623/87:1/hvd.32044073502353/339.png"; bbox 0 0 4010 6212; ppageno 0'>
   <div class='ocr_carea' id='block_1_1' title="bbox 449 237 3716 349">
    <p class='ocr_par' dir='ltr' id='par_1_1' title="bbox 449 237 3716 349">
     <span class='ocr_line' id='line_1_1' title="bbox 449 237 3716 349; baseline -0.001 -2"><span class='ocrx_word' id='word_1_1' title='bbox 449 285 552 348; x_wconf 62' lang='grc' dir='ltr'>εις-ι</span> <span class='ocrx_word' id='word_1_2' title='bbox 831 319 839 327; x_wconf 83' lang='lat'><strong>-</strong></span> <span class='ocrx_word' id='word_1_3' title='bbox 1788 237 2424 349; x_wconf 62' lang='lat' dir='ltr'><strong>Pnocomrcazm</strong></span> <span class='ocrx_word' id='word_1_4' title='bbox 3603 282 3716 346; x_wconf 68' lang='lat' dir='ltr'><strong>ses</strong></span> 
     </span>
    </p>
   </div>
   <div class='ocr_carea' id='block_1_2' title="bbox 450 392 3714 470">
    <p class='ocr_par' dir='ltr' id='par_1_2' title="bbox 450 392 3714 470">
     <span class='ocr_line' id='line_1_2' title="bbox 450 392 3714 470; baseline 0.001 -20"><span class='ocrx_word' id='word_1_5' title='bbox 450 394 662 450; x_wconf 70' lang='lat' dir='ltr'><strong>dli&#39;oli</strong></span> <span class='ocrx_word' id='word_1_6' title='bbox 705 394 798 464; x_wconf 87' lang='lat' dir='ltr'><strong>qui</strong></span> <span class='ocrx_word' id='word_1_7' title='bbox 827 394 884 450; x_wconf 90' lang='lat' dir='ltr'><strong>in</strong></span> <span class='ocrx_word' id='word_1_8' title='bbox 941 392 1100 450; x_wconf 72' lang='lat' dir='ltr'><strong>nobis</strong></span> <span class='ocrx_word' id='word_1_9' title='bbox 1153 401 1422 457; x_wconf 75' lang='lat' dir='ltr'><strong>moratur,</strong></span> <span class='ocrx_word' id='word_1_10' title='bbox 1484 402 1540 450; x_wconf 93' lang='lat' dir='ltr'><strong>et</strong></span> <span class='ocrx_word' id='word_1_11' title='bbox 1593 411 1810 452; x_wconf 83' lang='lat' dir='ltr'><strong>summa</strong></span> <span class='ocrx_word' id='word_1_12' title='bbox 1864 413 1973 468; x_wconf 82' lang='lat' dir='ltr'><strong>Ope</strong></span> <span class='ocrx_word' id='word_1_13' title='bbox 2025 401 2094 452; x_wconf 90' lang='lat' dir='ltr'><strong>ad</strong></span> <span class='ocrx_word' id='word_1_14' title='bbox 2124 400 2257 453; x_wconf 90' lang='lat' dir='ltr'><strong>vitia</strong></span> <span class='ocrx_word' id='word_1_15' title='bbox 2294 415 2399 454; x_wconf 90' lang='lat' dir='ltr'><strong>nos</strong></span> <span class='ocrx_word' id='word_1_16' title='bbox 2441 399 2698 470; x_wconf 88' lang='lat' dir='ltr'><strong>impellit.</strong></span> <span class='ocrx_word' id='word_1_17' title='bbox 2743 397 2924 454; x_wconf 62' lang='lat' dir='ltr'><strong>loses</strong></span> <span class='ocrx_word' id='word_1_18' title='bbox 2953 413 3018 454; x_wconf 88' lang='lat' dir='ltr'><strong>ex</strong></span> <span class='ocrx_word' id='word_1_19' title='bbox 3053 405 3334 468; x_wconf 64' lang='lat' dir='ltr'><strong>praecipto</strong></span> <span class='ocrx_word' id='word_1_20' title='bbox 3365 395 3504 467; x_wconf 71' lang='lat' dir='ltr'><strong>legis</strong></span> <span class='ocrx_word' id='word_1_21' title='bbox 3544 411 3714 452; x_wconf 82' lang='lat' dir='ltr'><strong>aures</strong></span> 
     </span>
    </p>
   </div>
   <div class='ocr_carea' id='block_1_3' title="bbox 453 482 3711 555">
    <p class='ocr_par' dir='ltr' id='par_1_3' title="bbox 453 482 3711 555">
     <span class='ocr_line' id='line_1_3' title="bbox 453 482 3711 555; baseline -0 -17"><span class='ocrx_word' id='word_1_22' title='bbox 453 486 771 539; x_wconf 66' lang='lat' dir='ltr'><strong>inda-torum</strong></span> <span class='ocrx_word' id='word_1_23' title='bbox 803 484 1202 539; x_wconf 86' lang='lat' dir='ltr'><strong>condecoravit</strong></span> <span class='ocrx_word' id='word_1_24' title='bbox 1242 483 1558 538; x_wconf 89' lang='lat' dir='ltr'><strong>inauribtts.</strong></span> <span class='ocrx_word' id='word_1_25' title='bbox 1597 482 1766 539; x_wconf 83' lang='lat' dir='ltr'><strong>Falso</strong></span> <span class='ocrx_word' id='word_1_26' title='bbox 1805 486 1989 543; x_wconf 89' lang='lat' dir='ltr'><strong>dictus</strong></span> <span class='ocrx_word' id='word_1_27' title='bbox 2037 485 2210 541; x_wconf 78' lang='lat' dir='ltr'><strong>frater</strong></span> <span class='ocrx_word' id='word_1_28' title='bbox 2261 489 2393 542; x_wconf 91' lang='lat' dir='ltr'><strong>dum</strong></span> <span class='ocrx_word' id='word_1_29' title='bbox 2441 487 2508 540; x_wconf 90' lang='lat' dir='ltr'><strong>ad</strong></span> <span class='ocrx_word' id='word_1_30' title='bbox 2545 487 2982 542; x_wconf 87' lang='lat' dir='ltr'><strong>inobedientiam</strong></span> <span class='ocrx_word' id='word_1_31' title='bbox 3029 485 3250 539; x_wconf 82' lang='lat' dir='ltr'><strong>induxit</strong></span> <span class='ocrx_word' id='word_1_32' title='bbox 3281 485 3578 555; x_wconf 86' lang='lat' dir='ltr'><strong>populum,</strong></span> <span class='ocrx_word' id='word_1_33' title='bbox 3613 499 3711 538; x_wconf 85' lang='lat' dir='ltr'><strong>au-</strong></span> 
     </span>
    </p>
   </div>
   <div class='ocr_carea' id='block_1_4' title="bbox 452 571 3710 645">
    <p class='ocr_par' dir='ltr' id='par_1_4' title="bbox 452 571 3710 645">
     <span class='ocr_line' id='line_1_4' title="bbox 452 571 3710 645; baseline -0 -20"><span class='ocrx_word' id='word_1_34' title='bbox 452 575 598 625; x_wconf 91' lang='lat' dir='ltr'><strong>rium</strong></span> <span class='ocrx_word' id='word_1_35' title='bbox 633 581 958 627; x_wconf 89' lang='lat' dir='ltr'><strong>ornamenta</strong></span> <span class='ocrx_word' id='word_1_36' title='bbox 984 571 1234 626; x_wconf 89' lang='lat' dir='ltr'><strong>sustulit.</strong></span> <span class='ocrx_word' id='word_1_37' title='bbox 1265 571 1352 625; x_wconf 80' lang='lat' dir='ltr'><strong>Ad</strong></span> <span class='ocrx_word' id='word_1_38' title='bbox 1389 572 1538 625; x_wconf 91' lang='lat' dir='ltr'><strong>hunc</strong></span> <span class='ocrx_word' id='word_1_39' title='bbox 1588 573 1810 626; x_wconf 89' lang='lat' dir='ltr'><strong>modum</strong></span> <span class='ocrx_word' id='word_1_40' title='bbox 1856 589 2110 645; x_wconf 77' lang='lat' dir='ltr'><strong>serpens,</strong></span> <span class='ocrx_word' id='word_1_41' title='bbox 2147 575 2244 644; x_wconf 85' lang='lat' dir='ltr'><strong>qui</strong></span> <span class='ocrx_word' id='word_1_42' title='bbox 2279 575 2638 644; x_wconf 66' lang='lat' dir='ltr'><strong>protoplasﬁs</strong></span> <span class='ocrx_word' id='word_1_43' title='bbox 2668 574 2898 628; x_wconf 79' lang='lat' dir='ltr'><strong>abstulit</strong></span> <span class='ocrx_word' id='word_1_44' title='bbox 2943 573 3273 626; x_wconf 74' lang='lat' dir='ltr'><strong>obedientia:</strong></span> <span class='ocrx_word' id='word_1_45' title='bbox 3313 571 3584 641; x_wconf 82' lang='lat' dir='ltr'><strong>insignia,</strong></span> <span class='ocrx_word' id='word_1_46' title='bbox 3623 571 3710 623; x_wconf 79' lang='lat' dir='ltr'><strong>vi-</strong></span> 
     </span>
    </p>
   </div>
   <div class='ocr_carea' id='block_1_5' title="bbox 453 659 3712 729">
    <p class='ocr_par' dir='ltr' id='par_1_5' title="bbox 453 659 3712 729">
     <span class='ocr_line' id='line_1_5' title="bbox 453 659 3712 729; baseline -0 -16"><span class='ocrx_word' id='word_1_47' title='bbox 453 661 690 714; x_wconf 64' lang='lat' dir='ltr'><strong>debatur</strong></span> <span class='ocrx_word' id='word_1_48' title='bbox 725 672 1002 728; x_wconf 60' lang='lat' dir='ltr'><strong>c03natns</strong></span> <span class='ocrx_word' id='word_1_49' title='bbox 1056 667 1110 713; x_wconf 91' lang='lat' dir='ltr'><strong>et</strong></span> <span class='ocrx_word' id='word_1_50' title='bbox 1165 659 1378 713; x_wconf 83' lang='lat' dir='ltr'><strong>amicus</strong></span> <span class='ocrx_word' id='word_1_51' title='bbox 1426 662 1807 729; x_wconf 85' lang='lat' dir='ltr'><strong>protoplastis.</strong></span> <span class='ocrx_word' id='word_1_52' title='bbox 1865 662 1968 727; x_wconf 87' lang='lat' dir='ltr'><strong>Qui</strong></span> <span class='ocrx_word' id='word_1_53' title='bbox 2003 661 2385 726; x_wconf 79' lang='lat' dir='ltr'><strong>huiuscemodi</strong></span> <span class='ocrx_word' id='word_1_54' title='bbox 2423 661 2620 716; x_wconf 77' lang='lat' dir='ltr'><strong>fratres</strong></span> <span class='ocrx_word' id='word_1_55' title='bbox 2657 669 2713 715; x_wconf 90' lang='lat' dir='ltr'><strong>et</strong></span> <span class='ocrx_word' id='word_1_56' title='bbox 2755 662 2970 714; x_wconf 75' lang='lat' dir='ltr'><strong>aznicos</strong></span> <span class='ocrx_word' id='word_1_57' title='bbox 3001 659 3506 723; x_wconf 88' lang='lat' dir='ltr'><strong>coutrucidaverit,</strong></span> <span class='ocrx_word' id='word_1_58' title='bbox 3549 659 3712 713; x_wconf 85' lang='lat' dir='ltr'><strong>illum</strong></span> 
     </span>
    </p>
   </div>
   <div class='ocr_carea' id='block_1_6' title="bbox 457 745 3712 818">
    <p class='ocr_par' dir='ltr' id='par_1_6' title="bbox 457 745 3712 818">
     <span class='ocr_line' id='line_1_6' title="bbox 457 745 3712 818; baseline 0 -21"><span class='ocrx_word' id='word_1_59' title='bbox 457 752 769 814; x_wconf 72' lang='lat' dir='ltr'><strong>alo-quetur</strong></span> <span class='ocrx_word' id='word_1_60' title='bbox 811 747 896 800; x_wconf 92' lang='lat' dir='ltr'><strong>lcx</strong></span> <span class='ocrx_word' id='word_1_61' title='bbox 941 763 954 798; x_wconf 93' lang='lat'><strong>:</strong></span> <span class='ocrx_word' id='word_1_62' title='bbox 1004 765 1023 798; x_wconf 77' lang='grc' dir='ltr'><strong>ι</strong></span> <span class='ocrx_word' id='word_1_63' title='bbox 1060 745 1358 815; x_wconf 81' lang='lat' dir='ltr'><strong>lmplevisti</strong></span> <span class='ocrx_word' id='word_1_64' title='bbox 1401 763 1596 800; x_wconf 86' lang='lat' dir='ltr'><strong>manus</strong></span> <span class='ocrx_word' id='word_1_65' title='bbox 1648 754 1772 801; x_wconf 85' lang='lat' dir='ltr'><strong>tuas</strong></span> <span class='ocrx_word' id='word_1_66' title='bbox 1828 747 1992 802; x_wconf 82' lang='lat' dir='ltr'><strong>hodie</strong></span> <span class='ocrx_word' id='word_1_67' title='bbox 2027 748 2280 810; x_wconf 80' lang='lat' dir='ltr'><strong>llomino,</strong></span> <span class='ocrx_word' id='word_1_68' title='bbox 2319 749 2466 818; x_wconf 89' lang='lat' dir='ltr'><strong>quod</strong></span> <span class='ocrx_word' id='word_1_69' title='bbox 2502 749 2703 803; x_wconf 92' lang='lat' dir='ltr'><strong>bellum</strong></span> <span class='ocrx_word' id='word_1_70' title='bbox 2754 747 3052 816; x_wconf 85' lang='lat' dir='ltr'><strong>suscepisti</strong></span> <span class='ocrx_word' id='word_1_71' title='bbox 3102 747 3376 801; x_wconf 76' lang='lat' dir='ltr'><strong>adversus</strong></span> <span class='ocrx_word' id='word_1_72' title='bbox 3407 746 3586 805; x_wconf 89' lang='lat' dir='ltr'><strong>illum,</strong></span> <span class='ocrx_word' id='word_1_73' title='bbox 3617 745 3712 815; x_wconf 87' lang='lat' dir='ltr'><strong>qui</strong></span> 
     </span>
    </p>
   </div>
   <div class='ocr_carea' id='block_1_7' title="bbox 459 832 3768 905">
    <p class='ocr_par' dir='ltr' id='par_1_7' title="bbox 459 832 3768 905">
     <span class='ocr_line' id='line_1_7' title="bbox 459 832 3768 905; baseline 0 -19"><span class='ocrx_word' id='word_1_74' title='bbox 459 834 740 887; x_wconf 85' lang='lat' dir='ltr'><strong>intonabat</strong></span> <span class='ocrx_word' id='word_1_75' title='bbox 775 851 789 884; x_wconf 88' lang='lat'><strong>:</strong></span> <span class='ocrx_word' id='word_1_76' title='bbox 823 851 842 884; x_wconf 79' lang='grc' dir='ltr'><strong>ι</strong></span> <span class='ocrx_word' id='word_1_77' title='bbox 883 832 991 886; x_wconf 85' lang='lat' dir='ltr'><strong>Fac</strong></span> <span class='ocrx_word' id='word_1_78' title='bbox 1031 834 1166 888; x_wconf 90' lang='lat' dir='ltr'><strong>mibi</strong></span> <span class='ocrx_word' id='word_1_79' title='bbox 1197 832 1353 888; x_wconf 84' lang='lat' dir='ltr'><strong>deos.</strong></span> <span class='ocrx_word' id='word_1_80' title='bbox 1392 851 1411 884; x_wconf 73' lang='grc' dir='ltr'><strong>ι</strong></span> <span class='ocrx_word' id='word_1_81' title='bbox 1446 833 1503 885; x_wconf 90' lang='lat' dir='ltr'><strong>Si</strong></span> <span class='ocrx_word' id='word_1_82' title='bbox 1527 834 1714 902; x_wconf 90' lang='lat' dir='ltr'><strong>inquit</strong></span> <span class='ocrx_word' id='word_1_83' title='bbox 1743 848 1758 885; x_wconf 89' lang='lat'><strong>:</strong></span> <span class='ocrx_word' id='word_1_84' title='bbox 1795 851 1813 884; x_wconf 80' lang='grc' dir='ltr'><strong>ι</strong></span> <span class='ocrx_word' id='word_1_85' title='bbox 1859 832 1964 886; x_wconf 83' lang='lat' dir='ltr'><strong>Fac</strong></span> <span class='ocrx_word' id='word_1_86' title='bbox 2001 834 2132 888; x_wconf 78' lang='lat' dir='ltr'><strong>milii</strong></span> <span class='ocrx_word' id='word_1_87' title='bbox 2166 834 2322 897; x_wconf 88' lang='lat' dir='ltr'><strong>deos.</strong></span> <span class='ocrx_word' id='word_1_88' title='bbox 2355 854 2372 886; x_wconf 73' lang='grc' dir='ltr'><strong>ι</strong></span> <span class='ocrx_word' id='word_1_89' title='bbox 2405 844 2538 898; x_wconf 89' lang='lat' dir='ltr'><strong>etc.,</strong></span> <span class='ocrx_word' id='word_1_90' title='bbox 2581 850 2703 905; x_wconf 56' lang='lat' dir='ltr'><strong>qua!</strong></span> <span class='ocrx_word' id='word_1_91' title='bbox 2735 835 2878 888; x_wconf 83' lang='lat' dir='ltr'><strong>ratio</strong></span> <span class='ocrx_word' id='word_1_92' title='bbox 2915 834 3138 886; x_wconf 82' lang='lat' dir='ltr'><strong>ﬁrmare</strong></span> <span class='ocrx_word' id='word_1_93' title='bbox 3166 840 3350 902; x_wconf 81' lang='lat' dir='ltr'><strong>potest</strong></span> <span class='ocrx_word' id='word_1_94' title='bbox 3383 833 3519 886; x_wconf 85' lang='lat' dir='ltr'><strong>deos</strong></span> <span class='ocrx_word' id='word_1_95' title='bbox 3553 848 3704 897; x_wconf 87' lang='lat' dir='ltr'><strong>esse,</strong></span> <span class='ocrx_word' id='word_1_96' title='bbox 3763 850 3768 854; x_wconf 93' lang='grc'><strong>·</strong></span> 
     </span>
    </p>
   </div>
   <div class='ocr_carea' id='block_1_8' title="bbox 455 919 3714 992">
    <p class='ocr_par' dir='ltr' id='par_1_8' title="bbox 455 919 3714 992">
     <span class='ocr_line' id='line_1_8' title="bbox 455 919 3714 992; baseline 0.001 -23"><span class='ocrx_word' id='word_1_97' title='bbox 455 922 551 990; x_wconf 81' lang='lat' dir='ltr'><strong>qui</strong></span> <span class='ocrx_word' id='word_1_98' title='bbox 586 923 826 975; x_wconf 87' lang='lat' dir='ltr'><strong>bumano</strong></span> <span class='ocrx_word' id='word_1_99' title='bbox 861 936 1028 990; x_wconf 87' lang='lat' dir='ltr'><strong>opere</strong></span> <span class='ocrx_word' id='word_1_100' title='bbox 1072 921 1256 974; x_wconf 84' lang='lat' dir='ltr'><strong>linnt?</strong></span> <span class='ocrx_word' id='word_1_101' title='bbox 1305 919 1660 990; x_wconf 78' lang='lat' dir='ltr'><strong>Quapropter</strong></span> <span class='ocrx_word' id='word_1_102' title='bbox 1687 921 1898 974; x_wconf 85' lang='lat' dir='ltr'><strong>malitia</strong></span> <span class='ocrx_word' id='word_1_103' title='bbox 1936 924 2236 976; x_wconf 66' lang='lat' dir='ltr'><strong>caecutiens</strong></span> <span class='ocrx_word' id='word_1_104' title='bbox 2274 938 2377 978; x_wconf 90' lang='lat' dir='ltr'><strong>suo</strong></span> <span class='ocrx_word' id='word_1_105' title='bbox 2421 923 2615 992; x_wconf 90' lang='lat' dir='ltr'><strong>ipsius,</strong></span> <span class='ocrx_word' id='word_1_106' title='bbox 2661 930 2724 976; x_wconf 92' lang='lat' dir='ltr'><strong>ut</strong></span> <span class='ocrx_word' id='word_1_107' title='bbox 2759 937 2948 988; x_wconf 78' lang='lat' dir='ltr'><strong>sorex,</strong></span> <span class='ocrx_word' id='word_1_108' title='bbox 2988 923 3131 990; x_wconf 87' lang='lat' dir='ltr'><strong>perit</strong></span> <span class='ocrx_word' id='word_1_109' title='bbox 3171 921 3402 975; x_wconf 87' lang='lat' dir='ltr'><strong>indicio.</strong></span> <span class='ocrx_word' id='word_1_110' title='bbox 3435 919 3714 974; x_wconf 63' lang='lat' dir='ltr'><strong>Praeterea</strong></span> 
     </span>
    </p>
   </div>
   <div class='ocr_carea' id='block_1_9' title="bbox 412 997 3713 1080">
    <p class='ocr_par' dir='ltr' id='par_1_9' title="bbox 412 997 3713 1080">
     <span class='ocr_line' id='line_1_9' title="bbox 412 997 3713 1080; baseline 0 -20"><span class='ocrx_word' id='word_1_111' title='bbox 412 997 418 1018; x_wconf 73' lang='grc'>¹</span> <span class='ocrx_word' id='word_1_112' title='bbox 459 1007 762 1061; x_wconf 77' lang='lat' dir='ltr'><strong>admodum</strong></span> <span class='ocrx_word' id='word_1_113' title='bbox 804 1007 1048 1061; x_wconf 82' lang='lat' dir='ltr'><strong>absurde</strong></span> <span class='ocrx_word' id='word_1_114' title='bbox 1112 1007 1373 1070; x_wconf 90' lang='lat' dir='ltr'><strong>vitulum,</strong></span> <span class='ocrx_word' id='word_1_115' title='bbox 1429 1009 1524 1075; x_wconf 89' lang='lat' dir='ltr'><strong>qui</strong></span> <span class='ocrx_word' id='word_1_116' title='bbox 1577 1008 1865 1077; x_wconf 87' lang='lat' dir='ltr'><strong>prodierat</strong></span> <span class='ocrx_word' id='word_1_117' title='bbox 1907 1010 2096 1062; x_wconf 81' lang='lat' dir='ltr'><strong>nescio</strong></span> <span class='ocrx_word' id='word_1_118' title='bbox 2147 1025 2277 1080; x_wconf 91' lang='lat' dir='ltr'><strong>qua,</strong></span> <span class='ocrx_word' id='word_1_119' title='bbox 2336 1012 2478 1064; x_wconf 89' lang='lat' dir='ltr'><strong>mala</strong></span> <span class='ocrx_word' id='word_1_120' title='bbox 2530 1021 2670 1072; x_wconf 85' lang='lat' dir='ltr'><strong>arte,</strong></span> <span class='ocrx_word' id='word_1_121' title='bbox 2720 1019 2923 1064; x_wconf 79' lang='lat' dir='ltr'><strong>vocant</strong></span> <span class='ocrx_word' id='word_1_122' title='bbox 2972 1025 3206 1063; x_wconf 89' lang='lat' dir='ltr'><strong>numero</strong></span> <span class='ocrx_word' id='word_1_123' title='bbox 3260 1007 3511 1078; x_wconf 92' lang='lat' dir='ltr'><strong>plurali:</strong></span> <span class='ocrx_word' id='word_1_124' title='bbox 3553 1009 3713 1062; x_wconf 88' lang='lat' dir='ltr'><strong>deos.</strong></span> 
     </span>
    </p>
   </div>
   <div class='ocr_carea' id='block_1_10' title="bbox 459 1083 3715 1164">
    <p class='ocr_par' dir='ltr' id='par_1_10' title="bbox 459 1083 3715 1164">
     <span class='ocr_line' id='line_1_10' title="bbox 459 1083 3715 1164; baseline -0.001 -17"><span class='ocrx_word' id='word_1_125' title='bbox 459 1095 716 1148; x_wconf 81' lang='lat' dir='ltr'><strong>Ostendit</strong></span> <span class='ocrx_word' id='word_1_126' title='bbox 745 1094 939 1164; x_wconf 79' lang='lat' dir='ltr'><strong>igitur,</strong></span> <span class='ocrx_word' id='word_1_127' title='bbox 977 1093 1124 1163; x_wconf 89' lang='lat' dir='ltr'><strong>quod</strong></span> <span class='ocrx_word' id='word_1_128' title='bbox 1163 1110 1274 1148; x_wconf 91' lang='lat' dir='ltr'><strong>non</strong></span> <span class='ocrx_word' id='word_1_129' title='bbox 1310 1094 1492 1147; x_wconf 83' lang='lat' dir='ltr'><strong>solum</strong></span> <span class='ocrx_word' id='word_1_130' title='bbox 1524 1095 1784 1157; x_wconf 82' lang='lat' dir='ltr'><strong>vitulum,</strong></span> <span class='ocrx_word' id='word_1_131' title='bbox 1831 1110 1996 1162; x_wconf 86' lang='lat' dir='ltr'><strong>quem</strong></span> <span class='ocrx_word' id='word_1_132' title='bbox 2036 1095 2214 1150; x_wconf 90' lang='lat' dir='ltr'><strong>oculis</strong></span> <span class='ocrx_word' id='word_1_133' title='bbox 2259 1094 2568 1163; x_wconf 84' lang='lat' dir='ltr'><strong>subjectum</strong></span> <span class='ocrx_word' id='word_1_134' title='bbox 2599 1083 2858 1158; x_wconf 65' lang='lat' dir='ltr'><strong>cernunt,</strong></span> <span class='ocrx_word' id='word_1_135' title='bbox 2886 1093 3229 1154; x_wconf 88' lang='lat' dir='ltr'><strong>adorabant,</strong></span> <span class='ocrx_word' id='word_1_136' title='bbox 3271 1092 3367 1147; x_wconf 92' lang='lat' dir='ltr'><strong>sed</strong></span> <span class='ocrx_word' id='word_1_137' title='bbox 3409 1092 3715 1153; x_wconf 85' lang='lat' dir='ltr'><strong>multorum</strong></span> 
     </span>
    </p>
   </div>
   <div class='ocr_carea' id='block_1_11' title="bbox 463 1178 3720 1251">
    <p class='ocr_par' dir='ltr' id='par_1_11' title="bbox 463 1178 3720 1251">
     <span class='ocr_line' id='line_1_11' title="bbox 463 1178 3720 1251; baseline -0 -18"><span class='ocrx_word' id='word_1_138' title='bbox 463 1182 794 1234; x_wconf 80' lang='lat' dir='ltr'><strong>invehebant</strong></span> <span class='ocrx_word' id='word_1_139' title='bbox 819 1180 1051 1235; x_wconf 77' lang='lat' dir='ltr'><strong>deorum</strong></span> <span class='ocrx_word' id='word_1_140' title='bbox 1084 1183 1318 1235; x_wconf 88' lang='lat' dir='ltr'><strong>cultum.</strong></span> <span class='ocrx_word' id='word_1_141' title='bbox 1366 1179 1719 1251; x_wconf 75' lang='lat' dir='ltr'><strong>Quapropter</strong></span> <span class='ocrx_word' id='word_1_142' title='bbox 1756 1181 1866 1238; x_wconf 88' lang='lat' dir='ltr'><strong>illis</strong></span> <span class='ocrx_word' id='word_1_143' title='bbox 1907 1183 2135 1238; x_wconf 85' lang='lat' dir='ltr'><strong>verbis:</strong></span> <span class='ocrx_word' id='word_1_144' title='bbox 2189 1201 2209 1235; x_wconf 75' lang='grc' dir='ltr'><strong>ι</strong></span> <span class='ocrx_word' id='word_1_145' title='bbox 2261 1180 2326 1236; x_wconf 87' lang='lat' dir='ltr'><strong>Hi</strong></span> <span class='ocrx_word' id='word_1_146' title='bbox 2357 1189 2490 1238; x_wconf 89' lang='lat' dir='ltr'><strong>sunt</strong></span> <span class='ocrx_word' id='word_1_147' title='bbox 2517 1181 2594 1237; x_wconf 92' lang='lat' dir='ltr'><strong>dii</strong></span> <span class='ocrx_word' id='word_1_148' title='bbox 2629 1183 2730 1248; x_wconf 92' lang='lat' dir='ltr'><strong>tui,</strong></span> <span class='ocrx_word' id='word_1_149' title='bbox 2764 1200 2784 1234; x_wconf 72' lang='grc' dir='ltr'><strong>ι</strong></span> <span class='ocrx_word' id='word_1_150' title='bbox 2816 1190 2952 1248; x_wconf 91' lang='lat' dir='ltr'><strong>etc.,</strong></span> <span class='ocrx_word' id='word_1_151' title='bbox 2997 1183 3251 1251; x_wconf 87' lang='lat' dir='ltr'><strong>ipsorum</strong></span> <span class='ocrx_word' id='word_1_152' title='bbox 3280 1179 3502 1234; x_wconf 90' lang='lat' dir='ltr'><strong>animos</strong></span> <span class='ocrx_word' id='word_1_153' title='bbox 3537 1178 3720 1233; x_wconf 91' lang='lat' dir='ltr'><strong>idolo-</strong></span> 
     </span>
    </p>
   </div>
   <div class='ocr_carea' id='block_1_12' title="bbox 461 1269 2411 1339">
    <p class='ocr_par' dir='ltr' id='par_1_12' title="bbox 461 1269 2411 1339">
     <span class='ocr_line' id='line_1_12' title="bbox 461 1269 2411 1339; baseline 0 -17"><span class='ocrx_word' id='word_1_154' title='bbox 461 1269 623 1322; x_wconf 85' lang='lat' dir='ltr'><strong>latria</strong></span> <span class='ocrx_word' id='word_1_155' title='bbox 652 1277 1051 1338; x_wconf 86' lang='lat' dir='ltr'><strong>conspurcatos</strong></span> <span class='ocrx_word' id='word_1_156' title='bbox 1069 1278 1123 1324; x_wconf 90' lang='lat' dir='ltr'><strong>et</strong></span> <span class='ocrx_word' id='word_1_157' title='bbox 1148 1271 1562 1326; x_wconf 88' lang='lat' dir='ltr'><strong>contaminatos</strong></span> <span class='ocrx_word' id='word_1_158' title='bbox 1601 1273 1798 1339; x_wconf 79' lang='lat' dir='ltr'><strong>tetigit.</strong></span> <span class='ocrx_word' id='word_1_159' title='bbox 2395 1272 2411 1282; x_wconf 89' lang='lat'><strong><em>&#39;</em></strong></span> 
     </span>
    </p>
   </div>
   <div class='ocr_carea' id='block_1_13' title="bbox 535 1372 2069 1476">
    <p class='ocr_par' dir='ltr' id='par_1_13' title="bbox 535 1381 2040 1476">
     <span class='ocr_line' id='line_1_13' title="bbox 535 1381 2040 1476; baseline 0.003 -40"><span class='ocrx_word' id='word_1_160' title='bbox 535 1383 766 1448; x_wconf 89' lang='lat' dir='ltr'><strong>Quidam</strong></span> <span class='ocrx_word' id='word_1_161' title='bbox 827 1383 1004 1445; x_wconf 87' lang='lat' dir='ltr'><strong>aiunt,</strong></span> <span class='ocrx_word' id='word_1_162' title='bbox 1063 1383 1154 1438; x_wconf 90' lang='lat' dir='ltr'><strong>ubi</strong></span> <span class='ocrx_word' id='word_1_163' title='bbox 1213 1385 1459 1455; x_wconf 85' lang='lat' dir='ltr'><strong>primum</strong></span> <span class='ocrx_word' id='word_1_164' title='bbox 1515 1385 1723 1436; x_wconf 77' lang='lat' dir='ltr'><strong>vitulus</strong></span> <span class='ocrx_word' id='word_1_165' title='bbox 1771 1381 2040 1476; x_wconf 55' lang='lat' dir='ltr'><strong>[promtus</strong></span> 
     </span>
    </p>
   </div>
   <div class='ocr_carea' id='block_1_14' title="bbox 2173 1372 3722 1476">
    <p class='ocr_par' dir='ltr' id='par_1_14' title="bbox 2212 1377 3722 1452">
     <span class='ocr_line' id='line_1_14' title="bbox 2212 1377 3722 1452; baseline -0.003 -16"><span class='ocrx_word' id='word_1_166' title='bbox 2212 1383 2369 1447; x_wconf 77' lang='grc' dir='ltr'>Τινὲς</span> <span class='ocrx_word' id='word_1_167' title='bbox 2398 1382 2456 1436; x_wconf 82' lang='grc' dir='ltr'><strong>δέ</strong></span> <span class='ocrx_word' id='word_1_168' title='bbox 2494 1399 2684 1451; x_wconf 76' lang='grc' dir='ltr'>φασιν,</span> <span class='ocrx_word' id='word_1_169' title='bbox 2707 1381 2783 1446; x_wconf 83' lang='grc' dir='ltr'>ὡς</span> <span class='ocrx_word' id='word_1_170' title='bbox 2808 1379 2925 1452; x_wconf 77' lang='grc' dir='ltr'><strong>ἅμα</strong></span> <span class='ocrx_word' id='word_1_171' title='bbox 2953 1382 3020 1451; x_wconf 85' lang='grc' dir='ltr'>τῇ</span> <span class='ocrx_word' id='word_1_172' title='bbox 3060 1377 3387 1452; x_wconf 78' lang='grc' dir='ltr'>μοσχοποιιᾳ</span> <span class='ocrx_word' id='word_1_173' title='bbox 3428 1377 3521 1430; x_wconf 69' lang='grc' dir='ltr'><strong>καὶ</strong></span> <span class='ocrx_word' id='word_1_174' title='bbox 3555 1377 3722 1450; x_wconf 73' lang='grc' dir='ltr'>ἔτερα</span> 
     </span>
    </p>
   </div>
   <div class='ocr_carea' id='block_1_15' title="bbox 465 1471 2036 1546">
    <p class='ocr_par' dir='ltr' id='par_1_15' title="bbox 465 1471 2036 1546">
     <span class='ocr_line' id='line_1_15' title="bbox 465 1471 2036 1546; baseline 0.002 -20"><span class='ocrx_word' id='word_1_175' title='bbox 465 1471 684 1532; x_wconf 67' lang='lat' dir='ltr'><strong>fuisset,</strong></span> <span class='ocrx_word' id='word_1_176' title='bbox 713 1473 966 1545; x_wconf 74' lang='lat' dir='ltr'><strong>singulos</strong></span> <span class='ocrx_word' id='word_1_177' title='bbox 1000 1474 1104 1528; x_wconf 86' lang='lat' dir='ltr'><strong>sibi</strong></span> <span class='ocrx_word' id='word_1_178' title='bbox 1153 1474 1298 1529; x_wconf 86' lang='lat' dir='ltr'><strong>idola</strong></span> <span class='ocrx_word' id='word_1_179' title='bbox 1330 1474 1579 1546; x_wconf 63' lang='lat' dir='ltr'><strong>quit-dam</strong></span> <span class='ocrx_word' id='word_1_180' title='bbox 1613 1471 1857 1530; x_wconf 72' lang='lat' dir='ltr'><strong>linxisée.</strong></span> <span class='ocrx_word' id='word_1_181' title='bbox 1889 1475 2036 1529; x_wconf 73' lang='lat' dir='ltr'><strong>Prte-</strong></span> 
     </span>
    </p>
   </div>
   <div class='ocr_carea' id='block_1_16' title="bbox 466 1565 2036 1622">
    <p class='ocr_par' dir='ltr' id='par_1_16' title="bbox 466 1565 2036 1622">
     <span class='ocr_line' id='line_1_16' title="bbox 466 1565 2036 1622; baseline 0.003 -5"><span class='ocrx_word' id='word_1_182' title='bbox 466 1573 618 1619; x_wconf 88' lang='lat' dir='ltr'><strong>terea</strong></span> <span class='ocrx_word' id='word_1_183' title='bbox 668 1565 816 1618; x_wconf 87' lang='lat' dir='ltr'><strong>haud</strong></span> <span class='ocrx_word' id='word_1_184' title='bbox 839 1566 1243 1620; x_wconf 77' lang='lat' dir='ltr'><strong>abstinebanta</strong></span> <span class='ocrx_word' id='word_1_185' title='bbox 1273 1569 1425 1622; x_wconf 84' lang='lat' dir='ltr'><strong>eultn</strong></span> <span class='ocrx_word' id='word_1_186' title='bbox 1457 1579 1735 1621; x_wconf 66' lang='lat' dir='ltr'><strong>astrorum</strong></span> <span class='ocrx_word' id='word_1_187' title='bbox 1769 1578 1820 1620; x_wconf 89' lang='lat' dir='ltr'><strong>et</strong></span> <span class='ocrx_word' id='word_1_188' title='bbox 1849 1568 2036 1621; x_wconf 72' lang='lat' dir='ltr'><strong>firma-</strong></span> 
     </span>
    </p>
   </div>
   <div class='ocr_carea' id='block_1_17' title="bbox 468 1653 2040 1724">
    <p class='ocr_par' dir='ltr' id='par_1_17' title="bbox 468 1653 2040 1724">
     <span class='ocr_line' id='line_1_17' title="bbox 468 1653 2040 1724; baseline 0 -16"><span class='ocrx_word' id='word_1_189' title='bbox 468 1655 665 1709; x_wconf 87' lang='lat' dir='ltr'><strong>menti.</strong></span> <span class='ocrx_word' id='word_1_190' title='bbox 695 1655 1050 1724; x_wconf 89' lang='lat' dir='ltr'><strong>Quapropter</strong></span> <span class='ocrx_word' id='word_1_191' title='bbox 1099 1657 1238 1709; x_wconf 85' lang='lat' dir='ltr'><strong>dicit</strong></span> <span class='ocrx_word' id='word_1_192' title='bbox 1284 1657 1351 1710; x_wconf 92' lang='lat' dir='ltr'><strong>ad</strong></span> <span class='ocrx_word' id='word_1_193' title='bbox 1395 1656 1562 1710; x_wconf 78' lang='lat' dir='ltr'><strong>Deum</strong></span> <span class='ocrx_word' id='word_1_194' title='bbox 1622 1655 1841 1710; x_wconf 78' lang='lat' dir='ltr'><strong>Moses:</strong></span> <span class='ocrx_word' id='word_1_195' title='bbox 1903 1653 2040 1709; x_wconf 86' lang='lat' dir='ltr'><strong>Pec-</strong></span> 
     </span>
    </p>
   </div>
   <div class='ocr_carea' id='block_1_18' title="bbox 469 1745 2042 1816">
    <p class='ocr_par' dir='ltr' id='par_1_18' title="bbox 469 1745 2042 1816">
     <span class='ocr_line' id='line_1_18' title="bbox 469 1745 2042 1816; baseline 0 -16"><span class='ocrx_word' id='word_1_196' title='bbox 469 1745 614 1800; x_wconf 81' lang='lat' dir='ltr'><strong>cavit</strong></span> <span class='ocrx_word' id='word_1_197' title='bbox 667 1745 904 1816; x_wconf 83' lang='lat' dir='ltr'><strong>pupulns</strong></span> <span class='ocrx_word' id='word_1_198' title='bbox 961 1747 1051 1799; x_wconf 77' lang='lat' dir='ltr'><strong>hic</strong></span> <span class='ocrx_word' id='word_1_199' title='bbox 1089 1758 1376 1814; x_wconf 86' lang='lat' dir='ltr'><strong>peccatum</strong></span> <span class='ocrx_word' id='word_1_200' title='bbox 1427 1762 1708 1816; x_wconf 81' lang='lat' dir='ltr'><strong>magnum.</strong></span> <span class='ocrx_word' id='word_1_201' title='bbox 1763 1745 2042 1800; x_wconf 87' lang='lat' dir='ltr'><strong>Fecerunt</strong></span> 
     </span>
    </p>
   </div>
   <div class='ocr_carea' id='block_1_19' title="bbox 471 1836 2044 1904">
    <p class='ocr_par' dir='ltr' id='par_1_19' title="bbox 471 1836 2044 1904">
     <span class='ocr_line' id='line_1_19' title="bbox 471 1836 2044 1904; baseline 0.001 -14"><span class='ocrx_word' id='word_1_202' title='bbox 471 1837 579 1890; x_wconf 83' lang='lat' dir='ltr'><strong>sibi</strong></span> <span class='ocrx_word' id='word_1_203' title='bbox 633 1837 768 1890; x_wconf 86' lang='lat' dir='ltr'><strong>deos</strong></span> <span class='ocrx_word' id='word_1_204' title='bbox 815 1852 1037 1891; x_wconf 85' lang='lat' dir='ltr'><strong>aureos.</strong></span> <span class='ocrx_word' id='word_1_205' title='bbox 1108 1857 1127 1890; x_wconf 70' lang='grc' dir='ltr'><strong>ι</strong></span> <span class='ocrx_word' id='word_1_206' title='bbox 1187 1836 1286 1892; x_wconf 87' lang='lat' dir='ltr'><strong>llis</strong></span> <span class='ocrx_word' id='word_1_207' title='bbox 1359 1839 1663 1893; x_wconf 88' lang='lat' dir='ltr'><strong>asscntitur</strong></span> <span class='ocrx_word' id='word_1_208' title='bbox 1730 1837 2044 1904; x_wconf 83' lang='lat' dir='ltr'><strong>Stephanus</strong></span> 
     </span>
    </p>
   </div>
   <div class='ocr_carea' id='block_1_20' title="bbox 473 1917 2046 1998">
    <p class='ocr_par' dir='ltr' id='par_1_20' title="bbox 473 1917 2046 1998">
     <span class='ocr_line' id='line_1_20' title="bbox 473 1917 2046 1998; baseline 0.004 -20"><span class='ocrx_word' id='word_1_209' title='bbox 473 1937 866 1998; x_wconf 78' lang='lat' dir='ltr'><strong>protomartyr,</strong></span> <span class='ocrx_word' id='word_1_210' title='bbox 922 1929 1230 1997; x_wconf 84' lang='lat' dir='ltr'><strong>inquiens:</strong></span> <span class='ocrx_word' id='word_1_211' title='bbox 1300 1947 1318 1980; x_wconf 82' lang='grc' dir='ltr'><strong>ι</strong></span> <span class='ocrx_word' id='word_1_212' title='bbox 1390 1928 1680 1984; x_wconf 75' lang='lat' dir='ltr'><strong>Convertit</strong></span> <span class='ocrx_word' id='word_1_213' title='bbox 1745 1938 1932 1983; x_wconf 87' lang='lat' dir='ltr'><strong>autem</strong></span> <span class='ocrx_word' id='word_1_214' title='bbox 1979 1917 2046 1984; x_wconf 76' lang='lat' dir='ltr'><strong>se</strong></span> 
     </span>
    </p>
   </div>
   <div class='ocr_carea' id='block_1_21' title="bbox 472 2016 2047 2086">
    <p class='ocr_par' dir='ltr' id='par_1_21' title="bbox 472 2016 2047 2086">
     <span class='ocr_line' id='line_1_21' title="bbox 472 2016 2047 2086; baseline 0.003 -16"><span class='ocrx_word' id='word_1_215' title='bbox 472 2016 644 2081; x_wconf 74' lang='lat' dir='ltr'><strong>Deus,</strong></span> <span class='ocrx_word' id='word_1_216' title='bbox 697 2029 751 2071; x_wconf 89' lang='lat' dir='ltr'><strong>et</strong></span> <span class='ocrx_word' id='word_1_217' title='bbox 786 2019 1016 2072; x_wconf 85' lang='lat' dir='ltr'><strong>tradidit</strong></span> <span class='ocrx_word' id='word_1_218' title='bbox 1061 2036 1175 2086; x_wconf 86' lang='lat' dir='ltr'><strong>eos,</strong></span> <span class='ocrx_word' id='word_1_219' title='bbox 1224 2028 1282 2074; x_wconf 92' lang='lat' dir='ltr'><strong>ut</strong></span> <span class='ocrx_word' id='word_1_220' title='bbox 1325 2021 1573 2075; x_wconf 81' lang='lat' dir='ltr'><strong>colerent</strong></span> <span class='ocrx_word' id='word_1_221' title='bbox 1623 2021 1884 2075; x_wconf 89' lang='lat' dir='ltr'><strong>militiam</strong></span> <span class='ocrx_word' id='word_1_222' title='bbox 1935 2035 2047 2074; x_wconf 71' lang='lat' dir='ltr'><strong>ca:-</strong></span> 
     </span>
    </p>
   </div>
   <div class='ocr_carea' id='block_1_22' title="bbox 473 2107 2047 2179">
    <p class='ocr_par' dir='ltr' id='par_1_22' title="bbox 473 2107 2047 2179">
     <span class='ocr_line' id='line_1_22' title="bbox 473 2107 2047 2179; baseline 0.005 -21"><span class='ocrx_word' id='word_1_223' title='bbox 473 2107 512 2159; x_wconf 92' lang='lat' dir='ltr'><strong>li</strong></span> <span class='ocrx_word' id='word_1_224' title='bbox 544 2107 612 2166; x_wconf 88' lang='lat'><strong>&quot;.</strong></span> <span class='ocrx_word' id='word_1_225' title='bbox 656 2128 675 2159; x_wconf 74' lang='grc' dir='ltr'><strong>ι</strong></span> <span class='ocrx_word' id='word_1_226' title='bbox 711 2107 852 2162; x_wconf 86' lang='lat' dir='ltr'><strong>llinc</strong></span> <span class='ocrx_word' id='word_1_227' title='bbox 883 2109 958 2161; x_wconf 91' lang='lat' dir='ltr'><strong>ait</strong></span> <span class='ocrx_word' id='word_1_228' title='bbox 997 2109 1052 2162; x_wconf 94' lang='lat' dir='ltr'><strong>in</strong></span> <span class='ocrx_word' id='word_1_229' title='bbox 1085 2111 1371 2178; x_wconf 87' lang='lat' dir='ltr'><strong>prophetis</strong></span> <span class='ocrx_word' id='word_1_230' title='bbox 1421 2111 1689 2179; x_wconf 86' lang='lat' dir='ltr'><strong>scriptum</strong></span> <span class='ocrx_word' id='word_1_231' title='bbox 1725 2125 1846 2166; x_wconf 88' lang='lat' dir='ltr'><strong>esse</strong></span> <span class='ocrx_word' id='word_1_232' title='bbox 1879 2129 1894 2166; x_wconf 90' lang='lat'><strong>:</strong></span> <span class='ocrx_word' id='word_1_233' title='bbox 1929 2128 1945 2159; x_wconf 80' lang='grc' dir='ltr'><strong>ι</strong></span> <span class='ocrx_word' id='word_1_234' title='bbox 1982 2108 2047 2162; x_wconf 77' lang='lat' dir='ltr'><strong>Et</strong></span> 
     </span>
    </p>
   </div>
   <div class='ocr_carea' id='block_1_23' title="bbox 471 2197 2044 2266">
    <p class='ocr_par' dir='ltr' id='par_1_23' title="bbox 471 2197 2044 2266">
     <span class='ocr_line' id='line_1_23' title="bbox 471 2197 2044 2266; baseline 0.002 -17"><span class='ocrx_word' id='word_1_235' title='bbox 471 2197 807 2266; x_wconf 73' lang='lat' dir='ltr'><strong>suscepistis</strong></span> <span class='ocrx_word' id='word_1_236' title='bbox 864 2198 1280 2252; x_wconf 87' lang='lat' dir='ltr'><strong>tabernaculum</strong></span> <span class='ocrx_word' id='word_1_237' title='bbox 1349 2199 1586 2264; x_wconf 77' lang='lat' dir='ltr'><strong>Molocb,</strong></span> <span class='ocrx_word' id='word_1_238' title='bbox 1638 2209 1695 2254; x_wconf 91' lang='lat' dir='ltr'><strong>et</strong></span> <span class='ocrx_word' id='word_1_239' title='bbox 1755 2202 1910 2256; x_wconf 87' lang='lat' dir='ltr'><strong>sidus</strong></span> <span class='ocrx_word' id='word_1_240' title='bbox 1953 2199 2044 2254; x_wconf 83' lang='lat' dir='ltr'><strong>Dei</strong></span> 
     </span>
    </p>
   </div>
   <div class='ocr_carea' id='block_1_24' title="bbox 474 2287 2050 2360">
    <p class='ocr_par' dir='ltr' id='par_1_24' title="bbox 474 2287 2050 2360">
     <span class='ocr_line' id='line_1_24' title="bbox 474 2287 2050 2360; baseline 0.004 -22"><span class='ocrx_word' id='word_1_241' title='bbox 474 2287 647 2340; x_wconf 77' lang='lat' dir='ltr'><strong>veSIri</strong></span> <span class='ocrx_word' id='word_1_242' title='bbox 703 2287 1049 2358; x_wconf 71' lang='lat' dir='ltr'><strong>Rempltum,</strong></span> <span class='ocrx_word' id='word_1_243' title='bbox 1110 2291 1314 2359; x_wconf 81' lang='lat' dir='ltr'><strong>ﬁguras</strong></span> <span class='ocrx_word' id='word_1_244' title='bbox 1370 2306 1510 2360; x_wconf 88' lang='lat' dir='ltr'><strong>quas</strong></span> <span class='ocrx_word' id='word_1_245' title='bbox 1543 2291 1750 2350; x_wconf 78' lang='lat' dir='ltr'><strong>fecistis</strong></span> <span class='ocrx_word' id='word_1_246' title='bbox 1799 2293 1864 2345; x_wconf 91' lang='lat' dir='ltr'><strong>ad</strong></span> <span class='ocrx_word' id='word_1_247' title='bbox 1915 2291 2050 2345; x_wconf 85' lang='lat' dir='ltr'><strong>ado-</strong></span> 
     </span>
    </p>
   </div>
   <div class='ocr_carea' id='block_1_25' title="bbox 477 2377 2050 2453">
    <p class='ocr_par' dir='ltr' id='par_1_25' title="bbox 477 2377 2050 2453">
     <span class='ocr_line' id='line_1_25' title="bbox 477 2377 2050 2453; baseline 0.006 -23"><span class='ocrx_word' id='word_1_248' title='bbox 477 2377 710 2432; x_wconf 84' lang='lat' dir='ltr'><strong>tandum</strong></span> <span class='ocrx_word' id='word_1_249' title='bbox 751 2393 847 2434; x_wconf 86' lang='lat' dir='ltr'><strong>eas</strong></span> <span class='ocrx_word' id='word_1_250' title='bbox 897 2380 965 2434; x_wconf 81' lang='grc'><strong>⁸⁸.</strong></span> <span class='ocrx_word' id='word_1_251' title='bbox 1008 2399 1029 2436; x_wconf 75' lang='lat' dir='ltr'><strong>t</strong></span> <span class='ocrx_word' id='word_1_252' title='bbox 1093 2381 1306 2451; x_wconf 89' lang='lat' dir='ltr'><strong>Spiritu</strong></span> <span class='ocrx_word' id='word_1_253' title='bbox 1363 2383 1529 2453; x_wconf 74' lang='lat' dir='ltr'><strong>igitur</strong></span> <span class='ocrx_word' id='word_1_254' title='bbox 1587 2393 1781 2438; x_wconf 88' lang='lat' dir='ltr'><strong>sancto</strong></span> <span class='ocrx_word' id='word_1_255' title='bbox 1811 2385 2050 2453; x_wconf 80' lang='lat' dir='ltr'><strong>agitatus</strong></span> 
     </span>
    </p>
   </div>
   <div class='ocr_carea' id='block_1_26' title="bbox 479 2468 2052 2542">
    <p class='ocr_par' dir='ltr' id='par_1_26' title="bbox 479 2468 2052 2542">
     <span class='ocr_line' id='line_1_26' title="bbox 479 2468 2052 2542; baseline 0.003 -20"><span class='ocrx_word' id='word_1_256' title='bbox 479 2468 796 2538; x_wconf 84' lang='lat' dir='ltr'><strong>Stephanus</strong></span> <span class='ocrx_word' id='word_1_257' title='bbox 830 2473 968 2526; x_wconf 83' lang='lat' dir='ltr'><strong>satis</strong></span> <span class='ocrx_word' id='word_1_258' title='bbox 1013 2473 1332 2542; x_wconf 79' lang='lat' dir='ltr'><strong>explanavit</strong></span> <span class='ocrx_word' id='word_1_259' title='bbox 1373 2471 1602 2527; x_wconf 73' lang='lat' dir='ltr'><strong>Judaeos</strong></span> <span class='ocrx_word' id='word_1_260' title='bbox 1639 2471 1849 2527; x_wconf 77' lang='lat' dir='ltr'><strong>divinis</strong></span> <span class='ocrx_word' id='word_1_261' title='bbox 1881 2473 2052 2526; x_wconf 79' lang='lat' dir='ltr'><strong>bono-</strong></span> 
     </span>
    </p>
   </div>
   <div class='ocr_carea' id='block_1_27' title="bbox 477 2558 2051 2632">
    <p class='ocr_par' dir='ltr' id='par_1_27' title="bbox 477 2558 2051 2632">
     <span class='ocr_line' id='line_1_27' title="bbox 477 2558 2051 2632; baseline 0.003 -18"><span class='ocrx_word' id='word_1_262' title='bbox 477 2558 634 2614; x_wconf 90' lang='lat' dir='ltr'><strong>ribus</strong></span> <span class='ocrx_word' id='word_1_263' title='bbox 665 2561 920 2617; x_wconf 71' lang='lat' dir='ltr'><strong>adecisse</strong></span> <span class='ocrx_word' id='word_1_264' title='bbox 949 2564 1203 2618; x_wconf 85' lang='lat' dir='ltr'><strong>militiam</strong></span> <span class='ocrx_word' id='word_1_265' title='bbox 1239 2565 1386 2619; x_wconf 71' lang='lat' dir='ltr'><strong>cmli.</strong></span> <span class='ocrx_word' id='word_1_266' title='bbox 1427 2563 1566 2618; x_wconf 84' lang='lat' dir='ltr'><strong>Hinc</strong></span> <span class='ocrx_word' id='word_1_267' title='bbox 1607 2565 1890 2632; x_wconf 76' lang='lat' dir='ltr'><strong>conjicere</strong></span> <span class='ocrx_word' id='word_1_268' title='bbox 1919 2565 2051 2620; x_wconf 88' lang='lat' dir='ltr'><strong>licet</strong></span> 
     </span>
    </p>
   </div>
   <div class='ocr_carea' id='block_1_28' title="bbox 479 2650 2056 2723">
    <p class='ocr_par' dir='ltr' id='par_1_28' title="bbox 479 2650 2056 2723">
     <span class='ocr_line' id='line_1_28' title="bbox 479 2650 2056 2723; baseline 0.01 -24"><span class='ocrx_word' id='word_1_269' title='bbox 479 2650 624 2718; x_wconf 89' lang='lat' dir='ltr'><strong>quod</strong></span> <span class='ocrx_word' id='word_1_270' title='bbox 655 2655 967 2723; x_wconf 86' lang='lat' dir='ltr'><strong>receperint</strong></span> <span class='ocrx_word' id='word_1_271' title='bbox 995 2656 1158 2707; x_wconf 87' lang='lat' dir='ltr'><strong>etiam</strong></span> <span class='ocrx_word' id='word_1_272' title='bbox 1188 2654 1607 2709; x_wconf 87' lang='lat' dir='ltr'><strong>tabernaculum</strong></span> <span class='ocrx_word' id='word_1_273' title='bbox 1643 2655 1881 2710; x_wconf 82' lang='lat' dir='ltr'><strong>Molocb.</strong></span> <span class='ocrx_word' id='word_1_274' title='bbox 1915 2653 2056 2714; x_wconf 87' lang='lat' dir='ltr'><strong>Nam</strong></span> 
     </span>
    </p>
   </div>
   <div class='ocr_carea' id='block_1_29' title="bbox 2107 1472 3724 1546">
    <p class='ocr_par' dir='ltr' id='par_1_29' title="bbox 2107 1472 3724 1546">
     <span class='ocr_line' id='line_1_29' title="bbox 2107 1472 3724 1546; baseline -0.002 -16"><span class='ocrx_word' id='word_1_275' title='bbox 2107 1495 2112 1500; x_wconf 72' lang='grc'><strong>’</strong></span> <span class='ocrx_word' id='word_1_276' title='bbox 2145 1477 2276 1542; x_wconf 83' lang='grc' dir='ltr'>παρ’</span> <span class='ocrx_word' id='word_1_277' title='bbox 2305 1478 2536 1532; x_wconf 77' lang='grc' dir='ltr'>ἑκάστου</span> <span class='ocrx_word' id='word_1_278' title='bbox 2563 1476 2868 1546; x_wconf 70' lang='grc' dir='ltr'>ἐπράττετο</span> <span class='ocrx_word' id='word_1_279' title='bbox 2897 1475 3112 1529; x_wconf 78' lang='grc' dir='ltr'>εἴδωλα.</span> <span class='ocrx_word' id='word_1_280' title='bbox 3155 1472 3520 1545; x_wconf 82' lang='grc' dir='ltr'>Προσὲκειντο</span> <span class='ocrx_word' id='word_1_281' title='bbox 3547 1473 3607 1526; x_wconf 70' lang='grc' dir='ltr'><strong>δὲ</strong></span> <span class='ocrx_word' id='word_1_282' title='bbox 3631 1475 3724 1527; x_wconf 76' lang='grc' dir='ltr'>καὶ</span> 
     </span>
    </p>
   </div>
   <div class='ocr_carea' id='block_1_30' title="bbox 2144 1558 3723 1639">
    <p class='ocr_par' dir='ltr' id='par_1_30' title="bbox 2144 1558 3723 1639">
     <span class='ocr_line' id='line_1_30' title="bbox 2144 1558 3723 1639; baseline -0.004 -17"><span class='ocrx_word' id='word_1_283' title='bbox 2144 1572 2268 1632; x_wconf 84' lang='grc' dir='ltr'>ταῖς</span> <span class='ocrx_word' id='word_1_284' title='bbox 2315 1569 2427 1622; x_wconf 81' lang='grc' dir='ltr'><strong>τῶν</strong></span> <span class='ocrx_word' id='word_1_285' title='bbox 2466 1570 2682 1639; x_wconf 77' lang='grc' dir='ltr'><strong>ἄστρων</strong></span> <span class='ocrx_word' id='word_1_286' title='bbox 2714 1567 3020 1638; x_wconf 76' lang='grc' dir='ltr'><strong>λατρείαις.</strong></span> <span class='ocrx_word' id='word_1_287' title='bbox 3068 1565 3160 1618; x_wconf 83' lang='grc' dir='ltr'><strong>Διὸ</strong></span> <span class='ocrx_word' id='word_1_288' title='bbox 3187 1564 3283 1618; x_wconf 77' lang='grc' dir='ltr'>καὶ</span> <span class='ocrx_word' id='word_1_289' title='bbox 3315 1563 3554 1633; x_wconf 81' lang='grc' dir='ltr'><strong>Μωῦσῆς</strong></span> <span class='ocrx_word' id='word_1_290' title='bbox 3601 1558 3723 1616; x_wconf 80' lang='grc' dir='ltr'>εἶπε</span> 
     </span>
    </p>
   </div>
   <div class='ocr_carea' id='block_1_31' title="bbox 2147 1649 3732 1730">
    <p class='ocr_par' dir='ltr' id='par_1_31' title="bbox 2147 1649 3732 1730">
     <span class='ocr_line' id='line_1_31' title="bbox 2147 1649 3732 1730; baseline -0.005 -17"><span class='ocrx_word' id='word_1_291' title='bbox 2147 1659 2284 1730; x_wconf 82' lang='grc' dir='ltr'>πρὸς</span> <span class='ocrx_word' id='word_1_292' title='bbox 2312 1659 2400 1712; x_wconf 83' lang='grc' dir='ltr'><strong>τὸν</strong></span> <span class='ocrx_word' id='word_1_293' title='bbox 2433 1658 2586 1722; x_wconf 79' lang='grc' dir='ltr'>Θεὸν,</span> <span class='ocrx_word' id='word_1_294' title='bbox 2644 1677 2663 1710; x_wconf 73' lang='grc' dir='ltr'><strong>ι</strong></span> <span class='ocrx_word' id='word_1_295' title='bbox 2725 1657 3081 1727; x_wconf 79' lang='grc' dir='ltr'>Ἠμάρτηκεν</span> <span class='ocrx_word' id='word_1_296' title='bbox 3108 1657 3137 1709; x_wconf 83' lang='grc' dir='ltr'>ὁ</span> <span class='ocrx_word' id='word_1_297' title='bbox 3174 1653 3302 1716; x_wconf 70' lang='grc' dir='ltr'>λαὸς</span> <span class='ocrx_word' id='word_1_298' title='bbox 3345 1649 3500 1717; x_wconf 76' lang='grc' dir='ltr'>οὗτος</span> <span class='ocrx_word' id='word_1_299' title='bbox 3541 1654 3732 1724; x_wconf 23' lang='grc' dir='ltr'>ἁμαρο,</span> 
     </span>
    </p>
   </div>
   <div class='ocr_carea' id='block_1_32' title="bbox 2148 1733 3717 1818">
    <p class='ocr_par' dir='ltr' id='par_1_32' title="bbox 2148 1733 3717 1818">
     <span class='ocr_line' id='line_1_32' title="bbox 2148 1733 3717 1818; baseline -0.004 -15"><span class='ocrx_word' id='word_1_300' title='bbox 2148 1751 2267 1803; x_wconf 77' lang='grc' dir='ltr'>τίαν</span> <span class='ocrx_word' id='word_1_301' title='bbox 2319 1749 2584 1818; x_wconf 80' lang='grc' dir='ltr'><strong>μεγάλην,</strong></span> <span class='ocrx_word' id='word_1_302' title='bbox 2645 1748 2907 1816; x_wconf 72' lang='grc' dir='ltr'>ἐποίησαν</span> <span class='ocrx_word' id='word_1_303' title='bbox 2954 1749 3166 1811; x_wconf 73' lang='grc' dir='ltr'><strong>ἑαυτοῖς</strong></span> <span class='ocrx_word' id='word_1_304' title='bbox 3201 1745 3356 1809; x_wconf 63' lang='lat' dir='ltr'><strong>Oscis;</strong></span> <span class='ocrx_word' id='word_1_305' title='bbox 3401 1733 3662 1816; x_wconf 57' lang='grc' dir='ltr'><strong>χρυσοῦς.</strong></span> <span class='ocrx_word' id='word_1_306' title='bbox 3698 1764 3717 1797; x_wconf 76' lang='grc' dir='ltr'><strong>ι</strong></span> 
     </span>
    </p>
   </div>
   <div class='ocr_carea' id='block_1_33' title="bbox 2149 1836 3721 1912">
    <p class='ocr_par' dir='ltr' id='par_1_33' title="bbox 2149 1836 3721 1912">
     <span class='ocr_line' id='line_1_33' title="bbox 2149 1836 3721 1912; baseline -0.002 -20"><span class='ocrx_word' id='word_1_307' title='bbox 2149 1840 2259 1894; x_wconf 70' lang='grc' dir='ltr'>Καὶ</span> <span class='ocrx_word' id='word_1_308' title='bbox 2287 1841 2316 1892; x_wconf 82' lang='grc' dir='ltr'>ὁ</span> <span class='ocrx_word' id='word_1_309' title='bbox 2351 1841 2754 1912; x_wconf 81' lang='grc' dir='ltr'>πρωτομάρτυς</span> <span class='ocrx_word' id='word_1_310' title='bbox 2797 1839 3062 1906; x_wconf 80' lang='grc' dir='ltr'>Στέφανος</span> <span class='ocrx_word' id='word_1_311' title='bbox 3087 1837 3215 1907; x_wconf 74' lang='grc' dir='ltr'>περὶ</span> <span class='ocrx_word' id='word_1_312' title='bbox 3241 1837 3341 1906; x_wconf 81' lang='grc' dir='ltr'><strong>τῆς</strong></span> <span class='ocrx_word' id='word_1_313' title='bbox 3373 1836 3721 1907; x_wconf 73' lang='grc' dir='ltr'>μοσχοποιίας</span> 
     </span>
    </p>
   </div>
   <div class='ocr_carea' id='block_1_34' title="bbox 2149 1925 3726 1998">
    <p class='ocr_par' dir='ltr' id='par_1_34' title="bbox 2149 1925 3726 1998">
     <span class='ocr_line' id='line_1_34' title="bbox 2149 1925 3726 1998; baseline -0.002 -17"><span class='ocrx_word' id='word_1_314' title='bbox 2149 1928 2348 1997; x_wconf 83' lang='grc' dir='ltr'>λέγων,</span> <span class='ocrx_word' id='word_1_315' title='bbox 2403 1927 2567 1998; x_wconf 80' lang='grc' dir='ltr'>φησίν</span> <span class='ocrx_word' id='word_1_316' title='bbox 2591 1945 2604 1958; x_wconf 88' lang='grc'><strong>·</strong></span> <span class='ocrx_word' id='word_1_317' title='bbox 2646 1946 2665 1978; x_wconf 75' lang='grc' dir='ltr'><strong>ι</strong></span> <span class='ocrx_word' id='word_1_318' title='bbox 2707 1927 2983 1998; x_wconf 76' lang='grc' dir='ltr'>Ἐστρεψε</span> <span class='ocrx_word' id='word_1_319' title='bbox 3038 1925 3098 1980; x_wconf 80' lang='grc' dir='ltr'>δὲ</span> <span class='ocrx_word' id='word_1_320' title='bbox 3149 1927 3345 1987; x_wconf 83' lang='grc' dir='ltr'>αὐτοὺς</span> <span class='ocrx_word' id='word_1_321' title='bbox 3373 1926 3402 1978; x_wconf 85' lang='grc' dir='ltr'><strong>ὁ</strong></span> <span class='ocrx_word' id='word_1_322' title='bbox 3433 1925 3589 1989; x_wconf 79' lang='grc' dir='ltr'>Θεὸς,</span> <span class='ocrx_word' id='word_1_323' title='bbox 3628 1925 3726 1979; x_wconf 86' lang='grc' dir='ltr'>καὶ</span> 
     </span>
    </p>
   </div>
   <div class='ocr_carea' id='block_1_35' title="bbox 2151 2017 3730 2092">
    <p class='ocr_par' dir='ltr' id='par_1_35' title="bbox 2151 2017 3730 2092">
     <span class='ocr_line' id='line_1_35' title="bbox 2151 2017 3730 2092; baseline -0.001 -19"><span class='ocrx_word' id='word_1_324' title='bbox 2151 2021 2469 2092; x_wconf 76' lang='grc' dir='ltr'>παρέδωκεν</span> <span class='ocrx_word' id='word_1_325' title='bbox 2501 2021 2697 2084; x_wconf 75' lang='grc' dir='ltr'>αὐτοὺς</span> <span class='ocrx_word' id='word_1_326' title='bbox 2725 2020 3008 2091; x_wconf 81' lang='grc' dir='ltr'><strong>λατρεύειν</strong></span> <span class='ocrx_word' id='word_1_327' title='bbox 3036 2022 3105 2090; x_wconf 80' lang='grc' dir='ltr'>τῇ</span> <span class='ocrx_word' id='word_1_328' title='bbox 3150 2020 3387 2090; x_wconf 81' lang='grc' dir='ltr'>στρατιᾷ</span> <span class='ocrx_word' id='word_1_329' title='bbox 3433 2017 3528 2072; x_wconf 81' lang='grc' dir='ltr'><strong>τοῦ</strong></span> <span class='ocrx_word' id='word_1_330' title='bbox 3559 2019 3730 2086; x_wconf 78' lang='grc' dir='ltr'><strong>οὐρα-</strong></span> 
     </span>
    </p>
   </div>
   <div class='ocr_carea' id='block_1_36' title="bbox 2153 2109 3730 2185">
    <p class='ocr_par' dir='ltr' id='par_1_36' title="bbox 2153 2109 3730 2185">
     <span class='ocr_line' id='line_1_36' title="bbox 2153 2109 3730 2185; baseline -0.002 -19"><span class='ocrx_word' id='word_1_331' title='bbox 2153 2112 2267 2167; x_wconf 83' lang='grc' dir='ltr'>νοῦ.</span> <span class='ocrx_word' id='word_1_332' title='bbox 2309 2131 2328 2164; x_wconf 69' lang='grc' dir='ltr'><strong>ι</strong></span> <span class='ocrx_word' id='word_1_333' title='bbox 2365 2113 2454 2166; x_wconf 79' lang='grc' dir='ltr'>Διὸ</span> <span class='ocrx_word' id='word_1_334' title='bbox 2488 2113 2584 2166; x_wconf 75' lang='grc' dir='ltr'><strong>καὶ</strong></span> <span class='ocrx_word' id='word_1_335' title='bbox 2618 2115 2676 2166; x_wconf 77' lang='grc' dir='ltr'>ἐν</span> <span class='ocrx_word' id='word_1_336' title='bbox 2716 2115 3023 2185; x_wconf 82' lang='grc' dir='ltr'><strong>προφήταις</strong></span> <span class='ocrx_word' id='word_1_337' title='bbox 3065 2111 3315 2183; x_wconf 77' lang='grc' dir='ltr'>εἰρῆσθαί</span> <span class='ocrx_word' id='word_1_338' title='bbox 3355 2127 3526 2181; x_wconf 72' lang='grc' dir='ltr'>φησιο</span> <span class='ocrx_word' id='word_1_339' title='bbox 3559 2129 3578 2161; x_wconf 78' lang='grc' dir='ltr'><strong>ι</strong></span> <span class='ocrx_word' id='word_1_340' title='bbox 3616 2109 3730 2163; x_wconf 79' lang='grc' dir='ltr'><strong>Καὶ</strong></span> 
     </span>
    </p>
   </div>
   <div class='ocr_carea' id='block_1_37' title="bbox 2154 2203 3729 2276">
    <p class='ocr_par' dir='ltr' id='par_1_37' title="bbox 2154 2203 3729 2276">
     <span class='ocr_line' id='line_1_37' title="bbox 2154 2203 3729 2276; baseline -0.001 -18"><span class='ocrx_word' id='word_1_341' title='bbox 2154 2204 2451 2259; x_wconf 76' lang='grc' dir='ltr'>ἀνελάϐετε</span> <span class='ocrx_word' id='word_1_342' title='bbox 2476 2205 2575 2275; x_wconf 81' lang='grc' dir='ltr'><strong>τὴν</strong></span> <span class='ocrx_word' id='word_1_343' title='bbox 2606 2205 2811 2276; x_wconf 82' lang='grc' dir='ltr'>σκηνὴν</span> <span class='ocrx_word' id='word_1_344' title='bbox 2839 2204 2934 2258; x_wconf 84' lang='grc' dir='ltr'>τοῦ</span> <span class='ocrx_word' id='word_1_345' title='bbox 2965 2205 3172 2274; x_wconf 83' lang='grc' dir='ltr'>Μολὸχ,</span> <span class='ocrx_word' id='word_1_346' title='bbox 3200 2205 3292 2257; x_wconf 79' lang='grc' dir='ltr'><strong>καὶ</strong></span> <span class='ocrx_word' id='word_1_347' title='bbox 3315 2203 3377 2256; x_wconf 85' lang='grc' dir='ltr'>τδ</span> <span class='ocrx_word' id='word_1_348' title='bbox 3404 2204 3606 2273; x_wconf 75' lang='grc' dir='ltr'>ἄστρον</span> <span class='ocrx_word' id='word_1_349' title='bbox 3633 2203 3729 2257; x_wconf 74' lang='grc' dir='ltr'>τοῦ</span> 
     </span>
    </p>
   </div>
   <div class='ocr_carea' id='block_1_38' title="bbox 2155 2292 3730 2364">
    <p class='ocr_par' dir='ltr' id='par_1_38' title="bbox 2155 2292 3730 2364">
     <span class='ocr_line' id='line_1_38' title="bbox 2155 2292 3730 2364; baseline -0.002 -16"><span class='ocrx_word' id='word_1_350' title='bbox 2155 2293 2291 2348; x_wconf 83' lang='grc' dir='ltr'><strong>Θεοῦ</strong></span> <span class='ocrx_word' id='word_1_351' title='bbox 2321 2294 2476 2364; x_wconf 83' lang='grc' dir='ltr'>ὑμῶν</span> <span class='ocrx_word' id='word_1_352' title='bbox 2519 2295 2858 2363; x_wconf 75' lang='grc' dir='ltr'>Ῥαιφωνῶν,</span> <span class='ocrx_word' id='word_1_353' title='bbox 2901 2296 3030 2358; x_wconf 78' lang='grc' dir='ltr'>τοὺς</span> <span class='ocrx_word' id='word_1_354' title='bbox 3059 2297 3266 2356; x_wconf 83' lang='grc' dir='ltr'><strong>τύπους</strong></span> <span class='ocrx_word' id='word_1_355' title='bbox 3300 2292 3392 2356; x_wconf 83' lang='grc' dir='ltr'>οὓς</span> <span class='ocrx_word' id='word_1_356' title='bbox 3435 2294 3730 2360; x_wconf 67' lang='grc' dir='ltr'>ἐποιήσατε</span> 
     </span>
    </p>
   </div>
   <div class='ocr_carea' id='block_1_39' title="bbox 2157 2383 3732 2456">
    <p class='ocr_par' dir='ltr' id='par_1_39' title="bbox 2157 2383 3732 2456">
     <span class='ocr_line' id='line_1_39' title="bbox 2157 2383 3732 2456; baseline -0.001 -18"><span class='ocrx_word' id='word_1_357' title='bbox 2157 2388 2484 2456; x_wconf 81' lang='grc' dir='ltr'><strong>προσκυνεῖν</strong></span> <span class='ocrx_word' id='word_1_358' title='bbox 2513 2387 2718 2444; x_wconf 81' lang='grc' dir='ltr'>αὐτοῖς.</span> <span class='ocrx_word' id='word_1_359' title='bbox 2761 2405 2781 2438; x_wconf 74' lang='grc' dir='ltr'><strong>ι</strong></span> <span class='ocrx_word' id='word_1_360' title='bbox 2835 2387 2896 2438; x_wconf 89' lang='lat'><strong>&#39;0</strong></span> <span class='ocrx_word' id='word_1_361' title='bbox 2920 2387 3372 2455; x_wconf 71' lang='grc' dir='ltr'>πνευματοφόρος</span> <span class='ocrx_word' id='word_1_362' title='bbox 3397 2384 3491 2438; x_wconf 79' lang='grc' dir='ltr'>οὖν</span> <span class='ocrx_word' id='word_1_363' title='bbox 3523 2383 3732 2448; x_wconf 77' lang='grc' dir='ltr'><strong>ἐδήλω-</strong></span> 
     </span>
    </p>
   </div>
   <div class='ocr_carea' id='block_1_40' title="bbox 2160 2474 3730 2548">
    <p class='ocr_par' dir='ltr' id='par_1_40' title="bbox 2160 2474 3730 2548">
     <span class='ocr_line' id='line_1_40' title="bbox 2160 2474 3730 2548; baseline -0.001 -18"><span class='ocrx_word' id='word_1_364' title='bbox 2160 2494 2269 2540; x_wconf 86' lang='grc' dir='ltr'>σεν,</span> <span class='ocrx_word' id='word_1_365' title='bbox 2304 2476 2380 2541; x_wconf 85' lang='grc' dir='ltr'><strong>ὡς</strong></span> <span class='ocrx_word' id='word_1_366' title='bbox 2406 2477 2501 2530; x_wconf 74' lang='grc' dir='ltr'><strong>καὶ</strong></span> <span class='ocrx_word' id='word_1_367' title='bbox 2531 2479 2596 2548; x_wconf 78' lang='grc' dir='ltr'>τῇ</span> <span class='ocrx_word' id='word_1_368' title='bbox 2627 2478 2862 2548; x_wconf 81' lang='grc' dir='ltr'>στρατιᾷ</span> <span class='ocrx_word' id='word_1_369' title='bbox 2891 2481 2988 2531; x_wconf 82' lang='grc' dir='ltr'><strong>τοῦ</strong></span> <span class='ocrx_word' id='word_1_370' title='bbox 3021 2477 3256 2548; x_wconf 78' lang='grc' dir='ltr'>οὐρανοῦ</span> <span class='ocrx_word' id='word_1_371' title='bbox 3287 2474 3730 2546; x_wconf 75' lang='grc' dir='ltr'><strong>προσεκύνησαν.</strong></span> 
     </span>
    </p>
   </div>
   <div class='ocr_carea' id='block_1_41' title="bbox 2160 2564 3734 2638">
    <p class='ocr_par' dir='ltr' id='par_1_41' title="bbox 2160 2564 3734 2638">
     <span class='ocr_line' id='line_1_41' title="bbox 2160 2564 3734 2638; baseline -0.004 -16"><span class='ocrx_word' id='word_1_372' title='bbox 2160 2567 2324 2622; x_wconf 84' lang='grc' dir='ltr'>Ὅθεν</span> <span class='ocrx_word' id='word_1_373' title='bbox 2369 2567 2518 2622; x_wconf 77' lang='grc' dir='ltr'>ἐστιν</span> <span class='ocrx_word' id='word_1_374' title='bbox 2550 2569 2778 2630; x_wconf 79' lang='grc' dir='ltr'>ἐννοεῖν,</span> <span class='ocrx_word' id='word_1_375' title='bbox 2807 2571 2890 2622; x_wconf 88' lang='grc' dir='ltr'>ὃτι</span> <span class='ocrx_word' id='word_1_376' title='bbox 2929 2569 3024 2622; x_wconf 74' lang='grc' dir='ltr'>καὶ</span> <span class='ocrx_word' id='word_1_377' title='bbox 3048 2567 3148 2638; x_wconf 80' lang='grc' dir='ltr'>τὴν</span> <span class='ocrx_word' id='word_1_378' title='bbox 3193 2567 3400 2638; x_wconf 84' lang='grc' dir='ltr'>σκηνὴν</span> <span class='ocrx_word' id='word_1_379' title='bbox 3429 2565 3527 2620; x_wconf 83' lang='grc' dir='ltr'>τοῦ</span> <span class='ocrx_word' id='word_1_380' title='bbox 3549 2564 3734 2636; x_wconf 78' lang='grc' dir='ltr'>Μολὺχ</span> 
     </span>
    </p>
   </div>
   <div class='ocr_carea' id='block_1_42' title="bbox 2159 2656 3734 2730">
    <p class='ocr_par' dir='ltr' id='par_1_42' title="bbox 2159 2656 3734 2730">
     <span class='ocr_line' id='line_1_42' title="bbox 2159 2656 3734 2730; baseline -0.003 -17"><span class='ocrx_word' id='word_1_381' title='bbox 2159 2659 2440 2714; x_wconf 73' lang='grc' dir='ltr'>ἁνέλαὸον.</span> <span class='ocrx_word' id='word_1_382' title='bbox 2473 2661 3012 2730; x_wconf 80' lang='grc' dir='ltr'>Σκηνοποιησάμενοι</span> <span class='ocrx_word' id='word_1_383' title='bbox 3040 2659 3150 2730; x_wconf 75' lang='grc' dir='ltr'>γὰρ</span> <span class='ocrx_word' id='word_1_384' title='bbox 3169 2699 3183 2722; x_wconf 92' lang='grc'><strong>,</strong></span> <span class='ocrx_word' id='word_1_385' title='bbox 3221 2658 3458 2728; x_wconf 74' lang='grc' dir='ltr'>ἔστησαν</span> <span class='ocrx_word' id='word_1_386' title='bbox 3490 2656 3734 2719; x_wconf 70' lang='grc' dir='ltr'>εἴδωλον,</span> 
     </span>
    </p>
   </div>
   <div class='ocr_carea' id='block_1_43' title="bbox 478 2743 2069 2820">
    <p class='ocr_par' dir='ltr' id='par_1_43' title="bbox 478 2745 2054 2816">
     <span class='ocr_line' id='line_1_43' title="bbox 478 2745 2054 2816; baseline 0.004 -23"><span class='ocrx_word' id='word_1_387' title='bbox 478 2749 766 2797; x_wconf 78' lang='lat' dir='ltr'><strong>exstructo</strong></span> <span class='ocrx_word' id='word_1_388' title='bbox 841 2745 1200 2798; x_wconf 87' lang='lat' dir='ltr'><strong>tabernaculo</strong></span> <span class='ocrx_word' id='word_1_389' title='bbox 1260 2752 1574 2799; x_wconf 89' lang='lat' dir='ltr'><strong>statuerunt</strong></span> <span class='ocrx_word' id='word_1_390' title='bbox 1639 2746 1849 2799; x_wconf 91' lang='lat' dir='ltr'><strong>idolum</strong></span> <span class='ocrx_word' id='word_1_391' title='bbox 1906 2745 2054 2816; x_wconf 88' lang='lat' dir='ltr'><strong>quod</strong></span> 
     </span>
    </p>
   </div>
   <div class='ocr_carea' id='block_1_44' title="bbox 2173 2743 3663 2820">
    <p class='ocr_par' dir='ltr' id='par_1_44' title="bbox 2173 2743 3663 2820">
     <span class='ocr_line' id='line_1_44' title="bbox 2173 2743 3663 2820; baseline -0.001 -19"><span class='ocrx_word' id='word_1_392' title='bbox 2173 2747 2184 2801; x_wconf 78' lang='grc' dir='ltr'><strong>ι</strong></span> <span class='ocrx_word' id='word_1_393' title='bbox 2213 2747 2521 2820; x_wconf 75' lang='grc' dir='ltr'>κεκλήκασι</span> <span class='ocrx_word' id='word_1_394' title='bbox 2549 2743 2756 2818; x_wconf 83' lang='grc' dir='ltr'>Μολόχ.</span> <span class='ocrx_word' id='word_1_395' title='bbox 2796 2747 3027 2801; x_wconf 80' lang='grc' dir='ltr'>Εἴδωλον</span> <span class='ocrx_word' id='word_1_396' title='bbox 3060 2747 3118 2800; x_wconf 79' lang='grc' dir='ltr'><strong>δὲ</strong></span> <span class='ocrx_word' id='word_1_397' title='bbox 3143 2746 3302 2802; x_wconf 82' lang='grc' dir='ltr'>τοῦτο</span> <span class='ocrx_word' id='word_1_398' title='bbox 3329 2745 3663 2801; x_wconf 76' lang='grc' dir='ltr'>Μωαὸιτῶν.</span> 
     </span>
    </p>
   </div>
   <div class='ocr_carea' id='block_1_45' title="bbox 481 2836 3736 2913">
    <p class='ocr_par' dir='ltr' id='par_1_45' title="bbox 481 2836 3736 2913">
     <span class='ocr_line' id='line_1_45' title="bbox 481 2836 3736 2913; baseline 0.002 -27"><span class='ocrx_word' id='word_1_399' title='bbox 481 2837 828 2903; x_wconf 79' lang='lat' dir='ltr'><strong>appellarunt</strong></span> <span class='ocrx_word' id='word_1_400' title='bbox 867 2836 1104 2892; x_wconf 78' lang='lat' dir='ltr'><strong>Moloch.</strong></span> <span class='ocrx_word' id='word_1_401' title='bbox 1137 2838 1348 2894; x_wconf 78' lang='lat' dir='ltr'><strong>Moloch</strong></span> <span class='ocrx_word' id='word_1_402' title='bbox 1376 2855 1508 2894; x_wconf 83' lang='lat' dir='ltr'><strong>vero</strong></span> <span class='ocrx_word' id='word_1_403' title='bbox 1535 2839 1744 2894; x_wconf 91' lang='lat' dir='ltr'><strong>idolum</strong></span> <span class='ocrx_word' id='word_1_404' title='bbox 1770 2851 1873 2908; x_wconf 85' lang='lat' dir='ltr'><strong>est,</strong></span> <span class='ocrx_word' id='word_1_405' title='bbox 1908 2841 2054 2911; x_wconf 90' lang='lat' dir='ltr'><strong>quod</strong></span> <span class='ocrx_word' id='word_1_406' title='bbox 2095 2854 2438 2899; x_wconf 87' lang='lat' dir='ltr'><strong>venerantur</strong></span> <span class='ocrx_word' id='word_1_407' title='bbox 2494 2843 2766 2898; x_wconf 71' lang='lat' dir='ltr'><strong>Moabitae.</strong></span> <span class='ocrx_word' id='word_1_408' title='bbox 2803 2843 2962 2913; x_wconf 75' lang='lat'><strong>311</strong></span> <span class='ocrx_word' id='word_1_409' title='bbox 2999 2841 3116 2898; x_wconf 78' lang='lat' dir='ltr'><strong>Non</strong></span> <span class='ocrx_word' id='word_1_410' title='bbox 3153 2853 3236 2898; x_wconf 87' lang='lat' dir='ltr'><strong>est</strong></span> <span class='ocrx_word' id='word_1_411' title='bbox 3271 2856 3375 2896; x_wconf 81' lang='lat' dir='ltr'><strong>vox</strong></span> <span class='ocrx_word' id='word_1_412' title='bbox 3439 2855 3504 2894; x_wconf 87' lang='lat' dir='ltr'><strong>ex</strong></span> <span class='ocrx_word' id='word_1_413' title='bbox 3575 2839 3736 2893; x_wconf 80' lang='lat' dir='ltr'><strong>duci-</strong></span> 
     </span>
    </p>
   </div>
   <div class='ocr_carea' id='block_1_46' title="bbox 481 2925 3742 3007">
    <p class='ocr_par' dir='ltr' id='par_1_46' title="bbox 481 2925 3742 3007">
     <span class='ocr_line' id='line_1_46' title="bbox 481 2925 3742 3007; baseline 0.002 -27"><span class='ocrx_word' id='word_1_414' title='bbox 481 2925 587 2980; x_wconf 87' lang='lat' dir='ltr'><strong>bus</strong></span> <span class='ocrx_word' id='word_1_415' title='bbox 618 2927 922 2983; x_wconf 86' lang='lat' dir='ltr'><strong>secundum</strong></span> <span class='ocrx_word' id='word_1_416' title='bbox 953 2931 1235 2997; x_wconf 87' lang='lat' dir='ltr'><strong>virtutem,</strong></span> <span class='ocrx_word' id='word_1_417' title='bbox 1295 2947 1476 3002; x_wconf 87' lang='lat' dir='ltr'><strong>neque</strong></span> <span class='ocrx_word' id='word_1_418' title='bbox 1519 2931 1647 3000; x_wconf 80' lang='lat' dir='ltr'><strong>fuga</strong></span> <span class='ocrx_word' id='word_1_419' title='bbox 1689 2947 1757 2988; x_wconf 90' lang='lat' dir='ltr'><strong>ex</strong></span> <span class='ocrx_word' id='word_1_420' title='bbox 1811 2933 2046 2989; x_wconf 89' lang='lat' dir='ltr'><strong>ducibus</strong></span> <span class='ocrx_word' id='word_1_421' title='bbox 2087 2931 2250 3007; x_wconf 74' lang='lat' dir='ltr'><strong>fugae,</strong></span> <span class='ocrx_word' id='word_1_422' title='bbox 2294 2935 2349 2990; x_wconf 89' lang='lat' dir='ltr'><strong>id</strong></span> <span class='ocrx_word' id='word_1_423' title='bbox 2379 2945 2483 3000; x_wconf 88' lang='lat' dir='ltr'><strong>est,</strong></span> <span class='ocrx_word' id='word_1_424' title='bbox 2536 2950 2646 2990; x_wconf 90' lang='lat' dir='ltr'><strong>non</strong></span> <span class='ocrx_word' id='word_1_425' title='bbox 2719 2944 2805 2992; x_wconf 88' lang='lat' dir='ltr'><strong>est</strong></span> <span class='ocrx_word' id='word_1_426' title='bbox 2859 2951 2963 2991; x_wconf 89' lang='lat' dir='ltr'><strong>vox</strong></span> <span class='ocrx_word' id='word_1_427' title='bbox 3025 2932 3111 2992; x_wconf 76' lang='lat' dir='ltr'><strong>vel</strong></span> <span class='ocrx_word' id='word_1_428' title='bbox 3153 2935 3490 2990; x_wconf 87' lang='lat' dir='ltr'><strong>vincentium</strong></span> <span class='ocrx_word' id='word_1_429' title='bbox 3525 2933 3608 2989; x_wconf 83' lang='lat' dir='ltr'><strong>vel</strong></span> <span class='ocrx_word' id='word_1_430' title='bbox 3656 2933 3742 2988; x_wconf 78' lang='lat' dir='ltr'><strong>fu-</strong></span> 
     </span>
    </p>
   </div>
   <div class='ocr_carea' id='block_1_47' title="bbox 483 3023 778 3094">
    <p class='ocr_par' dir='ltr' id='par_1_47' title="bbox 483 3023 778 3094">
     <span class='ocr_line' id='line_1_47' title="bbox 483 3023 778 3094; baseline 0 -18"><span class='ocrx_word' id='word_1_431' title='bbox 483 3023 778 3094; x_wconf 76' lang='lat' dir='ltr'><strong>gientium.</strong></span> 
     </span>
    </p>
   </div>
   <div class='ocr_carea' id='block_1_48' title="bbox 480 3109 2068 3199">
    <p class='ocr_par' dir='ltr' id='par_1_48' title="bbox 480 3109 2068 3199">
     <span class='ocr_line' id='line_1_48' title="bbox 480 3109 2068 3199; baseline 0.005 -25"><span class='ocrx_word' id='word_1_432' title='bbox 480 3142 493 3156; x_wconf 85' lang='grc'><strong>·</strong></span> <span class='ocrx_word' id='word_1_433' title='bbox 559 3121 626 3175; x_wconf 84' lang='lat' dir='ltr'><strong>Et</strong></span> <span class='ocrx_word' id='word_1_434' title='bbox 653 3121 905 3188; x_wconf 76' lang='lat' dir='ltr'><strong>confregit</strong></span> <span class='ocrx_word' id='word_1_435' title='bbox 933 3139 1022 3176; x_wconf 78' lang='lat' dir='ltr'><strong>eas</strong></span> <span class='ocrx_word' id='word_1_436' title='bbox 1053 3129 1148 3178; x_wconf 78' lang='lat' dir='ltr'><strong>sub</strong></span> <span class='ocrx_word' id='word_1_437' title='bbox 1171 3133 1486 3186; x_wconf 82' lang='lat' dir='ltr'><strong>monte,etc.</strong></span> <span class='ocrx_word' id='word_1_438' title='bbox 1519 3109 2068 3199; x_wconf 79' lang='lat' dir='ltr'><strong>[XXXIl,l9.]Quasi</strong></span> 
     </span>
    </p>
   </div>
   <div class='ocr_carea' id='block_1_49' title="bbox 490 3211 2070 3286">
    <p class='ocr_par' dir='ltr' id='par_1_49' title="bbox 490 3211 2070 3286">
     <span class='ocr_line' id='line_1_49' title="bbox 490 3211 2070 3286; baseline 0.002 -21"><span class='ocrx_word' id='word_1_439' title='bbox 490 3211 592 3265; x_wconf 81' lang='lat' dir='ltr'><strong>sub</strong></span> <span class='ocrx_word' id='word_1_440' title='bbox 616 3211 902 3264; x_wconf 89' lang='lat' dir='ltr'><strong>involucro</strong></span> <span class='ocrx_word' id='word_1_441' title='bbox 925 3227 1020 3281; x_wconf 85' lang='lat' dir='ltr'><strong>per</strong></span> <span class='ocrx_word' id='word_1_442' title='bbox 1041 3215 1444 3283; x_wconf 85' lang='lat' dir='ltr'><strong>corruptionem</strong></span> <span class='ocrx_word' id='word_1_443' title='bbox 1462 3216 1770 3270; x_wconf 87' lang='lat' dir='ltr'><strong>tabularum</strong></span> <span class='ocrx_word' id='word_1_444' title='bbox 1794 3216 2070 3286; x_wconf 77' lang='lat' dir='ltr'><strong>signiﬁcat</strong></span> 
     </span>
    </p>
   </div>
   <div class='ocr_carea' id='block_1_50' title="bbox 491 3303 2068 3375">
    <p class='ocr_par' dir='ltr' id='par_1_50' title="bbox 491 3303 2068 3375">
     <span class='ocr_line' id='line_1_50' title="bbox 491 3303 2068 3375; baseline 0.004 -20"><span class='ocrx_word' id='word_1_445' title='bbox 491 3303 906 3372; x_wconf 81' lang='lat' dir='ltr'><strong>abrogationem</strong></span> <span class='ocrx_word' id='word_1_446' title='bbox 949 3304 1104 3374; x_wconf 81' lang='lat' dir='ltr'><strong>legis.</strong></span> <span class='ocrx_word' id='word_1_447' title='bbox 1153 3303 1370 3375; x_wconf 85' lang='lat' dir='ltr'><strong>Alioqui</strong></span> <span class='ocrx_word' id='word_1_448' title='bbox 1408 3323 1514 3360; x_wconf 89' lang='lat' dir='ltr'><strong>non</strong></span> <span class='ocrx_word' id='word_1_449' title='bbox 1563 3306 1646 3362; x_wconf 80' lang='lat' dir='ltr'><strong>fas</strong></span> <span class='ocrx_word' id='word_1_450' title='bbox 1674 3308 1874 3363; x_wconf 82' lang='lat' dir='ltr'><strong>fuisset</strong></span> <span class='ocrx_word' id='word_1_451' title='bbox 1905 3309 2068 3362; x_wconf 82' lang='lat' dir='ltr'><strong>tabu-</strong></span> 
     </span>
    </p>
   </div>
   <div class='ocr_carea' id='block_1_51' title="bbox 495 3393 1634 3468">
    <p class='ocr_par' dir='ltr' id='par_1_51' title="bbox 495 3393 1634 3468">
     <span class='ocr_line' id='line_1_51' title="bbox 495 3393 1634 3468; baseline 0.004 -20"><span class='ocrx_word' id='word_1_452' title='bbox 495 3395 600 3455; x_wconf 83' lang='lat' dir='ltr'><strong>las,</strong></span> <span class='ocrx_word' id='word_1_453' title='bbox 628 3409 751 3464; x_wconf 82' lang='lat' dir='ltr'><strong>qua:</strong></span> <span class='ocrx_word' id='word_1_454' title='bbox 781 3393 935 3449; x_wconf 70' lang='lat' dir='ltr'><strong>l‘uere</strong></span> <span class='ocrx_word' id='word_1_455' title='bbox 967 3405 1132 3467; x_wconf 87' lang='lat' dir='ltr'><strong>typus</strong></span> <span class='ocrx_word' id='word_1_456' title='bbox 1170 3395 1288 3458; x_wconf 89' lang='lat' dir='ltr'><strong>Dei,</strong></span> <span class='ocrx_word' id='word_1_457' title='bbox 1325 3397 1634 3468; x_wconf 88' lang='lat' dir='ltr'><strong>corrumpi.</strong></span> 
     </span>
    </p>
   </div>
   <div class='ocr_carea' id='block_1_52' title="bbox 2245 3116 3744 3196">
    <p class='ocr_par' dir='ltr' id='par_1_52' title="bbox 2245 3116 3744 3196">
     <span class='ocr_line' id='line_1_52' title="bbox 2245 3116 3744 3196; baseline -0.009 -13"><span class='ocrx_word' id='word_1_458' title='bbox 2245 3127 2352 3183; x_wconf 72' lang='lat' dir='ltr'><strong>Kal</strong></span> <span class='ocrx_word' id='word_1_459' title='bbox 2381 3127 2748 3196; x_wconf 78' lang='grc' dir='ltr'><strong>συνέτριψεν</strong></span> <span class='ocrx_word' id='word_1_460' title='bbox 2778 3123 2964 3188; x_wconf 82' lang='grc' dir='ltr'>αὐτὰς</span> <span class='ocrx_word' id='word_1_461' title='bbox 2994 3119 3115 3178; x_wconf 85' lang='grc' dir='ltr'><strong>ὑπὸ</strong></span> <span class='ocrx_word' id='word_1_462' title='bbox 3147 3118 3212 3172; x_wconf 82' lang='grc' dir='ltr'>τὸ</span> <span class='ocrx_word' id='word_1_463' title='bbox 3251 3118 3410 3185; x_wconf 82' lang='grc' dir='ltr'>ὄρος.</span> <span class='ocrx_word' id='word_1_464' title='bbox 3443 3116 3744 3184; x_wconf 81' lang='grc' dir='ltr'>Μυστικῶς</span> 
     </span>
    </p>
   </div>
   <div class='ocr_carea' id='block_1_53' title="bbox 2173 3200 3742 3284">
    <p class='ocr_par' dir='ltr' id='par_1_53' title="bbox 2173 3200 3742 3284">
     <span class='ocr_line' id='line_1_53' title="bbox 2173 3200 3742 3284; baseline -0.007 -13"><span class='ocrx_word' id='word_1_465' title='bbox 2173 3218 2264 3271; x_wconf 74' lang='grc' dir='ltr'><strong>διὰ</strong></span> <span class='ocrx_word' id='word_1_466' title='bbox 2294 3217 2501 3271; x_wconf 81' lang='grc' dir='ltr'>τούτων</span> <span class='ocrx_word' id='word_1_467' title='bbox 2553 3211 2886 3284; x_wconf 81' lang='grc' dir='ltr'>προμηνύων</span> <span class='ocrx_word' id='word_1_468' title='bbox 2912 3211 3010 3282; x_wconf 78' lang='grc' dir='ltr'><strong>τὴν</strong></span> <span class='ocrx_word' id='word_1_469' title='bbox 3043 3200 3246 3262; x_wconf 77' lang='grc' dir='ltr'>παῦσιν</span> <span class='ocrx_word' id='word_1_470' title='bbox 3294 3203 3388 3258; x_wconf 77' lang='grc' dir='ltr'>τοῦ</span> <span class='ocrx_word' id='word_1_471' title='bbox 3443 3205 3634 3274; x_wconf 81' lang='grc' dir='ltr'>νόμου.</span> <span class='ocrx_word' id='word_1_472' title='bbox 3667 3207 3742 3260; x_wconf 71' lang='lat'><strong>0&#39;5</strong></span> 
     </span>
    </p>
   </div>
   <div class='ocr_carea' id='block_1_54' title="bbox 2173 3289 3745 3376">
    <p class='ocr_par' dir='ltr' id='par_1_54' title="bbox 2173 3289 3745 3376">
     <span class='ocr_line' id='line_1_54' title="bbox 2173 3289 3745 3376; baseline -0.006 -17"><span class='ocrx_word' id='word_1_473' title='bbox 2173 3305 2282 3376; x_wconf 73' lang='grc' dir='ltr'>γὰρ</span> <span class='ocrx_word' id='word_1_474' title='bbox 2337 3303 2404 3359; x_wconf 82' lang='grc' dir='ltr'><strong>ἂν</strong></span> <span class='ocrx_word' id='word_1_475' title='bbox 2469 3297 2930 3375; x_wconf 75' lang='grc' dir='ltr'>συνεχωρήθησαν</span> <span class='ocrx_word' id='word_1_476' title='bbox 2978 3299 3035 3353; x_wconf 78' lang='grc' dir='ltr'><strong>αἱ</strong></span> <span class='ocrx_word' id='word_1_477' title='bbox 3090 3296 3322 3361; x_wconf 85' lang='grc' dir='ltr'>πλάκες,</span> <span class='ocrx_word' id='word_1_478' title='bbox 3376 3295 3537 3366; x_wconf 79' lang='grc' dir='ltr'>ἔργον</span> <span class='ocrx_word' id='word_1_479' title='bbox 3586 3289 3745 3350; x_wconf 69' lang='grc' dir='ltr'>οὖσαι</span> 
     </span>
    </p>
   </div>
   <div class='ocr_carea' id='block_1_55' title="bbox 2173 3396 2742 3469">
    <p class='ocr_par' dir='ltr' id='par_1_55' title="bbox 2173 3396 2742 3469">
     <span class='ocr_line' id='line_1_55' title="bbox 2173 3396 2742 3469; baseline -0.007 -16"><span class='ocrx_word' id='word_1_480' title='bbox 2173 3397 2332 3463; x_wconf 77' lang='grc' dir='ltr'>Θεοῦ,</span> <span class='ocrx_word' id='word_1_481' title='bbox 2367 3396 2742 3469; x_wconf 75' lang='grc' dir='ltr'>συντριϐῆναι.</span> 
     </span>
    </p>
   </div>
   <div class='ocr_carea' id='block_1_56' title="bbox 568 3502 3014 3577">
    <p class='ocr_par' dir='ltr' id='par_1_56' title="bbox 568 3502 3014 3577">
     <span class='ocr_line' id='line_1_56' title="bbox 568 3502 3014 3577; baseline 0.002 -23"><span class='ocrx_word' id='word_1_482' title='bbox 568 3502 768 3558; x_wconf 85' lang='lat' dir='ltr'><strong>Verum</strong></span> <span class='ocrx_word' id='word_1_483' title='bbox 800 3515 852 3558; x_wconf 91' lang='lat' dir='ltr'><strong>tu</strong></span> <span class='ocrx_word' id='word_1_484' title='bbox 878 3503 1176 3576; x_wconf 72' lang='lat' dir='ltr'><strong>diligenter</strong></span> <span class='ocrx_word' id='word_1_485' title='bbox 1207 3516 1388 3560; x_wconf 89' lang='lat' dir='ltr'><strong>tecum</strong></span> <span class='ocrx_word' id='word_1_486' title='bbox 1423 3507 1632 3575; x_wconf 78' lang='lat' dir='ltr'><strong>cogita,</strong></span> <span class='ocrx_word' id='word_1_487' title='bbox 1671 3507 1807 3576; x_wconf 88' lang='lat' dir='ltr'><strong>quid</strong></span> <span class='ocrx_word' id='word_1_488' title='bbox 1839 3507 1946 3562; x_wconf 85' lang='lat' dir='ltr'><strong>sibi</strong></span> <span class='ocrx_word' id='word_1_489' title='bbox 1989 3507 2125 3562; x_wconf 88' lang='lat' dir='ltr'><strong>velit</strong></span> <span class='ocrx_word' id='word_1_490' title='bbox 2180 3508 2271 3561; x_wconf 87' lang='lat' dir='ltr'><strong>illa</strong></span> <span class='ocrx_word' id='word_1_491' title='bbox 2313 3507 2621 3577; x_wconf 75' lang='lat' dir='ltr'><strong>appendix:</strong></span> <span class='ocrx_word' id='word_1_492' title='bbox 2655 3505 2771 3560; x_wconf 86' lang='lat' dir='ltr'><strong>Sub</strong></span> <span class='ocrx_word' id='word_1_493' title='bbox 2803 3514 3014 3559; x_wconf 88' lang='lat' dir='ltr'><strong>monte.</strong></span> 
     </span>
    </p>
   </div>
   <div class='ocr_carea' id='block_1_57' title="bbox 569 3614 2066 3687">
    <p class='ocr_par' dir='ltr' id='par_1_57' title="bbox 569 3614 2066 3687">
     <span class='ocr_line' id='line_1_57' title="bbox 569 3614 2066 3687; baseline 0.004 -21"><span class='ocrx_word' id='word_1_494' title='bbox 569 3614 779 3682; x_wconf 76' lang='lat' dir='ltr'><strong>Sparsit</strong></span> <span class='ocrx_word' id='word_1_495' title='bbox 830 3615 1003 3684; x_wconf 76' lang='lat' dir='ltr'><strong>ipsum</strong></span> <span class='ocrx_word' id='word_1_496' title='bbox 1053 3617 1104 3668; x_wconf 87' lang='lat' dir='ltr'><strong>in</strong></span> <span class='ocrx_word' id='word_1_497' title='bbox 1151 3633 1387 3685; x_wconf 83' lang='lat' dir='ltr'><strong>aquam,</strong></span> <span class='ocrx_word' id='word_1_498' title='bbox 1457 3633 1618 3686; x_wconf 79' lang='lat' dir='ltr'><strong>eaque</strong></span> <span class='ocrx_word' id='word_1_499' title='bbox 1672 3619 1872 3686; x_wconf 72' lang='lat' dir='ltr'><strong>poterit</strong></span> <span class='ocrx_word' id='word_1_500' title='bbox 1925 3617 2066 3687; x_wconf 71' lang='lat' dir='ltr'><strong>ﬁlios</strong></span> 
     </span>
    </p>
   </div>
   <div class='ocr_carea' id='block_1_58' title="bbox 497 3706 2067 3782">
    <p class='ocr_par' dir='ltr' id='par_1_58' title="bbox 497 3706 2067 3782">
     <span class='ocr_line' id='line_1_58' title="bbox 497 3706 2067 3782; baseline 0 -20"><span class='ocrx_word' id='word_1_501' title='bbox 497 3707 690 3768; x_wconf 75' lang='lat' dir='ltr'><strong>Israel,</strong></span> <span class='ocrx_word' id='word_1_502' title='bbox 740 3716 848 3761; x_wconf 87' lang='lat' dir='ltr'><strong>etc.</strong></span> <span class='ocrx_word' id='word_1_503' title='bbox 880 3706 1026 3782; x_wconf 65' lang='lat'><strong>[20.1</strong></span> <span class='ocrx_word' id='word_1_504' title='bbox 1067 3707 1178 3762; x_wconf 92' lang='lat' dir='ltr'><strong>lloc</strong></span> <span class='ocrx_word' id='word_1_505' title='bbox 1215 3711 1337 3762; x_wconf 89' lang='lat' dir='ltr'><strong>loco</strong></span> <span class='ocrx_word' id='word_1_506' title='bbox 1386 3709 1627 3778; x_wconf 74' lang='lat' dir='ltr'><strong>pl‘ﬂ&#39;dltil</strong></span> <span class='ocrx_word' id='word_1_507' title='bbox 1666 3709 1980 3764; x_wconf 67' lang='lat' dir='ltr'><strong>Judacorum</strong></span> <span class='ocrx_word' id='word_1_508' title='bbox 2013 3709 2067 3762; x_wconf 92' lang='lat' dir='ltr'><strong>in</strong></span> 
     </span>
    </p>
   </div>
   <div class='ocr_carea' id='block_1_59' title="bbox 501 3785 2077 3872">
    <p class='ocr_par' dir='ltr' id='par_1_59' title="bbox 501 3801 2077 3872">
     <span class='ocr_line' id='line_1_59' title="bbox 501 3801 2077 3872; baseline 0 -18"><span class='ocrx_word' id='word_1_509' title='bbox 501 3803 822 3856; x_wconf 70' lang='lat' dir='ltr'><strong>universo-ti</strong></span> <span class='ocrx_word' id='word_1_510' title='bbox 881 3801 1148 3858; x_wconf 87' lang='lat' dir='ltr'><strong>mundum</strong></span> <span class='ocrx_word' id='word_1_511' title='bbox 1198 3803 1632 3872; x_wconf 81' lang='lat' dir='ltr'><strong>dispersioncm,</strong></span> <span class='ocrx_word' id='word_1_512' title='bbox 1677 3804 1981 3858; x_wconf 88' lang='lat' dir='ltr'><strong>secundum</strong></span> <span class='ocrx_word' id='word_1_513' title='bbox 2017 3802 2077 3855; x_wconf 88' lang='lat' dir='ltr'><strong>il-</strong></span> 
     </span>
    </p>
   </div>
   <div class='ocr_carea' id='block_1_60' title="bbox 501 3889 2074 3966">
    <p class='ocr_par' dir='ltr' id='par_1_60' title="bbox 501 3889 2074 3966">
     <span class='ocr_line' id='line_1_60' title="bbox 501 3889 2074 3966; baseline 0 -18"><span class='ocrx_word' id='word_1_514' title='bbox 501 3895 592 3948; x_wconf 84' lang='lat' dir='ltr'><strong>lud</strong></span> <span class='ocrx_word' id='word_1_515' title='bbox 645 3889 985 3950; x_wconf 83' lang='lat' dir='ltr'><strong>oraculum:</strong></span> <span class='ocrx_word' id='word_1_516' title='bbox 1037 3914 1058 3948; x_wconf 77' lang='grc' dir='ltr'><strong>ι</strong></span> <span class='ocrx_word' id='word_1_517' title='bbox 1111 3893 1256 3960; x_wconf 77' lang='lat' dir='ltr'><strong>Dixi,</strong></span> <span class='ocrx_word' id='word_1_518' title='bbox 1309 3896 1621 3966; x_wconf 66' lang='lat' dir='ltr'><strong>dispergam</strong></span> <span class='ocrx_word' id='word_1_519' title='bbox 1677 3911 1770 3950; x_wconf 85' lang='lat' dir='ltr'><strong>eos</strong></span> <span class='ocrx_word' id='word_1_520' title='bbox 1794 3898 1860 3950; x_wconf 83' lang='lat'><strong>&quot;.</strong></span> <span class='ocrx_word' id='word_1_521' title='bbox 1900 3913 1918 3946; x_wconf 75' lang='grc' dir='ltr'><strong>ι</strong></span> <span class='ocrx_word' id='word_1_522' title='bbox 1956 3893 2074 3948; x_wconf 60' lang='grc' dir='ltr'>Ιτιιιο</span> 
     </span>
    </p>
   </div>
   <div class='ocr_carea' id='block_1_61' title="bbox 2243 3613 3754 3688">
    <p class='ocr_par' dir='ltr' id='par_1_61' title="bbox 2243 3613 3754 3688">
     <span class='ocr_line' id='line_1_61' title="bbox 2243 3613 3754 3688; baseline -0.005 -15"><span class='ocrx_word' id='word_1_523' title='bbox 2243 3619 2351 3673; x_wconf 80' lang='lat' dir='ltr'><strong>Kal</strong></span> <span class='ocrx_word' id='word_1_524' title='bbox 2380 3620 2662 3688; x_wconf 78' lang='grc' dir='ltr'>ἔσπειρεν</span> <span class='ocrx_word' id='word_1_525' title='bbox 2682 3617 2871 3671; x_wconf 80' lang='grc' dir='ltr'>αὐτὸν</span> <span class='ocrx_word' id='word_1_526' title='bbox 2899 3616 2996 3670; x_wconf 77' lang='grc' dir='ltr'><strong>ἐπὶ</strong></span> <span class='ocrx_word' id='word_1_527' title='bbox 3047 3616 3111 3669; x_wconf 86' lang='grc' dir='ltr'>τὸ</span> <span class='ocrx_word' id='word_1_528' title='bbox 3133 3614 3311 3682; x_wconf 82' lang='grc' dir='ltr'>ὕδωρ,</span> <span class='ocrx_word' id='word_1_529' title='bbox 3342 3613 3438 3667; x_wconf 73' lang='grc' dir='ltr'>καὶ</span> <span class='ocrx_word' id='word_1_530' title='bbox 3467 3613 3754 3666; x_wconf 76' lang='grc' dir='ltr'>ἐπότισεν</span> 
     </span>
    </p>
   </div>
   <div class='ocr_carea' id='block_1_62' title="bbox 2173 3703 3755 3778">
    <p class='ocr_par' dir='ltr' id='par_1_62' title="bbox 2173 3703 3755 3778">
     <span class='ocr_line' id='line_1_62' title="bbox 2173 3703 3755 3778; baseline -0.006 -13"><span class='ocrx_word' id='word_1_531' title='bbox 2173 3712 2320 3766; x_wconf 83' lang='grc' dir='ltr'>αὐτὸ</span> <span class='ocrx_word' id='word_1_532' title='bbox 2345 3711 2486 3778; x_wconf 83' lang='grc' dir='ltr'>τοὺς</span> <span class='ocrx_word' id='word_1_533' title='bbox 2514 3711 2681 3778; x_wconf 86' lang='grc' dir='ltr'>υιοὺς</span> <span class='ocrx_word' id='word_1_534' title='bbox 2727 3709 2989 3778; x_wconf 76' lang='grc' dir='ltr'><strong>Ἰσραήλ.</strong></span> <span class='ocrx_word' id='word_1_535' title='bbox 3018 3707 3190 3760; x_wconf 77' lang='grc' dir='ltr'>Τοῦτο</span> <span class='ocrx_word' id='word_1_536' title='bbox 3221 3706 3417 3776; x_wconf 79' lang='grc' dir='ltr'>μηνύει</span> <span class='ocrx_word' id='word_1_537' title='bbox 3451 3704 3632 3759; x_wconf 80' lang='grc' dir='ltr'>αὐτῶν</span> <span class='ocrx_word' id='word_1_538' title='bbox 3653 3703 3755 3776; x_wconf 74' lang='grc' dir='ltr'><strong>τὴν</strong></span> 
     </span>
    </p>
   </div>
   <div class='ocr_carea' id='block_1_63' title="bbox 2171 3795 3750 3876">
    <p class='ocr_par' dir='ltr' id='par_1_63' title="bbox 2171 3795 3750 3876">
     <span class='ocr_line' id='line_1_63' title="bbox 2171 3795 3750 3876; baseline -0.008 -16"><span class='ocrx_word' id='word_1_539' title='bbox 2171 3806 2490 3876; x_wconf 68' lang='grc' dir='ltr'>διασπορὰν,</span> <span class='ocrx_word' id='word_1_540' title='bbox 2550 3803 2694 3857; x_wconf 77' lang='grc' dir='ltr'>κατὰ</span> <span class='ocrx_word' id='word_1_541' title='bbox 2733 3801 2812 3866; x_wconf 75' lang='grc' dir='ltr'>τδ,</span> <span class='ocrx_word' id='word_1_542' title='bbox 2855 3819 2874 3851; x_wconf 77' lang='grc' dir='ltr'><strong>ι</strong></span> <span class='ocrx_word' id='word_1_543' title='bbox 2917 3797 3110 3861; x_wconf 76' lang='grc' dir='ltr'>Εἶπον,</span> <span class='ocrx_word' id='word_1_544' title='bbox 3144 3798 3425 3870; x_wconf 83' lang='grc' dir='ltr'>διασπερῶ</span> <span class='ocrx_word' id='word_1_545' title='bbox 3451 3795 3681 3859; x_wconf 73' lang='grc' dir='ltr'>αὐτούς’</span> <span class='ocrx_word' id='word_1_546' title='bbox 3729 3807 3750 3848; x_wconf 69' lang='lat'><strong>5</strong></span> 
     </span>
    </p>
   </div>
   <div class='ocr_carea' id='block_1_64' title="bbox 2178 3885 3757 3958">
    <p class='ocr_par' dir='ltr' id='par_1_64' title="bbox 2178 3885 3757 3958">
     <span class='ocr_line' id='line_1_64' title="bbox 2178 3885 3757 3958; baseline -0.004 -9"><span class='ocrx_word' id='word_1_547' title='bbox 2178 3895 2272 3949; x_wconf 74' lang='grc' dir='ltr'><strong>καὶ</strong></span> <span class='ocrx_word' id='word_1_548' title='bbox 2311 3895 2458 3948; x_wconf 72' lang='grc' dir='ltr'>κατὰ</span> <span class='ocrx_word' id='word_1_549' title='bbox 2495 3893 2557 3946; x_wconf 85' lang='grc' dir='ltr'>τδ</span> <span class='ocrx_word' id='word_1_550' title='bbox 2587 3896 2642 3947; x_wconf 80' lang='grc' dir='ltr'>ὲν</span> <span class='ocrx_word' id='word_1_551' title='bbox 2669 3891 2944 3958; x_wconf 81' lang='grc' dir='ltr'><strong>Ψαλμοῖς,</strong></span> <span class='ocrx_word' id='word_1_552' title='bbox 2991 3909 3008 3942; x_wconf 80' lang='grc' dir='ltr'><strong>ι</strong></span> <span class='ocrx_word' id='word_1_553' title='bbox 3048 3891 3158 3944; x_wconf 73' lang='grc' dir='ltr'>Καὶ</span> <span class='ocrx_word' id='word_1_554' title='bbox 3187 3885 3475 3942; x_wconf 71' lang='grc' dir='ltr'>ἐνεδύσατο</span> <span class='ocrx_word' id='word_1_555' title='bbox 3506 3889 3757 3954; x_wconf 73' lang='grc' dir='ltr'>κατάραν</span> 
     </span>
    </p>
   </div>
   <div class='ocr_carea' id='block_1_65' title="bbox 503 3977 2069 4057">
    <p class='ocr_par' dir='ltr' id='par_1_65' title="bbox 503 3987 2069 4057">
     <span class='ocr_line' id='line_1_65' title="bbox 503 3987 2069 4057; baseline -0.001 -16"><span class='ocrx_word' id='word_1_556' title='bbox 503 3988 633 4042; x_wconf 72' lang='lat' dir='ltr'><strong>facit</strong></span> <span class='ocrx_word' id='word_1_557' title='bbox 681 3987 808 4042; x_wconf 86' lang='lat' dir='ltr'><strong>illuJ</strong></span> <span class='ocrx_word' id='word_1_558' title='bbox 841 3987 1038 4057; x_wconf 89' lang='lat' dir='ltr'><strong>psalmi</strong></span> <span class='ocrx_word' id='word_1_559' title='bbox 1076 4005 1089 4040; x_wconf 95' lang='lat'><strong>:</strong></span> <span class='ocrx_word' id='word_1_560' title='bbox 1123 4005 1140 4038; x_wconf 78' lang='grc' dir='ltr'><strong>ι</strong></span> <span class='ocrx_word' id='word_1_561' title='bbox 1193 3987 1380 4042; x_wconf 88' lang='lat' dir='ltr'><strong>Induit</strong></span> <span class='ocrx_word' id='word_1_562' title='bbox 1410 3989 1856 4043; x_wconf 89' lang='lat' dir='ltr'><strong>tnalediclionem</strong></span> <span class='ocrx_word' id='word_1_563' title='bbox 1889 3995 1947 4041; x_wconf 92' lang='lat' dir='ltr'><strong>ut</strong></span> <span class='ocrx_word' id='word_1_564' title='bbox 1979 4003 2069 4040; x_wconf 53' lang='lat' dir='ltr'><strong>ve.</strong></span> 
     </span>
    </p>
   </div>
   <div class='ocr_carea' id='block_1_66' title="bbox 2173 3977 3821 4057">
    <p class='ocr_par' dir='ltr' id='par_1_66' title="bbox 2179 3977 3821 4054">
     <span class='ocr_line' id='line_1_66' title="bbox 2179 3977 3821 4054; baseline -0.004 -15"><span class='ocrx_word' id='word_1_565' title='bbox 2179 3987 2252 4049; x_wconf 82' lang='grc' dir='ltr'><strong>ὡς</strong></span> <span class='ocrx_word' id='word_1_566' title='bbox 2288 3986 2524 4054; x_wconf 81' lang='grc' dir='ltr'>ἱμάτιον,</span> <span class='ocrx_word' id='word_1_567' title='bbox 2552 3984 2648 4038; x_wconf 67' lang='grc' dir='ltr'>καὶ</span> <span class='ocrx_word' id='word_1_568' title='bbox 2689 3981 2943 4054; x_wconf 75' lang='grc' dir='ltr'>εἰσῆλθεν</span> <span class='ocrx_word' id='word_1_569' title='bbox 2978 3981 3114 4034; x_wconf 74' lang='grc' dir='ltr'>ὡσεὶ</span> <span class='ocrx_word' id='word_1_570' title='bbox 3144 3979 3289 4052; x_wconf 76' lang='grc' dir='ltr'>ὕδωρ</span> <span class='ocrx_word' id='word_1_571' title='bbox 3325 3981 3403 4044; x_wconf 79' lang='grc' dir='ltr'><strong>εις</strong></span> <span class='ocrx_word' id='word_1_572' title='bbox 3440 3977 3515 4047; x_wconf 59' lang='grc' dir='ltr'><strong>,τὰ</strong></span> <span class='ocrx_word' id='word_1_573' title='bbox 3546 3978 3757 4047; x_wconf 74' lang='grc' dir='ltr'>ἔγκατα</span> <span class='ocrx_word' id='word_1_574' title='bbox 3818 3977 3821 3979; x_wconf 70' lang='grc'><em>’</em></span> 
     </span>
    </p>
   </div>
   <div class='ocr_carea' id='block_1_67' title="bbox 503 4060 2069 4153">
    <p class='ocr_par' dir='ltr' id='par_1_67' title="bbox 503 4078 2069 4153">
     <span class='ocr_line' id='line_1_67' title="bbox 503 4078 2069 4153; baseline -0.002 -18"><span class='ocrx_word' id='word_1_575' title='bbox 503 4082 847 4148; x_wconf 81' lang='lat' dir='ltr'><strong>stimentum,</strong></span> <span class='ocrx_word' id='word_1_576' title='bbox 931 4087 987 4136; x_wconf 89' lang='lat' dir='ltr'><strong>et</strong></span> <span class='ocrx_word' id='word_1_577' title='bbox 1050 4081 1279 4135; x_wconf 82' lang='lat' dir='ltr'><strong>intravit</strong></span> <span class='ocrx_word' id='word_1_578' title='bbox 1337 4091 1398 4136; x_wconf 86' lang='lat' dir='ltr'><strong>ut</strong></span> <span class='ocrx_word' id='word_1_579' title='bbox 1475 4097 1618 4153; x_wconf 88' lang='lat' dir='ltr'><strong>aqua</strong></span> <span class='ocrx_word' id='word_1_580' title='bbox 1681 4078 1740 4134; x_wconf 88' lang='lat' dir='ltr'><strong>in</strong></span> <span class='ocrx_word' id='word_1_581' title='bbox 1810 4079 2069 4135; x_wconf 85' lang='lat' dir='ltr'><strong>interiora</strong></span> 
     </span>
    </p>
   </div>
   <div class='ocr_carea' id='block_1_68' title="bbox 2173 4060 3290 4153">
    <p class='ocr_par' dir='ltr' id='par_1_68' title="bbox 2182 4060 3290 4140">
     <span class='ocr_line' id='line_1_68' title="bbox 2182 4060 3290 4140; baseline -0.004 -8"><span class='ocrx_word' id='word_1_582' title='bbox 2182 4077 2368 4140; x_wconf 77' lang='grc' dir='ltr'>αὑτοῦ.</span> <span class='ocrx_word' id='word_1_583' title='bbox 2405 4097 2423 4129; x_wconf 81' lang='grc'><strong>»</strong></span> <span class='ocrx_word' id='word_1_584' title='bbox 2923 4060 2940 4078; x_wconf 39' lang='grc' dir='ltr'><em>ί</em></span> <span class='ocrx_word' id='word_1_585' title='bbox 3285 4076 3290 4082; x_wconf 86' lang='grc'><strong>’</strong></span> 
     </span>
    </p>
   </div>
   <div class='ocr_carea' id='block_1_69' title="bbox 502 4171 772 4240">
    <p class='ocr_par' dir='ltr' id='par_1_69' title="bbox 502 4171 772 4240">
     <span class='ocr_line' id='line_1_69' title="bbox 502 4171 772 4240; baseline -0.007 -16"><span class='ocrx_word' id='word_1_586' title='bbox 502 4171 625 4240; x_wconf 80' lang='lat' dir='ltr'><strong>cjus</strong></span> <span class='ocrx_word' id='word_1_587' title='bbox 655 4171 718 4224; x_wconf 76' lang='grc'><strong>⁸⁸.</strong></span> <span class='ocrx_word' id='word_1_588' title='bbox 753 4188 772 4222; x_wconf 72' lang='grc' dir='ltr'><strong>ι</strong></span> 
     </span>
    </p>
   </div>
   <div class='ocr_carea' id='block_1_70' title="bbox 579 4259 2081 4327">
    <p class='ocr_par' dir='ltr' id='par_1_70' title="bbox 579 4259 2081 4327">
     <span class='ocr_line' id='line_1_70' title="bbox 579 4259 2081 4327; baseline -0.003 -15"><span class='ocrx_word' id='word_1_589' title='bbox 579 4259 722 4316; x_wconf 83' lang='lat' dir='ltr'><strong>Deus</strong></span> <span class='ocrx_word' id='word_1_590' title='bbox 774 4261 1051 4316; x_wconf 85' lang='lat' dir='ltr'><strong>Aaronem</strong></span> <span class='ocrx_word' id='word_1_591' title='bbox 1098 4276 1202 4316; x_wconf 90' lang='lat' dir='ltr'><strong>nec</strong></span> <span class='ocrx_word' id='word_1_592' title='bbox 1263 4275 1411 4314; x_wconf 89' lang='lat' dir='ltr'><strong>nunc</strong></span> <span class='ocrx_word' id='word_1_593' title='bbox 1475 4259 1915 4327; x_wconf 82' lang='lat' dir='ltr'><strong>deiiuquentem,</strong></span> <span class='ocrx_word' id='word_1_594' title='bbox 1977 4268 2081 4309; x_wconf 84' lang='lat' dir='ltr'><strong>nec</strong></span> 
     </span>
    </p>
   </div>
   <div class='ocr_carea' id='block_1_71' title="bbox 506 4346 2082 4421">
    <p class='ocr_par' dir='ltr' id='par_1_71' title="bbox 506 4346 2082 4421">
     <span class='ocr_line' id='line_1_71' title="bbox 506 4346 2082 4421; baseline -0.006 -14"><span class='ocrx_word' id='word_1_595' title='bbox 506 4363 692 4421; x_wconf 83' lang='lat' dir='ltr'><strong>postea</strong></span> <span class='ocrx_word' id='word_1_596' title='bbox 726 4352 860 4407; x_wconf 81' lang='lat' dir='ltr'><strong>Mosi</strong></span> <span class='ocrx_word' id='word_1_597' title='bbox 901 4353 1140 4421; x_wconf 83' lang='lat' dir='ltr'><strong>turpiter</strong></span> <span class='ocrx_word' id='word_1_598' title='bbox 1200 4355 1634 4414; x_wconf 84' lang='lat' dir='ltr'><strong>obtrectanlem,</strong></span> <span class='ocrx_word' id='word_1_599' title='bbox 1687 4349 1882 4418; x_wconf 89' lang='lat' dir='ltr'><strong>punire</strong></span> <span class='ocrx_word' id='word_1_600' title='bbox 1915 4346 2082 4400; x_wconf 84' lang='lat' dir='ltr'><strong>susti-</strong></span> 
     </span>
    </p>
   </div>
   <div class='ocr_carea' id='block_1_72' title="bbox 477 4435 2082 4521">
    <p class='ocr_par' dir='ltr' id='par_1_72' title="bbox 477 4435 2082 4521">
     <span class='ocr_line' id='line_1_72' title="bbox 477 4435 2082 4521; baseline -0.007 -22"><span class='ocrx_word' id='word_1_601' title='bbox 477 4446 650 4499; x_wconf 80' lang='lat' dir='ltr'><strong>&#39;nuit.</strong></span> <span class='ocrx_word' id='word_1_602' title='bbox 687 4443 1077 4513; x_wconf 56' lang='lat' dir='ltr'><strong>Venizitncjus</strong></span> <span class='ocrx_word' id='word_1_603' title='bbox 1127 4444 1340 4497; x_wconf 86' lang='lat' dir='ltr'><strong>delicto</strong></span> <span class='ocrx_word' id='word_1_604' title='bbox 1387 4443 1498 4504; x_wconf 82' lang='lat' dir='ltr'><strong>dul,</strong></span> <span class='ocrx_word' id='word_1_605' title='bbox 1546 4435 1661 4494; x_wconf 84' lang='lat' dir='ltr'><strong>tum</strong></span> <span class='ocrx_word' id='word_1_606' title='bbox 1695 4448 1922 4521; x_wconf 65' lang='lat' dir='ltr'><strong>propter</strong></span> <span class='ocrx_word' id='word_1_607' title='bbox 1953 4438 2082 4500; x_wconf 83' lang='lat' dir='ltr'><strong>alia,</strong></span> 
     </span>
    </p>
   </div>
   <div class='ocr_carea' id='block_1_73' title="bbox 510 4529 2082 4604">
    <p class='ocr_par' dir='ltr' id='par_1_73' title="bbox 510 4529 2082 4604">
     <span class='ocr_line' id='line_1_73' title="bbox 510 4529 2082 4604; baseline -0.003 -16"><span class='ocrx_word' id='word_1_608' title='bbox 510 4553 633 4591; x_wconf 72' lang='lat' dir='ltr'><strong>rum</strong></span> <span class='ocrx_word' id='word_1_609' title='bbox 697 4535 970 4602; x_wconf 87' lang='lat' dir='ltr'><strong>imprimis</strong></span> <span class='ocrx_word' id='word_1_610' title='bbox 1035 4543 1254 4604; x_wconf 83' lang='lat' dir='ltr'><strong>propter</strong></span> <span class='ocrx_word' id='word_1_611' title='bbox 1315 4543 1542 4589; x_wconf 86' lang='lat' dir='ltr'><strong>sanctos</strong></span> <span class='ocrx_word' id='word_1_612' title='bbox 1600 4548 1666 4587; x_wconf 85' lang='lat' dir='ltr'><strong>ex</strong></span> <span class='ocrx_word' id='word_1_613' title='bbox 1720 4531 1844 4600; x_wconf 87' lang='lat' dir='ltr'><strong>ejus</strong></span> <span class='ocrx_word' id='word_1_614' title='bbox 1877 4529 2082 4584; x_wconf 88' lang='lat' dir='ltr'><strong>lumbis</strong></span> 
     </span>
    </p>
   </div>
   <div class='ocr_carea' id='block_1_74' title="bbox 512 4623 855 4694">
    <p class='ocr_par' dir='ltr' id='par_1_74' title="bbox 512 4623 855 4694">
     <span class='ocr_line' id='line_1_74' title="bbox 512 4623 855 4694; baseline 0.006 -20"><span class='ocrx_word' id='word_1_615' title='bbox 512 4623 855 4694; x_wconf 70' lang='lat' dir='ltr'><strong>prodituros.</strong></span> 
     </span>
    </p>
   </div>
   <div class='ocr_carea' id='block_1_75' title="bbox 583 4729 2079 4800">
    <p class='ocr_par' dir='ltr' id='par_1_75' title="bbox 583 4729 2079 4800">
     <span class='ocr_line' id='line_1_75' title="bbox 583 4729 2079 4800; baseline -0.005 -10"><span class='ocrx_word' id='word_1_616' title='bbox 583 4729 678 4790; x_wconf 82' lang='lat' dir='ltr'><strong>Sin</strong></span> <span class='ocrx_word' id='word_1_617' title='bbox 703 4749 870 4796; x_wconf 77' lang='lat' dir='ltr'><strong>secus,</strong></span> <span class='ocrx_word' id='word_1_618' title='bbox 894 4749 973 4786; x_wconf 84' lang='lat' dir='ltr'><strong>me</strong></span> <span class='ocrx_word' id='word_1_619' title='bbox 993 4732 1160 4786; x_wconf 83' lang='lat' dir='ltr'><strong>deleto</strong></span> <span class='ocrx_word' id='word_1_620' title='bbox 1195 4747 1259 4785; x_wconf 75' lang='lat' dir='ltr'><strong>ex</strong></span> <span class='ocrx_word' id='word_1_621' title='bbox 1295 4731 1449 4792; x_wconf 82' lang='lat' dir='ltr'><strong>libro,</strong></span> <span class='ocrx_word' id='word_1_622' title='bbox 1481 4747 1636 4800; x_wconf 83' lang='lat' dir='ltr'><strong>quem</strong></span> <span class='ocrx_word' id='word_1_623' title='bbox 1665 4730 1948 4797; x_wconf 78' lang='lat' dir='ltr'><strong>scripsisti.</strong></span> <span class='ocrx_word' id='word_1_624' title='bbox 1972 4739 2079 4784; x_wconf 85' lang='lat' dir='ltr'><strong>etc.</strong></span> 
     </span>
    </p>
   </div>
   <div class='ocr_carea' id='block_1_76' title="bbox 516 4822 2087 4894">
    <p class='ocr_par' dir='ltr' id='par_1_76' title="bbox 516 4822 2087 4894">
     <span class='ocr_line' id='line_1_76' title="bbox 516 4822 2087 4894; baseline 0 -18"><span class='ocrx_word' id='word_1_625' title='bbox 516 4822 652 4876; x_wconf 68' lang='lat' dir='ltr'><strong>Ecce</strong></span> <span class='ocrx_word' id='word_1_626' title='bbox 702 4823 836 4878; x_wconf 57' lang='grc' dir='ltr'><strong>Μ’)ςί</strong></span> <span class='ocrx_word' id='word_1_627' title='bbox 889 4840 987 4894; x_wconf 88' lang='lat' dir='ltr'><strong>per</strong></span> <span class='ocrx_word' id='word_1_628' title='bbox 1055 4825 1239 4878; x_wconf 87' lang='lat' dir='ltr'><strong>omnia</strong></span> <span class='ocrx_word' id='word_1_629' title='bbox 1313 4824 1661 4892; x_wconf 79' lang='lat' dir='ltr'><strong>exploratum</strong></span> <span class='ocrx_word' id='word_1_630' title='bbox 1721 4833 1774 4877; x_wconf 91' lang='lat' dir='ltr'><strong>et</strong></span> <span class='ocrx_word' id='word_1_631' title='bbox 1829 4837 2087 4890; x_wconf 80' lang='lat' dir='ltr'><strong>comper-</strong></span> 
     </span>
    </p>
   </div>
   <div class='ocr_carea' id='block_1_77' title="bbox 518 4914 2094 4987">
    <p class='ocr_par' dir='ltr' id='par_1_77' title="bbox 518 4914 2094 4987">
     <span class='ocr_line' id='line_1_77' title="bbox 518 4914 2094 4987; baseline 0.001 -22"><span class='ocrx_word' id='word_1_632' title='bbox 518 4925 632 4968; x_wconf 84' lang='lat' dir='ltr'><strong>tum</strong></span> <span class='ocrx_word' id='word_1_633' title='bbox 665 4923 804 4980; x_wconf 78' lang='lat' dir='ltr'><strong>erat,</strong></span> <span class='ocrx_word' id='word_1_634' title='bbox 837 4931 1132 4987; x_wconf 87' lang='lat' dir='ltr'><strong>sequoque</strong></span> <span class='ocrx_word' id='word_1_635' title='bbox 1163 4917 1434 4972; x_wconf 76' lang='lat' dir='ltr'><strong>contineri</strong></span> <span class='ocrx_word' id='word_1_636' title='bbox 1475 4916 1619 4971; x_wconf 90' lang='lat' dir='ltr'><strong>libro</strong></span> <span class='ocrx_word' id='word_1_637' title='bbox 1642 4916 1767 4970; x_wconf 78' lang='lat' dir='ltr'><strong>vitzr</strong></span> <span class='ocrx_word' id='word_1_638' title='bbox 1800 4931 1814 4979; x_wconf 89' lang='lat'><strong>;</strong></span> <span class='ocrx_word' id='word_1_639' title='bbox 1854 4914 1891 4968; x_wconf 92' lang='lat' dir='ltr'><strong>ii</strong></span> <span class='ocrx_word' id='word_1_640' title='bbox 1927 4914 2094 4984; x_wconf 80' lang='lat' dir='ltr'><strong>igitur</strong></span> 
     </span>
    </p>
   </div>
   <div class='ocr_carea' id='block_1_78' title="bbox 521 5005 2092 5080">
    <p class='ocr_par' dir='ltr' id='par_1_78' title="bbox 521 5005 2092 5080">
     <span class='ocr_line' id='line_1_78' title="bbox 521 5005 2092 5080; baseline 0 -20"><span class='ocrx_word' id='word_1_641' title='bbox 521 5007 622 5060; x_wconf 79' lang='lat' dir='ltr'><strong>bm-</strong></span> <span class='ocrx_word' id='word_1_642' title='bbox 655 5021 904 5079; x_wconf 78' lang='lat' dir='ltr'><strong>tempore</strong></span> <span class='ocrx_word' id='word_1_643' title='bbox 937 5011 1130 5079; x_wconf 80' lang='lat' dir='ltr'><strong>scripti</strong></span> <span class='ocrx_word' id='word_1_644' title='bbox 1183 5020 1315 5066; x_wconf 92' lang='lat' dir='ltr'><strong>sunt</strong></span> <span class='ocrx_word' id='word_1_645' title='bbox 1355 5010 1423 5064; x_wconf 88' lang='lat' dir='ltr'><strong>de</strong></span> <span class='ocrx_word' id='word_1_646' title='bbox 1470 5009 1676 5080; x_wconf 84' lang='lat' dir='ltr'><strong>quibus</strong></span> <span class='ocrx_word' id='word_1_647' title='bbox 1707 5007 1888 5061; x_wconf 86' lang='lat' dir='ltr'><strong>dicit:</strong></span> <span class='ocrx_word' id='word_1_648' title='bbox 1929 5025 1946 5057; x_wconf 77' lang='grc' dir='ltr'><strong>ι</strong></span> <span class='ocrx_word' id='word_1_649' title='bbox 1988 5005 2092 5060; x_wconf 85' lang='lat' dir='ltr'><strong>Ec-</strong></span> 
     </span>
    </p>
   </div>
   <div class='ocr_carea' id='block_1_79' title="bbox 523 5099 2090 5173">
    <p class='ocr_par' dir='ltr' id='par_1_79' title="bbox 523 5099 2090 5173">
     <span class='ocr_line' id='line_1_79' title="bbox 523 5099 2090 5173; baseline 0.001 -21"><span class='ocrx_word' id='word_1_650' title='bbox 523 5103 743 5155; x_wconf 72' lang='lat' dir='ltr'><strong>clcsiam</strong></span> <span class='ocrx_word' id='word_1_651' title='bbox 779 5104 1183 5172; x_wconf 72' lang='lat' dir='ltr'><strong>primitirorum</strong></span> <span class='ocrx_word' id='word_1_652' title='bbox 1216 5105 1308 5173; x_wconf 90' lang='lat' dir='ltr'><strong>qui</strong></span> <span class='ocrx_word' id='word_1_653' title='bbox 1353 5103 1650 5172; x_wconf 87' lang='lat' dir='ltr'><strong>conscripti</strong></span> <span class='ocrx_word' id='word_1_654' title='bbox 1709 5109 1839 5156; x_wconf 89' lang='lat' dir='ltr'><strong>sunt</strong></span> <span class='ocrx_word' id='word_1_655' title='bbox 1891 5099 1945 5153; x_wconf 91' lang='lat' dir='ltr'><strong>in</strong></span> <span class='ocrx_word' id='word_1_656' title='bbox 1979 5114 2090 5154; x_wconf 74' lang='lat' dir='ltr'><strong>etB-</strong></span> 
     </span>
    </p>
   </div>
   <div class='ocr_carea' id='block_1_80' title="bbox 525 5191 2090 5262">
    <p class='ocr_par' dir='ltr' id='par_1_80' title="bbox 525 5191 2090 5262">
     <span class='ocr_line' id='line_1_80' title="bbox 525 5191 2090 5262; baseline -0.001 -18"><span class='ocrx_word' id='word_1_657' title='bbox 525 5193 594 5244; x_wconf 74' lang='lat' dir='ltr'><strong>lis</strong></span> <span class='ocrx_word' id='word_1_658' title='bbox 624 5194 688 5256; x_wconf 73' lang='lat'><strong>“,</strong></span> <span class='ocrx_word' id='word_1_659' title='bbox 727 5194 1034 5250; x_wconf 66' lang='lat' dir='ltr'><strong>secutndum</strong></span> <span class='ocrx_word' id='word_1_660' title='bbox 1091 5196 1250 5261; x_wconf 86' lang='lat' dir='ltr'><strong>illud,</strong></span> <span class='ocrx_word' id='word_1_661' title='bbox 1286 5214 1304 5246; x_wconf 76' lang='grc' dir='ltr'><strong>ι</strong></span> <span class='ocrx_word' id='word_1_662' title='bbox 1357 5193 1532 5249; x_wconf 84' lang='lat' dir='ltr'><strong>Filius</strong></span> <span class='ocrx_word' id='word_1_663' title='bbox 1561 5209 1720 5248; x_wconf 86' lang='lat' dir='ltr'><strong>meus</strong></span> <span class='ocrx_word' id='word_1_664' title='bbox 1761 5191 2090 5262; x_wconf 79' lang='lat' dir='ltr'><strong>primogeni-</strong></span> 
     </span>
    </p>
   </div>
   <div class='ocr_carea' id='block_1_81' title="bbox 528 5283 960 5341">
    <p class='ocr_par' dir='ltr' id='par_1_81' title="bbox 528 5283 960 5341">
     <span class='ocr_line' id='line_1_81' title="bbox 528 5283 960 5341; baseline 0.005 -5"><span class='ocrx_word' id='word_1_665' title='bbox 528 5295 616 5338; x_wconf 70' lang='grc' dir='ltr'>ιιιά</span> <span class='ocrx_word' id='word_1_666' title='bbox 642 5283 806 5340; x_wconf 85' lang='lat' dir='ltr'><strong>Israel</strong></span> <span class='ocrx_word' id='word_1_667' title='bbox 839 5287 906 5341; x_wconf 80' lang='grc'><strong>⁶¹.</strong></span> <span class='ocrx_word' id='word_1_668' title='bbox 941 5306 960 5338; x_wconf 78' lang='grc' dir='ltr'><strong>ι</strong></span> 
     </span>
    </p>
   </div>
   <div class='ocr_carea' id='block_1_82' title="bbox 2257 4251 3765 4330">
    <p class='ocr_par' dir='ltr' id='par_1_82' title="bbox 2257 4251 3765 4330">
     <span class='ocr_line' id='line_1_82' title="bbox 2257 4251 3765 4330; baseline -0.005 -16"><span class='ocrx_word' id='word_1_669' title='bbox 2257 4261 2362 4314; x_wconf 79' lang='grc' dir='ltr'><strong>Τὸν</strong></span> <span class='ocrx_word' id='word_1_670' title='bbox 2413 4258 2624 4330; x_wconf 81' lang='grc' dir='ltr'>Ἀαρὼν</span> <span class='ocrx_word' id='word_1_671' title='bbox 2675 4258 2797 4312; x_wconf 76' lang='grc' dir='ltr'>οὔτε</span> <span class='ocrx_word' id='word_1_672' title='bbox 2834 4256 2928 4309; x_wconf 74' lang='grc' dir='ltr'>νῦν</span> <span class='ocrx_word' id='word_1_673' title='bbox 2984 4255 3312 4326; x_wconf 83' lang='grc' dir='ltr'>τιμωρεῖται</span> <span class='ocrx_word' id='word_1_674' title='bbox 3355 4253 3383 4306; x_wconf 78' lang='grc' dir='ltr'><strong>ὁ</strong></span> <span class='ocrx_word' id='word_1_675' title='bbox 3433 4251 3600 4315; x_wconf 80' lang='grc' dir='ltr'>Θεὸς,</span> <span class='ocrx_word' id='word_1_676' title='bbox 3635 4251 3765 4306; x_wconf 70' lang='grc' dir='ltr'>οὔτε</span> 
     </span>
    </p>
   </div>
   <div class='ocr_carea' id='block_1_83' title="bbox 2188 4340 3766 4422">
    <p class='ocr_par' dir='ltr' id='par_1_83' title="bbox 2188 4340 3766 4422">
     <span class='ocr_line' id='line_1_83' title="bbox 2188 4340 3766 4422; baseline -0.008 -18"><span class='ocrx_word' id='word_1_677' title='bbox 2188 4349 2349 4422; x_wconf 77' lang='grc' dir='ltr'>ἡνίκα</span> <span class='ocrx_word' id='word_1_678' title='bbox 2394 4349 2637 4412; x_wconf 79' lang='grc' dir='ltr'><strong>Μωσέως</strong></span> <span class='ocrx_word' id='word_1_679' title='bbox 2692 4346 3029 4416; x_wconf 82' lang='grc' dir='ltr'>κατελάλησε</span> <span class='ocrx_word' id='word_1_680' title='bbox 3064 4344 3199 4414; x_wconf 80' lang='grc'><strong>(97),</strong></span> <span class='ocrx_word' id='word_1_681' title='bbox 3228 4342 3323 4396; x_wconf 69' lang='grc' dir='ltr'><strong>κα)⁵</strong></span> <span class='ocrx_word' id='word_1_682' title='bbox 3368 4340 3436 4395; x_wconf 80' lang='grc' dir='ltr'><strong>δι’</strong></span> <span class='ocrx_word' id='word_1_683' title='bbox 3462 4341 3626 4403; x_wconf 81' lang='grc' dir='ltr'>ἄλλας</span> <span class='ocrx_word' id='word_1_684' title='bbox 3663 4341 3766 4411; x_wconf 69' lang='grc' dir='ltr'><strong>μὲν</strong></span> 
     </span>
    </p>
   </div>
   <div class='ocr_carea' id='block_1_84' title="bbox 2189 4434 3767 4512">
    <p class='ocr_par' dir='ltr' id='par_1_84' title="bbox 2189 4434 3767 4512">
     <span class='ocr_line' id='line_1_84' title="bbox 2189 4434 3767 4512; baseline -0.005 -16"><span class='ocrx_word' id='word_1_685' title='bbox 2189 4443 2388 4506; x_wconf 78' lang='grc' dir='ltr'>αἰτίας,</span> <span class='ocrx_word' id='word_1_686' title='bbox 2427 4443 2664 4512; x_wconf 82' lang='grc' dir='ltr'>μάλιστα</span> <span class='ocrx_word' id='word_1_687' title='bbox 2717 4441 2772 4494; x_wconf 82' lang='grc' dir='ltr'><strong>δὲ</strong></span> <span class='ocrx_word' id='word_1_688' title='bbox 2807 4439 2897 4493; x_wconf 80' lang='grc' dir='ltr'><strong>διὰ</strong></span> <span class='ocrx_word' id='word_1_689' title='bbox 2933 4439 2994 4492; x_wconf 75' lang='grc' dir='ltr'>τὸ</span> <span class='ocrx_word' id='word_1_690' title='bbox 3045 4438 3260 4509; x_wconf 83' lang='grc' dir='ltr'>πρῶτον</span> <span class='ocrx_word' id='word_1_691' title='bbox 3307 4434 3568 4508; x_wconf 79' lang='grc' dir='ltr'>ἀρχιερέα</span> <span class='ocrx_word' id='word_1_692' title='bbox 3607 4435 3767 4501; x_wconf 78' lang='grc' dir='ltr'>γενέ-</span> 
     </span>
    </p>
   </div>
   <div class='ocr_carea' id='block_1_85' title="bbox 2190 4515 3717 4600">
    <p class='ocr_par' dir='ltr' id='par_1_85' title="bbox 2190 4515 3717 4600">
     <span class='ocr_line' id='line_1_85' title="bbox 2190 4515 3717 4600; baseline -0.003 -15"><span class='ocrx_word' id='word_1_693' title='bbox 2190 4532 2336 4595; x_wconf 82' lang='grc' dir='ltr'>σθαι,</span> <span class='ocrx_word' id='word_1_694' title='bbox 2365 4533 2460 4586; x_wconf 71' lang='grc' dir='ltr'>καὶ</span> <span class='ocrx_word' id='word_1_695' title='bbox 2489 4533 2576 4586; x_wconf 69' lang='grc' dir='ltr'><strong>διὰ</strong></span> <span class='ocrx_word' id='word_1_696' title='bbox 2604 4533 2730 4596; x_wconf 79' lang='grc' dir='ltr'>τοὺς</span> <span class='ocrx_word' id='word_1_697' title='bbox 2759 4531 2818 4598; x_wconf 81' lang='grc' dir='ltr'>ἐξ</span> <span class='ocrx_word' id='word_1_698' title='bbox 2848 4515 3011 4584; x_wconf 70' lang='grc' dir='ltr'><strong>αὗτοῦ</strong></span> <span class='ocrx_word' id='word_1_699' title='bbox 3079 4529 3478 4600; x_wconf 81' lang='grc' dir='ltr'><strong>γενησομένους</strong></span> <span class='ocrx_word' id='word_1_700' title='bbox 3502 4525 3717 4595; x_wconf 79' lang='grc' dir='ltr'>ἁγίους.</span> 
     </span>
    </p>
   </div>
   <div class='ocr_carea' id='block_1_86' title="bbox 2261 4725 3770 4802">
    <p class='ocr_par' dir='ltr' id='par_1_86' title="bbox 2261 4725 3770 4802">
     <span class='ocr_line' id='line_1_86' title="bbox 2261 4725 3770 4802; baseline -0.005 -16"><span class='ocrx_word' id='word_1_701' title='bbox 2261 4729 2448 4794; x_wconf 73' lang='grc' dir='ltr'>Οὕτως</span> <span class='ocrx_word' id='word_1_702' title='bbox 2473 4730 2590 4802; x_wconf 71' lang='grc' dir='ltr'>ᾔδει</span> <span class='ocrx_word' id='word_1_703' title='bbox 2631 4730 2725 4784; x_wconf 71' lang='grc' dir='ltr'><strong>καὶ</strong></span> <span class='ocrx_word' id='word_1_704' title='bbox 2777 4729 2958 4799; x_wconf 78' lang='grc' dir='ltr'>βίϐλον</span> <span class='ocrx_word' id='word_1_705' title='bbox 3015 4726 3126 4782; x_wconf 85' lang='grc' dir='ltr'><strong>τῶν</strong></span> <span class='ocrx_word' id='word_1_706' title='bbox 3159 4726 3398 4792; x_wconf 76' lang='grc' dir='ltr'>ζώντων,</span> <span class='ocrx_word' id='word_1_707' title='bbox 3448 4725 3544 4779; x_wconf 76' lang='grc' dir='ltr'><strong>καὶ</strong></span> <span class='ocrx_word' id='word_1_708' title='bbox 3571 4725 3770 4779; x_wconf 76' lang='grc' dir='ltr'>ἑαυτὸν</span> 
     </span>
    </p>
   </div>
   <div class='ocr_carea' id='block_1_87' title="bbox 2192 4818 3771 4896">
    <p class='ocr_par' dir='ltr' id='par_1_87' title="bbox 2192 4818 3771 4896">
     <span class='ocr_line' id='line_1_87' title="bbox 2192 4818 3771 4896; baseline -0.003 -20"><span class='ocrx_word' id='word_1_709' title='bbox 2192 4823 2527 4896; x_wconf 77' lang='grc' dir='ltr'>ἐναρίθμιον.</span> <span class='ocrx_word' id='word_1_710' title='bbox 2560 4824 2770 4877; x_wconf 79' lang='grc' dir='ltr'>Οὐκοῦν</span> <span class='ocrx_word' id='word_1_711' title='bbox 2800 4825 2850 4879; x_wconf 80' lang='lat' dir='ltr'><strong>oi</strong></span> <span class='ocrx_word' id='word_1_712' title='bbox 2881 4823 3000 4886; x_wconf 74' lang='grc' dir='ltr'>κατ’</span> <span class='ocrx_word' id='word_1_713' title='bbox 3027 4825 3204 4876; x_wconf 71' lang='grc' dir='ltr'>ἐκεῖνο</span> <span class='ocrx_word' id='word_1_714' title='bbox 3233 4819 3429 4893; x_wconf 80' lang='grc' dir='ltr'>καιροῦ</span> <span class='ocrx_word' id='word_1_715' title='bbox 3463 4818 3771 4889; x_wconf 77' lang='grc' dir='ltr'>γραφέντες</span> 
     </span>
    </p>
   </div>
   <div class='ocr_carea' id='block_1_88' title="bbox 2193 4908 3773 4986">
    <p class='ocr_par' dir='ltr' id='par_1_88' title="bbox 2193 4908 3773 4986">
     <span class='ocr_line' id='line_1_88' title="bbox 2193 4908 3773 4986; baseline -0.003 -18"><span class='ocrx_word' id='word_1_716' title='bbox 2193 4916 2320 4980; x_wconf 80' lang='grc' dir='ltr'>εἰσὶ,</span> <span class='ocrx_word' id='word_1_717' title='bbox 2380 4915 2509 4986; x_wconf 75' lang='grc' dir='ltr'>περὶ</span> <span class='ocrx_word' id='word_1_718' title='bbox 2556 4908 2631 4968; x_wconf 81' lang='grc' dir='ltr'>ὧν</span> <span class='ocrx_word' id='word_1_719' title='bbox 2683 4931 2889 4984; x_wconf 77' lang='grc' dir='ltr'>φησιν·</span> <span class='ocrx_word' id='word_1_720' title='bbox 2947 4933 2966 4967; x_wconf 85' lang='grc'><strong><em>‹</em></strong></span> <span class='ocrx_word' id='word_1_721' title='bbox 3026 4913 3356 4980; x_wconf 72' lang='grc' dir='ltr'>Ἐκκλησίαν</span> <span class='ocrx_word' id='word_1_722' title='bbox 3403 4911 3773 4982; x_wconf 79' lang='grc' dir='ltr'>πρωτοτόκων</span> 
     </span>
    </p>
   </div>
   <div class='ocr_carea' id='block_1_89' title="bbox 2196 4999 3777 5075">
    <p class='ocr_par' dir='ltr' id='par_1_89' title="bbox 2196 4999 3777 5075">
     <span class='ocr_line' id='line_1_89' title="bbox 2196 4999 3777 5075; baseline -0.004 -17"><span class='ocrx_word' id='word_1_723' title='bbox 2196 5004 2710 5074; x_wconf 82' lang='grc' dir='ltr'>ἀπογεγραμμένων</span> <span class='ocrx_word' id='word_1_724' title='bbox 2741 5005 2798 5056; x_wconf 82' lang='grc' dir='ltr'>ὲν</span> <span class='ocrx_word' id='word_1_725' title='bbox 2823 5003 3056 5075; x_wconf 75' lang='grc' dir='ltr'>οὐρανῷ,</span> <span class='ocrx_word' id='word_1_726' title='bbox 3089 5022 3107 5055; x_wconf 75' lang='grc' dir='ltr'><strong>ι</strong></span> <span class='ocrx_word' id='word_1_727' title='bbox 3134 5003 3277 5056; x_wconf 84' lang='grc' dir='ltr'>κατὰ</span> <span class='ocrx_word' id='word_1_728' title='bbox 3308 5001 3389 5064; x_wconf 74' lang='grc' dir='ltr'>τὸ,</span> <span class='ocrx_word' id='word_1_729' title='bbox 3421 5019 3439 5053; x_wconf 80' lang='grc' dir='ltr'><strong>ι</strong></span> <span class='ocrx_word' id='word_1_730' title='bbox 3471 4999 3597 5064; x_wconf 70' lang='grc' dir='ltr'>Υἱὸς</span> <span class='ocrx_word' id='word_1_731' title='bbox 3626 5016 3777 5070; x_wconf 82' lang='grc' dir='ltr'>πρω-</span> 
     </span>
    </p>
   </div>
   <div class='ocr_carea' id='block_1_90' title="bbox 2194 5094 2892 5166">
    <p class='ocr_par' dir='ltr' id='par_1_90' title="bbox 2194 5094 2892 5166">
     <span class='ocr_line' id='line_1_90' title="bbox 2194 5094 2892 5166; baseline -0.004 -17"><span class='ocrx_word' id='word_1_732' title='bbox 2194 5097 2415 5160; x_wconf 79' lang='grc' dir='ltr'>τότοκος</span> <span class='ocrx_word' id='word_1_733' title='bbox 2444 5113 2547 5166; x_wconf 90' lang='grc' dir='ltr'>μου</span> <span class='ocrx_word' id='word_1_734' title='bbox 2591 5094 2828 5166; x_wconf 77' lang='grc' dir='ltr'>Ἰσραήλ.</span> <span class='ocrx_word' id='word_1_735' title='bbox 2873 5113 2892 5146; x_wconf 74' lang='grc' dir='ltr'><strong>ι</strong></span> 
     </span>
    </p>
   </div>
   <div class='ocr_carea' id='block_1_91' title="bbox 637 5383 2069 5484">
    <p class='ocr_par' dir='ltr' id='par_1_91' title="bbox 637 5396 2069 5484">
     <span class='ocr_line' id='line_1_91' title="bbox 637 5396 2069 5484; baseline 0.007 -17"><span class='ocrx_word' id='word_1_736' title='bbox 637 5415 680 5448; x_wconf 85' lang='grc'><strong>⁵⁷</strong></span> <span class='ocrx_word' id='word_1_737' title='bbox 715 5417 836 5473; x_wconf 79' lang='lat' dir='ltr'><strong>Act.</strong></span> <span class='ocrx_word' id='word_1_738' title='bbox 887 5435 983 5480; x_wconf 81' lang='lat' dir='ltr'><strong>\‘li,</strong></span> <span class='ocrx_word' id='word_1_739' title='bbox 1018 5417 1105 5472; x_wconf 60' lang='grc'><strong>49..</strong></span> <span class='ocrx_word' id='word_1_740' title='bbox 1181 5418 1226 5448; x_wconf 82' lang='grc'><strong>³⁸</strong></span> <span class='ocrx_word' id='word_1_741' title='bbox 1248 5419 1578 5484; x_wconf 55' lang='lat' dir='ltr'><strong>Amosvﬂﬁ.</strong></span> <span class='ocrx_word' id='word_1_742' title='bbox 1644 5419 1861 5473; x_wconf 81' lang='lat' dir='ltr'><strong>-”l)ent.</strong></span> <span class='ocrx_word' id='word_1_743' title='bbox 1906 5396 2069 5476; x_wconf 59' lang='lat' dir='ltr'><strong>xxx&quot;:</strong></span> 
     </span>
    </p>
   </div>
   <div class='ocr_carea' id='block_1_92' title="bbox 2173 5383 3775 5484">
    <p class='ocr_par' dir='ltr' id='par_1_92' title="bbox 2173 5383 3775 5462">
     <span class='ocr_line' id='line_1_92' title="bbox 2173 5383 3775 5462; baseline -0.01 -7"><span class='ocrx_word' id='word_1_744' title='bbox 2173 5413 2198 5459; x_wconf 62' lang='grc' dir='ltr'><strong>ι.</strong></span> <span class='ocrx_word' id='word_1_745' title='bbox 2269 5403 2312 5434; x_wconf 72' lang='grc' dir='ltr'><strong>⁸ο</strong></span> <span class='ocrx_word' id='word_1_746' title='bbox 2347 5398 2491 5456; x_wconf 80' lang='lat' dir='ltr'><strong>Psal.</strong></span> <span class='ocrx_word' id='word_1_747' title='bbox 2560 5411 2718 5462; x_wconf 84' lang='lat' dir='ltr'><strong>cvm,</strong></span> <span class='ocrx_word' id='word_1_748' title='bbox 2749 5393 2833 5452; x_wconf 89' lang='lat' dir='ltr'><strong>l8.</strong></span> <span class='ocrx_word' id='word_1_749' title='bbox 2911 5395 2954 5427; x_wconf 80' lang='lat'>“</span> <span class='ocrx_word' id='word_1_750' title='bbox 2994 5392 3162 5450; x_wconf 84' lang='lat' dir='ltr'><strong>llebr.</strong></span> <span class='ocrx_word' id='word_1_751' title='bbox 3208 5406 3310 5460; x_wconf 83' lang='lat' dir='ltr'><strong>xtl,</strong></span> <span class='ocrx_word' id='word_1_752' title='bbox 3344 5391 3435 5447; x_wconf 74' lang='lat'><strong>23.</strong></span> <span class='ocrx_word' id='word_1_753' title='bbox 3512 5389 3558 5422; x_wconf 86' lang='grc'>⁶⁶</span> <span class='ocrx_word' id='word_1_754' title='bbox 3591 5383 3775 5442; x_wconf 80' lang='lat' dir='ltr'><strong>Exod.</strong></span> 
     </span>
    </p>
   </div>
   <div class='ocr_carea' id='block_1_93' title="bbox 533 5487 728 5549">
    <p class='ocr_par' dir='ltr' id='par_1_93' title="bbox 533 5487 728 5549">
     <span class='ocr_line' id='line_1_93' title="bbox 533 5487 728 5549; baseline -0.021 -7"><span class='ocrx_word' id='word_1_755' title='bbox 533 5499 605 5549; x_wconf 71' lang='grc' dir='ltr'><strong>ιτ,</strong></span> <span class='ocrx_word' id='word_1_756' title='bbox 640 5487 728 5538; x_wconf 64' lang='lat'><strong>‘22.</strong></span> 
     </span>
    </p>
   </div>
   <div class='ocr_carea' id='block_1_94' title="bbox 2045 5568 2280 5624">
    <p class='ocr_par' dir='ltr' id='par_1_94' title="bbox 2045 5568 2280 5624">
     <span class='ocr_line' id='line_1_94' title="bbox 2045 5568 2280 5624; baseline 0 -1"><span class='ocrx_word' id='word_1_757' title='bbox 2045 5568 2280 5624; x_wconf 59' lang='lat' dir='ltr'><strong>NOTAE.</strong></span> 
     </span>
    </p>
   </div>
   <div class='ocr_carea' id='block_1_95' title="bbox 603 5658 2263 5739">
    <p class='ocr_par' dir='ltr' id='par_1_95' title="bbox 603 5658 2263 5739">
     <span class='ocr_line' id='line_1_95' title="bbox 603 5658 2263 5739; baseline -0.009 -11"><span class='ocrx_word' id='word_1_758' title='bbox 603 5673 716 5739; x_wconf 66' lang='grc'><strong>(97)</strong></span> <span class='ocrx_word' id='word_1_759' title='bbox 747 5670 883 5726; x_wconf 71' lang='grc' dir='ltr'><strong>υῦτε</strong></span> <span class='ocrx_word' id='word_1_760' title='bbox 921 5671 1160 5732; x_wconf 73' lang='grc' dir='ltr'>Μωσέως</span> <span class='ocrx_word' id='word_1_761' title='bbox 1213 5666 1682 5735; x_wconf 72' lang='grc' dir='ltr'>καταλαλήσαντα.</span> <span class='ocrx_word' id='word_1_762' title='bbox 1737 5664 1792 5718; x_wconf 86' lang='lat'><strong>&#39;0</strong></span> <span class='ocrx_word' id='word_1_763' title='bbox 1825 5665 1920 5736; x_wconf 73' lang='grc' dir='ltr'>τῆς</span> <span class='ocrx_word' id='word_1_764' title='bbox 1951 5663 2086 5732; x_wconf 76' lang='grc' dir='ltr'><strong>Αὐγ.</strong></span> <span class='ocrx_word' id='word_1_765' title='bbox 2130 5658 2263 5715; x_wconf 82' lang='grc' dir='ltr'><strong>κώδ.</strong></span> 
     </span>
    </p>
   </div>
  </div>
