4010 6212
333 305 450 366 εδει

1442 309 1980 370 COMMENTARII
2022 311 2104 372 ΙΝ
2144 310 2486 372 ΕΧΟΒΗΜ.

3509 319 3616 380 670

409 415 566 472 ⁷118⁵
593 415 674 472 ἂν
701 415 892 487 ἡμέρᾳ
941 416 1410 488 ἐπισκέπτωμαι,
1445 421 1648 486 ἐπάξω
1684 423 1777 476 ἐπ’
1815 426 1923 478 αὑ·

2098 423 2216 490 Quo
2263 423 2348 478 die
2394 425 2576 490 visita,
2609 425 2862 481 inducam
2898 428 2951 481 in
2988 444 3076 482 eos
3111 438 3381 496 peccatum
3407 446 3612 494 eorum,

332 511 476 572 τοὺς
504 511 620 576 τὴν
654 511 950 578 duap'n'ar
994 509 1210 566 αὐτῶν.
1249 513 1338 565 Ἑν
1376 515 1441 584 τῇ
1491 514 1600 585 ᾠῗῇ
1634 515 1922 585 φησιν,Ἐν

337 607 518 677 ἡμέρᾳ
540 607 876 676 ἐκδικήσεως
906 605 1290 673 ἀνταποδώσω,
1310 609 1368 661 ἐν
1391 608 1570 680 καιρῷ
1591 611 1720 664 ὅταν
1745 613 1922 681 σφαλῇ

340 699 370 749 ὁ
403 696 531 758 tto-3;
563 692 772 750 αύτιῖει.

410 787 776 839 Κατέσαινεν
805 787 838 838 ὁ
870 785 1100 851 στύλος
1131 783 1244 850 τῆς
1275 785 1557 854 νεφέλης,
1587 787 1687 840 καὶ
1711 789 1925 842 ἵστατο

340 878 433 930 ἐπὶ
460 876 581 931 τῶν
615 875 816 944 θυρῶν
846 876 954 945 τῆς
985 875 1244 945 σκηνῆς,
1277 879 1376 930 καὶ
1425 878 1630 932 ἐλάλει
1677 879 1922 949 Μωῢσῇ.

342 971 452 1040 Τὴν
482 969 664 1024 αἰτίαν
697 970 796 1039 τῆς
819 970 958 1040 πρὸς
983 968 1118 1022 Θεὸν
1151 967 1484 1032 nixari-333m;
1515 969 1610 1022 τοῦ
1644 971 1926 1035 Μωῡσέως

339 1063 504 1126 am;
535 1065 564 1117 ὁ
595 1063 728 1125 Θεὸς
765 1063 878 1116 ἄνω
923 1061 1126 1131 φησίν·
1171 1079 1189 1112 t
1229 1063 1344 1114 ἰνα
1375 1061 1548 1133 ἀκούῃ
1601 1065 1628 1117 ὁ
1663 1063 1794 1128 λαὸς
1834 1065 1929 1117 λα-

338 1153 558 1217 λοῦντός
587 1170 691 1224 μου
726 1151 863 1220 προς
892 1152 986 1218 σὲ,
1039 1151 1134 1205 καί
1170 1168 1250 1205 σοι
1288 1152 1659 1206 πιστεύσωσιν
1705 1156 1785 1216 είς
1836 1153 1930 1208 τον

340 1244 534 1298 αἰῶνα.
578 1261 601 1298 ι

414 1335 486 1387 θῦ
515 1334 625 1404 γὰρ
649 1333 712 1387 ἂν
743 1333 919 1397 ἄλλως
952 1335 1081 1406 ἐνῆν
1109 1337 1261 1406 ἡμᾶς
1288 1335 1483 1407 μαθεῖν
1505 1335 1605 1406 τὴν
1644 1337 1930 1408 ἀλήθειαν,

340 1425 392 1477 εἰ
426 1423 502 1495 μὴ
537 1425 897 1494 ἀνθρωπίνως
951 1427 1267 1497 ἐγέγραπτο
1294 1471 1307 1492 ,
1358 1429 1450 1482 καὶ
1488 1428 1622 1500 πρὸς
1663 1430 1724 1483 τὸ
1774 1429 1928 1500 ἡμῶν

341 1518 592 1580 ἀσθενές.
643 1518 801 1571 Ἐπεὶ
833 1518 1126 1588 πρόδηλον,
1155 1519 1230 1583 ὡς
1264 1520 1352 1573 διὰ
1395 1520 1718 1590 φωνητικῶν
1757 1521 1926 1592 ὀργά·

342 1627 452 1664 νων
482 1611 542 1662 ού
573 1609 877 1680 φθέγγεται
902 1609 1036 1673 Θεὸς
1062 1613 1090 1664 ὁ
1111 1612 1424 1682 ἀσώματος.
1462 1613 1604 1666 Αὐτὸ
1627 1613 1734 1684 γὰρ
1761 1613 1820 1666 τδ
1847 1614 1934 1667 θε-

341 1701 508 1772 λῆσαι
539 1704 717 1770 μόνον,
751 1701 904 1778 ῥῆμά
927 1705 1043 1754 ἐστι
1073 1702 1225 1773 (97').

2025 524 2134 570 et).
2177 514 2320 587 [54.]
2367 515 2462 570 llis
2519 527 2838 586 congruunt
2879 518 3044 573 verba
3089 518 3292 572 Psalini
3321 537 3335 571 :
3367 537 3384 570 ι
3419 518 3477 572 In
3519 520 3614 574 die

2028 608 2256 660 ultionis
2287 608 2612 674 retribuam,
2648 609 2701 662 in
2735 617 2980 680 tempore
3010 624 3134 662 cum
3158 609 3481 665 titubaverit
3515 626 3614 680 pes

2030 700 2252 752 illorum
2279 700 2346 752 ⁸³.
2389 719 2407 748 ι

2105 791 2466 845 Descendebat
2507 791 2760 846 columna
2807 793 2984 856 nobis,
3015 803 3064 846 et
3103 793 3284 848 stabat
3319 811 3482 861 supra
3535 795 3617 862 fo-

2031 899 2112 937 res
2149 885 2502 948 tabernaculi,
2549 893 2600 938 et
2651 883 2967 952 loquebatur
3005 884 3166 951 Mosi,
3201 895 3309 940 etc.
3346 885 3612 958 ιΧΧΧΙῐΙ,

2031 975 2110 1048 9.]
2148 975 2328 1046 llujus
2359 977 2622 1046 colloquii
2665 977 2932 1030 rationem
2963 993 3130 1046 supra
3165 979 3340 1042 dedit,
3384 979 3612 1034 dicens:

2039 1088 2056 1120 ‹
2091 1069 2230 1122 Ecce
2260 1083 2362 1137 ego
2395 1069 2554 1122 venio
2600 1071 2666 1121 ad
2721 1077 2774 1123 te
2806 1071 2859 1123 in
2909 1071 3164 1123 columna
3213 1073 3399 1134 nubis,
3435 1079 3494 1124 ut
3521 1087 3617 1124 au-

2033 1158 2147 1212 diat
2180 1161 2418 1229 populus
2470 1175 2557 1236 me
2612 1169 2794 1214 tecum
2847 1162 3283 1230 colloquentem,
3339 1171 3390 1214 et
3421 1163 3523 1224 tibi
3559 1165 3610 1216 li-

2035 1251 2158 1303 dem
2195 1251 2437 1304 habeant
2484 1251 2538 1304 in
2573 1259 2865 1305 aiternum.
2923 1270 2940 1302 ι
2982 1252 3101 1306 Non
3149 1255 3298 1306 enim
3343 1254 3487 1307 alius
3523 1269 3614 1306 no-

2039 1341 2122 1396 bis
2181 1343 2362 1394 iuerat
2422 1342 2673 1397 veritatis
2725 1342 3008 1397 discendae
3054 1334 3278 1406 lno-dus,
3331 1345 3438 1398 nisi
3502 1345 3619 1400 haec

2041 1447 2195 1488 more
2249 1432 2490 1486 humano
2535 1433 2916 1488 scriberentur
2944 1444 3000 1489 et
3045 1435 3349 1490 secundum
3385 1431 3619 1489 infirmi-

2043 1532 2206 1579 tatem
2250 1534 2499 1579 nostram
2534 1541 2704 1593 ;cum
2756 1526 2984 1580 evidens
3021 1527 3093 1580 sit
3135 1527 3304 1580 Deum
3361 1527 3618 1595 incorpo-

2039 1632 2192 1671 reum
2232 1633 2329 1686 per
2359 1632 2567 1688 organa
2602 1619 2756 1674 vocis
2785 1634 2896 1672 non
2931 1619 3104 1689 loqui.
3142 1619 3358 1673 Etenim
3389 1619 3617 1673 verbum

2044 1710 2156 1775 Dei,
2193 1710 2313 1778 ipsa
2343 1711 2609 1764 voluntas
2637 1716 2747 1763 est.

421 1785 536 1843 Kal
564 1789 829 1857 ἐλάλησε
859 1791 1074 1858 Κύριος
1103 1793 1253 1860 πρὸς
1278 1795 1563 1862 Μωϋσῆν.
1607 1795 1804 1849 Λαλεῖν
1835 1796 1926 1848 λέ-

2102 1804 2171 1854 Ει
2217 1800 2423 1855 locutus
2471 1813 2547 1854 est
2598 1800 2854 1855 Dominus
2907 1819 3027 1855 cuin
3085 1800 3234 1856 Mosa
3275 1819 3476 1866 coram,
3511 1811 3622 1857 etc.

345 1900 508 1952 γεται
537 1882 668 1945 Θεὸς
697 1877 779 1946 οἷς
807 1883 1186 1938 ἀποκαλύπτει
1204 1886 1263 1937 το
1283 1885 1554 1956 βούλημα.
1579 1888 1688 1940 Καὶ
1720 1869 1932 1952 Παῦλος

345 1976 458 2044 γὰρ
486 1975 547 2027 ού
588 1974 658 2028 δι’
695 1975 1003 2047 αἰσθήσεως
1043 1977 1210 2048 ἤκουε
1259 1978 1411 2046 παρὰ
1445 1977 1538 2030 τοῦ
1565 1981 1620 2030 ὲν
1656 1978 1804 2048 αὐτῷ
1839 1978 1933 2030 λα-

345 2067 570 2130 λοῦντος
618 2067 884 2134 Χριστοῦο
921 2069 1014 2120 καὶ
1044 2067 1231 2134 Δαϐὶδ,
1263 2088 1280 2119 ι
1319 2069 1674 2138 Ἀκούσομαι,
1732 2069 1930 2136 λέγων,

346 2159 404 2209 τί
442 2155 672 2225 λαλήσει
703 2158 761 2208 ὲν
808 2157 930 2226 ἐμοὶ
963 2158 1168 2230 Κύριος
1198 2161 1225 2212 ὁ
1245 2159 1394 2222 Θεὸς.
1429 2177 1447 2210 ι
1488 2160 1552 2212 Ἦ
1576 2162 1684 2230 γὰρ
1710 2161 1780 2213 ἐν
1797 2161 1926 2230 πρό-

353 2250 524 2315 θεσις,
556 2249 657 2320 τὴν
685 2251 742 2302 ἐν
767 2249 976 2319 διανοίᾳ
1008 2252 1334 2324 παρίστησιν
1365 2255 1557 2324 ἀκοήν.
1591 2255 1698 2306 Καὶ
1727 2255 1933 2324 Ἀμϐα-

351 2341 496 2412 κούμ
517 2358 707 2411 φησιν,
750 2360 768 2392 ι
825 2340 1253 2395 ’Λποσκοπεύσω
1302 2347 1354 2396 τί
1387 2345 1614 2414 λαλήσει
1647 2344 1850 2414 Κύριος
1878 2346 1935 2396 ἐν

352 2434 500 2502 ἐμοί.
543 2452 562 2484 ι
610 2432 784 2486 Τοῦτο
816 2432 964 2502 δηλοῖ
1009 2434 1212 2496 καὶτὸ,
1251 2453 1270 2486 ι
1329 2435 1590 2498 Ἐνώπιος
1629 2435 1866 2504 ὲνωπίῳ.
1911 2454 1929 2486 ι

357 2525 594 2590 Ιιαιρύντι
618 2524 730 2594 γὰρ
781 2523 987 2594 παρῆν,
1024 2525 1282 2594 αἰσθητὸν
1314 2527 1415 2579 οὐκ
1467 2525 1607 2596 ἔχων
1642 2527 1937 2596 πρρσωπον

354 2617 383 2668 ὁ
414 2617 569 2679 Θεὸς,
601 2616 740 2669 ἀλλὰ
787 2615 1044 2679 θεοπτίας
1095 2621 1127 2684 ή
1177 2617 1336 2688 ἀκοὴ.
1373 2617 1468 2671 καὶ
1503 2620 1530 2671 ὁ
1556 2618 1732 2686 λόγος.
1775 2618 1937 2670 Ὥστε

363 2711 541 2778 μάτην
567 2708 794 2778 ζητοῦσι
825 2708 955 2778 ποίᾳ
983 2707 1251 2779 διαλέκτῳ
1290 2709 1518 2781 ὲλάλησε
1563 2712 1676 2772 τοῖς
1713 2710 1889 2776 ἁγίοις
1911 2711 1940 2762 ὁ

359 2798 515 2860 θεός.
544 2798 670 2857 Πῶς
718 2794 814 2850 οὖν
865 2799 1086 2864 ἐπάγει,
1121 2816 1140 2849 ι
1192 2797 1280 2861 Ὠς
1319 2797 1371 2850 εί
1399 2815 1485 2862 τις
1529 2799 1768 2870 λαλήσει,
1805 2799 1940 2867 πρὸς

360 2889 554 2942 ἑαυτοῦ
601 2888 791 2957 geram;
825 2907 843 2938 ι
887 2890 954 2941 Ἢ
980 2891 1062 2941 ὄτι
1093 2889 1188 2942 καὶ
1230 2889 1462 2958 ἄγγελος
1533 2889 1766 2960 εὐμενὴς
1790 2929 1805 2951 ,
1847 2889 1942 2943 καὶ

362 2978 534 3032 nitar
561 2979 780 3040 κτιστὸς
807 2977 904 3045 ὢν,
933 2977 1078 3032 οὕτω
1105 2977 1278 3040 λαλεῖ,
1317 2978 1469 3048 πόσῳ
1520 2977 1724 3046 μᾶλλον
1773 2977 1939 3042 Θεός;

364 3070 398 3139 ἢ
431 3069 561 3138 γοῦν
581 3071 860 3138 ἀναλόγως
885 3071 1123 3141 νοητέον.
1161 3071 1272 3140 Τῆς
1295 3069 1466 3138 αὐτῆς
1495 3068 1740 3131 διανοίας
1768 3069 1860 3120 καὶ
1881 3067 1942 3119 τὸ

379 3161 586 3223 Ἥλιοῦ,
623 3181 640 3212 ι
693 3163 770 3231 Ζῇ
812 3161 1018 3230 Κύριος
1069 3161 1178 3214 τῶν
1235 3160 1536 3228 δυνάμεων,
1661 3160 1942 3230 παρέστην

365 3251 592 3303 ἐνώπιον
639 3249 830 3304 αὐτοῦ.
889 3269 908 3302 ι
961 3251 1073 3304 Καὶ
1111 3252 1160 3302 οἱ
1195 3250 1374 3302 λοιποὶ⁸
1427 3249 1486 3302 δέ
1548 3266 1682 3319 φασι
1716 3249 1938 3312 δίκαιοι,

373 3359 391 3390 ι
439 3341 523 3403 Ὡς
550 3339 820 3406 ὀφθαλμοὶ
847 3339 1052 3392 δούλων
1087 3341 1167 3402 είς
1218 3343 1407 3410 χεῖρας
1450 3338 1559 3392 τῶν
1613 3339 1820 3408 κυρίων
1849 3339 1943 3392 αύ-

365 3431 493 3496 τῶν,
517 3431 691 3494 οὕτως
723 3434 772 3485 οἱ
803 3432 1073 3502 ὀφθαλμοὶ
1102 3433 1259 3502 ἡμῶν
1299 3431 1433 3503 πρὸς
1463 3429 1666 3501 Κύριον
1697 3432 1786 3484 τὸν
1813 3431 1944 3485 Θεὸν

366 3525 545 3592 ἡμῶν.
583 3544 600 3574 ι
633 3525 851 3593 Ταύτης
890 3524 988 3593 τῆς
1025 3524 1262 3591 ὁμιλίας,
1298 3523 1374 3585 ὡς
1431 3524 1631 3592 ἐχώρει
1678 3517 1942 3587 Muniis-Eg,

369 3617 663 3686 γενομένης
695 3616 864 3684 αὐτῷ.
901 3617 982 3678 εἰς
1014 3615 1115 3686 τὴν
1135 3616 1492 3686 παρεμϐολὴν
1511 3615 1802 3668 ἀπελύετο,

371 3711 513 3764 haud
551 3711 829 3766 dissimili.
861 3706 1008 3764 Nihil
1047 3724 1076 3761 a
1131 3709 1382 3778 praisenti
1439 3709 1558 3761 loco
1615 3708 1802 3762 differt
1873 3707 2006 3760 illud
2056 3712 2190 3764 Elim
2227 3728 2239 3762 :
2281 3734 2299 3763 ‹
2360 3710 2626 3763 Dominus
2703 3710 2971 3763 virtutum
3031 3708 3120 3762 cui
3195 3706 3370 3766 astili.

2037 1890 2178 1963 [1].]
2233 1891 2382 1947 Deus
2419 1892 2750 1962 intelligitur
2797 1894 2922 1948 illos
2957 1895 3190 1963 alloqui,
3225 1910 3370 1964 quos
3406 1895 3614 1949 certio-

2017 1999 2126 2038 -rcs
2163 1981 2294 2037 facit
2327 1999 2440 2038 sua:
2482 1985 2814 2040 voluntatis.
2862 1983 3069 2040 Paulus
3119 1985 3267 2038 enim
3314 2001 3424 2040 non
3469 1985 3625 2037 amli-

2039 2073 2138 2135 vit,
2191 2074 2410 2127 aurium
2465 2075 2808 2129 adminiculo
2870 2091 3030 2136 usus.
3083 2076 3368 2130 Christum
3403 2080 3458 2128 in
3487 2075 3624 2146 ipso

2035 2162 2386 2231 loquentem.
2447 2161 2584 2217 lluic
2659 2163 2909 2219 concinit
2965 2175 3017 2218 ct
3082 2163 3274 2226 David,
3321 2162 3622 2231 inquiens:

2043 2273 2062 2304 ‹
2111 2255 2346 2308 Audiam
2379 2256 2510 2324 quid
2541 2255 2593 2307 in
2624 2270 2710 2308 me
2739 2255 3001 2324 loquatur
3035 2253 3304 2308 Dominus
3345 2253 3488 2306 Deus
3518 2252 3618 2305 θλ.»

2039 2345 2180 2398 Nam'
2229 2346 2432 2400 bellum
2481 2346 2652 2399 animi
2703 2347 3022 2400 institutum
3084 2353 3138 2400 et
3191 2348 3537 2417 propositum
3575 2347 3621 2399 si

2041 2435 2228 2498 fuerit,
2281 2435 2435 2489 audit
2509 2445 2694 2490 mente
2762 2437 2867 2491 sibi
2931 2437 3248 2505 loquentem
3308 2435 3622 2490 Dominum.

2039 2526 2220 2580 Etiam
2263 2524 2524 2602 Habacue
2573 2527 2649 2580 ait
2704 2545 2717 2580 :
2759 2546 2777 2577 ε
2815 2526 3114 2596 Dispiciam
3145 2528 3277 2596 quid
3317 2529 3627 2582 'locuturus

2042 2618 2115 2674 sit
2166 2617 2529 2671 Dominus-in
2590 2632 2676 2670 me
2708 2615 2775 2668 ⁸⁸.
2813 2635 2832 2667 ι
2872 2617 2954 2669 Ab
2999 2617 3086 2670 bis
3133 2616 3438 2686 Scriptura:
3487 2615 3626 2670 locis

2041 2725 2152 2764 non
2193 2708 2452 2762 dissentit
2484 2714 2539 2763 et
2571 2707 2676 2761 iste
2709 2723 2723 2760 :
2762 2725 2782 2758 ι
2819 2705 3021 2760 Coram
3048 2707 3360 2760 collocutus
3391 2714 3476 2759 est
3499 2720 3624 2757 cum

2042 2801 2212 2857 Mose.
2253 2820 2269 2853 ι
2308 2798 2444 2854 Nam
2493 2815 2740 2869 praesens
2797 2809 2917 2854 erat
2952 2799 3117 2864 Deus,
3163 2813 3275 2852 non
3305 2796 3515 2851 habens
3543 2795 3626 2850 fa-

2057 2891 2194 2946 ciem
2227 2906 2350 2960 qum
2388 2891 2569 2944 oculis
2603 2890 2760 2944 cerni
2805 2889 3062 2942 humanis
3101 2899 3310 2958 posset.
3348 2885 3456 2940 Sed
3484 2883 3629 2940 Deus

2045 2983 2369 3053 apparebat.
2409 2991 2690 3052 quatenus
2744 2981 2961 3044 auditu,
3018 2987 3209 3050 utpote
3260 2991 3460 3042 sermo,
3502 2991 3630 3044 per—

2045 3073 2156 3142 cipi
2207 3080 2421 3140 posset.
2467 3070 2819 3139 Quapropter
2876 3069 3082 3122 fru~tra
3129 3078 3185 3122 et
3223 3069 3445 3123 stnltea
3501 3065 3630 3134 qni-

2047 3164 2278 3220 busdam
2319 3165 2626 3232 quaeritur,
2661 3178 2766 3231 qua
2802 3163 3046 3216 dialecm
3074 3177 3208 3215 usus
3259 3161 3331 3213 sit
3365 3158 3632 3211 Dominus

2049 3256 2105 3309 in
2159 3253 2570 3322 compellandis
2617 3253 2854 3307 sanctis.
2909 3249 3096 3316 Quare
3147 3247 3426 3303 infertur:
3486 3265 3504 3297 ι
3555 3245 3633 3302 Ae

2048 3347 2095 3400 si
2129 3346 2253 3414 quis
2280 3346 2595 3413 alloquetur
2643 3359 2806 3398 suum
2859 3344 3124 3405 amicum,
3151 3360 3169 3390 ι
3221 3351 3351 3404 etc.,
3378 3339 3507 3408 quia
3534 3353 3633 3390 au-

2051 3437 2209 3505 gebis
2271 3435 2522 3505 placidus
2569 3441 2624 3488 et
2675 3434 2980 3488 benevolus
3025 3432 3327 3493 exsistens,
3365 3428 3633 3498 .quamvis

2051 3537 2307 3582 creatura
2341 3528 2438 3592 sit,
2467 3527 2518 3580 in
2562 3508 2978 3578 [tune-inodum
3028 3526 3192 3577 verba
3226 3523 3378 3576 facit.
3418 3521 3636 3586 Quanto

2059 3622 2233 3689 magis
2267 3621 2387 3689 ipse.
2433 3620 2574 3672 Deus
2604 3619 2822 3688 alienun
2869 3618 3091 3670 modum
3153 3615 3324 3675 fatur,
3367 3615 3450 3668 vel
3483 3621 3637 3667 certe

3449 3721 3636 3759 coram

371 3803 536 3855 eo“.
598 3820 620 3853 ι
679 3801 896 3870 Reliqui
966 3803 1143 3855 sancti
1211 3801 1404 3855 aiunt:
1477 3799 1604 3854 «Ut
1667 3803 1812 3855 oculi
1861 3819 2146 3858 servorum
2196 3805 2498 3876 respiciunt
2575 3805 2630 3857 in
2705 3819 2903 3858 tuanus
2953 3802 3298 3855 dominorum
3369 3813 3636 3865 suorum,

373 3895 448 3946 sic
480 3893 624 3949 oculi
656 3895 828 3947 nostri
871 3893 938 3948 ad
973 3893 1266 3948 Dominum
1319 3893 1485 3950 Deum
1539 3902 1786 3971 nostrum
1821 3894 1886 3946 ⁸⁷.
1921 3913 1940 3944 ι
1985 3895 2162 3952 Moses
2191 3898 2298 3954 isto
2341 3896 2626 3966 colloquio
2671 3904 2950 3964 quatenus
2981 3894 3064 3948 fas
3091 3904 3142 3948 et
3211 3892 3473 3960 possibile
3544 3906 3638 3945 es-

375 3995 476 4049 s.-t,
515 3987 742 4055 potitus,
781 3986 1062 4041 remeabat
1089 3987 1143 4040 in
1175 3995 1385 4052 castra,

445 4117 782 4185 Quantisper
812 4117 958 4171 enim
1001 4119 1126 4186 quis
1161 4117 1314 4170 audit
1355 4132 1544 4170 secum
1578 4117 1983 4185 colloquentem
2039 4113 2232 4177 Deum,
2263 4112 2534 4181 tantisper
2574 4116 2897 4180 segregatus
2923 4116 3006 4162 est
3039 4107 3107 4160 ab
3141 4105 3424 4160 hominum
3497 4119 3634 4159 con-

313 4229 320 4235 ·
377 4207 527 4271 ιοςίιι
565 4215 621 4260 et
653 4207 961 4261 consortio.
1033 4205 1237 4259 Deinde
1285 4207 1516 4273 jubetur
1563 4207 1980 4260 communicare
2029 4203 2249 4256 cazteris
2308 4200 2640 4252 mortalibus
2696 4197 2906 4260 divina,
2959 4211 3080 4264 «tua:
3123 4193 3362 4262 accepit,
3393 4193 3639 4254 oracula,

381 4303 442 4348 ut
469 4293 600 4348 huic
631 4294 872 4362 plurima
920 4294 1212 4348 commota
1253 4293 1461 4346 ferant.
1509 4293 1583 4346 lla
1633 4307 1760 4346 esse
1803 4291 2120 4345 faciendum
2173 4289 2312 4342 satis
2347 4288 2636 4342 evidenter
2683 4285 2968 4348 admonet,
3017 4283 3162 4352 quod
3219 4281 3472 4334 dicitur:
3521 4299 3539 4330 ι
3576 4279 3642 4332 Et

379 4383 762 4435 tiiniittebatur
800 4385 859 4436 in
913 4393 1124 4435 castra.
1162 4400 1179 4433 ι
1241 4382 1322 4434 Ab
1373 4384 1478 4434 hoc.
1510 4397 1621 4436 non
1656 4378 1892 4434 dissidet
1928 4379 2066 4432 illud
2113 4378 2402 4431 oraculum
2437 4393 2450 4426 :
2495 4392 2512 4422 ι
2571 4372 2696 4426 Ηωο
2738 4371 2891 4426 dices
2934 4370 3122 4424 domui
3164 4367 3360 4433 Jacoh,
3401 4377 3456 4421 et
3498 4383 3642 4420 nun-

385 4470 546 4522 Iiahis
579 4469 708 4522 filiis
733 4467 902 4522 Israel
939 4487 952 4521 :
994 4469 1102 4522 Vos
1137 4468 1357 4521 vidistis
1394 4482 1518 4536 qua:
1549 4466 1773 4520 fecerim
1805 4464 2113 4534 Egyptiis,
2153 4473 2206 4518 et
2235 4466 2514 4530 assmupsi
2549 4478 2646 4514 vos
2683 4475 2857 4528 super
2893 4460 3013 4514 alas
3043 4460 3384 4527 aquilarum,
3421 4465 3475 4510 et
3508 4455 3640 4510 duxi

386 4572 482 4611 vos
516 4557 585 4610 ad
615 4573 702 4608 me
732 4556 800 4618 ⁸³,
847 4573 866 4606 ι
906 4565 1016 4610 etc.
1044 4555 1366 4609 Necessitas
1409 4556 1755 4622 requirebat,
1819 4563 1881 4607 ut
1929 4558 2509 4606 commemorarentur
2569 4547 2861 4606 beneﬁcia.
2913 4562 3039 4616 qua:
3094 4546 3328 4614 pepulus
3363 4545 3456 4597 ille
3491 4559 3638 4597 acce-

383 4651 557 4714 pe'al.
592 4643 828 4696 Esaitati
863 4653 992 4698 sunt
1022 4645 1228 4697 virtute
1259 4642 1474 4704 divina,
1511 4658 1580 4696 ne
1615 4657 1642 4693 a
1679 4643 1919 4696 terrenis
1963 4651 2017 4695 et
2053 4640 2203 4692 humi
2237 4638 2562 4707 repentibus
2591 4636 2951 4691 itederentur.
3004 4636 3106 4700 Qui
3139 4636 3310 4704 igitur
3346 4633 3649 4686 adhibetur

385 4732 668 4800 colloquio
725 4714 946 4794 divino,
1001 4732 1092 4786 ille
1139 4731 1361 4801 penitus
1413 4745 1443 4783 a
1483 4729 1691 4783 mundo
1745 4737 1831 4784 est
1892 4730 2204 4798 seiunctus,
2257 4737 2312 4782 et
2349 4727 2402 4780 in
2457 4727 2602 4780 οωιο
2649 4733 2901 4779 versatur
2943 4723 3170 4777 aeternis
3221 4722 3388 4776 bonis
3424 4720 3643 4780 lrueus,

391 4821 651 4890 quamvis
683 4834 921 4890 corpore
953 4820 1007 4875 in
1044 4821 1208 4875 terris
1258 4820 1444 4890 degat.
1501 4819 1775 4873 Ctelcrnm
1811 4817 1984 4870 Josua
2026 4827 2251 4888 propter
2285 4815 2568 4884 juveniles
2616 4813 2796 4868 adhuc
2839 4827 3038 4875 annos,
3080 4827 3188 4864 non
3222 4817 3434 4880 poterat
3465 4807 3640 4862 collo-

390 4911 484 4980 qui
557 4923 684 4962 cum
722 4908 956 4962 Domino
989 4919 1141 4962 extra
1174 4908 1596 4962 taberm'ieulum
1651 4906 1820 4970 sicuti
1872 4905 2076 4959 Moses.
2111 4905 2179 4957 At
2225 4903 2400 4956 divini
2457 4900 2724 4969 colloquii
2758 4899 3040 4967 particeps
3072 4896 3254 4950 factus
3279 4906 3364 4950 est
3399 4895 3646 4980 stansiin

391 4979 575 5050 monte
615 4993 869 5048 excelso.
905 4995 1038 5048 Nam
1077 4995 1258 5050 adhuc
1301 4995 1578 5050 sentiebat
1636 4994 1977 5047 incrementa
2027 4990 2335 5059 religionis,
2393 4997 2446 5042 et
2501 5001 2680 5056 usque
2721 4985 3044 5055 perficiebat
3085 5000 3150 5037 eo
3185 4983 3237 5038 in
3276 4984 3520 5052 negotio.
3557 4979 3646 5033 Si—

395 5084 619 5150 quidem
655 5083 1082 5136 tabernaculum
1116 5085 1169 5136 io
1212 5099 1336 5138 eum
1383 5099 1546 5136 usum
1603 5082 1976 5150 compositum
2031 5086 2138 5144 est,
2179 5085 2237 5128 ut
2293 5076 2364 5129 ab
2417 5074 2638 5144 injuriis
2691 5073 2778 5126 vel
2825 5083 2994 5126 antas
3025 5073 3104 5124 vel
3142 5071 3349 5140 algoris
3389 5069 3648 5124 defendat

393 5172 499 5225 iter
531 5169 819 5233 facientes,
853 5179 912 5222 ut
939 5171 1012 5224 sit
1051 5171 1105 5223 in
1143 5171 1291 5239 quoi
1329 5180 1535 5224 tectum
1589 5185 1649 5222 se
1694 5167 1989 5236 recipiant.
2037 5165 2106 5218 At
2156 5164 2358 5217 domus
2418 5160 2716 5233 quamdam
2774 5158 2974 5214 faciem
3015 5158 3372 5230 perfectionis
3403 5166 3452 5212 et
3487 5165 3651 5210 ρει-ιω

393 5259 546 5314 sedis
577 5257 996 5325 complectitur.
1040 5258 1390 5328 Quapropter
1431 5255 1600 5309 David
1654 5256 1852 5309 cauit:
1915 5275 1932 5305 ι
1987 5252 2264 5308 Transibo
2313 5251 2368 5304 in
2408 5251 2530 5304 loco
2563 5248 2910 5302 tabernaculi
2971 5245 3284 5302 admirandi
3353 5259 3532 5314 usque
3579 5242 3649 5294 ad

468 5440 512 5471 "
539 5439 700 5495 Deut.
735 5455 901 5499 xxxn,
954 5435 1046 5488 35.

3146 5429 3188 5460 ⁸⁷
3214 5427 3359 5482 Psal.
3389 5439 3566 5488 cxxn,
3594 5422 3650 5475 εὶ.

397 5508 442 5537 ⁸⁸
477 5511 642 5564 Evoti.
685 5525 801 5570 xix,
834 5509 885 5562 ι.

1151 5438 1194 5468 ⁸⁸³⁸
1232 5437 1376 5492 Psal.
1412 5440 1718 5502 Lxxxw,9.
1826 5437 1870 5468 ⁸³
1907 5435 1933 5489 1⁵

2042 5451 2108 5491 ic.
2146 5451 2206 5503 ιι,
2244 5439 2286 5492 Ι,
2401 5438 2445 5467 ⁵⁵
2481 5436 2540 5491 lll
2577 5431 2710 5504 Reg.
2745 5449 2896 5498 xvm,
2949 5427 3030 5482 15.

1875 5615 2079 5672 ΝΟΤΔΕ

474 5714 606 5777 (ετ)
629 5712 798 5765 Τοῦτο
818 5712 871 5764 ἐν
895 5710 970 5778 τῷ
993 5711 1090 5781 τῆς
1117 5711 1250 5777 Λύγ.
1279 5709 1406 5764 mbo.
1437 5709 1496 5761 οὗ
1533 5710 1732 5763 κεῖται.
