4010 6212
372 408 379 413 _
421 323 521 389 (τι
1620 277 1635 291 ’
1739 319 2023 381 raocor

2128 314 2369 378 GAZIEI
2972 350 2975 355 η
3565 302 3677 366 672

423 441 649 493 domum
688 434 783 491 Dei
821 436 889 492 ".
922 453 940 487 ι
977 435 1059 490 Ad
1095 450 1260 503 quam
1291 433 1439 488 enim
1474 434 1521 488 si
1554 441 1782 488 ventum
1824 431 2015 496 fuerit,
2049 431 2474 487 tabernaculum
2527 427 2772 498 pellitur,
2810 432 2868 479 ut
2903 423 3063 492 cujus
3104 420 3297 476 nullus
3323 414 3561 487 amp‘ius
3600 416 3676 503 sit

426 524 763 579 usus.-Alibi
816 538 1038 591 quoque
1065 502 1213 576 idem
1247 520 1415 574 David
1455 521 1773 576 exclamat:
1808 539 1827 572 ι
1879 521 2055 587 Quam
2105 519 2309 573 dilecta
2357 524 2487 570 sunt
2545 512 2907 567 tabernacula
2953 521 3045 564 tua
3098 507 3330 564 Douiine
3362 502 3672 591 virtutum!

427 610 713 665 Desiderat
746 618 802 663 et
835 590 1022 663 deﬁcit
1054 610 1242 662 anima
1280 623 1399 662 mea
1437 608 1491 661 iu
1523 609 1680 663 aulas
1713 607 1929 662 Domini
1961 608 2029 660 ".
2071 625 2090 657 ι
2142 605 2305 675 312
2339 602 2513 657 Paulo
2544 610 2672 671 post
2711 601 2855 654 idem
2889 598 3162 667 PrOpheta
3196 594 3377 667 inquit
3408 612 3422 647 :
3459 610 3478 643 ι
3513 590 3675 645 Beati

428 713 645 757 omnes.
664 699 755 765 qui
813 698 1067 751 habitant
1100 698 1155 749 in
1208 696 1373 748 domo
1407 704 1500 747 tua
1534 710 1547 747 :
1594 695 1676 747 in‘
1705 694 1912 748 saecula
1963 693 2292 747 saeculorum
2338 689 2738 744 cnllaudabunt
2773 694 2826 740 te
2856 684 2922 737 τί.
2962 703 2981 736 ι
3018 682 3148 735 Nam
3189 680 3345 734 ﬁrma
3378 676 3675 740 habitatio,

428 800 552 851 quae
586 785 720 836 nulli
754 783 992 837 obnoxia
1027 790 1113 835 est
1145 780 1652 848 transmigrationi,
1686 781 2007 847 agnoscitur
2036 781 2089 833 in
2143 779 2310 833 domo
2346 768 2465 831 Dei.
2516 775 2700 841 Quare
2733 776 2785 827 in
2820 772 3020 828 saecula
3046 771 3383 826 saeculorum
3417 765 3681 819 laudibus

429 872 797 924 celebrabant
824 886 974 927 eum.
1012 871 1103 938 qui
1141 867 1206 920 ad
1242 870 1427 936 ipsum
1482 868 1855 934 pervenerint.
1905 866 2289 921 Taberuacula
2344 865 2437 917 illa
2475 873 2632 933 grata
2661 872 2715 915 et
2747 868 2975 929 accepta
3007 868 3138 912 sunt
3174 857 3282 921 his,
3318 853 3411 924 qui
3445 852 3681 906 tendunt

432 957 486 1011 in
522 960 679 1009 aulas
711 957 828 1013 Dei.
880 955 1117 1025 indeque
1151 955 1255 1007 iter
1287 963 1564 1005 maturare
1592 954 1841 1021 gestiunt
1885 953 1940 1007 in
1992 952 2216 1006 domum
2271 951 2414 1020 ejus.
2475 949 2647 1009 Josna
2704 950 2892 1017 itaque
2936 962 3062 1000 cum
3100 945 3286 998 adhuc
3333 943 3678 994 incrementa

434 1044 715 1113 religionis
754 1039 1016 1109 paulatim
1076 1048 1324 1109 caperet,
1360 1041 1503 1092 intra
1544 1051 1732 1092 castra
1760 1055 1819 1093 se
1853 1043 2131 1095 continet.
2163 1036 2302 1092 Nam
2357 1040 2427 1102 is,
2486 1039 2582 1108 qui
2637 1037 2821 1090 adhuc
2874 1035 2928 1087 in
2969 1032 3278 1086 virtutibus
3334 1028 3575 1098 proﬁcit,
3629 1027 3679 1080 si

433 1142 590 1183 extra
631 1130 894 1199 virtutum
927 1127 1274 1181 consortium
1307 1141 1366 1180 se
1399 1127 1670 1192 posuerit,
1728 1129 2027 1195 plurimum
2077 1128 2132 1180 in
2190 1136 2379 1196 empto
2417 1141 2589 1179 cursu
2645 1124 2882 1178 laeditur.
2918 1120 3105 1175 Solius
3135 1118 3408 1187 siquidem
3445 1115 3681 1186 perfecti

433 1216 518 1271 est
546 1218 698 1269 exire
726 1215 929 1268 castris
965 1222 1018 1268 et
1047 1214 1099 1266 in
1129 1223 1309 1267 castra
1349 1227 1409 1265 sc
1441 1213 1713 1281 recipere,
1751 1223 1809 1265 ut
1845 1225 2077 1268 caeteros
2108 1230 2335 1285 quoque
2368 1213 2591 1277 doceat,
2621 1222 2678 1268 et
2710 1213 2777 1265 ad
2810 1213 3077 1264 virtutem
3113 1208 3344 1261 alliciat.

505 1306 670 1362 Iosua
724 1316 952 1359 vocatur
990 1305 1259 1363 minister,
1315 1311 1372 1356 ut
1423 1304 1517 1373 qui
1551 1304 1662 1374 jam
1706 1304 2002 1375 deputatus

2177 1304 2357 1373 Βλάὸη
2390 1305 2518 1375 γὰρ,
2550 1304 2705 1372 φησὶ,
2725 1301 2803 1372 τῷ
2834 1301 3203 1372 προκόπτοντι
3221 1295 3326 1362 ἔξω
3352 1298 3453 1365 τῆς
3480 1310 3687 1364 προκο-

433 1407 489 1454 et
524 1399 833 1452 destinatus
861 1400 934 1452 sit
975 1397 1147 1451 cultui
1199 1396 1407 1451 divino.

2128 1396 2221 1466 τῆς
2250 1399 2470 1467 χωρεῖν.
2512 1396 2780 1466 Θεράπων
2811 1393 2867 1446 δὲ
2920 1392 3205 1462 κέκληται,
3239 1389 3329 1442 διὰ
3369 1389 3431 1441 τὸ
3475 1388 3577 1458 ήδη
3612 1388 3686 1458 τῇ

370 1476 375 1481 ’
2111 1489 2248 1559 πρὸς
2269 1488 2401 1540 Θεὸν
2431 1483 2597 1557 ἦχθαι
2631 1485 2900 1556 θεραπείᾳ
2927 1483 3063 1553 (98).

2193 1578 2337 1632 Ἰδοὺ
2367 1579 2449 1632 σύ
2470 1596 2572 1647 μοι
2592 1573 3106 1646 λέγεις,Ἀνάγαγε
3135 1572 3241 1627 τὸν
3263 1570 3418 1625 λαὸν
3444 1569 3688 1629 τοῦτον.

2110 1669 2193 1724 σὺ
2226 1669 2295 1723 δὲ
2316 1671 2427 1725 οὐκ
2459 1667 2778 1737 ἐδήλωσὰς
2805 1683 2926 1735 μοι,
2963 1664 3035 1718 ὃν
3055 1659 3538 1724 συναποστελεῖς
3555 1659 3690 1729 μετ’

2111 1758 2276 1826 ἐμοῦ.
2309 1757 2419 1810 Καὶ
2443 1757 2528 1820 τίς
2556 1773 2645 1826 μοι
2696 1754 3002 1807 συνανοὶσει
3027 1790 3043 1816 ,
3095 1750 3267 1820 φησὶ,
3299 1748 3392 1800 τὸν
3432 1745 3591 1810 λα6ν;
3626 1745 3692 1797 οὐ

2113 1851 2224 1921 γὰρ
2254 1848 2541 1919 αὐτάρκης
2565 1846 2853 1917 ἀνθρώπου
2884 1843 3066 1913 φύσις.
3101 1841 3236 1894 Οὐδὲ
3282 1840 3343 1892 τὸ
3370 1838 3544 1908 ψιλῶς
3579 1837 3692 1907 γὰρ

2115 1940 2425 2011 ἡγήσασθαι
2452 1938 2581 1992 λαοῦ
2631 1937 2813 2009 ῥᾴδιον
2831 1953 2844 1966 ο
2879 1935 3033 2005 πόσῳ
3077 1933 3276 2004 μᾶλλον
3305 1932 3401 1986 καὶ
3431 1930 3697 2001 μεθιστα-

2119 2034 2283 2103 μένου
2312 2034 2450 2101 πρὸς
2477 2032 2699 2095 τόπους,
2735 2028 3066 2098 πολεμικοὺς
3094 2027 3315 2096 ἔχοντας
3361 2026 3697 2093 οἰκήτοραςς

2119 2125 2258 2195 ’Βδη
2279 2124 2389 2193 γάρ
2407 2122 2659 2184 εἰπόντος
2673 2122 2834 2184 Θεοῦ,
2862 2138 2880 2170 ι
2904 2118 3215 2174 ’Λποστελῶ
3232 2118 3324 2169 τὸν
3338 2115 3567 2183 ἄγγελόν
3589 2132 3700 2185 μου

2118 2216 2416 2287 ἡγούμενόν
2430 2234 2546 2280 σου,
2561 2234 2579 2267 ι
2598 2218 2870 2285 ἀποκρινα
2880 2214 3042 2284 μένου
3064 2229 3144 2275 τε,
3161 2230 3178 2260 ι
3198 2210 3359 2280 Elui}
3380 2210 3544 2272 αὐτὸς
3558 2225 3623 2261 συ
3632 2225 3703 2277 μ-

2119 2306 2327 2380 πορεύῃ
2358 2309 2474 2378 μέτ’
2499 2306 2656 2375 ἐμοῦ,
2690 2307 2764 2376 μή
2793 2322 2859 2375 με
2885 2304 3168 2374 ἀναγάγῃς
3198 2299 3469 2363 ἐντεῦθεν,
3498 2317 3518 2351 ι
3539 2298 3705 2352 οὑδὶν

2120 2401 2320 2473 ἐρρέθη
2362 2401 2496 2472 πρὸς
2544 2400 2786 2468 Μωῡσῆν
2812 2437 2829 2463 ,
2860 2398 2933 2461 ὡς
2971 2393 3437 2462 ὲπινεύσαντος,ῆ
3476 2391 3573 2463 μὴ,
3601 2389 3705 2444 τοῦ

450 2492 621 2545 fueris
659 2506 796 2565 nqs,
828 2506 895 2543 ne
930 2488 1156 2543 duxeris
1215 2504 1315 2542 nos
1348 2504 1415 2543 ex
1457 2488 1565 2543 isto
1603 2489 1744 2544 loco.
1782 2508 1801 2540 ›
1840 2488 2019 2546 Caete-

2128 2493 2277 2548 Βεοῦ.
2309 2494 2399 2547 Διό
2430 2509 2583 2565 φησι·
2618 2493 2690 2546 Σὺ
2723 2491 2779 2545 δὲ
2808 2491 2907 2545 οὐκ
2931 2488 3209 2561 ὲδήλωσάς
3241 2503 3354 2557 μοι,
3376 2486 3435 2550 ὃς
3467 2484 3711 2556 πορεύε-

450 2597 573 2635 rum
606 2583 808 2634 nullam
844 2579 1308 2650 significationem
1342 2579 1426 2632 vel
1482 2580 1778 2635 annuentis
1814 2582 1897 2635 vel
1932 2598 2020 2636 re-

2128 2602 2211 2638 ται
2239 2585 2357 2654 μετ’
2391 2582 2550 2654 ἐμοῦ.

400 2675 676 2729 -nuentis
734 2674 960 2732 dederat
1013 2678 1181 2736 Deus.
1219 2678 1430 2734 Idcirco
1485 2679 1564 2732 ait
1618 2679 1796 2735 Moses
1831 2698 1843 2733 :
1875 2680 1956 2734 Tu
1998 2697 2106 2737 non
2167 2682 2431 2737 iudiciuin
2500 2680 2680 2736 fecisti
2741 2678 2899 2743 mihi,
2937 2677 3065 2747 quis
3117 2675 3299 2730 iturus
3351 2673 3423 2729 sit
3463 2685 3710 2726 mecum.

510 1574 645 1630 Ecce
667 1587 722 1629 tu
745 1575 878 1630 dicis
913 1576 1043 1628 milii
1077 1591 1095 1629 :
1153 1574 1300 1628 Educ
1328 1575 1582 1644 populum
1623 1576 1784 1636 hunc.
1813 1588 1862 1629 et
1893 1578 2005 1646 quis

438 1684 519 1722 me
536 1666 766 1736 juvabit,
795 1675 901 1720 etc.
927 1664 1188 1737 [XXX-Ill,
1214 1664 1326 1736 12.]
1361 1664 1475 1719 Non
1506 1665 1649 1718 enim
1679 1665 1808 1719 huic
1841 1665 2010 1718 labori

441 1757 578 1812 satis
602 1756 811 1809 idonea:
843 1765 972 1810 sunt
1000 1764 1051 1808 et
1071 1755 1355 1809 sufficiunt
1395 1756 1648 1808 humanae
1680 1756 1841 1809 vires.
1865 1761 2013 1823 Opus

438 1858 527 1904 est
554 1850 742 1902 divino
762 1848 989 1901 auxilio.
1015 1846 1242 1901 Difﬁcile
1258 1856 1310 1900 et
1334 1847 1667 1901 laboriosum
1700 1855 1785 1900 est
1812 1846 2012 1913 guber-

443 1954 576 1994 nare
635 1940 922 2008 populum,
1004 1940 1097 2008 qui
1159 1938 1275 1992 suis
1342 1948 1596 1991 moratur
1645 1939 1700 1991 in
1748 1938 2009 1993 sedibus:

444 2040 647 2100 quanto
699 2030 977 2086 difﬁcilius
1036 2042 1089 2085 et
1161 2030 1504 2084 laboriosius
1560 2038 1644 2084 est
1697 2030 2017 2100 imperitare

443 2126 667 2195 populo,
736 2125 827 2194 qui
868 2125 927 2177 in
991 2123 1128 2176 alias
1181 2123 1466 2176 inducitur
1493 2123 1674 2186 sedes,
1718 2132 1771 2176 et
1804 2133 2015 2179 veteres

444 2219 672 2271 colonos
739 2217 881 2270 bello
932 2215 1136 2283 ejicere
1188 2214 1448 2284 cogitur?
1504 2212 1647 2268 Deus
1695 2213 1915 2268 dixerat
1946 2214 2015 2269 ad

449 2309 683 2365 Mosen:
723 2329 740 2360 ‹
793 2302 1005 2361 Mittam
1055 2308 1310 2377 angelum
1363 2323 1567 2370 meum,
1620 2309 1714 2378 qui
1748 2309 2020 2377 praecedat

449 2409 541 2464 te;
580 2418 597 2449 ι
636 2409 688 2453 at
729 2397 908 2452 Moses
952 2399 1320 2466 reSponderat
1354 2414 1369 2450 :
1411 2415 1430 2448 ι
1486 2395 1600 2451 Nisi
1637 2408 1697 2451 tu
1724 2400 2019 2454 comitatus

523 2785 588 2839 Et
621 2805 745 2842 cum
781 2788 949 2844 Deum
999 2792 1235 2846 summis
1261 2792 1408 2845 votis
1436 2800 1722 2859 expeteret
1752 2800 1806 2845 et
1846 2793 2019 2862 depo-

2190 2796 2371 2851 θέλων
2402 2795 2494 2848 τὸν
2523 2794 2656 2847 Θεὸν
2678 2792 2951 2863 ἡγεῖσθαι,
2976 2792 3163 2860 φησὶ,‹
3197 2787 3460 2852 Γνωστῶς
3491 2786 3587 2840 ἴδω
3600 2805 3727 2844 σεδ

451 2890 633 2932 sceret
686 2882 964 2945 Comitem,
1014 2881 1182 2935 infert
1216 2900 1228 2934 :
1262 2901 1278 2932 i
1339 2881 1636 2937 Evidenter
1683 2883 1843 2937 video
1880 2893 1954 2939 te.
1995 2903 2015 2937 ο

450 2966 551 3021 Cui
587 2985 914 3037 responsum
975 2971 1068 3025 dat
1112 2971 1295 3024 Deus:
1336 2991 1354 3022 ‹
1397 2970 1507 3041 Ego
1551 2973 1670 3042 ipse
1715 2974 2017 3041 praecedam

452 3068 528 3121 te,
598 3078 619 3112 ι
652 3060 705 3113 id
742 3071 848 3124 est,
896 3060 1007 3127 Ego
1053 3069 1107 3115 et
1156 3062 1332 3116 Filius
1384 3077 1542 3117 meus
1600 3079 1765 3115 unum
1807 3079 2022 3119 sumus.

455 3151 552 3205 llic
587 3160 669 3206 est
707 3155 934 3222 angelus
978 3154 1157 3222 magni
1212 3153 1456 3214 consilzi,
1508 3155 1577 3207 de
1608 3168 1719 3223 quo
1776 3155 1832 3209 in
1886 3171 2023 3226 pra-

453 3242 779 3297 cedentibus
829 3245 924 3297 tibi
969 3246 1225 3297 narravi:
1260 3260 1356 3314 per
1394 3259 1557 3313 quem
1587 3245 1908 3301 antecedam
1950 3258 2020 3313 te,

451 3343 506 3387 et
534 3348 630 3401 per
653 3350 814 3403 quem
848 3350 934 3389 me
963 3336 1282 3411 conspicari
1337 3337 1559 3405 poteris.

2128 2885 2271 2955 Πρὸς
2292 2887 2319 2939 ὃ
2365 2902 2529 2954 φησιν
2557 2888 2585 2938 ὁ
2610 2885 2742 2948 Θεὸς
2770 2900 2784 2915 ·
2809 2902 2827 2935 ι
2864 2882 3007 2951 Ἐγὼ
3066 2882 3226 2944 αὐτὸς
3255 2877 3709 2951 προπορεύσομαί

2130 2991 2245 3037 σου,
2271 2994 2288 3025 ι
2318 2972 2772 3041 τουτέστιν,Ἐγὼ
2793 2973 2931 3027 καὶὸ
2962 2972 3087 3035 Υἱός
3118 2988 3220 3041 μου
3248 2970 3306 3022 ἓν
3327 2968 3710 3039 summittito;

2123 3070 2232 3137 γάρ
2250 3070 2396 3120 ἐστιν
2416 3068 2444 3120 ὁ
2464 3068 2561 3137 τῆς
2590 3067 2834 3138 μεγάλης
2855 3064 3053 3137 βουλῆς
3084 3063 3366 3143 Ἀγγελρς,
3383 3063 3508 3131 περὶ
3536 3055 3597 3113 οὗ
3617 3077 3713 3115 σοι

2130 3160 2339 3229 φθάσας
2370 3156 2545 3221 εἷπον,
2574 3160 2644 3213 δι’
2674 3152 2737 3214 οὗ
2765 3157 3210 3230 προπορεύσομαί
3231 3172 3348 3221 σου,
3377 3156 3471 3209 καὶ
3503 3153 3715 3209 θεάσα-

2129 3255 2190 3307 σθ
2199 3254 2253 3308 αἱ
2281 3272 2349 3325 με
2373 3254 2595 3326 δυνήσῃ.

526 3439 772 3496 Gratiam
795 3443 954 3497 habes
978 3444 1119 3511 apud
1141 3460 1240 3510 me,
1262 3452 1369 3498 etc.
1388 3444 1772 3517 [XXXIILII]
1794 3444 2253 3517 Quiinculpatam
2282 3447 2401 3501 vita:
2416 3457 2668 3515 sectatur
2696 3447 2991 3512 rationem,
3033 3448 3082 3502 is
3116 3458 3308 3517 gratus
3339 3456 3715 3517 acceptusque

454 3539 539 3583 est
570 3529 705 3583 Deo.
749 3530 1103 3601 Quapropter
1136 3533 1279 3586 Deus
1316 3531 1516 3584 affatur
1560 3532 1980 3587 Abrahamum:
2036 3552 2053 3584 ι
2119 3533 2194 3585 Da
2251 3551 2476 3605 operam
2532 3537 2669 3590 mihi
2724 3538 2967 3606 placeas,
3004 3545 3059 3591 et
3104 3536 3185 3591 sis
3232 3534 3714 3606 irreprehensibi-

444 3608 526 3670 τις
553 3618 620 3671 ⁷⁸.
661 3637 679 3669 ι
717 3618 799 3672 Ad
834 3620 981 3672 hunc
1022 3619 1243 3672 modum
1275 3619 1511 3689 gratiam
1545 3619 1599 3672 in
1633 3620 1812 3675 oculis
1850 3619 2061 3675 Domini
2100 3621 2311 3677 invenit
2360 3624 2644 3681 Noachus.
2700 3625 2945 3695 Angelus
2990 3638 3217 3694 quoque
3245 3632 3495 3679 sanctam
3525 3621 3716 3692 Virgi-

456 3721 580 3758 nem
614 3705 695 3760 sic
724 3706 1033 3775 alloquitur
1063 3722 1077 3758 :
1116 3723 1133 3757 I
1175 3706 1442 3761 Invenisti
1472 3707 1708 3777 gratiam
1743 3707 1890 3777 apud
1924 3707 2092 3762 Deum
2126 3711 2219 3764 "‘.
2265 3730 2283 3762 ι

529 3820 585 3875 Si
620 3821 866 3889 quietiam
902 3819 958 3873 in
989 3819 1151 3873 nobis
1193 3819 1355 3872 fuerit
1406 3820 1760 3894 gratiame
1816 3819 2023 3873 allube-

454 3914 562 3968 scit
608 3911 858 3973 Domino.
895 3926 1017 3964 eam
1051 3911 1316 3965 Dominus
1343 3924 1441 3963 sua
1472 3920 1787 3979 compensat
1832 3911 2027 3979 gratia,

456 4022 622 4073 quam
665 4004 906 4075 impertit
953 4004 1173 4058 virtutis
1223 4019 1391 4073 opera
1439 4003 1808 4073 patrantibns.
1849 4002 2032 4070 Quare

455 4094 696 4150 Joannes
749 4094 934 4164 inquit
968 4110 980 4145 :
1027 4112 1045 4143 ι
1080 4094 1145 4147 Et
1171 4093 1402 4163 gratiam
1435 4107 1537 4163 pro
1569 4093 1741 4163 gratia
1779 4093 1844 4147 ⁷³.
1882 4112 1900 4144 ι

2219 3822 2312 3874 Ἐκ
2332 3822 2426 3875 τοῦ
2458 3824 2541 3891 ἐφ’
2573 3826 2704 3894 ἡμῖν
2726 3827 2758 3885 ἠ
2779 3823 3004 3893 τοιαύτη
3028 3824 3218 3894 χάρις’
3255 3823 3373 3879 ἀνθ’
3397 3819 3466 3895 ἧς
3493 3825 3527 3896 η
3558 3823 3717 3892 παρὰ

2134 3913 2628 3979 Θεοῦοδίδοταιτοίς
2657 3916 3050 3986 κατορθώσασι.
3083 3916 3175 3970 Διό
3206 3933 3392 3987 φησιν,
3431 3914 3714 3985 Ἰωάννης,

2143 4024 2161 4057 ι
2202 4007 2312 4060 Καὶ
2345 4006 2505 4079 χάριν
2536 4008 2658 4060 ἀντὶ
2689 4007 2935 4078 χάριτος.
2970 4024 2990 4059 ι

427 4262 437 4270 .
529 4225 672 4279 Alibi
715 4225 923 4279 dicitur
959 4242 974 4279 :
1017 4242 1036 4276 ι
1082 4224 1330 4279 Gratiam
1363 4229 1512 4280 enim
1543 4232 1596 4279 et
1620 4226 1851 4295 gloriam
1881 4225 2034 4280 dabit
2062 4223 2130 4288 ",
2192 4243 2211 4277 ι
2244 4224 2312 4279 de
2340 4241 2450 4294 qua
2500 4226 2791 4282 disserens
2821 4226 3050 4290 Paulus,
3085 4226 3306 4296 inquit:
3352 4245 3371 4278 ι
3409 4224 3711 4281 Abundan-

455 4316 570 4369 tius
604 4313 874 4379 laboravi,
918 4329 1029 4367 non
1065 4324 1249 4368 autem
1274 4329 1396 4383 ego,
1433 4311 1529 4367 sed
1577 4315 1773 4379 gratia,
1809 4326 1932 4381 quae
1970 4310 2075 4363 fuit
2121 4324 2337 4365 mecum
2369 4312 2434 4365 ⁷⁵.
2488 4330 2508 4363 ι
2568 4311 2634 4366 Ει
2662 4313 2865 4369 iterum
2908 4332 2922 4369 :
2955 4333 2973 4365 ι
3004 4311 3195 4368 Gratia
3229 4324 3412 4368 autem
3447 4313 3537 4366 Dei
3563 4327 3713 4376 sum,

461 4404 513 4456 ld
546 4403 690 4472 quod
738 4418 859 4456 sum
884 4402 952 4452 ⁷⁸.
993 4419 1012 4451 ι
1044 4401 1117 4454 De
1146 4401 1339 4455 eadem
1365 4402 1539 4468 gratia
1576 4400 1779 4470 legitur
1807 4400 1863 4452 in
1902 4396 2205 4467 Evangelio
2234 4416 2247 4450 :
2289 4416 2309 4449 ι
2338 4397 2526 4453 Gratia
2553 4411 2609 4455 et
2638 4403 2846 4456 veritas
2896 4417 2992 4471 per
3040 4399 3227 4455 Jesum
3254 4401 3539 4455 Christum
3569 4414 3716 4455 con-

464 4490 588 4559 tigit
613 4491 680 4542 ’⁷.
728 4507 744 4538 i
781 4486 1114 4556 Unigrnitus
1143 4490 1292 4540 enim
1320 4487 1599 4542 exsisteus
1631 4502 1661 4540 a
1705 4486 1869 4540 Patre
1904 4488 2103 4557 plenus
2149 4485 2331 4554 gratia
2385 4497 2440 4541 et
2491 4489 2751 4551 veritate,
2780 4489 2972 4543 eadem
3002 4488 3388 4543 subministrat
3418 4490 3535 4542 suis
3560 4501 3686 4542 com

460 4576 716 4644 plicibus.
766 4572 905 4628 Hinc
948 4574 1029 4637 lit,
1088 4583 1146 4627 ut
1206 4571 1414 4627 Paulus
1452 4587 1705 4643 ,semper
1759 4572 2083 4643 exoptanda
2134 4571 2334 4630 dicat:
2402 4591 2421 4625 ι
2457 4574 2654 4631 Gratia
2709 4578 2872 4633 vobis
2916 4588 2970 4632 et
3002 4592 3109 4648 pax
3143 4577 3236 4632 Dei
3278 4576 3463 4631 Patris
3494 4588 3549 4632 et
3578 4574 3712 4633 Jesu

459 4662 685 4717 Christi.
727 4679 745 4713 ι

534 4758 711 4813 Moses
762 4757 946 4826 itaque
998 4764 1330 4813 consecutus
1363 4764 1445 4811 est
1482 4755 1724 4810 divinam
1771 4757 2027 4827 gratiam,
2057 4765 2099 4823 ο

461 4869 583 4903 t'ttut
625 4851 777 4919 prius
809 4848 1115 4917 possideret
1158 4849 1327 4912 illam,
1373 4863 1493 4917 qua:
1522 4847 1812 4903 honestum
1858 4850 2028 4903 animi

463 4942 714 5010 Srquilllr
748 4942 1110 5011 propositum,
1141 4939 1208 4996 de
1234 4955 1341 5009 qua
1368 4941 1635 5010 scriptum
1670 4949 1753 4997 est
1789 4958 1803 4997 :
1843 4960 1861 4992 ι
1896 4941 2033 4996 Gra-

2206 4761 2384 4832 Ἔχων
2405 4757 2496 4816 οὖν
2526 4764 2554 4816 ὁ
2586 4764 2830 4833 Μωῦσῆς
2863 4764 2963 4834 τὴν
2992 4765 3054 4816 ἒκ
3080 4764 3182 4833 τῆς
3215 4763 3593 4834 προαιρέσεως
3622 4765 3719 4834 χά·

2140 4869 2225 4923 ριν
2247 4872 2261 4887 ο
2290 4855 2418 4924 περὶ
2447 4850 2515 4926 ἦς
2536 4855 2877 4926 γέγραπται,
2914 4875 2933 4906 ι
2968 4857 3145 4926 Χάρις
3181 4858 3275 4909 καὶ
3320 4857 3473 4924 φιλία
3501 4856 3719 4910 ἐλευθε-

2141 4947 2243 5017 ροῖ,
2273 4945 2340 5008 ἃς
2366 4947 2636 5018 ἐτήρησεν
2664 4948 2840 5018 ἑαυτῷ
2862 4988 2877 5009 .
2910 4948 2997 5001 ἵνα
3038 4946 3116 5019 μὴ
3158 4946 3520 5010 ἐπονείδιστος
3554 4948 3719 5017 γένη-

461 5036 534 5088 tia
576 5041 633 5085 et
662 5032 905 5086 amicitia
950 5033 1135 5087 liberm
1168 5032 1503 5087 conditionis
1552 5042 1873 5089 censentur.
1926 5031 2023 5088 Has

2136 5054 2249 5091 ται.
2287 5038 2517 5109 Ἔτυχεν
2551 5039 2843 5103 ἀκωλύτως
2872 5040 2969 5111 τῆς
3000 5038 3205 5093 ἄνωθεν
3229 5038 3469 5110 χάριτος.
3506 5057 3523 5089 ι

461 5141 726 5180 conserva
758 5124 879 5186 tibi,
928 5139 994 5178 ne
1025 5124 1293 5179 dedecore
1339 5125 1525 5197 aliquo
1557 5125 1699 5178 fama
1738 5133 1828 5178 tua
1850 5125 2033 5195 sugil-

462 5220 604 5274 lt'llll'
627 5221 692 5273 ⁷⁸.
728 5239 747 5272 ι
1158 5223 1197 5247 \

533 5336 577 5367 "
606 5331 747 5387 Psal.
816 5350 924 5393 xu,
961 5334 1012 5387 5.
1110 5333 1155 5363 ⁷ο
1193 5329 1645 5394 ib.t.xxxm,°2.5.
1720 5334 1761 5364 ⁷¹
1789 5332 1924 5387 ibid.
1952 5333 2006 5390 5.

462 5404 509 5436 τ⁸
540 5404 678 5458 l‘sal.
714 5420 938 5468 Lxxxm,
974 5403 1054 5456 l2.
1145 5403 1191 5431 ⁷⁸
1223 5402 1241 5453 ι
1269 5400 1397 5455 Cor.
1432 5419 1518 5467 xv,
1558 5404 1638 5457 10.
1713 5404 1758 5434 "
1791 5404 1922 5456 ibid.

2104 5333 2149 5363 τ’
2178 5329 2312 5386 Gen.
2344 5344 2452 5382 xvii
2479 5368 2493 5393 ,
2525 5330 2574 5382 l.

2035 5403 2076 5433 τ’
2098 5400 2261 5455 Joan.
2289 5417 2326 5465 ι,
2366 5400 2451 5455 17.
2530 5400 2573 5432 ⁷⁸
2622 5398 2786 5458 Prov.
2816 5414 2944 5467 xxv,
2991 5400 3080 5455 10.

2690 5332 2756 5362 ⁷⁸⁸
2788 5330 2921 5384 Luc.
2968 5348 2981 5386 ι
3030 5329 3118 5384 50.
3261 5328 3308 5359 ⁷³
3335 5324 3496 5384 Joan.
3552 5345 3592 5391 t,
3628 5326 3716 5385 ιϐ.

2014 5537 2242 5595 ΝΟΤἉΕ.

537 5655 755 5737 (93).Μά
794 5657 844 5705 τί
961 5650 1253 5737 τοῦτὸῥστι
1282 5650 1337 5702 τὶ
1367 5650 1455 5703 τοῦ
1486 5650 1735 5720 Διδύμην),
1781 5656 1903 5722 περὶ
1957 5646 2018 5703 οὗ
2054 5656 2081 5705 ὁ
2107 5656 2161 5706 ὲν
2195 5654 2269 5725 τῷ
2302 5654 2331 5705 7
2373 5655 2447 5708 ἒδ.
2486 5654 2714 5725 ’Λδηλός
2739 5672 2888 5725 φησι,
2918 5654 3008 5708 τὸν
3073 5653 3304 5723 Δίδυμον
3373 5651 3575 5724 σκηνὴν
3627 5652 3715 5706 λέ-

488 5741 591 5791 (ειν
617 5725 711 5794 τὴν
736 5727 1043 5793 προκοπή-η
