4010 6212
305 282 415 350 C73
1386 282 1922 347 COMMENTARII
1965 280 2046 342 IN
2085 278 2425 341 EXODUM.
3460 266 3564 334 G75

384 399 491 457 Καὶ
511 391 647 453 οἶδά
669 416 743 454 σε
770 399 929 468 παρὰ
956 384 1205 467 πάντάς.
1235 401 1407 472 Διχῶς
1432 403 1493 454 τὸ
1516 401 1716 455 εἰδέναι
1735 402 1888 454 Θεόν.
1922 406 1967 461 Α

2067 397 2136 451 Et
2170 407 2216 450 te
2248 396 2368 449 novi
2401 408 2566 462 supra
2617 405 2797 446 omnes
2828 428 2843 453 ,
2899 395 3007 444 etc.
3055 386 3316 442 Bifariam
3360 384 3565 440 dicitur

305 492 383 546 Ἥ
416 492 553 546 καθὸ
600 491 781 546 πάντα
839 488 947 544 οἶδε
986 495 1055 546 τὰ
1103 491 1257 557 ὄντα,
1294 493 1431 546 καθὸ
1479 493 1535 546 τὸ
1567 493 1768 562 μᾶλλον
1797 494 1888 547 καὶ

2000 489 2143 545 Deus
2178 486 2384 557 aliquid
2420 485 2645 539 novisse
2683 501 2697 537 :
2734 491 2829 535 aut
2871 494 2936 535 ea
2971 480 3161 533 notitia
3194 521 3209 545 ,
3267 493 3373 546 qua
3420 481 3562 529 entia

306 578 477 654 ἧττον
499 583 599 635 οὐκ
625 581 770 635 ἔστιν
796 598 808 611 ·
840 582 1108 655 aenean;
1133 585 1241 655 γάρ
1264 586 1382 638 ἐστι.
1406 586 1628 654 γνῶσις,
1648 588 1743 639 καὶ
1760 586 1889 639 πάν-

2000 578 2188 632 omnia
2239 576 2411 628 novit.
2463 572 2526 625 Et
2561 572 2675 624 hac
2708 569 2928 638 qualem
2961 567 3154 620 notitia
3187 564 3566 619 substantialis

312 692 413 739 τας
440 675 641 746 ὁμοίως
672 676 985 729 ἐπίσταται.

2000 677 2104 731 est,
2157 682 2257 721 nec
2310 666 2492 729 majus
2524 665 2820 729 minusque
2866 660 3078 745 recipit.
3108 657 3244 712 Cum
3283 658 3428 712 enim
3476 656 3567 709 illa

648 756 651 759 λ
2003 760 2198 812 notitia
2234 756 2563 811 substantia:
2593 754 2769 807 atlinis
2807 752 2900 814 sit,
2928 734 3147 817 accidit,
3174 758 3233 804 ut
3271 751 3570 804 secundum

2001 866 2119 906 eam
2151 865 2346 905 omnes
2370 863 2528 916 aequa
2565 847 2755 900 notitta
2780 851 3065 915 agnoscat.

393 953 525 1010 Ideo
548 953 687 1010 dicit
714 952 866 1010 Job:
905 974 925 1008 ι
955 952 1064 1022 Qtti
1101 954 1306 1010 noviSti
1362 961 1602 1010 mentem
1651 953 1965 1019 hominum,
2009 973 2184 1027 quare
2236 972 2323 1012 me
2369 955 2614 1025 posuisti
2660 954 3090 1007 intercessorem
3145 958 3299 1003 tuum
3346 949 3413 1002 ".
3449 967 3469 1000 ι
3512 947 3570 1003 In

322 1044 598 1100 electione
644 1044 893 1098 Mattltite
939 1052 1104 1098 orant
1151 1045 1390 1114 apostoli
1437 1062 1451 1097 :
1506 1061 1525 1095 ι
1564 1048 1609 1096 0
1654 1042 1906 1108 Domine,
1957 1044 2050 1111 qui
2110 1043 2316 1097 novisti
2368 1042 2536 1096 corda
2593 1039 2836 1092 omnium
2870 1038 2940 1099 3°,
2983 1056 3002 1087 ι
3047 1036 3306 1089 Christus
3335 1034 3573 1104 appellat

321 1128 545 1186 Iudaeos
601 1132 658 1185 in
699 1132 849 1208 hunc
898 1132 1125 1186 modum
1161 1148 1175 1185 :
1232 1150 1250 1184 ι
1293 1129 1405 1188 Vos
1453 1132 1611 1198 estis,
1662 1133 1756 1201 qui
1800 1131 2126 1200 iustiﬁcatis
2187 1144 2286 1184 vos
2320 1117 2512 1184 coram
2548 1126 2913 1181 hominibus:
2944 1120 3205 1179 caeterum
3237 1122 3385 1177 Deus
3423 1122 3574 1177 notit

325 1220 495 1274 corda
527 1230 715 1273 vestra
746 1215 814 1271 ⁸¹.
859 1236 879 1270 ι

402 1333 475 1386 Ἢ
509 1332 649 1387 καθὸ
678 1331 895 1385 ἑνοῦται
924 1333 1063 1402 πρὸς
1098 1332 1161 1385 τὸ
1206 1331 1476 1402 γινῶσκον
1517 1334 1614 1387 καὶ
1658 1332 1720 1387 τὸ
1748 1350 1911 1402 γινω-

2080 1330 2268 1384 Altera
2306 1328 2501 1382 notitia
2526 1369 2539 1394 ,
2572 1343 2679 1397 qua
2722 1325 2863 1381 Deus
2890 1326 3152 1395 praeditus
3190 1332 3312 1388 est,
3343 1324 3578 1378 habetur

330 1425 624 1493 σκόμινον,
657 1424 794 1477 καθὸ
821 1422 1064 1492 λέγεται,
1102 1441 1122 1475 ι
1160 1424 1345 1493 Ἔγνω
1371 1424 1576 1496 Κύριος
1604 1422 1732 1488 τοὺς
1753 1424 1913 1487 ὄντας

2010 1422 2098 1476 illa
2130 1461 2145 1484 ,
2181 1437 2288 1491 qua
2323 1421 2739 1487 coniunguntur
2767 1420 2911 1472 inter
2940 1434 2999 1472 se
3033 1417 3120 1483 id,
3173 1403 3318 1484 q‘uod
3383 1416 3575 1469 notitia

336 1514 528 1569 αὐτοῦ.
556 1534 577 1567 ι
2010 1516 2267 1584 percipit,
2293 1523 2344 1568 et
2374 1513 2423 1566 id
2448 1513 2593 1581 quod
2628 1511 2818 1565 notitia
2854 1509 3171 1577 percipitur.
3202 1506 3316 1560 Huc
3342 1508 3581 1577 applice-

1592 1640 1616 1657 κ
2013 1615 2103 1660 tur
2129 1648 2143 1671 ,
2178 1617 2238 1660 ut
2275 1621 2361 1659 res
2394 1604 2570 1673 magis
2617 1603 2907 1673 perspicua
2940 1601 3050 1666 sit,
3102 1600 3233 1653 illud
3282 1598 3581 1668 Scriptum

2014 1698 2391 1754 testimonium
2433 1716 2446 1751 :
2488 1715 2507 1748 ι
2535 1694 2695 1749 Novit
2730 1693 3018 1758 Dominus,
3049 1694 3140 1762 qui
3171 1692 3280 1747 sint
3311 1690 3486 1746 sui".
3522 1708 3539 1738 ι

413 1851 520 1919 Qui
549 1852 713 1922 igitur
746 1851 935 1922 ipsum
990 1852 1271 1917 noverint,
1327 1851 1394 1907 ad
1442 1865 1565 1906 eum
1608 1850 1834 1906 modum
1880 1851 1948 1905 ab
1982 1852 2099 1921 ipso
2151 1857 2557 1920 agnoscuntur.
2591 1847 2774 1917 lnquit
2807 1846 2953 1901 enim
2984 1863 2998 1899 :
3036 1842 3196 1914 313
3229 1862 3247 1895 ι
3293 1841 3453 1897 Nunc
3483 1858 3584 1896 au-

340 1950 452 1996 tem
499 1953 900 2012 cognoscentes
946 1942 1138 2002 Deum,
1195 1941 1281 1995 vel
1319 1942 1504 2007 potius
1551 1942 1757 2009 cogniti
1799 1957 1827 1993 a
1870 1939 1982 1994 Deo
2005 1938 2073 1991 ⁸³.
2133 1956 2150 1988 ι
2187 1936 2400 1990 Similis
2435 1935 2576 1988 ratio
2606 1938 2695 1988 est
2714 1932 3011 1991 contrarii,
3048 1932 3094 1984 si
3128 1949 3153 1980 ιι
3184 1930 3467 1983 contrario
3497 1943 3588 1981 ar-

340 2029 658 2098 gumentari
698 2030 857 2085 velis.
894 2027 1033 2083 Nam
1086 2030 1162 2082 ita
1215 2029 1443 2099 legitur,
1491 2046 1510 2079 ι
1551 2028 1652 2092 Qui
1709 2029 1949 2098 ignorat,
2001 2024 2348 2093 ignorabitur
2395 2021 2462 2074 ⁸³.
2503 2040 2521 2071 ι
2563 2020 2706 2073 Deus
2747 2034 2870 2073 cum
2907 2024 3208 2089 cognoscat
3249 2030 3383 2070 suos
3412 2016 3583 2072 varie.

290 2182 295 2183 γ
339 2129 441 2185 pro
477 2115 856 2186 dispositione
892 2124 947 2171 et
982 2117 1171 2171 habitu
1204 2117 1426 2171 illorum
1462 2132 1491 2171 a
1535 2117 1736 2186 quibus
1785 2117 1905 2185 ipse
1956 2114 2337 2182 Cagttosritur,
2395 2108 2595 2163 accidit
2634 2115 2691 2159 ιιι
2733 2106 2884 2158 vario
2913 2120 3134 2173 quoque
3173 2104 3337 2157 modo
3372 2117 3429 2155 se
3465 2102 3579 2153 i‘lis

340 2202 559 2272 jungat,
616 2208 922 2258 secundum
983 2206 1401 2274 proportionem
1459 2205 1813 2273 cognitionis,
1864 2218 1974 2272 qua
2050 2197 2468 2268 coniunguntur
2527 2197 2655 2249 Deo.
2712 2194 2849 2245 Nam
2893 2201 2953 2244 ιιι
3011 2193 3115 2243 alia
3150 2190 3293 2243 dona
3345 2189 3588 2257 Spiritus

344 2292 524 2344 sancti
561 2292 766 2343 dantur
791 2294 1095 2345 secundum
1130 2293 1443 2361 analogiam
1503 2292 1653 2352 lidei.
1691 2293 1772 2346 sic
1799 2293 1966 2345 etiam
2001 2288 2195 2340 notitia
2231 2287 2320 2338 illa
2359 2283 2574 2338 divina.
2623 2281 2762 2334 Cum
2798 2280 2967 2349 igitur
2999 2293 3109 2347 pra:
3142 2278 3358 2330 caeteris
3391 2284 3594 2328 mona-

343 2375 488 2431 libus
526 2376 911 2432 abundantius
963 2381 1287 2447 Cognoverit
1320 2378 1515 2442 Deum,
1572 2380 1750 2432 evenit
1786 2386 1842 2427 ut
1890 2373 2265 2449 abundantius
2325 2386 2436 2439 prae
2488 2368 2707 2421 caeteris
2762 2381 2981 2435 quoque
3008 2380 3036 2416 a
3067 2363 3179 2415 Deo
3207 2363 3280 2417 sit
3310 2362 3586 2431 cOgnitns.

346 2462 578 2518 Exstant
626 2473 681 2520 et
721 2465 836 2528 alii,
889 2465 1095 2534 quibus
1143 2464 1433 2534 Scriptura
1483 2480 1644 2519 sacra
1691 2447 1939 2535 assignat
1996 2458 2421 2531 perfecﬁonem.
2484 2456 2754 2507 (Ia-terum
2783 2453 2826 2506 si
2869 2452 3117 2505 intueare
3170 2447 3587 2519 perfectionem,

345 2554 499 2605 nulla
536 2551 747 2606 visitur
780 2552 1120 2607 diﬁc-rentia.
1155 2552 1242 2617 Hi,
1275 2554 1368 2622 qui
1399 2553 1668 2621 paulatim
1700 2553 1755 2608 in
1803 2534 1928 2625 relig

1803 2534 2067 2625 religione
2117 2558 2453 2615 progressus
2489 2541 2727 2602 faciunt,
2758 2540 2903 2591 inter
2935 2553 3058 2593 sese
3089 2534 3373 2591 dilferuiit.

414 2661 648 2731 Μήποτε
698 2655 792 2715 οὖν
848 2659 989 2731 ὑπὲρ
1025 2662 1255 2725 πάντας,
1310 2664 1433 2727 τοὺς
1471 2663 1611 2716 κατὰ
1640 2664 1730 2716 τὸν
1756 2664 1919 2717 αὑτὸν
1955 2647 1995 2700 Β

2092 2654 2373 2709 Fortassis
2427 2650 2682 2720 intelligit
2734 2647 2925 2702 Mosen
2989 2646 3162 2716 magis
3214 2661 3242 2697 a
3321 2647 3429 2700 Deo
3473 2660 3597 2700 esse

349 2752 540 2822 χρόνον
566 2753 766 2824 φησίνς
800 2752 1024 2822 ἄμεινον
1064 2753 1119 2806 δὲ
1169 2754 1398 2807 καθόλου
1450 2755 1542 2807 τὸν
1587 2756 1742 2824 λόγον
1779 2759 1919 2811 νει-ἵν

2027 2751 2311 2821 cognitum
2339 2762 2503 2817 quam
2549 2745 2821 2802 neminem
2855 2744 3194 2805 mortalium,
3226 2743 3319 2811 qui
3362 2742 3462 2805 illo
3492 2755 3595 2795 sat-

351 2845 443 2896 ὲπὶ
476 2844 680 2908 παντὸς
713 2844 807 2898 τοῦ
843 2845 985 2898 κατὰ
1032 2848 1132 2916 τὴν
1183 2846 1352 2915 αὐτὴν
1385 2846 1596 2915 ἔχοντος
1656 2849 1922 2920 ἀγιὸτητα

2028 2843 2155 2896 culo
2189 2842 2469 2893 vixet-unt.
2501 2836 2682 2901 Certe,
2719 2844 2777 2888 ιιι
2799 2848 2900 2903 ego
2931 2834 3143 2902 opinor,
3176 2832 3373 2886 melius
3407 2829 3595 2894 fuerit,

354 2936 598 3001 Μωῦσεί,
617 2936 692 2999 ὡς
717 2938 810 2989 καὶ
839 2935 1002 2990 αὐτὸν
1029 2933 1171 2989 εἶναι
1210 2935 1521 3008 θεράποντα
1554 2936 1713 2991 Θεοῦ.

2032 2940 2091 2985 ιιι
2130 2930 2522 2983 ttniversalitcr
2579 2927 2671 2981 ille
2727 2928 2880 2978 locus
2947 2925 3252 2991 accipiatur
3296 2923 3364 2977 de
3425 2922 3597 2985 Ouini,

1984 3070 2001 3075 ι
2033 3024 2127 3093 qui
2166 3021 2384 3085 eadem,
2417 3035 2523 3089 qua
2571 3018 2776 3081 Moses,
2832 3016 3033 3086 polleat
3088 3016 3403 3079 sanctitate,
3461 3012 3601 3067 adeo

2037 3123 2099 3168 ut
2131 3124 2186 3168 et
2219 3113 2338 3183 ipse
2380 3113 2452 3167 sit
2490 3109 2581 3165 Dei
2617 3109 2889 3163 minister.

432 3244 616 3311 Quare
642 3246 811 3317 igitur
836 3245 981 3302 Deus
1013 3263 1109 3317 per
1147 3248 1486 3304 Ezechielem
1511 3247 1558 3282 ⁸⁸
1594 3252 1833 3308 minatus
1878 3267 1977 3307 sua
2029 3252 2298 3308 horrenda
2326 3250 2533 3321 judicia
2564 3258 2823 3319 quatuor,
2852 3246 3123 3316 gladium:
3154 3245 3375 3300 bestias
3410 3247 3604 3309 malas,

372 3343 580 3402 pestem
612 3334 921 3401 et‘famein,
952 3336 1133 3405 inquit
1160 3352 1223 3392 ea
1248 3346 1476 3392 ventura
1510 3355 1682 3407 super
1712 3342 2035 3396 universum
2078 3341 2269 3405 Israel,
2314 3354 2438 3392 cum
2469 3339 2557 3392 illa
2596 3353 2704 3390 non
2748 3335 3029 3402 attigerint
3070 3331 3374 3395 Noaclium,
3406 3330 3606 3386 Jobum

362 3433 419 3474 et
447 3420 748 3484 Danielem,
803 3438 984 3491 neque
1034 3423 1234 3477 horum
1271 3424 1414 3481 ftlios
1445 3436 1501 3479 et
1548 3427 1738 3482 filias?
1782 3427 1917 3482 Nam
1966 3443 2075 3499 qua
2121 3430 2335 3481 ratione
2365 3427 2456 3479 illa
2486 3425 2693 3493 judicia
2728 3423 2867 3476 mala
2914 3421 2965 3476 in
3001 3421 3149 3490 ipsos
3181 3420 3605 3480 redundassent,

367 3522 494 3561 cum
528 3509 766 3577 plurimo
821 3511 1089 3577 temporis
1122 3511 1432 3579 intervallo,
1474 3511 1766 3583 antequam
1818 3517 1910 3569 illa
1966 3515 2307 3583 ingruerent,
2359 3514 2426 3567 de
2461 3512 2762 3566 viventium
2796 3524 3028 3563 numero
3080 3509 3350 3562 subtracti
3405 3508 3610 3562 fuerint

365 3592 540 3650 Jobus
572 3604 627 3650 et
666 3595 966 3652 Noachus?
1019 3598 1075 3651 Si
1110 3596 1395 3652 veritatem
1432 3604 1677 3656 continet
1725 3602 1816 3657 ille
1865 3620 2073 3667 sermo,
2123 3619 2190 3656 an
2245 3618 2353 3657 non
2396 3601 2662 3672 possibile
2721 3598 2847 3662 fuit,
2885 3606 2941 3649 ut
2971 3597 3059 3651 isti
3098 3596 3198 3650 viri
3230 3592 3611 3653 invenirentur

370 3688 622 3752 tempore
645 3681 981 3753 iudiciorum
1033 3685 1253 3743 illortun
1310 3684 1592 3741 reformati
1646 3691 1700 3742 in
1757 3705 1857 3744 sua
1908 3694 2187 3762 corpora?
2237 3693 2433 3746 Absit!
2468 3694 2549 3745 sic
2586 3687 2976 3758 intelligendus
3016 3699 3102 3741 est
3151 3687 3240 3740 ille
3270 3686 3428 3739 locus
3456 3705 3470 3740 :
3503 3686 3609 3750 Qui

372 3767 541 3867 fuerit
569 3771 715 3867 pius,
748 3780 805 3824 et
840 3770 894 3822 in
922 3770 1167 3867 intimam
1201 3770 1293 3824 Dei
1356 3771 1791 3829 familiaritatem
1831 3791 2110 3849 receptus,
2157 3797 2263 3834 non
2313 3790 2587 3850 quatenus
2623 3779 2785 3832 homo
2835 3775 3013 3829 solum
3049 3782 3152 3836 est,
3198 3773 3291 3829 sed
3336 3784 3611 3842 quatenus

372 3855 594 3908 illorum
625 3857 883 3925 pietatem
932 3864 988 3909 et
1023 3858 1286 3911 virtutem
1316 3860 1626 3925 aemulatur,
1654 3863 1911 3934 .Danielis
1939 3871 2025 3922 vel
2071 3869 2278 3922 Noachi
2314 3877 2403 3921 aut
2437 3866 2557 3920 .lobi
2611 3880 2918 3935 cognomen
2967 3862 3114 3917 ferre
3143 3860 3455 3915 credendus
3504 3871 3608 3914 est.

374 3939 621 4011 Exempli
657 3943 833 4012 gratia
865 3961 878 3997 :
912 3944 973 3997 Si
1006 3944 1132 4012 quis
1156 3944 1319 3999 fuerit
1360 3946 1640 4015 perfectus
1674 3951 1820 4005 inter
1847 3968 1964 4007 sua:
2004 3955 2182 4009 aetatis
2219 3956 2471 4008 homines
2498 3967 2684 4006 coram
2736 3951 2867 4013 Deo,
2918 3950 2966 4004 is
2994 3957 3280 4017 reputatur
3309 3962 3431 4002 esse
3464 3945 3613 4001 Noa-

375 4029 539 4126 ebus.
572 4028 674 4095 Qui
701 4030 765 4126 in
795 4031 898 4126 hoc
927 4034 1135 4086 saeculo
1174 4046 1264 4087 res
1301 4034 1566 4126 adversas
1604 4037 1876 4105 patienter
1926 4041 2051 4104 fert,
2103 4053 2322 4111 propter
2372 4039 2748 4094 fortitudinem
2790 4011 3159 4090 'esistinta-tur
3188 4011 3381 4087 Jubtts.
3413 4032 3516 4098 Qui
3560 4035 3611 4084 in

378 4114 561 4168 divina
597 4118 869 4186 sapientia
923 4126 1136 4172 tantum
1191 4118 1510 4189 profecetit,
1542 4134 1604 4174 ut
1661 4125 1826 4192 possit
1879 4141 2043 4180 vanas
2100 4129 2429 4199 redarguere
2481 4135 2535 4181 et
2582 4124 2917 4178 confundere
2972 4121 3417 4190 superstitiones,
3461 4121 3614 4175 ctatl

378 4203 576 4257 altiora
601 4206 926 4270 ascendere,
960 4208 1114 4260 illum
1153 4216 1210 4262 tu
1248 4207 1502 4277 judicato
1533 4227 1654 4266 esse
1687 4210 1987 4269 Danielem.
2023 4213 2079 4269 Si
2109 4216 2235 4285 quis
2260 4214 2577 4278 virtutibus,
2620 4212 2820 4281 quibus
2848 4207 3027 4263 Moses
3058 4208 3326 4276 praeditus
3361 4207 3485 4271 fuit,
3520 4223 3614 4260 co-

375 4291 713 4356 rusraverit,
748 4295 864 4363 qui,
907 4294 1152 4362 inquam,
1188 4294 1369 4352 Moses
1407 4300 1581 4367 magis
1608 4298 1769 4367 elegit
1797 4299 1964 4370 afﬂigi
1996 4317 2120 4355 cum
2153 4304 2354 4372 populo
2390 4300 2482 4355 Dei
2508 4300 2578 4361 ⁸⁸,
2608 4308 2745 4361 etc.,
2769 4298 2861 4350 ille
2895 4295 2995 4348 tibi
3029 4294 3101 4349 sit
3145 4295 3351 4358 Moses,
3381 4293 3617 4362 huicque

380 4387 656 4475 competet
691 4381 826 4433 illttd
876 4381 1122 4435 divinum
1154 4384 1442 4438 oraculum
1477 4401 1491 4437 :
1545 4404 1564 4435 ι
1594 4383 1730 4439 Novi
1769 4398 1821 4440 te
1858 4401 2023 4456 sopt-a
2056 4404 2271 4442 omnes.
2313 4407 2331 4438 ι
2370 4387 2482 4441 lioc
2515 4386 2668 4447 mihi,
2698 4384 2876 4452 inquit
2924 4382 3123 4444 Moses,
3152 4382 3523 4435 certissimum
3564 4389 3618 4433 et

383 4464 677 4519 ioiallibile
704 4468 922 4534 signum
953 4470 1080 4533 erit,
1110 4476 1162 4524 te
1191 4481 1393 4525 nostrae
1425 4470 1541 4526 fore
1568 4473 1933 4541 profectionis
1965 4476 2185 4537 ducent,
2225 4477 2269 4533 si
2310 4487 2456 4530 tuam
2492 4476 2685 4530 faciem
2716 4474 2928 4543 videro.
2966 4473 3017 4526 id
3055 4480 3139 4527 est
3166 4512 3180 4536 ,
3215 4473 3260 4527 si
3314 4473 3617 4533 intellectu,

389 4566 497 4605 non
536 4568 798 4607 sensuum
832 4557 1060 4620 auxilio,
1111 4568 1163 4612 te
1193 4573 1485 4628 aspexero.
1531 4558 1601 4614 Ut
1637 4563 1780 4615 enim
1814 4564 2012 4617 oculus
2057 4563 2162 4615 nisi
2193 4573 2419 4617 externa
2451 4562 2544 4615 illa
2587 4563 2707 4615 luce
2739 4561 3073 4621 illustratus,
3103 4575 3210 4612 non
3248 4560 3427 4613 cernit
3473 4561 3619 4613 entia

391 4638 549 4692 nobis
588 4639 659 4692 ob
696 4641 888 4695 oculos
941 4644 1117 4711 posita
1153 4661 1167 4697 :
1211 4645 1291 4697 sic
1330 4661 1482 4699 mens
1518 4648 1561 4700 si
1608 4647 1770 4700 fuerit
1804 4648 1994 4703 divina
2035 4650 2266 4703 scicntia
2306 4648 2629 4712 illnminata,
2690 4646 2856 4701 Deum
2885 4656 2939 4701 et
2967 4647 3095 4709 alia,
3128 4661 3250 4713 quae
3277 4656 3508 4700 venatur
3541 4647 3621 4698 in-

390 4726 666 4790 tellectus,
702 4726 955 4795 abripere
977 4731 1119 4798 quit.
1158 4729 1291 4797 Ejus
1325 4733 1402 4785 rei
1444 4734 1619 4802 gratia
1667 4736 1912 4788 dicitur:
1954 4755 1972 4787 ι
1996 4735 2123 4791 Puri
2178 4737 2345 4790 corde
2381 4739 2547 4792 Deum
2578 4735 2841 4789 videbunt
2869 4736 2936 4787 ⁸⁷.
2970 4754 2988 4785 ι
3024 4734 3097 4788 Ut
3132 4737 3222 4787 lux
3255 4743 3482 4791 externa
3515 4750 3622 4788 non

382 4813 453 4867 ab
482 4814 591 4867 alio
620 4816 957 4878 ostenditur,
992 4818 1085 4869 sed
1119 4818 1466 4883 semetipsum
1519 4832 1875 4893 repraesentat
1905 4831 1957 4876 ct
2008 4826 2155 4879 entia
2198 4825 2490 4877 naturalia.
2547 4823 2641 4878 Sic
2696 4822 2898 4875 dicitur
2934 4839 2946 4874 :
2989 4840 3007 4872 ι
3034 4820 3176 4876 Deus
3230 4822 3383 4875 visus
3415 4830 3501 4876 est
3528 4836 3627 4891 pa-

385 4902 667 4959 triarchis,
698 4920 717 4952 »
754 4916 857 4956 nec
882 4902 1151 4956 scribitur
1184 4920 1198 4954 :
1238 4921 1256 4953 ι
1286 4901 1617 4960 Patriarcha:
1638 4909 1899 4962 viderunt
1940 4908 2132 4963 Deum.
2174 4929 2191 4960 ι
2233 4909 2289 4962 lo
2316 4906 2613 4981 Evangelio
2643 4910 2721 4962 ait
2764 4908 2831 4961 de.
2864 4916 3121 4962 servante
3151 4918 3423 4976 praerepta
3454 4918 3507 4962 et
3538 4908 3625 4961 di-

383 4989 587 5058 ligente
615 4989 899 5044 Christum
928 5005 941 5041 :
975 5007 992 5038 ι
1019 4988 1082 5042 Ει
1111 5005 1211 5060 ego
1245 4991 1469 5062 diligant
1502 5009 1650 5058 eum,
1686 5005 1739 5050 et
1765 4997 2130 5051 niauifcstabo
2157 5012 2241 5051 mc
2265 4997 2368 5065 ipsi
2391 4996 2459 5053 ⁸⁸.
2492 5015 2510 5047 ι
2546 4995 2603 5049 ln
2654 4994 2960 5064 proverbiis
2994 4992 3308 5063 Solomonis
3338 4996 3574 5050 habetur
3611 5011 3625 5047 :

390 5095 411 5128 ι
445 5080 586 5132 Deus
627 5076 1012 5133 manifestatur
1058 5078 1167 5143 his,
1195 5081 1285 5148 qui
1316 5081 1417 5149 ipsi
1456 5070 1687 5136 credunt
1718 5084 1785 5138 ⁸⁸.
1824 5102 1844 5134 ι

456 5190 581 5260 Ipse
612 5193 910 5260 precariam
945 5201 1016 5258 le,
1049 5199 1098 5244 et
1129 5193 1183 5244 in
1215 5194 1438 5263 quietem
1472 5194 1762 5259 adducant,
1801 5204 1912 5250 etc.
1962 5193 2104 5267 [14.]
2161 5193 2285 5250 Haec
2324 5194 2490 5248 verba
2549 5192 2882 5263 porrigenda
2916 5201 3046 5247 sunt
3084 5191 3150 5246 ad
3179 5192 3254 5251 id.
3285 5193 3431 5261 quod
3463 5206 3630 5259 supra

384 5278 611 5334 locutus
644 5287 765 5333 erat
793 5277 1007 5338 Moses:
1040 5276 1163 5332 Non
1196 5279 1519 5347 significasti
1583 5282 1715 5334 tnihi
1765 5295 1835 5335 an
1886 5282 1965 5335 sis
2018 5291 2220 5352 praesto
2262 5282 2507 5337 futurus.
2564 5280 2921 5348 Tranquillos
2963 5288 3144 5333 autem
3183 5295 3284 5334 nos
3321 5280 3521 5341 reddit,
3577 5289 3633 5331 ut

385 5366 575 5436 quiete
600 5366 752 5430 beat,
784 5366 1124 5437 imponendo
1159 5364 1319 5419 ﬁnem
1353 5369 1707 5435 profectioni.
1741 5367 1852 5422 lloc
1908 5370 1987 5433 lit,
2021 5371 2111 5424 ubi
2151 5380 2371 5424 nostros
2413 5370 2629 5422 animos
2661 5368 2903 5437 perfecta
2937 5369 3142 5422 virtute
3178 5376 3233 5422 et
3256 5376 3408 5421 certa
3440 5369 3599 5434 Cogni

389 5451 542 5507 .ione
569 5454 922 5509 instruxerit.
956 5454 1231 5510 Caeterum
1266 5453 1444 5510 virtus
1470 5464 1524 5509 et
1551 5472 1679 5509 vera
1705 5457 1793 5510 illa
1826 5457 2072 5529 cognitio
2104 5456 2355 5514 Numinis
2387 5458 2648 5512 dicuntur
2680 5456 2822 5521 loca,
2856 5456 2926 5511 ad
2967 5471 3089 5538 quae
3111 5448 3392 5511 contendit
3437 5453 3492 5504 in
3520 5452 3635 5519 pie-

460 5632 510 5662 ¹⁹
534 5630 634 5684 Job
668 5648 743 5691 xi.
777 5632 864 5687 Η.
975 5637 1034 5669 ’θ
1064 5638 1185 5690 Act.
1227 5636 1392 5698 nil.
1521 5639 1562 5670 "
1598 5638 1740 5693 an.
1766 5642 1891 5700 ’xvt.
1929 5637 2020 5693 15.

2131 5640 2177 5669 θ’
2222 5637 2262 5693 ιι
2295 5638 2440 5692 Tim.
2506 5655 2564 5699 tt,
2625 5638 2709 5691 l9.
2817 5635 3070 5690 "Colat.
3130 5649 3201 5691 tv.
3237 5634 3289 5685 9.
3342 5698 3356 5700 Α
3399 5632 3442 5661 ⁶⁴¹
3479 5630 3493 5681 l
3527 5629 3651 5687 Cir.

390 5718 510 5767 stv,
539 5700 632 5757 58.
707 5703 752 5738 ⁸⁸
778 5703 959 5771 Ειεειι
975 5722 1087 5775 xw,
1112 5708 1176 5763 l5
1209 5723 1364 5779 sum,
1442 5709 1485 5739 “
1514 5708 1676 5765 Hebr.
1715 5727 1766 5764 si
1789 5750 1805 5775 ,
1832 5698 1925 5765 25.

2077 5708 2271 5763 Matth.
2308 5725 2359 5774 ν,
2382 5709 2435 5765 8.
2549 5698 2591 5741 ”
2618 5707 2777 5761 Joau.
2803 5722 2912 5771 xtr,
2943 5706 3033 5759 2|.
3110 5705 3154 5736 θ’
3187 5704 3296 5756 loto
3335 5698 3371 5753 S
3411 5716 3464 5769 p.
3502 5713 3539 5764 ι,
3589 5702 3635 5760 ὶ,
