4010 6212
441 185 549 247 675
1597 231 1605 238 .
1789 175 2076 238 PROCOP

2180 171 2411 235 GAZzEI
3607 168 3720 229 6⁵ῖῦ

444 313 555 358 tate
605 308 657 355 et
693 298 902 353 virtute
939 295 1258 368 proficiens.
1296 294 1396 351 Hie
1439 296 1623 351 omnis
1676 302 1904 350 sanctus
1951 289 2309 361 requiescere
2361 286 2604 357 iubetur,
2640 281 3120 356 “quemadmodum
3167 281 3375 337 docent
3424 285 3719 353 sequentia

431 370 610 446 verba
646 407 660 442 :
697 406 715 439 σ
751 386 914 453 ραις
952 386 1215 442 ascendet
1255 386 1308 439 in
1353 394 1594 440 montem
1634 383 1896 438 Domini?
1927 389 1980 434 et
2010 381 2136 448 quis
2162 379 2338 432 stabit
2371 378 2424 430 in
2465 377 2590 429 loco
2623 383 2814 428 sancto
2861 371 2984 440 ejus
3007 370 3099 424 ὀἳ
3137 390 3155 422 ι
3197 399 3263 412 ---
3299 391 3317 422 ‹
3352 372 3490 438 Quis
3515 386 3720 428 ascen-

447 477 560 538 det.
599 493 618 526 ι
654 483 802 539 eun;
843 475 956 528 haec
981 473 1152 526 verba
1179 481 1309 526 sunt
1335 472 1702 542 prulicientis.
1741 487 1760 520 ι
1788 468 1925 535 Quis
1959 467 2150 529 stabit,
2180 485 2197 516 ι
2229 473 2375 530 etc.;
2423 465 2538 516 lucc
2565 463 2728 516 verba
2766 471 2895 514 sunt
2927 459 3156 529 perfecti
3209 468 3262 512 et
3291 458 3402 528 jam
3445 461 3718 528 proﬁcere

447 563 754 624 cessantis,
804 570 990 631 utpote
1022 563 1115 630 qui
1175 560 1457 630 fastigium
1492 575 1637 614 verm
1695 557 1978 624 religiOnis
2033 563 2322 608 assecutus
2363 550 2548 616 fuerit,
2580 557 2636 602 et
2662 547 2816 616 qua‘si
2850 547 2904 600 in
2943 560 3210 599 cacumen
3240 547 3480 599 evaserit
3515 547 3724 600 montis

448 665 590 704 verre
623 646 789 718 314.
825 649 1066 717 pietatis.
1094 645 1208 699 Hoc
1241 661 1507 700 cacumen
1542 645 1748 698 montis
1787 641 2125 697 credendum
2159 645 2248 694 est
2293 653 2416 692 esse
2467 637 2645 688 locum
2679 635 2771 702 qni
2806 634 2895 686 hic
2927 641 3292 696 memoratur,
3339 632 3455 686 Dei.
3485 635 3544 687 In
3572 635 3726 688 hunc

453 737 631 790 locum
663 737 754 805 qui
790 733 1101 796 emcrscrit,
1132 733 1586 788 auditdicentem
1623 733 1726 787 sibi
1761 748 1774 784 :
1809 749 1826 781 ι
1858 730 1938 783 'I'u
1973 729 2064 782 hic
2098 739 2183 782 sta
2217 741 2454 779 mecum.
2496 742 2515 776 ι
2553 725 2628 777 De
2657 723 2764 787 his,
2817 722 2912 790 qui
2971 722 3323 776 incredibilia
3377 723 3726 778 imrementa

455 831 820 890 sumpserunt
861 819 1252 886 cat'EvangeIii
1284 820 1540 873 doctrina
1571 827 1622 872 et
1670 817 2066 888 perfectionem
2117 815 2263 867 nacti
2309 819 2463 876 sunt,
2514 811 2758 880 loquitur
2804 810 3098 863 Salvator:
3151 827 3169 860 ι
3197 810 3338 863 Sunt
3369 810 3591 878 quidam
3626 811 3727 880 qui

452 909 547 963 hic
574 916 871 969 steterunt,
903 907 998 976 qui
1037 922 1147 960 non
1180 907 1482 976 gustabunt
1514 915 1747 959 mortem
1777 905 1852 956 ³³.
1892 921 1912 952 ι
2270 964 2280 970 ﬁ
3399 909 3409 918 ‘

529 994 590 1050 Si
611 1011 712 1048 non
744 996 853 1062 ipse
880 994 1154 1046 nobiscum
1189 993 1314 1056 ibis,
1338 1010 1400 1047 ne
1424 1009 1502 1047 me
1526 992 1742 1045 duxeris
1764 1007 1830 1044 ea:
1848 991 1941 1042 hoc
1972 992 2110 1052 loco,
2142 994 2251 1041 etc.
2274 985 2538 1058 [XXXIIL
2571 982 2678 1056 15.]
2705 983 2840 1037 Cum
2870 983 3128 1052 perfectis
3154 991 3238 1052 est
3273 980 3416 1038 Deus
3434 1000 3448 1036 :
3469 981 3733 1052 imperfe-

458 1089 579 1136 ctos
601 1089 656 1134 et
679 1081 744 1132 ad
765 1079 1156 1148 perfectionem
1191 1077 1513 1132 festinantes
1541 1062 1877 1130 comitantur
1915 1075 2113 1140 angeli.
2142 1073 2296 1138 Quod
2319 1073 2540 1142 quidem
2561 1087 2686 1124 cum
2725 1071 2867 1124 haud
2899 1072 3088 1124 lateret
3119 1070 3549 1140 Mosen,f1agitat
3583 1087 3734 1139 prm-

458 1169 687 1222 sentiam
725 1167 834 1220 Dei.
871 1165 1006 1218 Nam
1064 1167 1422 1235 parvulorum
1471 1173 1580 1228 est,
1628 1173 1691 1216 ut
1719 1164 1787 1218 ab
1825 1162 2034 1230 angelis
2069 1169 2428 1230 protegantur
2477 1167 2530 1211 et
2588 1157 2968 1212 defensentur.
3005 1157 3240 1211 Proinde
3285 1157 3364 1209 ait
3421 1155 3681 1211 Salvator
3717 1178 3732 1212 :

463 1271 482 1302 ι
520 1251 597 1305 Ne
631 1251 968 1306 offenderitis
1001 1239 1166 1304 unum
1198 1267 1262 1305 ex
1299 1251 1514 1320 pusillis
1544 1251 1692 1314 istis,
1726 1250 1820 1319 qui
1855 1248 2088 1302 credunt
2142 1247 2195 1300 in
2229 1263 2354 1313 me;
2397 1261 2519 1299 nam
2555 1245 2735 1313 angeli
2792 1245 3016 1298 illorum
3069 1259 3288 1314 semper
3311 1244 3498 1298 vident
3533 1243 3738 1298 facient

458 1338 638 1394 Patris
672 1339 801 1404 mei,
840 1340 934 1407 qui
961 1352 1044 1392 ρει
1077 1340 1130 1392 iu
1171 1339 1327 1394 caelis
1375 1339 1444 1392 θ’.
1486 1357 1506 1390 ι
1539 1339 1621 1392 Ab
1669 1340 1772 1392 hoc
1820 1351 1928 1392 non
1971 1335 2236 1388 abhorret
2268 1333 2399 1386 illud
2431 1332 2641 1386 dictum
2683 1348 2696 1386 :
2729 1349 2748 1382 ί
2789 1331 3032 1402 Angelus
3079 1329 3298 1384 Domini
3335 1340 3524 1386 castra
3555 1331 3738 1384 munit

461 1427 514 1480 in
549 1426 785 1478 circuitu
819 1427 1126 1477 timentium
1185 1426 1390 1494 ipsum,
1438 1431 1493 1478 et.
1539 1425 1795 1479 liberabit
1845 1436 1944 1478 eos
1984 1421 2059 1474 ”.
2105 1439 2123 1472 ι
2160 1421 2448 1475 Jeremiam
2503 1419 2583 1472 sic
2621 1417 2928 1484 alloquitur
2991 1417 3138 1472 Deus
3174 1435 3187 1470 :
3227 1437 3246 1469 ‹
3289 1418 3370 1470 Ad
3405 1433 3628 1481 omnes,
3669 1417 3740 1472 ad

435 1495 822 1584 'qnoseunque
865 1512 1070 1564 misero
1101 1522 1172 1573 te,
1217 1512 1322 1565 ibis
1361 1530 1372 1565 :
1403 1519 1457 1565 et
1483 1527 1825 1581 quaecunque
1867 1519 2178 1579 praecepero
2207 1503 2327 1563 tibi,
2363 1501 2629 1570 loqueris.
2677 1498 2796 1552 Non
2829 1500 3052 1554 timebis
3082 1515 3111 1552 a
3139 1509 3445 1568 conspectu
3481 1501 3736 1553 illorum.

463 1601 591 1668 quia
631 1609 806 1651 tecum
845 1612 964 1648 sum
1004 1605 1064 1648 ut
1117 1605 1168 1650 te
1200 1599 1456 1664 eripiam,
1505 1597 1641 1651 dicit
1703 1597 1969 1650 Dominus
2022 1595 2090 1651 ".
2142 1613 2160 1644 ι
2197 1591 2382 1646 Jesum
2437 1591 2608 1642 lilium
2647 1586 2794 1642 Nave
2836 1590 2889 1642 in
2933 1590 3080 1642 hunc
3112 1591 3331 1640 modum
3389 1590 3688 1640 confirmat
3725 1586 3739 1622 ³

470 1705 492 1739 α
524 1687 654 1738 Esto
681 1684 840 1738 fortis
870 1692 926 1737 et
959 1684 1192 1738 viriliter
1223 1701 1342 1754 age.
1380 1683 1870 1751 Quemadmodum
1903 1683 1982 1737 I‘ui
2023 1699 2148 1738 cum
2187 1679 2357 1742 Mose,
2386 1678 2459 1730 ita
2512 1691 2607 1730 cro
2649 1687 2703 1730 et
2738 1684 2918 1729 tecum
2962 1676 3028 1730 ’⁵.
3073 1695 3092 1727 ι
3151 1675 3403 1728 Salvator
3432 1676 3744 1744 alloquitur

463 1775 772 1844 discipulos
807 1775 888 1826 sic
922 1791 935 1826 :
975 1789 993 1822 ι
1027 1771 1170 1826 Ecce
1203 1787 1304 1842 ego
1341 1789 1466 1828 sum
1495 1773 1778 1828 vobiscum
1832 1773 2091 1827 omnibus
2123 1768 2318 1821 diebus
2350 1779 2524 1832 usque
2560 1763 2626 1816 ad
2680 1761 3214 1816 consummationem
3250 1763 3435 1815 saeculi
3477 1764 3545 1816 ³⁵.
3583 1779 3602 1812 ι
3665 1760 3744 1814 Te

411 1871 418 1876 '
468 1864 655 1932 igitur,
685 1861 859 1928 inquit
903 1857 1102 1916 Muses.
1135 1869 1411 1929 praeeunte
1436 1903 1450 1925 ,
1487 1862 1786 1930 plurimum
1819 1859 2195 1914 laudabimur.
2231 1853 2366 1907 Nam
2413 1852 2459 1906 si
2509 1851 2564 1904 in
2611 1851 2824 1908 honore
2856 1859 2940 1904 est
2973 1849 3044 1913 is,
3081 1852 3174 1920 qui
3209 1849 3403 1903 intima
3433 1858 3487 1904 et
3519 1865 3744 1904 summa

385 2013 388 2016 ἢ
471 1944 846 2000 familiaritate
889 1942 1128 1996 cohaeret
1179 1941 1296 2011 regi
1337 1950 1596 2009 terreno,
1653 1959 1824 2012 quare
1859 1959 1961 1998 nos
1994 1960 2102 1998 non
2135 1945 2400 1998 immensa
2436 1940 2612 2011 gIoria
2647 1939 3060 2003 exornabimur,
3094 1939 3138 1993 si
3175 1947 3229 1992 te
3257 1937 3429 1992 Deum
3467 1937 3735 1995 habueri-

471 2047 592 2086 mus
621 2016 928 2084 antistitem
956 2029 978 2080 ?
1523 2029 1527 2032 ’
2305 2095 2311 2100 ἢ
2665 2045 2672 2053 ,

543 2116 609 2170 Et
636 2117 771 2168 hunc
792 2129 1104 2176 sermonem,
1127 2128 1277 2182 quem
1299 2112 1522 2178 dixisti,
1554 2114 1650 2168 tibi
1686 2114 1906 2183 faciam,
1939 2123 2046 2168 etc.
2077 2111 2318 2186 [XXXIII
2347 2154 2361 2178 ,
2385 2111 2516 2184 ιλ]
2559 2111 3030 2178 Quemadmodum
3077 2128 3274 2182 magna
3309 2111 3658 2182 benignitate
3694 2122 3750 2164 ct

465 2203 703 2257 comiter
727 2201 932 2254 audivit
957 2200 1198 2268 reliquos
1229 2213 1514 2253 sermones
1541 2200 1628 2269 pie
1653 2215 1838 2253 coram
1867 2200 1974 2254 Deo
2005 2201 2220 2254 habitos
2243 2219 2256 2254 :
2278 2201 2468 2254 horum
2497 2215 2816 2254 sermonum
2835 2198 2904 2254 de
2938 2215 3172 2254 numero
3188 2205 3308 2254 erat
3339 2201 3450 2265 ille,
3469 2214 3580 2268 quo
3605 2215 3752 2254 usus

471 2296 560 2342 est
582 2287 932 2356 deprecando
959 2287 1144 2355 populi
1175 2285 1412 2354 culpam,
1439 2302 1600 2354 quam
1628 2287 2018 2341 commiserant
2036 2287 2338 2342 formantes
2368 2296 2423 2342 et
2456 2286 2724 2358 tingentes
2755 2287 3010 2352 vitulum,
3033 2303 3195 2357 quem
3222 2287 3424 2342 divinis
3444 2301 3754 2357 proseque-
3779 2277 3812 2290 ’

476 2384 668 2429 rentur
697 2375 1025 2428 honoribus.
1065 2373 1220 2438 Quod
1277 2387 1412 2426 vero
1434 2388 1532 2442 pro
1562 2375 1762 2442 popqu
1804 2374 2206 2440 intercesserit,
2246 2375 2382 2428 satis
2424 2374 2538 2444 ipse
2573 2383 2810 2428 testatur
2835 2373 2988 2428 hisce
3018 2373 3202 2429 verbis
3239 2390 3252 2426 :
3301 2393 3319 2424 ι
3353 2373 3520 2429 Oravi
3553 2389 3752 2430 coram

476 2461 709 2516 Domino
741 2463 1106 2532 quadraginta
1137 2459 1331 2514 diebus
1357 2461 1697 2531 totidemque
1728 2463 1986 2518 noctibus
2023 2473 2252 2533 propter
2297 2462 2484 2515 omnia
2517 2469 2746 2532 peccata
2796 2471 3005 2524 vestra,
3053 2475 3176 2530 quae
3224 2461 3587 2517 commisistis
3613 2461 3692 2517 ".
3725 2480 3744 2508 ι

477 2551 691 2619 Saepius
725 2551 778 2602 in
805 2558 960 2603 vasta
989 2547 1305 2612 solitudine,
1331 2549 1554 2618 quando
1576 2548 2008 2604 contemnebant
2038 2549 2438 2618 promissiones
2466 2549 2684 2602 divinas
2714 2547 2798 2601 vel
2828 2545 3300 2610 diliidebant,non
3333 2555 3630 2610 cunctatus
3667 2562 3752 2604 est

474 2635 722 2704 seipsum
757 2633 961 2688 oﬂ‘crre
991 2641 1334 2701 precatorem
1383 2648 1482 2701 pro
1523 2633 1860 2688 intractabili
1909 2638 2132 2706 populo.
2163 2636 2340 2689 Etiam
2375 2636 2430 2688 in
2467 2635 2706 2707 [Egypto
2754 2649 2856 2704 pro
2892 2634 3095 2704 popqu
3124 2649 3315 2704 premis
3343 2633 3411 2687 ad
3450 2633 3751 2690 Dominum

479 2720 617 2775 fudit
645 2759 662 2786 ,
694 2736 762 2774 ne
793 2723 1220 2774 imolverentur
1241 2717 1587 2789 Egyptiacis
1629 2721 1826 2790 plagis.

551 2806 808 2862 Transibo
850 2815 970 2860 ante
989 2815 1036 2858 te
1060 2807 1236 2874 gloria
1266 2821 1401 2871 inea,
1429 2815 1478 2859 et
1509 2807 1702 2860 vocabo
1751 2809 1806 2860 in
1843 2807 2051 2860 nomine
2078 2807 2311 2870 Domini,
2335 2817 2385 2862 et
2421 2807 2712 2862 miserebor
2736 2823 2886 2878 quem
2919 2809 3310 2870 commisereor,
3346 2817 3450 2864 etc.
3480 2805 3756 2880 IXXXIII,

481 2891 595 2966 19.]
621 2895 794 2948 .\loscs
823 2907 1020 2962 magna
1051 2894 1339 2946 alacritate
1371 2893 1618 2961 repletus
1647 2901 1752 2956 est,
1789 2893 2022 2948 audiens
2050 2893 2215 2948 Deum
2245 2895 2516 2950 dicentem
2554 2912 2600 2946 ε(
2627 2895 2691 2949 Et
2723 2896 2888 2962 hunc,
2922 2911 3085 2966 quem
3110 2896 3320 2961 dixisti,
3352 2903 3502 2950 tuum
3533 2911 3758 2950 sermo-

480 2996 606 3034 nem
635 2980 850 3032 faciam.
888 2998 908 3030 ›
946 2977 1184 3032 Proinde
1214 2993 1358 3032 nunc
1380 2986 1502 3033 avet
1541 2979 1633 3033 Dei
1676 2995 2014 3049 cognoscere
2045 2989 2101 3035 et
2129 2983 2441 3050 perdiscere
2471 2981 2846 3052 glori:iin.Sed
2870 2998 2992 3052 qua:
3025 2990 3110 3037 est
3149 2983 3239 3036 illa
3272 2983 3443 3052 gloria
3471 2980 3756 3050 insignis!

485 3067 746 3121 nimirum
773 3067 1090 3136 unigenitus
1126 3065 1216 3119 Dei
1252 3064 1446 3130 Filius,
1475 3065 1544 3120 de
1573 3083 1683 3135 quo
1712 3069 2124 3136 pronuntiatum
2149 3077 2232 3124 est
2266 3088 2281 3124 :
2315 3087 2334 3121 ι
2375 3071 2439 3122 Ει
2463 3071 2742 3124 videbitur
2767 3072 2940 3139 gloria
2973 3069 3186 3124 Domini
3217 3071 3284 3126 ".
3333 3088 3350 3120 ι
3383 3069 3757 3142 Vel,inte|lige
3785 3134 3793 3140 ἠ

485 3155 710 3223 gloi-iani
745 3153 839 3207 Dei
874 3154 1176 3222 angelicam
1209 3153 1484 3216 militiam,
1525 3169 1633 3223 qua
1669 3157 1904 3224 stipatus
1941 3157 2162 3210 incedit
2199 3157 2364 3212 Deus.
2390 3156 2441 3212 ls
2465 3167 2586 3212 erat
2617 3159 2789 3213 frater
2820 3159 3053 3228 Philippi
3105 3159 3198 3228 qui
3238 3157 3601 3213 illiuscemodi
3625 3173 3757 3212 ver-

487 3243 571 3294 bis
599 3240 990 3310 interpellabat
1019 3239 1299 3294 Christum
1325 3259 1338 3294 :
1377 3259 1394 3291 (
1429 3237 1674 3295 Ostende
1703 3243 1867 3296 nobis
1893 3253 2128 3312 patrem,
2162 3252 2217 3297 et
2250 3243 2450 3298 sufﬁcit
2478 3246 2640 3300 nobis
2662 3246 2730 3297 θ’.
2764 3263 2783 3296 ι
2824 3245 3002 3300 Moses
3027 3247 3247 3314 quidem
3273 3246 3486 3298 viderat
3519 3244 3680 3300 hunc
3701 3245 3756 3296 in

489 3330 628 3383 rubo
667 3339 719 3382 et
751 3328 885 3382 Sina
923 3339 1130 3392 monte,
1159 3328 1252 3383 sed
1289 3344 1396 3382 non
1429 3316 1641 3394 exacte,
1685 3345 1869 3384 verum
1899 3332 2002 3385 sub
2031 3331 2321 3386 involucro
2355 3333 2615 3402 quodam.
2660 3333 2820 3386 Nunc
2869 3333 3044 3402 ipsum
3092 3343 3304 3388 natura:
3335 3333 3519 3386 vivum
3551 3330 3756 3386 chara-

490 3425 636 3469 Cte-ra
668 3415 918 3483 aspicere
947 3423 1191 3482 exoptat,
1229 3415 1474 3468 humana
1509 3414 1761 3484 quaedam
1803 3417 1871 3470 de
1907 3415 2013 3471 Deo
2049 3433 2410 3487 pra:sumcns,
2445 3430 2496 3473 et
2525 3419 2822 3487 exquirens
2855 3435 2940 3484 ea,
2986 3434 3108 3489 qua:
3137 3419 3267 3488 .ejus
3309 3419 3626 3472 intellectus
3659 3432 3756 3470 ea-

488 3517 620 3571 pere
655 3510 1006 3571 non'posset.
1041 3493 1176 3554 lluic
1203 3500 1456 3570 petitioni
1494 3503 1790 3566 respondet
1841 3503 1987 3558 Deus
2027 3519 2038 3554 :
2083 3523 2101 3556 ι
2139 3507 2250 3572 Ego
2285 3514 2410 3560 ante
2453 3516 2504 3558 te
2531 3507 2708 3576 gloria
2751 3522 2868 3561 mea
2923 3507 3190 3561 transibo.
3247 3523 3266 3557 ι
3307 3504 3391 3558 Tu
3427 3506 3577 3558 enim
3625 3514 3755 3574 post

490 3604 669 3642 meam
711 3589 962 3658 gloriam,
987 3602 1107 3658 qua:
1141 3589 1208 3640 ab
1233 3596 1442 3643 aeterno
1468 3598 1572 3653 est,
1602 3589 1822 3644 demum
1856 3599 2078 3645 creatus
2105 3609 2188 3646 es.
2213 3593 2352 3648 Sunt
2375 3584 2576 3650 etenim
2605 3603 2732 3650 ante
2760 3596 2984 3658 sucula,
3007 3604 3060 3648 et
3085 3609 3203 3650 mea
3231 3594 3406 3664 gloria
3438 3600 3566 3648 ante
3587 3607 3754 3648 omne

491 3677 635 3745 quod
661 3683 904 3732 creatum
941 3685 1046 3738 est,
1079 3673 1274 3740 Filius,
1319 3676 1568 3744 inquam,
1607 3692 1762 3732 meus
1797 3679 2140 3748 unigenitus.
2173 3681 2311 3739 Cum
2365 3683 2535 3752 igitur
2570 3698 2910 3752 praecessero
2942 3683 3151 3737 habens
3182 3695 3357 3736 meam
3392 3680 3647 3750 gloriam,
3694 3689 3748 3732 tu

491 3763 744 3832 sequeris
783 3763 944 3818 sicuti
977 3761 1134 3816 decet
1173 3761 1438 3816 famulum
1472 3765 1634 3833 sequi
1667 3763 1980 3819 dominum.
2013 3765 2109 3820 Vel
2139 3767 2220 3821 sic
2253 3769 2621 3840 interpretare
2651 3778 2978 3839 praesentem
3018 3771 3196 3823 Iocmn
3223 3785 3236 3819 :
3265 3767 3345 3820 Tu
3377 3782 3438 3821 es
3468 3774 3749 3827 creatura.
3810 3773 3814 3776 ’

493 3848 723 3917 proinde
759 3849 1007 3902 censeris
1047 3848 1274 3903 inferior
1297 3848 1438 3903 Filio
1476 3866 1597 3904 meo
1636 3851 1946 3920 uuigenito.
1987 3853 2130 3924 Ergo
2165 3859 2524 3924 ego.antcibo
2559 3867 2613 3912 et
2646 3858 2854 3912 vocabo
2901 3859 2953 3910 in
2995 3857 3218 3910 nomine
3252 3855 3468 3909 Domini
3509 3854 3750 3906 invitatis

493 3937 559 3992 ad
600 3951 688 3992 me
718 3947 791 3998 te,
819 3945 984 4006 atque
1019 3937 1156 3990 aden
1195 3953 1408 4001 omnes,
1448 3939 1541 4008 qui
1567 3938 1716 4006 digni
1751 3949 1900 4002 sunt.
1938 3947 1997 3992 ut
2031 3943 2406 4018 subjiciantnr
2445 3945 2706 4014 potestati
2754 3953 2807 3997 ct
2850 3943 3100 3997 dominio
3139 3941 3376 3995 Domini.

567 4039 711 4111 Quia
763 4045 1044 4102 miserebor
1099 4063 1454 4117 quemcunque
1507 4035 1896 4103 comntisereor.
1945 4047 2078 4103 Nam

2256 4053 2448 4110 Καίτοι
2491 4051 2767 4122 πανταχοῦ
2806 4051 2866 4103 τὸ
2899 4050 3048 4114 ἔλεός
3082 4067 3196 4104 σου.
3239 4066 3259 4101 ‹
3299 4049 3524 4119 Πλήρης
3569 4046 3684 4118 γὰρ
3720 4048 3748 4115 ἡ

495 4139 698 4207 ubique
727 4136 823 4193 Dei
849 4139 1089 4192 sentitur
1123 4139 1526 4194 misericordia.
1555 4159 1572 4190 ι
1599 4138 1766 4194 Plena
1804 4141 2077 4210 siquidem

494 4235 580 4284 est
629 4236 778 4283 terra
833 4227 1218 4282 misericordia
1273 4237 1367 4282 tua
1405 4230 1449 4284 ί.
1502 4247 1519 4280 ι
1575 4230 1814 4298 namque
1861 4243 2079 4298 semper

497 4319 760 4373 sentitur.
789 4316 923 4370 Nam
973 4317 1244 4372 canitur:
1291 4337 1309 4368 ι
1343 4319 1397 4371 In
1443 4326 1711 4373 aeternum
1756 4317 2078 4374 misericor-

498 4409 590 4463 dia
622 4408 813 4476 ejus’.
850 4426 868 4458 ο
905 4406 1013 4472 Qui
1055 4409 1114 4459 Iit
1147 4407 1337 4475 igitur,
1375 4410 1522 4477 quod
1567 4424 1715 4464 nunc
1772 4411 2079 4478 particula-

502 4500 580 4553 ris
613 4497 904 4567 cujusdam
951 4497 1358 4552 misericordia:
1388 4503 1721 4554 mentionem
1758 4500 1896 4556 facis
1919 4500 2078 4556 ?Cae-

501 4597 680 4640 terum
719 4587 1104 4641 misericordia
1160 4587 1256 4642 Dei
1296 4590 1486 4644 multis
1526 4590 1697 4644 variis
1724 4591 1924 4646 dicitur
1959 4608 2080 4646 mo-

499 4691 608 4746 dis.
639 4691 804 4761 315
831 4690 967 4745 Nam
1013 4693 1414 4748 misericordiae
1459 4695 1762 4750 remedium
1795 4697 2076 4764 implorat,

497 4785 597 4852 qui
629 4783 1008 4852 resipisccndo
1049 4798 1116 4838 ex
1169 4784 1436 4861 peccatis
1460 4801 1586 4837 eum
1626 4784 1974 4840 confessione
2021 4786 2074 4838 in

500 4872 620 4928 haec
657 4874 824 4928 verba
871 4875 1184 4944 prorumpit
1215 4892 1226 4927 :
1270 4892 1290 4925 ι
1328 4873 1590 4928 Miserere
1621 4875 1751 4936 mei,
1789 4875 1955 4943 Deus,
1987 4891 2078 4930 se-

501 4964 750 5018 cundum
779 4979 1032 5033 magnam
1067 4963 1503 5018 misericordiam
1551 4971 1725 5038 tuam,
1773 4971 1826 5017 et
1877 4979 2080 5020 secun-

499 5054 635 5109 dum
709 5055 1126 5110 multitudinem
1194 5053 1602 5108 miserationnm
1674 5062 1892 5108 tuarum
1957 5054 2078 5109 dele

502 5147 853 5214 iniquitatem
904 5159 1078 5198 meam
1113 5141 1156 5194 ³.
1213 5161 1233 5192 ι
1284 5143 1382 5196 Est
1428 5143 1814 5196 misericordia
1878 5158 2081 5197 secun-

502 5238 636 5292 dum
665 5251 828 5308 quam
865 5235 1042 5304 inquit
1081 5233 1327 5288 Paulus:
1361 5251 1378 5282 ι
1409 5232 1844 5288 Misericordia‘m
1883 5249 2080 5289 conse-

577 5417 623 5448 θ’
655 5413 798 5468 Psal..
836 5429 988 5480 nili,
1019 5412 1072 5467 5.
1146 5413 1189 5447 θ’
1221 5415 1416 5470 Matth.
1463 5429 1576 5478 ινι,
1609 5414 1704 5476 28,

503 5489 554 5519 ’⁵
583 5485 748 5539 .Iosue
779 5480 975 5546 1,5.I8.
1065 5483 1111 5517 ³⁸
1140 5483 1327 5538 Matth.
1395 5498 1579 5536 xxviii.
1621 5482 1712 5535 ‘20.

510 5571 680 5621 usu,
713 5554 766 5608 5.
844 5556 863 5585 ²
897 5553 1042 5608 Psal.
1072 5567 1273 5622 cxrxv,
1303 5554 1350 5607 I.
1428 5553 1448 5582 ³
1479 5551 1621 5606 Psal.
1655 5567 1705 5614 L,
1741 5551 1788 5604 l.

1807 5411 1852 5444 ⁹¹
1887 5409 2082 5465 Matth.
2129 5425 2286 5472 xvm,
2317 5408 2423 5462 -I0.

1818 5479 1882 5534 ⁸⁷.
1918 5480 2071 5535 Deut.
2114 5497 2188 5543 is,
2225 5480 2316 5533 ‘25.

2179 4145 2250 4214 γῆ
2278 4143 2372 4197 τοῦ
2415 4145 2602 4207 ἐλέους
2653 4159 2780 4196 σουο
2815 4161 2833 4193 ι
2870 4143 2966 4196 καὶ
2994 4143 3080 4195 ἀεὶ
3124 4143 3180 4194 δὲ
3228 4140 3421 4194 τοῦτο’
3476 4157 3495 4190 ς
3526 4139 3626 4202 Εἰς
3663 4139 3748 4191 τὸν

2179 4239 2352 4292 αἰῶνα
2365 4237 2470 4308 γὰρ
2501 4237 2559 4288 τὸ
2580 4235 2728 4298 ἕλεος
2750 4233 2936 4288 αὐτοῦ.
2951 4252 2969 4284 α
2998 4231 3287 4301 Πολλαχῶς
3307 4230 3486 4284 τοίνυν
3504 4228 3601 4282 τοῦ
3617 4227 3749 4281 Θεοῦ

2178 4330 2207 4382 ὁ
2235 4328 2402 4390 ἔλεο;.
2437 4329 2498 4380 Ὀ
2530 4326 2650 4396 μὲν,
2691 4326 2784 4378 ἐπὶ
2828 4325 3115 4395 μετανοίας
3161 4323 3268 4374 τῶν
3315 4321 3746 4390 ἡμαρτημένων,

2180 4418 2320 4472 ὥστε
2377 4418 2494 4488 μετ’
2529 4416 2974 4486 ἐξομολογήσεως
3009 4416 3204 4479 εἰπεῖν,
3236 4431 3255 4462 ι
3309 4412 3560 4482 Ἐλέησόν
3601 4427 3694 4480 με,

2178 4510 2310 4574 Θεὸς
2354 4509 2492 4562 κατὰ
2514 4507 2576 4560 τδ
2607 4508 2750 4576 μέγα
2779 4506 2926 4568 ἔλεός
2966 4522 3084 4568 σου,
3135 4503 3406 4558 καὶκατὰ
3444 4502 3506 4554 τὸ
3551 4501 3746 4571 πλῆθος

2178 4603 2285 4658 τῶν
2323 4600 2622 4671 οἰκτιρμῶν
2677 4615 2771 4650 σου
2825 4595 3108 4664 ὲξάλειψον
3152 4594 3212 4648 τὸ
3257 4594 3516 4662 ἁνόμημά
3570 4609 3745 4661 μου.»

2183 4689 2335 4742 Καθὸ
2373 4690 2465 4740 καὶ
2503 4686 2714 4747 Παῦλός
2749 4701 2904 4754 φησι,
2957 4701 2976 4735 ι
3013 4683 3112 4736 Διὰ
3161 4684 3320 4736 τοῦτο
3373 4681 3636 4753 ὴὶεήθην,
3676 4683 3750 4734 ὅτι

2177 4781 2386 4849 ἀγνοῶν
2410 4779 2665 4846 ὲποῗησα.
2703 4793 2722 4826 i
2767 4775 2826 4827 ’0
2854 4773 2931 4837 δὲ,
2977 4777 3088 4836 τοῖς
3131 4772 3371 4826 ἐλεοῦσιν
3397 4773 3747 4842 ὲπιγιγνόμευ

2178 4888 2266 4936 νος
2289 4889 2302 4901 ’
2333 4891 2351 4921 ι
2388 4868 2666 4939 Μακάριοι
2699 4867 2828 4936 γὰρ,
2857 4865 3048 4934 φησιν,
3071 4867 3118 4917 οἱ
3142 4864 3452 4935 ἐλεήμονες,
3479 4863 3562 4917 δτι
3590 4864 3741 4918 αὐτοὶ

2177 4961 2584 5030 ἐλεηθήσονται.
2623 4976 2639 5008 ι
2687 4958 2744 5008 ’0
2774 4957 2831 5010 δὲ
2865 4957 2978 5019 τοῖς
3017 4956 3426 5025 αἰσθανομένοις
3457 4957 3555 5024 τῆς
3607 4953 3740 5016 tota;
3807 4951 3818 4964 °

2179 5051 2466 5112 ἀσθενείας
2515 5047 2656 5118 πρὸς
2710 5047 2806 5116 τὴν
2857 5046 2962 5098 τῶν
3011 5044 3242 5096 δεόντων
3272 5044 3634 5112 κατόρθωσιν,
3669 5047 3758 5098 καὶ

2189 5145 2325 5212 πρὸς
2353 5141 2485 5194 Θεὸν
2512 5139 2610 5210 τὴν
2649 5126 2976 5205 πεποίθησιν
3025 5135 3292 5198 τείνουσι,
3329 5137 3420 5188 τὸν
3467 5135 3758 5205 δυνάμενον

2190 5231 2295 5284 τῶν
2327 5227 2781 5296 σπουδαζομένων
2811 5227 2874 5278 τὸ
2905 5224 3054 5286 τέλος
3098 5227 3432 5292 ἐπαγαγεῖν·
3495 5244 3513 5275 ι
3547 5225 3624 5277 Οὐ
3659 5225 3758 5292 γὰρ

3216 5401 3480 5457 "Jerem.
3539 5417 3576 5463 ι,
3606 5401 3658 5461 7,
3708 5399 3740 5452 8

3260 5489 3368 5522 xtv.
3408 5470 3460 5522 8.
3568 5473 3584 5502 ⁸
3615 5470 3737 5522 Psal

3659 5485 3758 5526 SJI.

2535 5408 2582 5439 "
2616 5405 2789 5460 Exod.
2830 5423 2955 5472 xw,
3017 5405 3102 5458 19.

2419 5477 2596 5532 “Isa.
2656 5491 2744 5540 XL,
2807 5477 2860 5530 5.
2942 5470 3004 5508 ’θ’
3037 5476 3194 5529 Joan.
3259 5489 3368 5538 xlv,
3408 5470 3460 5524 8.
