4010 6212
312 352 424 415 (ἲἿἸ

1414 339 1951 401 COMMENTARII
1993 339 2074 399 IN
2108 340 2448 402 EXODUM.

3492 339 3598 400 (373

316 469 416 523 τοῦ
451 465 720 531 θέλοντος,
745 458 983 533 οὐδὲτοῦ
1005 458 1310 528 τρέχοντος,
1337 455 1470 508 ἀλλὰ
1491 454 1586 505 τοῦ
1620 453 1897 514 ἐλεοῦντος

2039 461 2167 508 utus
2197 468 2341 508 sum.
2377 451 2515 518 Quia
2554 452 2821 520 ignorans
2849 450 2956 506 feci
2987 451 3082 509 δην
3133 449 3228 503 Est
3272 450 3597 506 misericor-

318 561 478 614 Θεοῦ.
516 576 536 609 ι
609 550 667 611 Ὀ
715 554 824 624 γὰρ
858 549 1104 613 τοιοῦτός
1162 563 1349 619 φησιν,
1389 565 1407 596 ι
1461 543 1715 612 Ἐλέησόν
1747 560 1812 613 με
1837 583 1851 607 ,
1879 544 1907 596 ὁ

325 652 475 715 Θαὶς,
513 651 594 703 ὅτι
625 647 717 702 ἐπὶ
742 645 825 699 σοὶ
856 640 1117 695 πέποιθεν
1152 640 1185 708 ἡ
1214 638 1362 707 anxi;
1400 653 1521 706 μου.
1559 653 1576 686 ι
1611 635 1720 687 Καὶ
1760 633 1909 704 παρὰ

330 744 403 813 τῷ
431 742 697 812 Προφήτῃ
737 735 902 808 φησὶν
935 734 1019 786 Et:
1033 748 1143 802 ρος,
1168 749 1186 781 ι
1235 729 1484 798 Ἐλέησον
1509 728 1677 798 ἡμᾶς,
1700 725 1874 795 Κύριε
1892 766 1907 790 ,

329 837 409 889 ὅτι
443 834 537 886 ἐπὶ
570 832 654 883 σοὶ
686 828 1052 893 πεποίθαμεν.
1088 845 1108 874 ι
1156 823 1216 874 Ὀ
1244 821 1323 885 δὲ,
1368 821 1468 873 ἐπὶ
1516 820 1631 880 τοῖς
1680 817 1911 870 ποθοῦσι

329 927 483 989 Θεὸν,
542 924 638 977 καὶ
680 922 782 982 τὰς
827 916 1052 978 ἐντολὰς
1088 916 1171 977 εἰς
1215 913 1376 981 ἔργον
1402 909 1731 979 ἐκφέρουσι·
1769 910 1913 961 ποιεῖ

330 1019 437 1086 γὰρ
466 1014 615 1074 ἔλεος
646 1014 726 1073 εἰς
749 1009 998 1079 χιλιάδας
1028 1008 1140 1066 τοῖς
1175 1004 1234 1066 ἐξ
1264 1003 1392 1073 ὅλης
1426 1001 1654 1071 καρδίας
1681 1000 1912 1068 ἀγαπῶ-

329 1125 414 1161 σιν
439 1104 626 1165 αὑτὺν,
651 1103 750 1156 καὶ
794 1101 863 1153 τὰ
910 1097 1315 1167 προστάγματα
1367 1090 1532 1144 αὑτοῦ
1562 1090 1810 1143 ποιοῦσιν
1838 1104 1852 1120 ·
1885 1091 1913 1140 ὁ

327 1201 386 1253 δὲ
427 1201 541 1261 τοῖς
560 1195 764 1263 γνῶσιν
799 1192 1017 1260 ἔχουσιν
1048 1186 1217 1257 ὀρθὴν
1256 1184 1392 1253 πρὸς
1438 1182 1624 1245 αὐτὸν,
1657 1184 1801 1235 κατὰ
1832 1179 1912 1241 τὸ,

336 1311 354 1342 ι
393 1290 730 1359 Παράτεινον
764 1283 825 1337 τὸ
864 1280 1014 1342 ἕλεος
1056 1296 1149 1331 σου
1188 1278 1301 1337 τοῖς
1339 1272 1671 1342 γινώσκουσί
1706 1288 1790 1330 σε.
1822 1272 1918 1324 καὶ

329 1380 428 1452 τὴν
449 1375 799 1445 δικαιοσύνην
825 1390 919 1424 σου
947 1372 1058 1432 τοῖς
1081 1366 1264 1419 εὐθέσι
1290 1368 1357 1434 τῇ
1377 1361 1593 1432 καρδίᾳ.
1621 1381 1639 1412 ι
1672 1360 1919 1431 Ἐκὰστῳ

329 1474 385 1526 δὲ
415 1471 526 1524 τῶν
565 1470 863 1521 ποιούντων
904 1461 1113 1523 ταῦτα,
1154 1459 1354 1527 φησὶν,
1408 1475 1425 1507 ι
1480 1455 1646 1521 Ἐλέῳ
1720 1453 1920 1522 αἰωνίῳ

332 1564 539 1633 ἐλεήσω
567 1577 649 1613 σε.
686 1578 704 1609 ι
735 1555 799 1609 υἳ
834 1555 927 1607 καὶ
962 1552 1251 1620 εὐχόμενοι
1284 1547 1439 1614 φασὶ,
1478 1564 1496 1597 ι
1526 1545 1677 1613 Ταχὺ
1713 1560 1922 1613 προκα-

332 1654 721 1708 τώαὸἐτωσαν
740 1648 886 1717 ἡμᾶς
908 1645 957 1696 οἱ
989 1637 1264 1708 οἰκτιρμοί
1287 1654 1401 1699 σου,
1418 1635 1614 1705 Κύριε,
1642 1635 1725 1687 ὅτι
1743 1637 1923 1686 ἐπτω-

334 1748 613 1817 χεύσαμεν
644 1741 900 1810 σφόδρα.»
946 1735 1106 1797 Καὶ,ι
1140 1731 1212 1783 Σὺ
1246 1730 1325 1794 δὲ,
1359 1729 1559 1798 Κύριε,
1594 1729 1669 1796 μὴ
1707 1724 1922 1796 μακρύ-

2012 545 2102 599 dia
2124 559 2248 614 quae
2281 533 2734 598 ntiserieerdilnts
2767 542 3079 598 innascitur
3104 550 3159 596 et
3190 541 3598 610 obtingit.Nam

2013 628 2254 704 legitur:
2307 653 2324 686 ι
2355 635 2505 688 Beati
2549 634 2945 689 misericordes
2984 674 2999 699 ,
3046 635 3175 704 quia
3224 634 3329 703 ipsi
3378 636 3611 687 miseri-

2012 726 2259 779 cordiam
2321 725 2680 779 iuvenient'.
2734 743 2752 776 ι
2819 724 2913 779 Est
2966 723 3356 779 misericordia
3438 738 3602 792 quam

2014 814 2403 885 adipiscuntur
2452 817 2544 885 qui
2581 815 2833 869 sentiunt
2879 824 2934 870 et
2991 822 3336 885 cognoscunt
3397 828 3455 867 se
3481 826 3604 866 esse

2017 907 2417 961 imbecilliores
2448 922 2615 975 quam
2645 916 2705 960 ut
2742 908 2963 976 possint
3000 905 3230 973 exsequi
3266 904 3601 956 voluntatem

2015 998 2285 1056 divinam.
2338 1010 2391 1053 et
2424 1000 2634 1053 ideirco
2668 998 3002 1065 cenfuginut
3049 996 3114 1049 ad
3161 996 3430 1049 auxilium
3463 993 3609 1047 divi-

2018 1105 2173 1152 num,
2227 1090 2365 1142 certi
2417 1088 2587 1141 Deum
2653 1104 2817 1157 posse
2876 1089 3081 1141 bonum
3131 1087 3482 1155 prepositutn
3537 1084 3603 1134 al

2018 1180 2266 1234 debitum
2303 1181 2466 1233 finem
2500 1179 2828 1248 producere.
2884 1197 2901 1228 ι
2931 1176 3047 1228 Non
3079 1178 3224 1230 enim
3254 1182 3339 1228 est
3370 1174 3607 1227 volentis

2021 1286 2122 1326 nec
2149 1271 2454 1333 currentis,
2489 1270 2586 1324 sed
2621 1269 2940 1322 miserantis
2970 1266 3059 1320 Dei
3093 1267 3134 1321 ⁸.
3178 1284 3207 1317 ι.
3234 1263 3338 1331 Qui
3374 1265 3425 1317 in
3463 1264 3601 1316 hum

2021 1362 2243 1417 modum
2279 1363 2562 1416 animatus
2587 1360 2774 1423 fuerit,
2813 1359 3201 1427 forti‘pectore
3238 1356 3606 1425 pronuntiat:

2031 1472 2046 1504 ι
2084 1454 2347 1508 Miserere
2385 1454 2516 1517 mei,
2540 1451 2720 1510 Deus.
2751 1451 2880 1520 quia
2928 1450 2982 1503 in
3041 1458 3094 1500 te
3125 1462 3320 1501 omnes
3361 1446 3611 1498 fottnnas

2023 1555 2077 1601 et
2112 1561 2237 1615 spes
2271 1547 2407 1599 sitas
2453 1545 2619 1598 habet
2648 1543 2832 1596 anima
2868 1557 2987 1594 mea
3015 1542 3057 1593 ".
3100 1560 3118 1591 ο
3165 1539 3322 1608 Apud
3373 1538 3610 1607 prophe-

2027 1644 2133 1688 tam
2168 1633 2551 1688 vociferantur
2573 1634 2798 1702 quidam
2834 1631 3158 1684 “Miserere
3189 1631 3387 1693 nostri,
3426 1627 3609 1680 Deus:
3706 1673 3720 1682 .

2027 1726 2154 1793 quia
2188 1725 2242 1776 in
2280 1731 2332 1775 te
2375 1723 2710 1777 confidimus
2731 1722 2776 1775 ⁸.
2820 1742 2837 1772 ο
2912 1720 3009 1773 Est
3058 1718 3442 1773 misericordia
3492 1731 3614 1783 quae

336 1802 438 1910 Cn;
466 1802 591 1898 τοὺς
616 1802 934 1901 οίιιτιρμούς
970 1845 1062 1880 σου
1091 1826 1187 1878 ἀπ’
1234 1822 1391 1892 ἐμοῦ.
1425 1839 1443 1871 ι
1495 1820 1682 1882 Ἐκτὸς
1708 1820 1764 1871 δὲ
1798 1818 1919 1876 τού-

2035 1815 2241 1867 videtur
2272 1829 2440 1882 penes
2494 1814 2639 1875 illos,
2685 1813 2782 1882 qui
2835 1813 3066 1866 summis
3098 1813 3244 1864 votis
3297 1808 3605 1862 desiderem

2037 1900 2067 1910 η
2296 1903 2304 1909 .
2866 1892 2884 1910 .
3192 1898 3212 1910 η
3358 1908 3364 1910 Α
3426 1897 3478 1910 η.
3566 1898 3576 1906 .

336 1909 449 1987 των
477 1927 751 1981 ἁπάντων,
785 1922 883 1974 καὶ
928 1918 1022 1971 ἐπὶ
1056 1919 1168 1977 τοῖς
1217 1912 1460 1976 ἀναξίοις
1508 1909 1791 1972 ἐπιστὰζει
1830 1909 1920 1960 τὸν

338 2019 488 2072 ἔλεον
520 2015 609 2069 διὰ
646 2013 849 2084 πολλὴν
900 2004 1338 2079 φιλανθρωπίαν,
1396 2022 1415 2053 ι
1469 2000 1801 2053 Ἀνατέλλων
1830 1998 1921 2050 τὸν

337 2113 490 2182 ἧλιον
509 2112 603 2162 ἐπὶ
630 2108 871 2177 δικαίους
896 2104 991 2156 καὶ
1021 2097 1404 2169 ἁμαρτωλούς.
1439 2112 1456 2143 ι
1506 2091 1708 2144 Τούτου
1738 2091 1794 2143 δὲ
1827 2088 1921 2142 τοῦ

341 2181 522 2267 ἐλέους
560 2201 777 2269 πλήρης
810 2200 845 2267 ἡ
890 2195 985 2264 γῆ.
1036 2191 1144 2244 ’1ὀῦ
1194 2189 1250 2241 δὲ
1282 2189 1347 2265 ἐκ
1393 2186 1488 2239 τοῦ
1529 2184 1616 2252 ἐφ’
1669 2185 1802 2253 ἡμῖν
1840 2181 1919 2245 τὸ,

349 2312 366 2345 ι
416 2290 678 2360 Ἐλεήσω,
701 2287 852 2341 διδ-ἂν
872 2283 1038 2338 ἐλεῶ.
1087 2301 1105 2333 ι

2035 1900 2229 1963 Deum,
2258 1903 2492 1970 ejusque
2521 1909 2793 1971 praecepta
2819 1892 2887 1953 ad
2925 1916 3039 1953 rem
3080 1898 3393 1951 conferunt.
3425 1897 3606 1964 Siqui-

2024 1992 2147 2046 dem
2183 1993 2325 2047 Deus
2355 1992 2485 2046 facit
2510 1992 2948 2047 misericordiam
2986 1993 3039 2044 in
3084 1992 3252 2044 millia
3284 1990 3392 2052 his,
3418 1990 3509 2056 qui
3540 2003 3608 2040 ex

2026 2094 2141 2140 toto
2194 2087 2364 2140 corde
2409 2087 2653 2155 diligunt
2702 2087 2908 2161 ipsum,
2963 2093 3016 2136 et
3061 2095 3336 2154 przrcepta
3392 2084 3512 2149 ejus
3557 2084 3612 2133 in

2027 2178 2283 2231 effectum
2328 2178 2703 2246 perducunt”.
2768 2178 2864 2231 Est
2923 2176 3309 2231 misericordia
3384 2188 3491 2243 qua
3530 2174 3616 2223 vi-

2026 2278 2180 2338 gent,
2211 2269 2305 2336 qui
2343 2278 2492 2322 recte
2531 2269 2711 2338 ipsum
2739 2279 3102 2337 cognoscunt,
3139 2266 3446 2320 secundum
3482 2263 3613 2316 illud

344 2387 648 2457 Scriptura:
705 2383 1042 2439 oraculum:
1097 2395 1117 2430 ι
1167 2373 1433 2429 Extende
1477 2366 1920 2424 misericordiam
1983 2372 2134 2418 tuam
2191 2365 2276 2420 his
2321 2367 2416 2434 qui
2451 2373 2504 2418 te
2553 2373 2929 2434 cognoscunt,
2990 2374 3043 2417 et
3108 2362 3385 2432 justitiam
3468 2369 3616 2412 luam

344 2481 510 2538 rectis
539 2480 709 2536 corde
735 2479 800 2532 ’°.
838 2496 857 2529 ι
904 2473 1153 2542 Singulis
1182 2481 1391 2532 autem,
1429 2465 1522 2536 qui
1554 2465 1648 2519 illa
1682 2463 1916 2526 faciunt,
1960 2461 2035 2513 ait

2085 2477 2098 2512 :
2144 2480 2162 2512 ι
2211 2459 2594 2514 Misericordia
2619 2468 2829 2514 aeterna
2855 2458 3377 2513 commiseraborte
3407 2456 3469 2506 ”.
3501 2473 3519 2505 ι
3555 2452 3618 2506 lli

345 2575 399 2628 in
424 2575 543 2629 suis
569 2571 830 2642 precibus
864 2567 1127 2637 inquiunt
1162 2582 1175 2617 :
1229 2580 1247 2614 ι
1276 2559 1402 2615 Cito
1445 2555 1786 2628 praeveniunt
1822 2567 1922 2607 nos
1962 2553 2480 2607 commiserationes
2516 2559 2646 2617 tuae,
2719 2551 2952 2606 Domine
2984 2592 2999 2616 ,
3043 2550 3174 2617 quia
3233 2548 3300 2601 ad
3378 2547 3618 2615 inepiam

344 2640 793 2726 redactiisumus
842 2662 1002 2717 valde
1046 2660 1113 2713 ¹².
1157 2677 1176 2711 ι
1211 2687 1282 2697 -
1329 2670 1349 2705 ι
1379 2654 1444 2707 Et
1476 2661 1556 2714 tu,
1580 2649 1835 2712 Domine,
1874 2664 1944 2702 ne
1979 2647 2334 2716 elongaveris
2367 2661 2395 2699 a
2439 2662 2525 2701 me
2558 2646 3082 2701 commiserationes
3154 2654 3276 2696 tuas
3304 2642 3371 2694 “‘.
3406 2661 3424 2692 ι
3497 2640 3616 2695 Non

343 2763 526 2817 solum
562 2758 618 2812 in
646 2759 805 2817 istos,
834 2768 977 2824 quos
1010 2750 1175 2806 modo
1254 2745 1664 2806 recensuimus,
1715 2740 1967 2796 extendit
2044 2753 2200 2793 suam
2239 2739 2679 2793 misericordiam
2720 2738 2864 2791 Deus
2901 2779 2914 2801 ,
2956 2737 3050 2790 sed
3085 2736 3251 2790 etiam
3289 2732 3500 2802 indigni
3534 2731 3622 2783 di-

352 2852 535 2908 vinam
578 2848 945 2919 experiuntur
996 2840 1466 2905 misericordiam,
1516 2846 1578 2893 ut
1606 2830 1678 2892 exi
1705 2835 1804 2888 illo
1840 2840 2011 2902 patet,
2034 2831 2184 2900 quod
2220 2850 2238 2881 ι
2279 2832 2454 2885 solem
2499 2846 2660 2884 suum
2697 2829 3083 2886 exoriri.sinit
3117 2842 3286 2896 super
3322 2826 3507 2895 justos
3567 2826 3624 2873 rt

348 2916 668 3015 peccatores
702 2940 769 2994 ιι.
813 2958 831 2992 ι
880 2920 1008 2992 llaec
1058 2934 1446 2990 misericordia
1488 2931 1543 2985 in
1604 2929 1927 2982 universum
1969 2938 2166 2992 sparsa
2217 2932 2304 2976 est
2377 2922 2565 2976 orbem
2596 2924 2675 3008 ’5;
2715 2922 2796 2975 Ad
2843 2921 3313 2984 misericordiam,
3370 2934 3491 2988 qua:
3556 2916 3621 2968 ad

351 3052 452 3093 nos
515 3035 796 3105 pertinet,
858 3029 1189 3084 trahendum
1248 3035 1335 3081 est
1366 3024 1501 3079 illud
1554 3020 1903 3090 proloquium
1948 3015 2249 3084 Scriptura:
2291 3031 2304 3067 :

2350 3034 2368 3065 ι
2397 2988 2704 3070 Misembdr
2723 3014 3111 3083 cujuscunque
3143 3014 3429 3067 misereor.
3464 3029 3481 3061 ι

334 3112 371 3171 ⁸η
426 3104 550 3181 Non
586 3126 787 3197 poteris
815 3121 988 3178 videre
1025 3121 1217 3191 faciem
1263 3135 1456 3173 nteant.
1506 3115 1629 3169 Non
1662 3114 1802 3167 enim
1857 3108 2047 3163 videbit
2083 3109 2239 3162 homo
2288 3106 2480 3177 faciem
2515 3124 2684 3161 meam
2737 3118 2784 3161 et
2812 3110 2975 3171 vivet,
3026 3115 3134 3160 ctc.
3185 3104 3327 3178 [20.]
3358 3106 3624 3171 Quamvis

351 3194 596 3287 plurima
625 3229 749 3285 qua:
797 3211 1058 3281 petivisti,
1097 3224 1128 3262 a
1163 3223 1248 3262 me
1283 3206 1548 3274 accipias,
1580 3217 1687 3262 me,
1745 3201 1997 3267 inquam,
2028 3196 2461 3248 commiserante
2509 3209 2673 3263 quem
2725 3194 3163 3247 commiserebor
3194 3207 3207 3243 :
3237 3202 3479 3246 attamen
3516 3209 3625 3248 non

354 3280 698 3371 consequere
729 3280 856 3360 hoc.
883 3296 1032 3367 quod
1079 3292 1403 3364 poposcisti,
1446 3299 1504 3344 ut
1546 3302 1721 3343 meam
1760 3285 1951 3339 videas
1994 3281 2209 3335 faciem.
2245 3280 2377 3334 Nam
2432 3280 2700 3336 morietur
2752 3282 3069 3350 quicunque
3123 3280 3487 3347 impossibilia
3532 3295 3649 3339 co-_

356 3368 625 3464 gnoscere
660 3389 975 3461 aggreditur
1010 3405 1022 3438 :
1053 3384 1201 3454 quod
1234 3398 1358 3437 cum
1413 3381 1581 3434 homo
1636 3377 1731 3439 sit,
1768 3372 2077 3454 instituerit
2123 3370 2313 3462 rimari
2348 3380 2401 3424 et
2450 3372 2789 3440 perscrutari
2841 3384 2967 3439 qua:
3004 3368 3352 3423 reluctantur
3381 3369 3627 3421 humano

355 3454 756 3536 intellectum;
779 3475 947 3529 Nemo
977 3473 1123 3527 enim
1155 3470 1442 3524 hominum
1495 3467 1662 3519 Deum
1691 3461 1862 3524 vidit,
1893 3474 1993 3512 nec
2030 3454 2212 3512 videre
2260 3467 2439 3527 potest
2466 3458 2534 3511 ⁸⁸.
2570 3477 2588 3511 ι
2622 3458 2796 3513 Isaias
2837 3458 3133 3525 conspexit
3163 3456 3356 3509 faciem
3391 3456 3513 3525 ejus
3535 3471 3629 3508 ve-

352 3565 548 3624 latam.
587 3567 841 3634 Abyssus
867 3570 926 3615 ut
950 3558 1346 3614 vestimentum
1383 3569 1493 3623 quo
1516 3550 1791 3604 amicitur.
1830 3545 1986 3611 Quod
2030 3560 2159 3599 vero
2186 3544 2431 3598 humano
2464 3547 2535 3599 ab
2562 3544 2848 3598 intellectu
2892 3545 3011 3612 capi
3046 3551 3304 3612 nequeat,
3331 3544 3512 3611 caligo
3540 3558 3630 3595 ar-

357 3663 625 3726 gumento
654 3630 757 3706 est.
784 3649 844 3702 Si
877 3646 1025 3701 enim
1059 3644 1141 3706 hi,
1172 3643 1269 3711 qui
1305 3640 1359 3694 in
1395 3639 1595 3694 calum
1632 3634 1933 3689 ascendere
1965 3633 2311 3698 nitebantur,
2352 3647 2413 3687 re
2460 3630 2664 3687 infecta
2701 3646 2730 3684 a
2774 3638 2959 3700 empto
2980 3630 3322 3696 cogebantur
3357 3630 3631 3683 desistere

358 3715 527 3814 opere
563 3781 579 3807 ,
606 3745 821 3809 quanto
863 3733 1042 3805 magis
1089 3731 1296 3786 frustra
1325 3725 1618 3789 laborabit,
1649 3723 1741 3793 qui
1778 3723 1952 3776 Deum
1985 3734 2212 3775 eernere
2242 3727 2545 3773 temerario
2578 3735 2715 3773 ausu
2765 3716 3100 3771 conabitur?
3141 3716 3411 3769 Caeterum
3459 3715 3627 3770 Deum

358 3803 720 3898 conspicatur
758 3840 869 3879 non
924 3803 1110 3882 homo,
1169 3818 1266 3872 sed
1326 3815 1419 3885 qui
1457 3813 1626 3867 vitam
1658 3810 1951 3869 carnalem,
1983 3807 2222 3871 excedit,
2249 3815 2303 3861 et
2350 3809 2676 3877 angelorum
2721 3806 2889 3859 vitam
2947 3806 3082 3858 vivit
3127 3804 3434 3858 secundum
3467 3803 3630 3858 fidem

364 3890 746 3988 parvulorum,
768 3924 1014 3981 quorum
1042 3906 1217 3976 angeli
1254 3917 1470 3971 semper
1494 3907 1828 3955 contuentur
1858 3895 2050 3951 faciem
2082 3894 2285 3958 Patris,
2316 3897 2409 3963 qui
2433 3904 2517 3948 est
2542 3896 2594 3946 in
2628 3894 2785 3949 etniis
2813 3894 2876 3945 ιτ.
2915 3890 3051 3945 Nam
3086 3903 3255 3947 ειυιιι
3282 3894 3499 3946 morm"
3526 3893 3631 3946 hac

362 3980 497 4067 vita,
518 4002 622 4072 qui
656 3980 1018 4069 puril'uerint
1048 3994 1238 4056 corde,
1271 3987 1622 4058 conspicient
1653 3985 1845 4040 Deum.
1885 3981 1950 4035 Et
1978 3983 2032 4036 in
2066 3982 2171 4035 hoc
2201 3981 2404 4036 saeculo
2456 3980 2736 4043 fortassis,
2767 3982 2858 4047 qui
2893 3997 3004 4035 non
3053 3982 3357 4036 secundum
3405 3996 3631 4035 carnem

362 4065 670 4145 ambulant
699 4085 1002 4141 secundum
1048 4078 1465 4151 proportionem
1515 4088 1624 4144 qua
1654 4088 1723 4127 ex
1765 4079 1919 4141 parte
1954 4077 2317 4139 cegnoscunt,
2346 4076 2407 4121 ut
2439 4068 2631 4122 dicant
2668 4086 2681 4122 :
2734 4086 2753 4119 ι
2780 4065 3166 4136 Significatunt
3204 4077 3293 4124 est
3327 4084 3496 4138 super
3532 4084 3632 4123 nos
3718 4101 3733 4109 ε

365 4179 553 4234 lumen
583 4177 772 4230 vultus
802 4172 905 4234 tui,
946 4169 1177 4224 Domine
1201 4165 1272 4220 ¹⁸.
1309 4182 1327 4214 ι
1359 4193 1430 4204 --
1466 4181 1482 4214 ι
1515 4160 1757 4216 Ostende
1785 4159 1979 4211 faciem
2017 4168 2188 4217 tuam.
2228 4166 2280 4211 et
2309 4155 2663 4210 servabimur
2687 4156 2753 4208 η.
2794 4174 2814 4207 ι

434 4264 738 4337 Πρόσωπον
766 4260 822 4312 δὲ
853 4255 988 4311 Θεοῦ
1022 4253 1115 4308 τοῦ
1153 4250 1470 4321 ἀσωμάτου,
1515 4248 1549 4318 ἢ
1580 4250 1608 4300 ὁ
1657 4243 1927 4337 χαρακτὴε

2119 4243 2315 4299 Facies
2338 4242 2432 4296 Dei
2468 4242 2786 4312 incorporei
2813 4250 2920 4307 est,
2946 4250 3041 4295 aut
3062 4242 3351 4297 character
3377 4244 3637 4307 substan-

363 4356 464 4423 τῆς
492 4336 854 4413 νὺποστάσεως
897 4345 1085 4410 αὐτοῦ,
1124 4343 1184 4405 ὂς
1232 4341 1329 4396 καί
1369 4354 1538 4410 φησιν
1563 4377 1579 4401 ,
1616 4355 1635 4388 ι
1688 4336 1745 4389 Ὀ
1770 4336 1944 4405 ἑωρα-

368 4447 481 4513 κὼς
503 4446 628 4518 ἐμὲ,
651 4442 864 4514 ἑώρακε
894 4440 985 4493 τὸν
1016 4437 1260 4507 Πατέρα·
1291 4453 1308 4486 ι
1372 4433 1404 4504 ἧ
1453 4430 1584 4500 γοῦν
1609 4431 1643 4501 ἡ
1676 4444 1947 4498 προηγουι

371 4541 508 4611 μένη
560 4535 691 4608 περὶ
716 4534 882 4587 αὐτὸν
930 4528 1218 4597 θεολογία,
1272 4525 1371 4596 τῆς
1419 4524 1547 4595 περὶ
1584 4519 1947 4592 δημιουργίας

367 4629 536 4688 αὐτοῦ
575 4628 669 4684 καὶ
693 4623 951 4699 προνοίας
979 4616 1550 4693 ἁντιδιαστελλομένη.
1579 4614 1744 4685 Διττὴ
1774 4617 1842 4682 γὲ
1853 4630 1885 4681 ρ
1914 4615 1948 4683 ἡ

303 4736 339 4778 .‘
369 4724 640 4793 θεολογία.
674 4715 776 4775 ’Ὧν
803 4721 838 4790 ἡ
867 4716 1060 4789 πρώτη
1081 4754 1097 4781 ,
1140 4714 1268 4783 περὶ
1299 4712 1407 4781 τῆς
1440 4707 1700 4778 ὑπάρξει»
1711 4725 1728 4769 ;
1782 4703 1948 4758 αὑτοῦ

354 4814 712 4884 διαλέγεται·
765 4812 903 4881 ὅπερ
965 4808 1189 4876 λέγεται
1248 4803 1539 4875 πρόσωπον
1613 4797 1947 4867 ἀθεώρητον·

382 4906 533 4963 κατὰ
562 4906 674 4975 γὰρ
710 4903 808 4975 τὴν
855 4899 1137 4972 δευτέραν,
1167 4895 1390 4950 δυνατὸν
1428 4890 1593 4947 αὐτοῦ
1627 4887 1951 4959 θεωρεῖσθαι

369 4997 435 5053 τὸ
464 4997 776 5068 πρόσωπον.
825 4993 917 5046 Διδ
969 4992 1062 5045 καὶ
1111 4987 1349 5057 Μωῦσῆς
1384 4983 1680 5052 ἐπεύχεται
1710 4979 1787 5049 τῷ
1817 4976 1947 5047 λαῷ·

380 5109 401 5145 ι
438 5086 756 5159 Ἐπάραιτδ
787 5084 1078 5156 πρόσωπον
1106 5078 1274 5132 αὐτοῦ
1301 5077 1394 5130 ἐπὶ
1423 5075 1505 5136 σὲ,
1535 5072 1630 5126 καὶ
1662 5070 1952 5137 εὑλογήσλι

375 5196 472 5237 σε·
504 5200 524 5233 ι
559 5179 823 5247 ἐπιφᾶναι
871 5173 935 5228 τὸ
985 5174 1279 5244 πρόσωπον
1321 5166 1510 5231 αὑτοῦ,
1566 5165 1661 5218 καὶ
1708 5159 1821 5231 δῴη
1865 5174 1952 5215 ,σοι

374 5273 620 5346 εἰρήνην,
660 5289 678 5321 ι
716 5264 918 5321 Τούτου
943 5263 1039 5318 τοῦ
1072 5259 1369 5330 προσώπου
1404 5258 1628 5327 γέγονεν
1659 5254 1765 5318 ἔξω
1790 5253 1949 5312 Κάῖν,

316 5420 327 5425 ,
378 5365 582 5439 μηκέτι
621 5360 977 5433 δημιουργὸν,
1011 5355 1148 5427 μηδὲ
1188 5351 1493 5425 προνοητὴν
1513 5347 1897 5417 λογισάμενος.

2053 4337 2144 4390 tite
2176 4336 2300 4406 ejus
2334 4334 2403 4401 ’°,
2440 4336 2533 4403 qui
2585 4336 2763 4405 inquit
2796 4354 2809 4391 :
2842 4354 2860 4386 ι
2893 4336 2996 4400 Qui
3027 4336 3174 4422 videt
3223 4351 3331 4399 me,
3354 4408 3363 4417 ἱ
3387 4336 3538 4392 videt
3581 4348 3636 4392 et

2053 4425 2271 4481 Patrem
2294 4428 2337 4458 ⁸⁸
2366 4443 2381 4492 ;
2422 4448 2441 4478 ι
2473 4434 2569 4480 aut
2600 4426 2721 4495 ejus
2750 4426 3054 4495 theologia,
3087 4439 3208 4495 qua:
3230 4426 3423 4479 edocet
3458 4425 3635 4496 ipsius

2055 4519 2339 4590 opificium
2375 4518 2483 4573 hoc
2519 4518 2757 4588 insigne,
2795 4525 2849 4572 et
2875 4526 3101 4573 enarrat
3134 4516 3308 4586 ipsius
3339 4518 3634 4586 providen-

2056 4613 2211 4665 tiam.
2250 4609 2461 4681 Duplex
2490 4612 2636 4665 enim
2673 4618 2759 4665 est
2806 4611 3103 4680 theologia.
3142 4608 3325 4663 Prima
3363 4610 3636 4680 theologia

2052 4714 2311 4759 versatur
2339 4704 2486 4758 circa
2524 4704 2826 4759 essentiam
2864 4702 2979 4758 Dei.
3010 4701 3134 4756 llaec
3159 4702 3401 4758 essentia
3436 4702 3639 4756 dicitur

2052 4792 2228 4849 facies
2250 4794 2545 4849 invisibilis
2578 4794 2902 4864 nominique
2932 4794 3249 4847 mortalium
3283 4794 3421 4847 visa.
3454 4795 3638 4848 Altera
3694 4780 3697 4783 5

2055 4893 2238 4937 autem
2273 4883 2548 4953 theologia
2579 4884 2741 4938 docet
2780 4897 2883 4937 nos
2916 4884 3213 4937 secundam
3241 4883 3334 4937 Dei
3365 4899 3529 4953 posse
3555 4884 3638 4936 vi-

2056 4974 2185 5029 dere
2232 4975 2450 5029 faciem.
2488 4976 2837 5046 Quapmpter
2872 4983 3025 5046 optat
3063 4978 3267 5046 popqu
3298 4975 3500 5046 Moses,
3556 4976 3640 5029 in-

2058 5068 2258 5137 quiens
2292 5086 2305 5122 :
2342 5087 2361 5120 ι
2393 5069 2537 5123 Leva
2587 5044 2788 5123 faciem
2852 5044 3024 5133 tuam,
3064 5044 3151 5123 vet,
3191 5070 3260 5125 da
3313 5044 3520 5140 popqu
3548 5085 3637 5141 pa-

2060 5177 2178 5216 cem
2203 5162 2274 5216 ".
2311 5181 2329 5214 ι
2354 5160 2509 5217 lianc
2542 5161 2637 5217 Dei
2671 5161 2868 5217 faciem
2908 5163 3161 5228 nescivit,
3206 5164 3317 5220 ime
3349 5165 3641 5233 abnegavit

2022 5316 2027 5323 η
2059 5255 2220 5318 Cain,
2239 5271 2364 5310 cum
2384 5254 2567 5309 Deum
2580 5264 2866 5325 reputaret
2887 5255 3031 5309 haud
3051 5257 3291 5326 amplius
3311 5266 3640 5315 creatorem,

2061 5364 2165 5404 nec
2200 5349 2439 5418 amplius
2474 5347 2882 5418 providentiam
2911 5348 2968 5402 in
3002 5362 3101 5402 sua
3132 5348 3412 5419 porrigere
3447 5363 3637 5416 ονε-τη.

453 5558 523 5609 ⁸1
562 5545 776 5621 Τιηίνι,
820 5555 911 5612 l5.
982 5550 1205 5607 'Matth.
1234 5567 1288 5611 v,
1320 5550 1374 5604 7.
1450 5548 1475 5621 ξ
1508 5546 1665 5621 Rom.
1698 5542 1926 5621 ta.'_l6.'

2039 5523 2294 5621 Psal.t._vt,
2334 5540 2623 5621 2.‘_'_l_sa._
2655 5558 2863 5607 χχχιιι,
2890 5542 3001 5621 2.“
3038 5542 3059 5573 ’
3092 5540 3291 5621 Jercru.
3338 5546 3484 5621 itm:
3510 5576 3522 5597 ,

386 5629 433 5660 ¹⁹
471 5627 611 5680 Psal.
649 5618 826 5686 xxxv,
872 5624 954 5680 ll.
1074 5625 1114 5655 “
1153 5626 1254 5675 lsa.
1291 5635 1401 5683 ιιν,
1453 5618 1506 5672 8.

384 5784 424 5836 I,
455 5768 509 5822 5.
602 5767 643 5829 ἐ
674 5766 813 5820 Joau
841 5780 947 5829 διν,
975 5764 1027 5822 9..
1106 5765 1149 5792 ¹²
1184 5761 1344 5815 Nam.
1383 5775 1453 5823 ιι,
1486 5759 1575 5820 ‘25,
1604 5758 1691 5808 ‘lb‘.

602 5767 643 5829 ’ἵ
674 5766 813 5820 Joau
841 5780 947 5829 διν,
975 5764 1027 5822 9,.

1611 5616 1653 5646 ³³
1697 5614 1840 5666 l’sal.
1903 5628 2065 5667 Ls;va
2093 5632 2109 5669 ι
2137 5653 2150 5676 ,
2206 5616 2258 5667 8.

386 5700 430 5730 "
465 5698 610 5752 Psnl.
668 5682 839 5767 sunt,
869 5697 924 5748 5.
982 5693 1043 5767 _"
1070 5692 1262 5767 flint.
1288 5707 1362 5750 νι,
1398 5686 1818 5767 Ιϋ.“¹⁷η1ίέίιιιιίι.
1854 5696 2007 5767 svnt,
2038 5682 2123 5738 l0.

3145 5613 3186 5639 ¹’⁸
3225 5609 3410 5660 Malui.
3448 5621 3497 5658 ι.
3556 5603 3643 5656 ti5.

3401 5674 3444 5704 ²⁰
3479 5673 3643 5728 licbl‘.

2408 5613 2450 5644 ¹³
2500 5611 2645 5667 l’sal.
2685 5630 2850 5667 uxux
2888 5653 2901 5674 ,
2941 5612 3027 5665 1‘2.

2241 5683 2283 5751 ’⁸η
2310 5682 2455 5737 Psal.
2492 5699 2543 5737 tv
2570 5724 2585 5749 ,
2634 5685 2683 5738 7.
2766 5686 2806 5717 ’θ
2829 5683 2976 5736 Psal.
3004 5697 3163 5735 tum
3190 5719 3204 5741 ,
3240 5680 3292 5730 8.
