4058 6202
431 221 542 285 679

1720 218 2074 280 PROCOPII
2113 185 2352 278 oAz/m

3593 218 3697 280 630

509 323 647 381 Ecce
675 341 829 392 penes
864 331 944 378 nte
993 325 1163 392 locus,
1193 343 1345 396 quem
1376 329 1590 381 ostendo
1621 327 1714 380 tibi
1735 336 1787 382 et
1814 327 1982 381 stabis
2019 342 2178 396 super
2191 337 2362 395 petra,
2386 337 2491 380 etc.
2510 323 2900 399 [XXXIILQL]
2924 328 3062 384 Deus
3081 328 3246 400 316
3264 327 3696 385 consolationem

439 412 682 468 adhibet.
706 411 844 466 Mosi
877 409 1175 466 indicando
1205 413 1292 467 sui
1324 413 1615 478 visionem,
1647 426 1920 484 quatenus
1953 413 2160 467 homini
2196 415 2414 468 mortali
2450 415 2532 470 fas
2559 415 2629 469 sit
2655 414 2841 469 divina
2878 416 3090 470 visione
3114 417 3240 470 l'rui.

509 517 688 573 Locus
722 519 839 581 ille,
869 519 964 590 qui
1015 534 1184 592 penes
1225 522 1392 574 Deum
1423 531 1509 576 eSt
1553 529 1603 574 et
1633 530 1786 590 petra
1819 521 2025 575 dicitur
2053 509 2099 562 Α

435 619 528 667 est
549 625 715 667 verus
745 611 916 664 animi
947 627 1046 666 seu
1081 612 1284 666 tuentis
1309 611 1378 667 de
1402 612 1676 684 theologia
1703 619 2024 681 conceptus.

435 701 556 757 Hoc
579 702 852 770 siquidem
887 704 1110 758 nomine
1141 702 1396 758 Salvator
1438 704 1580 759 Petri
1617 703 2024 759 confessionem

440 795 702 864 dignatus
750 803 856 850 est.
915 793 1057 848 iluic
1095 795 1430 864 astipulatnr
1473 805 1528 850 et
1581 797 1695 850 htec
1728 795 2029 864 Scriptum

441 887 716 940 sententia
745 904 758 940 :
791 903 810 935 ι
840 883 894 938 ln
931 896 1086 952 petra
1121 886 1385 940 exaltavit
1412 903 1498 941 me
1519 888 1587 939 ".
1617 907 1635 939 ι
1661 887 1778 942 Huc
1807 894 2028 956 aptctur

441 987 498 1030 et
523 977 656 1030 illud
689 994 703 1030 :
739 995 757 1027 ι
785 975 1083 1030 Cullocasti
1116 993 1284 1046 super
1313 987 1520 1048 petram
1557 978 1719 1044 pedes
1746 993 1901 1033 meos
1923 977 2020 1042 “,i

443 1067 706 1122 nimirum
740 1081 910 1136 super
943 1067 1222 1122 sincerum
1249 1079 1304 1122 et
1349 1069 1732 1138 incorruptum
1771 1067 1861 1124 Dei
1913 1085 2028 1124 ser-

445 1172 687 1221 monem,
737 1157 830 1224 qui
881 1164 970 1210 est
1017 1157 1328 1225 spiritualis
1382 1167 1558 1226 petra.
1615 1157 1796 1212 Locus
1844 1166 2026 1210 autem

445 1263 556 1301 non
609 1245 1002 1315 intelligendus
1049 1255 1138 1300 est
1179 1247 1480 1301 secundum
1539 1248 2027 1317 praedicameutmn

441 1337 802 1408 quantitatis.
858 1336 1006 1391 Deus
1057 1337 1268 1392 etenim
1328 1353 1438 1392 non
1479 1348 1566 1392 est
1605 1353 1842 1411 corpus.

513 1448 770 1505 Plurimae
801 1449 949 1504 enim
1013 1449 1118 1504 loci
1156 1461 1284 1506 sunt
1307 1451 1746 1521 signiﬁcationes
1769 1458 2026 1517 etnotae,

443 1541 909 1613 quemadmodum
958 1540 1126 1594 etiam
1175 1541 1328 1594 hoc:
1378 1559 1397 1591 ι
1433 1540 1492 1594 Ει
1546 1541 1752 1595 factum
1789 1553 1918 1609 est,
1970 1552 2028 1598 ut

441 1641 590 1689 esset
635 1632 691 1686 in
737 1629 976 1700 quodam
1035 1630 1156 1684 loco
1201 1646 1370 1685 orans
1393 1633 1458 1685 ”.
1496 1650 1514 1682 ι
1565 1629 1630 1684 Et.
1684 1633 1831 1686 hoc:
1871 1632 2027 1686 «Non

447 1722 755 1776 movebitur
787 1721 948 1774 homo
971 1735 1036 1773 ex
1062 1721 1180 1774 loco
1209 1736 1312 1774 suo
1333 1721 1386 1773 in
1409 1721 1500 1774 die
1529 1721 1752 1776 Sabbati
1775 1724 1842 1778 “.
1875 1741 1894 1774 ι
1923 1724 2028 1776 Aut

2202 520 2391 574 Ἔστιν
2431 521 2524 575 οῦν
2557 524 2585 575 6
2637 514 2772 592 παρῧ
2799 523 2948 594 αὐτῷ
2983 525 3165 592 τόπος,
3213 527 3392 597 πέτρα
3421 527 3701 599 καλούμε-

2125 629 2238 678 νος,
2278 613 2311 682 ἡ
2343 613 2474 682 περὶ
2504 612 2785 681 θεολογίας
2806 613 2941 683 ὀρθὴ
2971 613 3252 685 διάληψις.
3285 617 3444 672 Οὕτω
3465 619 3574 690 γὰρ
3603 622 3700 674 καὶ

2123 703 2224 774 τὴν
2275 704 2569 773 ὁμολογίαν
2617 707 2830 777 Πέτρου
2878 707 3149 776 κέκληκεν
3190 711 3220 761 6
3264 710 3478 782 Σωτήρ.
3509 713 3700 791 Τούτῳ

2126 799 2422 868 σύμφωνον
2444 804 2540 855 καὶ
2573 803 2654 868 τὸ,
2695 823 2713 854 ι
2740 805 2832 858 Ἐν
2861 805 3043 876 πέτρᾳ
3059 805 3280 876 ὖψωσάς
3309 825 3398 878 με.
3433 828 3453 861 ι
3476 811 3587 864 Καὶ
3615 811 3698 875 τὸ,
3753 808 3769 828 ⁸

2130 907 2150 940 ι
2174 889 2451 958 Ἔστησας
2496 894 2591 947 ἐπὶ
2642 895 2851 962 πέτραν
2893 897 3022 958 τοὺς
3060 897 3226 960 πόδας
3255 915 3379 968 μου.
3421 917 3440 950 ι
3487 901 3698 974 Δηλαδὴ

2123 979 2222 1034 ἐπὶ
2255 981 2348 1033 τὸν
2373 985 2590 1054 ἀρῤαγῆ
2621 985 2718 1038 τοῦ
2747 986 2884 1039 Θεοῦ
2916 987 3100 1057 λόγον,
3127 989 3256 1042 ϐντα
3296 990 3506 1060 πέτραν
3537 1011 3698 1047 πνευ-

2129 1075 2390 1144 ματικήν.
2427 1074 2488 1128 '0
2517 1075 2574 1128 δὲ
2609 1076 2776 1140 τόπος
2807 1079 2869 1130 οὐ
2892 1079 3036 1132 κατὰ
3057 1080 3119 1133 τὸ
3151 1080 3317 1134 ποσὸν
3351 1081 3698 1154 νοηθήσεται.

2127 1163 2202 1214 Οὐ
2229 1163 2340 1234 γὰρ
2374 1163 2538 1236 σῶμα
2574 1165 2730 1230 Θεός.

2197 1449 2376 1503 Πολλὰ
2425 1449 2536 1521 γὰρ
2592 1451 2688 1506 τὀῦ
2741 1455 2906 1509 τόπου
2961 1456 3030 1510 τὰ
3095 1465 3494 1536 σημαινόμενα.
3529 1471 3600 1524 Ἢ
3637 1471 3702 1526 τὺ

2128 1541 2316 1600 ποσὸν.
2349 1542 2425 1606 ὡς
2447 1543 2509 1596 τὸ
2535 1583 2550 1608 ,
2589 1563 2608 1595 ι
2638 1545 2889 1614 Ἐγένετο
2912 1551 2970 1602 ὲν
2998 1550 3076 1622 τῷ
3118 1550 3258 1608 εἶναι
3305 1558 3470 1612 αὐτὸν
3503 1559 3560 1613 ἐν
3593 1579 3702 1617 τινι

2127 1631 2274 1702 τόπῳ
2321 1635 2776 1704 προσευχόμενον.
2804 1657 2821 1688 ι
2871 1639 2978 1693 Καὶ
3037 1642 3116 1707 τὸ,
3159 1663 3178 1696 t
3218 1646 3292 1700 Οὐ
3344 1651 3702 1722 κινηθήσεται

2132 1722 2422 1792 ἄνθρωπος
2462 1727 2527 1778 ἐκ
2550 1727 2646 1779 τοῦ
2673 1727 2842 1782 τόπου
2866 1731 3033 1784 αὐτοῦ
3055 1736 3112 1786 ἐν
3137 1737 3324 1808 ἡμέρᾳ
3356 1740 3694 1800 Σαϐϐάτου..

448 1812 604 1866 locus
622 1809 950 1878 intelligitur
975 1809 1157 1862 anima
1177 1823 1338 1878 pura,
1359 1825 1481 1878 quae
1501 1810 1638 1865 facta
1661 1820 1746 1866 est
1767 1814 2027 1882 templum

2139 1813 2206 1865 Ἢ
2232 1815 2380 1884 ψυχὴ
2400 1816 2640 1886 καθαρὰ,
2671 1818 2797 1882 ναὸς
2825 1819 2961 1874 Θεοῦ
2980 1827 3272 1898 γενομένη,
3295 1830 3370 1894 ὡς
3388 1833 3469 1900 τὸ,
3501 1852 3522 1886 ι
3548 1835 3699 1904 Ἐγέ.

448 1899 564 1965 Dei,
599 1897 1066 1968 quemadmodum
1106 1915 1330 1952 monere
1360 1900 1581 1953 videtur
1613 1901 1744 1956 illud
1770 1903 1976 1956 dictum
2008 1920 2024 1955 :

452 2011 470 2042 σ
497 1990 625 2046 Fuit
673 1992 726 2044 in
781 2005 912 2060 pace
953 1990 1108 2044 locus
1158 1977 1282 2058 ejus
1310 1991 1376 2044 ’".
1417 2009 1438 2042 ι
1496 1991 1672 2046 Locus
1709 2008 1946 2062 namque
1972 1994 2026 2048 in

448 2099 583 2152 pace
619 2091 728 2150 est,
765 2098 865 2137 nec
903 2098 1005 2152 pax
1043 2084 1097 2136 in
1131 2083 1273 2137 loco.
1322 2083 1466 2140 Deus
1508 2087 1782 2154 siquidem
1821 2087 2029 2142 habitat

450 2177 504 2230 in
537 2177 724 2230 animo
768 2177 837 2230 ab
879 2177 1138 2231 omnibus
1164 2177 1680 2246 perturbationibus
1726 2181 1922 2246 libero,
1972 2190 2028 2236 et

447 2267 695 2320 ambulat
724 2267 778 2320 in
820 2267 1030 2329 animo,
1065 2269 1158 2336 qui
1207 2267 1371 2322 habet
1406 2283 1620 2337 pacem,
1650 2286 1771 2338 qua:
1807 2281 2030 2340 superat

446 2373 668 2414 onmem
717 2359 1087 2412 intellectum.
1121 2361 1188 2414 At
1242 2361 1294 2414 in
1347 2362 1671 2430 perturbato
1716 2371 1770 2416 et
1795 2364 2028 2420 confuso

448 2451 643 2506 animo
661 2450 1002 2505 domicilium
1033 2451 1200 2506 habet
1229 2450 1299 2514 is,
1336 2453 1430 2521 qui
1461 2451 1690 2522 impellit
1721 2460 1776 2508 et
1805 2453 2031 2526 instigat

450 2541 592 2596 ﬁlios
640 2543 1041 2596 inobedientes.
1074 2540 1192 2595 Non
1245 2542 1414 2609 igitur
1448 2543 1518 2594 ah
1575 2557 1632 2597 re
1663 2545 2025 2615 praecipitur:

453 2649 475 2683 ι
505 2629 582 2686 Ne
608 2632 827 2685 occidat
854 2631 938 2686 sol
987 2647 1154 2701 super
1186 2631 1320 2685 iram
1365 2641 1626 2692 vestram.
1661 2649 1835 2702 neque
1865 2634 2030 2689 dede-

450 2723 577 2778 ritis
603 2723 787 2778 locum
827 2723 1050 2778 diabolo
1069 2723 1134 2792 ’ᾗ
1171 2741 1190 2774 ι
1242 2721 1377 2775 Nam
1421 2722 1512 2776 Dei
1549 2722 1724 2778 Filius
1769 2741 1892 2779 cum
1929 2725 2029 2778 Pa-

449 2825 533 2871 tre
557 2815 739 2869 sedem
791 2815 956 2870 habet
999 2815 1053 2868 in
1102 2813 1250 2880 ﬁliis,
1288 2814 1382 2883 qui
1416 2830 1524 2868 non
1566 2815 1848 2884 agitantur
1898 2815 2030 2870 οιτο-

452 2916 642 2960 vtunm
679 2905 959 2976 procellis,
992 2914 1048 2958 ct
1071 2913 1404 2958 consetvant
1431 2918 1742 2958 sermonem
1775 2905 1894 2972 cjus
1917 2905 2032 2973 pel-

453 3000 657 3054 lentem
702 2996 920 3051 fortiter
945 3011 1140 3051 omnes
1188 2976 1652 3050 allectus.'Locus
1691 3010 1912 3064 quoque
1957 2995 2032 3050 si-

451 3093 678 3160 gniticat
714 3089 966 3144 ordinem
995 3097 1051 3141 et
1092 3087 1344 3158 gradum,
1382 3096 1439 3140 ttt
1485 3095 1634 3157 patet
1669 3101 1732 3141 ex
1764 3087 2032 3142 electione

2131 1921 2254 1998 νετο
2269 1907 2327 1998 εν
2347 1906 2540 1998 εἰρήνῃ
2559 1909 2588 1960 6
2601 1907 2762 1972 τόπος
2794 1910 2982 1979 αὐτοῦ.
2997 1931 3016 1964 ›
3038 1913 3096 1968 Ὀ
3111 1915 3273 1981 τόπος
3289 1921 3399 1993 γὰρ
3416 1924 3699 1998 ὲνείρήνῃ,

2127 1995 2227 2048 οὐκ
2255 1996 2445 2090 είρηνη
2480 1998 2540 2090 εν
2573 1997 2653 2067 τῷ
2685 2000 2858 2068 τόπῳ.
2890 2001 3023 2067 Θεὸς
3051 2006 3162 2077 γὰρ
3184 2010 3242 2072 ὲν
3269 2011 3529 2085 ἀταράχῳ
3552 1995 3697 2090 claui?)

2127 2089 2378 2140 κατοικεῖ
2404 2089 2502 2140 καὶ
2529 2093 2846 2160 περιπατεῖ,
2871 2095 2940 2163 τῇ
2973 2096 3175 2168 ἐχούσῃ
3201 2101 3303 2170 τὴν
3328 2089 3700 2176 ὑπερέχουσαν

2127 2177 2308 2272 παντο.
2341 2179 2436 2272 νῦν
2467 2181 2724 2272 εἰρήνην·
2757 2182 2834 2244 ὡς
2863 2186 2924 2236 ὲν
2947 2188 3013 2256 τῇ
3048 2193 3439 2268 τεταραγμένῃ
3477 2199 3505 2250 ὁ
3542 2200 3689 2272 ἐνερ-

2126 2266 2240 2361 γῆν
2267 2270 2324 2320 ὲν
2355 2271 2468 2361 τοῖς
2503 2269 2639 2361 uiui;
2667 2271 2767 2340 τῆς
2789 2273 3098 2340 ἀπειθείας.
3130 2298 3150 2330 ι
3178 2281 3270 2352 Μὴ
3299 2266 3568 2342 ἐπιδυέτω
3591 2266 3700 2361 γόῳ

2125 2360 2152 2410 6
2181 2357 2334 2426 ἥλιος
2363 2359 2456 2412 ἐπὶ
2479 2359 2556 2429 τῷ
2591 2365 2962 2436 παροργισμῷ
2996 2367 3174 2438 ὑμῶν,
3210 2374 3346 2444 μηδὲ
3374 2374 3510 2430 δῶτε
3530 2357 3699 2434 τόπον

2125 2445 2203 2515 τῷ
2234 2447 2487 2518 διαϐόλῳ.
2528 2468 2548 2501 ι
2583 2449 2676 2504 Ἐν
2709 2453 2816 2522 γὰρ
2845 2457 2959 2519 τοῖς
3001 2459 3272 2514 ἀπαθέσιν
3305 2465 3332 2516 6
3377 2465 3510 2530 Υἱὸς
3555 2475 3696 2538 μετὰ

2125 2539 2219 2590 τοῦ
2251 2540 2465 2610 Πατρὺς
2489 2545 2726 2596 ποιεῖται
2759 2546 2948 2616 μονὴν,
2973 2550 3199 2618 τηροῦσι
3227 2555 3316 2606 τὸν
3348 2556 3505 2622 λόγον
3532 2563 3698 2616 αὑτοῦ

2129 2625 2220 2678 τὸν
2247 2624 2606 2690 ἐξελαύνοντα
2640 2629 2788 2698 πό.οη
2839 2631 3040 2702 ψυχῆς.
3072 2636 3234 2705 Δηλοῖ
3263 2637 3319 2690 δὲ
3349 2641 3378 2692 6
3409 2641 3572 2703 τόπος
3607 2645 3700 2696 καὶ

2126 2717 2280 2782 τάξιν
2311 2719 2434 2774 τινὰ
2455 2720 2548 2773 καὶ
2566 2719 2798 2790 βαθμὸν,
2824 2724 2897 2787 ὠς
2925 2727 3017 2778 ἐπὶ
3038 2730 3102 2798 τῇ
3132 2732 3438 2803 χειροτονίᾳ
3459 2724 3702 2790 Ματθίου

2127 2811 2222 2863 καὶ
2268 2811 2472 2881 Ἰωσὴφ
2504 2814 2553 2865 οι
2583 2814 2718 2868 θεῖοί
2753 2833 2888 2885 φασι
2921 2812 3166 2890 μαθηταί
3193 2837 3208 2854 ·
3250 2843 3270 2877 ι
3307 2827 3615 2893 Ἀνάδειξον
3645 2831 3704 2882 εν

2128 2902 2360 2970 ἐξελέξω
2393 2907 2457 2958 ὲκ
2483 2906 2591 2960 τῶν
2622 2907 2733 2960 δύω
2769 2909 2980 2964 τούτων
3017 2913 3136 2980 ἕνα,
3169 2915 3358 2970 λαϐεῖν
3401 2920 3492 2970 τδν
3532 2922 3698 2974 τόπον

2130 2989 2233 3052 τῆς
2252 2989 2526 3056 διακονίας
2555 2995 2762 3064 ταύτης
2790 2994 2887 3049 καὶ
2913 2995 3245 3068 ἀποστολῆς,
3271 3001 3362 3070 ἀφ’
3387 2997 3454 3073 ἧς
3486 3003 3700 3074 παρέϐη

2145 3079 2372 3142 Ἰούδας.
2406 3100 2424 3131 ι
2459 3081 2636 3134 Τόπον
2667 3083 2777 3153 γάρ
2809 3101 2997 3152 φασιν,
3043 3086 3102 3140 ὃν
3144 3087 3352 3158 βαθμὸν
3381 3092 3640 3146 ἐκάλεσεν
3677 3099 3705 3147 6

455 3146 675 3237 Slathite
721 3189 776 3235 et
815 3177 1066 3248 Jnsephi,
1093 3146 1243 3232 vcum
1275 3146 1523 3233 dicereut
1555 3178 1733 3232 sancti
1779 3185 1833 3231 et
1861 3177 2034 3232 divini

2139 3167 2372 3232 Παῦλος,
2408 3168 2602 3258 εἰπὼν,
2639 3187 2656 3220 ι
2680 3146 2962 3235 -υίυκαλῶς
2985 3146 3453 3246 διακονήσαντες,
3498 3176 3704 3258 βαθμὸν

385 3282 394 3290 ’
453 3271 717 3342 discipuli
755 3285 771 3322 :
809 3268 1086 3324 (Ostende
1113 3282 1276 3338 quem
1314 3267 1557 3338 elegeris
1583 3282 1650 3322 ex
1681 3268 1769 3322 his
1819 3267 2037 3323 duobus

461 3379 634 3418 unum
675 3369 732 3415 ut
774 3361 1012 3429 accipiat
1044 3359 1226 3414 locum
1272 3359 1569 3415 ministerii
1611 3359 1777 3426 hujus
1821 3367 1874 3411 et
1907 3373 2040 3428 apo-

460 3453 676 3508 stolicae
715 3449 1038 3512 I'unctionis,
1081 3464 1189 3517 qua
1223 3447 1427 3501 excidit
1456 3445 1628 3502 ludas
1655 3447 1722 3498 ³⁸.
1760 3467 1778 3498 ι
1830 3445 2037 3499 Locum

462 3543 748 3598 nominant
795 3554 958 3608 quem
1009 3537 1214 3592 Paulus
1254 3537 1474 3592 vocavit
1509 3536 1759 3606 gradum,
1799 3535 1991 3590 dicens
2025 3553 2038 3586 :

467 3654 486 3686 ι
511 3633 616 3702 Qui
649 3635 786 3688 bene
815 3631 1274 3694 ministraverint,
1312 3629 1545 3698 gradum
1579 3630 1684 3683 sibi
1713 3629 1916 3683 bonum
1944 3643 2040 3698 pa-

464 3735 586 3781 rant
612 3725 679 3780 ⁸ο.
719 3744 736 3777 ι
778 3725 959 3778 Locus
987 3720 1263 3792 significat
1294 3735 1516 3790 quoque
1544 3719 1639 3775 Dei
1669 3721 2042 3790 pra-sentiam,

462 3824 523 3869 ut
581 3815 774 3868 decuit
854 3811 1052 3872 Iacob.
1111 3808 1308 3863 dicens
1360 3808 1416 3862 in
1466 3809 1678 3862 visione
1712 3807 1981 3861 scalarum
2014 3819 2043 3856 a

463 3918 608 3960 terra
641 3906 698 3958 in
729 3903 927 3957 cmlum
961 3909 1339 3954 surrecturum
1375 3917 1388 3954 :
1427 3917 1445 3950 ι
1471 3899 1641 3964 Quam
1673 3896 1936 3950 terribilis
1960 3905 2047 3950 cst

465 3998 626 4051 locus
673 3997 797 4050 iste.
851 3994 966 4063 Ego
1021 4000 1207 4047 autem
1264 4006 1372 4047 non
1416 4006 1674 4046 noveram
1709 3991 1774 4043 “.
1816 4007 1834 4040 ι
1899 3988 2044 4042 ldem

464 4095 690 4143 constat
723 4104 790 4142 ex
834 4089 930 4140 illo
973 4086 1248 4156 exemplo,
1295 4084 1519 4154 quando
1567 4083 1746 4138 Moses
1791 4097 1914 4134 cum
1951 4079 2046 4134 de-

465 4183 606 4235 lecta
637 4195 802 4234 manu
833 4178 1210 4234 lsraelitarum
1243 4176 1494 4231 ascendit
1531 4175 1587 4228 in
1621 4182 1890 4237 montem,
1919 4186 2046 4234 cum

467 4270 725 4324 viderunt
756 4270 938 4322 locum
978 4269 1034 4340 'ut
1078 4284 1188 4337 quo
1229 4276 1456 4321 steterat
1487 4265 1628 4318 Deus
1658 4263 1846 4318 Israel.
1885 4280 1905 4312 ι
1935 4261 2050 4340 Sub

466 4361 708 4433 pedibus
755 4360 879 4429 ejus
910 4367 1031 4413 erat
1085 4358 1241 4428 quasi
1286 4372 1424 4425 Optls
1461 4355 1650 4408 lateris
1697 4353 1894 4422 lapidis
1927 4368 2050 4422 sap-

467 4453 612 4522 phiri
651 4470 664 4506 :
698 4460 754 4506 et
785 4450 943 4517 quasi
988 4449 1180 4502 vultus
1214 4447 1543 4501 ﬁrmamenti
1581 4447 1804 4516 quando
1847 4448 2042 4501 sudum
2079 4479 2120 4533 Β

465 4548 551 4596 est
573 4543 646 4593 ³¹.
687 4558 704 4591 ι
746 4539 950 4592 Locum
1002 4538 1092 4592 hic
1145 4537 1368 4605 accipit,
1417 4536 1470 4590 in
1525 4552 1638 4606 quo
1679 4535 1771 4590 Dei
1810 4552 2048 4606 praesen-

466 4633 600 4686 tiam
644 4631 1040 4685 intellexerunt
1076 4629 1310 4700 pedibus
1349 4627 1470 4696 cjus
1521 4639 1843 4683 constanter
1884 4629 2051 4682 collo-

464 4723 606 4780 catis
639 4723 692 4776 in
723 4722 896 4776 latere
949 4721 1301 4791 sapphirino,
1335 4721 1549 4774 scilicet
1591 4723 1644 4775 in
1677 4724 1916 4788 practica
1941 4722 2052 4774 vir-

468 4823 606 4870 tute.
637 4812 956 4882 Speculatio
1009 4811 1154 4864 enim
1193 4825 1378 4864 rerum
1433 4811 1862 4879 intelligibilium
1897 4823 2050 4868 com-

465 4917 696 4976 paratur
729 4904 952 4974 puritati
989 4911 1042 4957 ct
1073 4903 1388 4968 serenitati,
1419 4903 1564 4958 caeli.
1607 4903 1668 4956 In
1703 4903 1846 4956 hunc
1867 4906 2046 4955 locum

465 4999 560 5068 qui
593 4995 924 5056 ascenderit.
974 4995 1143 5048 alitur
1193 5011 1336 5066 pane
1369 4995 1638 5060 veritatis,
1669 5002 1724 5048 et
1761 5001 2051 5050 saturatur

469 5085 655 5140 fructu
689 5085 822 5157 ligni
856 5085 1002 5139 vitae.
1035 5082 1180 5139 Bibit
1221 5100 1286 5138 ex
1332 5083 1488 5138 lonte
1532 5085 1677 5148 vitat,
1711 5093 1764 5138 et
1789 5099 1854 5138 ex
1897 5084 2044 5146 vino,

461 5177 614 5251 quod
666 5177 724 5232 in
777 5191 881 5232 suo
923 5183 1141 5230 cratere
1189 5176 1512 5247 temperavit
1571 5175 1840 5244 sapientia
1871 5174 1936 5227 ³³.
1987 5173 2046 5227 in

467 5273 614 5325 hunc
643 5268 867 5324 modum
916 5267 1138 5323 deliciis
1163 5267 1394 5321 delibuti
1429 5267 1582 5322 fuere
1631 5266 1810 5322 Moses
1841 5275 1896 5320 et
1926 5265 2046 5334 ejus

535 5446 588 5484 ἰ
609 5441 756 5502 Psal.
793 5439 1024 5504 πανοπε,
1093 5439 1142 5472 ³⁵
1163 5437 1309 5494 Psal.
1345 5440 1613 5500 xutx,3.
1690 5441 1735 5470 ⁸⁸
1762 5439 1899 5494 Luc.
1930 5454 2004 5496 tu.
2034 5439 2086 5489 i.

465 5533 537 5570 Iv.
567 5515 658 5576 ΞΟ,
687 5514 777 5568 27.

464 5602 536 5648 ιτ,
568 5584 622 5666 ἢ.

889 5513 936 5544 τ’
963 5511 1081 5564 Act.
1138 5525 1175 5574 ι,
1215 5509 1309 5574 2i,
1339 5509 1432 5562 εἴ.
1538 5508 1770 5561 ³⁰1Τοιιι
1828 5525 1908 5571 tu,
1947 5510 2026 5562 l5.

2138 3258 2352 3320 ἑαυτοῖς
2381 3257 2548 3310 καλὸν
2569 3259 3004 3326 περιποιοῦνται.
3039 3282 3055 3311 ι
3086 3259 3358 3336 Σημαίνὲξ
3379 3266 3407 3318 6
3424 3265 3588 3330 τόπος
3613 3257 3707 3320 καὶ

2138 3343 2275 3396 Θεοῦ
2305 3345 2629 3414 παρουσίαν,
2660 3345 2736 3409 ὡς
2761 3346 3032 3418 ἐδήλωσεν
3054 3350 3272 3414 Ἰακὼϐ,
3297 3354 3492 3422 λέγων,
3520 3357 3615 3409 ἐπὶ
3641 3361 3707 3428 τῇ

2141 3433 2240 3504 θέᾳ
2262 3435 2360 3503 τῆς
2389 3435 2680 3506 κλίμακος,
2721 3454 2740 3488 ‹
2769 3437 2858 3501 Ὠς
2890 3439 3120 3510 φοϐερός
3149 3441 3178 3493 ὁ
3203 3443 3368 3508 τόπος
3395 3439 3568 3510 οὗτος,
3599 3445 3709 3514 ἐγὼ

2146 3525 2202 3577 δὲ
2237 3526 2338 3578 οὐκ
2367 3525 2533 3596 ᾔδειν.
2561 3547 2579 3580 ι
2615 3527 2789 3582 Τοῦτο
2827 3529 2977 3600 δηλοῖ
3019 3532 3116 3584 και
3152 3519 3216 3586 τι
3244 3536 3374 3605 περὶ
3407 3538 3711 3603 Mulsum.

2145 3615 2240 3668 καὶ
2275 3615 2381 3669 τῶν
2416 3617 2834 3672 συναναϐάντων
2879 3620 3050 3698 αὐτῷ,
3081 3622 3172 3675 ὅτε
3221 3620 3364 3678 εἶδον
3408 3626 3499 3679 τὸν
3524 3628 3708 3687 τόπον.

2143 3701 2206 3760 οὗ
2240 3708 2488 3778 εἱστήκει
2525 3710 2554 3762 6
2577 3707 2710 3773 Θεδς
2746 3709 2840 3763 τοῦ
2877 3711 3136 3782 Ἰσραήλ·
3169 3733 3186 3764 ι
3208 3716 3318 3768 Καὶ
3351 3718 3412 3771 τδ
3448 3719 3553 3771 duo
3586 3721 3713 3782 τοὺς

2146 3799 2316 3863 πόδας
2349 3798 2520 3854 αὑτοῦ
2561 3800 2695 3854 ὡσεὶ
2730 3801 2892 3870 ἔργον
2937 3803 3159 3858 πλίνθου
3197 3806 3345 3860 λίθου
3386 3811 3714 3880 σαπφείρου.

2147 3894 2242 3944 καὶ
2276 3893 2354 3954 ὡς
2387 3887 2527 3956 εἶδος
2555 3892 2936 3964 στερεώματος
2961 3895 3056 3949 τοῦ
3091 3898 3322 3968 οὐρανοῦ
3353 3904 3420 3970 τῇ
3455 3902 3716 3974 καθαριό-

2148 4000 2290 4053 τητι.
2321 4003 2338 4034 ι
2362 3983 2542 4036 Τόπον
2564 3983 2672 4054 γάρ
2695 4000 2862 4054 φησιν
2883 3984 3013 4039 ἔνθα
3037 3987 3172 4040 Θεοῦ
3198 3993 3503 4058 παρουσίας
3533 3994 3720 4062 νόησιν

2149 4073 2383 4135 ἔλαϐον,
2421 4074 2534 4126 τῶν
2579 4073 2758 4128 ποδῶν
2803 4075 2970 4128 αὑτοῦ
3019 4076 3255 4146 βεϐαίως
3305 4081 3609 4152 ἱδρυμένων
3663 4087 3722 4139 ἑν

2151 4165 2356 4236 πλίνθῳ
2404 4165 2758 4239 σαπφειρίνῃ,
2798 4170 2867 4237 τῇ
2912 4173 3188 4241 πρακτικῇ
3221 4171 3414 4244 ἀρετῇ,
3457 4177 3552 4228 καὶ⁵
3590 4177 3721 4230 εἴδει
3793 4241 3799 4248 _

2152 4258 2540 4330 περεώματος
2563 4258 2820 4328 οὐρανοῦ,
2862 4261 2928 4330 τῇ
2973 4261 3155 4332 σοφίᾳ.
3182 4263 3411 4332 Non-:th
3450 4267 3558 4338 γὰρ
3587 4267 3722 4324 οὖσα

2151 4350 2377 4420 θεωρία,
2405 4353 2471 4421 τῇ
2499 4349 2858 4421 καθαριότητι
2891 4351 2986 4405 τοῦ
3021 4353 3253 4422 οὐρανοῦ
3287 4359 3722 4430 παραϐάλλεται.

2165 4442 2282 4510 Ἐφ’
2303 4441 2363 4494 ὃν
2383 4441 2548 4494 τόπον
2569 4443 2597 4494 6
2618 4441 2830 4508 φθάσας
2859 4443 3140 4512 τρέφεται,
3165 4446 3603 4518 μεταλαμϐάνων
3630 4451 3724 4506 τοῦ

2149 4533 2317 4602 ἄρτου
2350 4531 2454 4601 τῆς
2489 4531 2766 4601 ἀληθείας,
2807 4532 2902 4584 καὶ
2928 4533 3022 4586 τοῦ
3062 4535 3281 4604 καρποῦ
3308 4537 3403 4590 τοῦ
3439 4537 3596 4602 ξύλου
3625 4540 3727 4611 τῆς

2151 4623 2317 4692 ζωῆς,
2348 4623 2444 4676 καὶ
2478 4622 2623 4676 πίνει
2661 4623 2728 4675 ἐκ
2770 4623 2868 4693 τῆς
2919 4625 3104 4710 πηγῆς
3136 4627 3238 4696 τῆς
3293 4627 3464 4699 ζωῆς,
3502 4633 3598 4684 καὶ
3629 4633 3728 4685 τοῦ

2151 4716 2321 4775 οίνου.
2351 4713 2412 4767 δν
2439 4715 2471 4784 ἠ
2507 4714 2667 4781 σοφία
2704 4716 2784 4777 εἰς
2816 4713 2906 4766 τὸν
2943 4716 3147 4786 ἑαυτῆς
3185 4717 3420 4788 ἐκέρασε
3451 4725 3725 4792 κρατῆρα.

2151 4801 2338 4865 Οὕτως
2367 4803 2418 4854 oi
2454 4803 2585 4872 περὶ
2615 4801 2857 4855 Μωϋσὲα
2895 4805 3328 4878 κατετρύφησαν
3364 4810 3460 4863 τοῦ
3496 4811 3728 4880 Κυρίου.

2154 4893 2417 4962 ὀφθέντες
2449 4895 2505 4946 ἐν
2546 4892 2625 4963 τῷ
2677 4898 2830 4965 τόπῳ
2856 4893 2954 4948 τοῦ
2989 4896 3147 4964 Θεοῦ,
3187 4901 3282 4952 καὶ
3309 4905 3593 4970 ’φαγόντες
3637 4906 3735 4958 καὶ

2157 4987 2393 5048 πιόντες.
2424 4984 2484 5037 Ὃ
2505 4983 2562 5038 δὲ
2583 4984 2750 5048 τόπος
2775 4986 2926 5055 δηλοῖ
2953 4991 3050 5041 καὶ
3081 4990 3183 5059 τὴν
3209 4992 3404 5060 είρμοῦ
3433 5011 3580 5058 τινος
3606 4997 3733 5049 ἁκο-

2155 5075 2396 5136 λουθίαν,
2445 5075 2582 5129 καθὸ
2635 5074 2878 5145 λέγεται,
2922 5096 2942 5132 t
2973 5080 3066 5150 Μὴ
3103 5081 3444 5146 ἐκδικοῦντες
3481 5086 3731 5153 ἑαυτοῦς,

2155 5170 2471 5240 ἀγαπητοί*
2509 5168 2648 5222 ἀλλὰ
2674 5169 2794 5223 δότε
2825 5170 2992 5225 τόπον
3031 5174 3099 5243 τῇ
3141 5174 3301 5244 ὀργῇ.
3343 5177 3582 5246 Οἴδαμεν
3625 5182 3736 5250 γὰρ

2151 5263 2244 5315 τὸν
2270 5261 2516 5326 εἰπόντα,
2552 5260 2711 5331 Ἐμοὶ
2741 5261 3042 5334 ἐκδίκησις.
3069 5284 3088 5317 ι
3113 5264 3431 5335 Ἐμποδίζει
3457 5269 3566 5338 γὰρ
3587 5271 3736 5325 ἐκδι-

2187 5439 2231 5468 ¹⁴¹
2267 5437 2442 5492 Exnd.
2475 5453 2582 5496 xvi.
2626 5436 2714 5490 Ἥ).
2823 5437 2866 5466 ’τ
2902 5436 3040 5491 Psal.
3106 5449 3265 5502 uxv.
3297 5439 3352 5496 2.
3459 5443 3506 5476 ’⁸
3535 5442 3734 5502 Ephes.

2144 5508 2182 5536 ³⁸
2220 5505 2757 5576 Cru.vvvm,l7,t6.
2816 5505 3056 5560 "Exod.
3106 5525 3254 5575 utr,
3307 5511 3393 5564 10.
3501 5505 3736 5573 "Ptov.
