4010 6212
429 284 534 349 683
1725 282 2077 345 PROCOPII
2129 285 2371 347 eam
2866 358 2871 365 η
3582 286 3681 352 ciu

430 404 579 458 sistit
605 398 885 462 diabolus,
911 408 1104 469 petras,
1134 403 1327 468 patent
1351 398 1405 453 in
1438 398 1801 469 profundum.
1839 398 1990 471 Opus
2033 403 2220 472 itaque
2251 403 2520 459 habemus
2547 403 2655 459 Deo
2690 414 3167 461 commonstrante
3205 405 3368 461 nobis
3402 420 3559 461 suam
3591 422 3685 459 sa-

429 488 693 560 pientiam
720 495 776 541 et
796 493 1188 556 corrumpente
1226 486 1555 555 sapientiam
1586 486 1777 541 saeculi
1822 486 2023 553 hujus,
2078 505 2244 560 quant
2289 507 2396 545 non
2445 500 2606 547 sonat
2653 492 2856 549 Paulus
2919 510 3153 566 magnus
3188 495 3257 547 ⁵⁸.
3291 493 3442 564 Opus
3472 506 3555 549 est
3591 496 3684 547 illa

432 572 729 647 sapientia,
762 573 1008 644 inquam,
1045 587 1212 643 quam
1245 572 1594 630 reconditam
1631 575 1686 628 in
1742 576 2009 646 mysterio
2052 586 2279 632 enarrat
2305 576 2533 635 Paulus.
2566 578 2669 634 Cui
2712 582 3004 652 sapientite
3034 583 3077 636 si
3113 582 3685 651 appropinquaverint

432 668 595 718 etiam
626 663 728 727 illi,
764 661 859 732 qui
903 662 1151 732 reliquas
1204 670 1388 732 petras
1437 663 1713 726 obtinent,
1781 664 2106 731 vincuntur,
2149 672 2203 719 et
2256 666 2416 735 quasi
2462 666 2799 722 dcvoranlur
2844 685 2949 724 ceu
3009 670 3176 740 virga:
3217 669 3685 738 praestigiatorum

431 751 677 823 Egypti,
717 763 858 820 quas
896 747 1236 819 doglutiebat
1265 749 1421 819 virga
1453 748 1714 814 Aaronis,
1745 764 1867 820 quae
1888 748 2169 805 ferebatur
2205 753 2451 808 veritatis
2498 763 2807 823 sceptrum,
2836 755 3142 810 secundum
3169 754 3305 809 illud
3335 756 3619 809 oraculum
3665 772 3677 806 :

437 861 457 894 ς
496 843 801 910 Ahsumpta
833 846 986 904 sunt,
1018 853 1143 908 quae
1174 838 1527 893 coluerebant
1550 847 1725 909 petrae
1782 839 1851 903 ⁸⁹,
1891 858 1910 892 ι
1952 839 2169 895 scilicet
2201 846 2457 908 potentes
2485 854 2698 905 eorum,
2739 843 3420 912 ntvirgmlncantatorum
3449 841 3681 912 Egypti

433 927 875 981 absumebantur
906 939 937 979 a
966 924 1123 995 virga
1156 924 1422 980 Aaronis.
1457 925 1585 981 llaec
1631 925 1903 995 siquidem
1947 936 2065 981 erat
2122 935 2407 996 sceptrum
2459 928 2735 983 veritatis.
2780 926 2905 983 llac
2941 929 3119 999 virga,
3158 929 3376 985 scilicet
3399 930 3685 985 etfectrice

433 1028 533 1069 sua
562 1022 618 1067 et
648 1012 856 1082 insigni
881 1012 1159 1082 potentia,
1185 1011 1346 1081 quasi
1390 1011 1444 1065 in
1472 1019 1629 1083 petra
1657 1012 1908 1067 abditum
1934 1021 2119 1067 tuetur
2144 1029 2273 1068 vere
2299 1014 2551 1086 religioni
2579 1023 2635 1070 et
2660 1015 2849 1085 pietati
2886 1024 3295 1082 consecratum,
3323 1024 3384 1072 ut
3418 1017 3684 1073 innoxius

434 1112 489 1156 et
523 1103 730 1156 illresus
752 1107 1137 1165 conservetur,
1179 1100 1335 1154 nullo
1370 1100 1585 1155 scilicet
1615 1099 1833 1154 valente
1862 1115 2055 1170 rapere
2085 1101 2261 1166 illum,
2291 1117 2451 1172 quem
2488 1101 2679 1157 divina
2710 1103 2959 1176 potentia
2998 1112 3208 1160 tuetur.
3247 1103 3521 1159 Caeterum
3566 1120 3685 1159 ma-

433 1207 539 1247 nus
565 1189 867 1261 imponitur
889 1187 1143 1260 theologo
1165 1188 1341 1245 donec
1365 1195 1612 1243 transeat
1632 1189 1744 1253 ille,
1775 1188 1866 1258 qui
1897 1187 2169 1243 antecedit
2199 1190 2422 1256 stecula,
2451 1204 2551 1245 nec
2576 1200 2762 1245 tamen
2804 1190 2967 1247 locali
2997 1191 3545 1262 circumscriptione,
3586 1192 3682 1247 sed

434 1281 716 1336 intellectu
741 1292 1015 1349 apparens
1049 1292 1244 1334 omnes
1266 1277 1594 1335 antecedere
1631 1286 1937 1334 creaturas.
1966 1276 2208 1332 lleducta
2250 1294 2375 1333 vero
2408 1294 2572 1333 manu
2606 1278 2787 1334 Moses
2829 1281 3189 1350 conspicatur
3218 1281 3523 1352 posteriora
3561 1280 3680 1345 Dei,

432 1360 557 1424 cuni
583 1367 777 1424 faciem
802 1367 925 1435 ejus
946 1359 1177 1423 cernere
1199 1366 1343 1422 inter
1370 1365 1741 1435 impossibilia
1767 1366 1934 1437 318
1964 1378 2418 1423 connumeretur.
2475 1368 2608 1423 Cum
2636 1367 2783 1424 enim
2828 1370 3154 1439 conspicere
3195 1384 3441 1438 nequeas
3486 1384 3683 1425 essen-

434 1457 561 1510 tiam
596 1455 714 1519 Dei,
743 1469 866 1526 quae
904 1455 1184 1510 antecedit
1206 1455 1594 1517 aeternitatem,
1638 1463 1796 1523 potes
1817 1463 1998 1509 tamen
2025 1455 2211 1525 aliquo
2242 1457 2402 1511 modo
2431 1472 2496 1510 ex
2530 1456 2911 1526 magnitudine
2936 1469 2987 1512 et
3016 1458 3434 1527 pulchritudine
3457 1466 3683 1514 creatu-

433 1558 621 1596 rarum
647 1541 818 1596 Deum
853 1541 1158 1611 speculari.
1214 1539 1350 1595 Nam
1377 1555 1498 1611 quae
1527 1550 1658 1596 sunt
1691 1541 1994 1596 invisibilia
2043 1543 2243 1613 ipsius,
2289 1559 2354 1599 ex
2385 1544 2679 1599 creatione
2725 1545 2942 1612 nmndi,
2977 1546 3108 1600 dum
3138 1561 3249 1617 -pcr
3272 1561 3441 1617 opera
3474 1546 3685 1602 intelli-

433 1640 663 1703 guntur,
695 1629 1051 1700 pet-videntur
1069 1630 1135 1683 ⁸ο.
1166 1628 1305 1684 lluie
1328 1630 1607 1685 consentit
1652 1639 1708 1685 et
1769 1629 1905 1684 illud
1959 1632 2245 1686 oraculum
2283 1649 2297 1686 :
2338 1651 2356 1684 ι
2395 1634 2645 1687 Attollite
2685 1633 2879 1689 oculos
2935 1643 3151 1689 vestros
3185 1640 3241 1689 et
3299 1633 3505 1695 videte.
3551 1636 3685 1704 quis

434 1720 894 1776 commonstravit
920 1720 1036 1776 haec
1074 1720 1302 1775 omnia?
1332 1720 1423 1791 qui
1448 1719 1658 1790 profert
1686 1721 1993 1776 secundum
2026 1734 2314 1775 numerum
2354 1727 2613 1775 ornatum
2658 1721 2904 1785 illorum,
2957 1736 3155 1777 omnes
3195 1736 3297 1777 suo
3331 1721 3560 1777 nomine
3585 1736 3685 1776 vo-

434 1810 580 1864 cabit
614 1810 681 1861 ⁸⁸.
730 1807 1036 1863 il’rtelerea
1057 1807 1321 1873 artifices,
1356 1822 1498 1877 quos
1529 1807 1876 1878 ignoramus,
1910 1809 2297 1877 cognoscimus
2327 1824 2393 1863 ex
2427 1810 2715 1878 operibus.
2748 1807 2805 1864 Si
2842 1820 3026 1865 autem
3060 1809 3235 1866 Filius
3269 1809 3364 1865 Dei
3391 1810 3483 1865 illa
3514 1811 3684 1866 verba

434 1900 687 1954 elocutus
707 1904 790 1952 est
817 1897 885 1951 ad
912 1895 1125 1962 Mosen,
1156 1894 1413 1966 profecto
1442 1894 1733 1951 sciendum
1764 1903 1871 1958 est,
1901 1893 2023 1949 Filii
2046 1904 2311 1950 aeternam
2339 1896 2635 1950 essentiam
2665 1897 2783 1952 sive
2812 1898 3050 1953 dirinam
3075 1904 3329 1953 naturam
3346 1897 3455 1953 dici
3486 1897 3683 1953 faciem

438 1988 551 2043 Dei.
584 1985 899 2042 Posteriora
931 2002 1062 2042 vero
1101 1986 1349 2055 intelligo
1375 1982 1498 2037 Filii
1533 1983 1973 2039 incarnationem
2016 1998 2111 2038 seu
2156 1983 2450 2037 humanam
2482 1993 2759 2039 naturam.

509 2097 701 2167 Sculpe
727 2095 825 2150 tibi
857 2096 994 2151 duas
1038 2097 1253 2150 tabulas
1282 2093 1523 2165 lapideas
1552 2094 1727 2148 instar
1755 2094 2020 2165 priorum,
2046 2100 2154 2148 etc.
2182 2090 2452 2163 [xxxm
2496 2091 2571 2164 1.]
2604 2092 2797 2161 Opera:
2842 2094 3082 2163 pretium
3136 2093 3271 2149 duxi
3306 2093 3469 2164 paulo
3514 2091 3684 2147 altius

438 2194 706 2255 repetere,
738 2186 1045 2255 quaestione
1069 2183 1343 2254 siquidem
1369 2184 1599 2254 dignum
1642 2190 1752 2247 est,
1793 2183 1926 2252 quid
1959 2195 2146 2236 causae
2169 2180 2266 2245 sit,
2310 2195 2438 2234 cum
2478 2180 2766 2251 Scriptura
2802 2181 2965 2235 toties
2989 2189 3223 2237 testetur
3252 2179 3440 2235 Mosen
3476 2178 3684 2234 vidisse
3756 2246 3763 2249 _

442 2277 630 2339 Deum,
681 2273 989 2342 praesertim
1040 2271 1195 2328 hisce
1245 2270 1472 2326 verbis:
1513 2289 1530 2321 ι
1571 2269 1771 2325 Coram
1822 2270 2244 2339 colloquehatur
2292 2283 2419 2323 cum
2463 2267 2612 2323 Mose
2651 2268 2816 2323 sicuti
2866 2268 2994 2339 quis
3037 2268 3377 2337 colloquitur
3419 2281 3543 2320 cum
3578 2281 3683 2322 suo

440 2358 872 2429 aziiico",ietc.,
896 2374 1041 2414 nunc
1079 2372 1208 2414 vero
1240 2356 1419 2427 poscit
1479 2364 1540 2410 ttt
1610 2356 1715 2411 sibi
1768 2366 2029 2427 appareat
2091 2355 2237 2411 Deus
2265 2356 2431 2425 quasi
2482 2356 2553 2420 is,
2588 2356 2682 2426 qui
2716 2356 2881 2411 toties
2920 2371 2980 2411 se
3012 2356 3309 2411 videndum
3342 2354 3680 2416 exhibuerit,

439 2449 680 2503 nondum
708 2446 849 2503 Mosi
871 2448 1187 2517 apparuerit
1214 2453 1269 2499 et
1301 2445 1453 2499 visus
1480 2445 1571 2501 sit.
1600 2442 1748 2498 Deus
1782 2459 1934 2498 nunc
1965 2442 2185 2512 quidem
2219 2443 2437 2509 annuit,
2467 2459 2617 2498 nunc
2648 2458 2780 2498 vero
2814 2443 3029 2508 abnuit,
3068 2451 3128 2497 ut
3158 2444 3248 2511 qui
3283 2451 3434 2512 petat
3467 2445 3681 2510 impos-

438 2535 639 2591 sibilia.
675 2531 910 2589 Droinde
938 2544 1068 2588 vota
1093 2533 1358 2602 corrigat,
1393 2540 1443 2586 et
1471 2530 1800 2601 prudentius
1833 2538 2007 2600 optet.
2072 2530 2342 2585 Praeterea
2401 2538 2677 2585 memorat
2716 2529 2904 2602 figura:
2936 2539 3148 2601 partem
3196 2529 3583 2599 posteriorem.
3610 2527 3683 2582 At

435 2621 617 2677 omnis
648 2622 819 2694 figura
852 2620 1006 2675 finita
1038 2632 1123 2676 est
1153 2636 1249 2675 seu
1284 2618 1446 2673 finem
1482 2618 1665 2672 habet.
1693 2617 1973 2687 Quidquid
2007 2617 2222 2671 finitum
2268 2628 2351 2672 est
2399 2633 2497 2672 seu
2527 2617 2688 2671 linem
2722 2618 2913 2683 habet,
2947 2627 3202 2674 censetur
3228 2630 3458 2687 corpus.
3499 2614 3680 2671 Omne

438 2726 639 2781 corpus
669 2723 758 2766 εει
780 2708 1168 2779 compositum.
1194 2704 1475 2776 Quidquid
1499 2706 1871 2775 compositum
1909 2714 2015 2767 est,
2049 2705 2100 2759 id
2153 2706 2495 2774 corruptioni
2532 2716 2584 2759 et
2619 2703 2982 2762 dissolutioni
3038 2704 3340 2759 obnoxium
3366 2711 3473 2758 est.
3499 2702 3677 2757 Caete-

436 2816 556 2854 rum
577 2799 863 2869 corruptio
893 2805 981 2852 est
999 2797 1286 2865 compositi
1324 2795 1583 2865 corporis
1612 2794 1941 2849 destructio.
1968 2792 2177 2862 Ecquid
2205 2794 2395 2847 cernis
2425 2794 2491 2848 ad
2518 2809 2658 2865 quas
2682 2795 3055 2850 ahsurditates
3077 2794 3203 2864 quis
3223 2793 3461 2848 deducat
3481 2791 3674 2857 Deum,

434 2889 480 2944 si
511 2889 634 2959 quis
667 2894 993 2958 praesentem
1023 2885 1206 2939 locum
1246 2884 1484 2952 accipiat
1507 2880 1817 2936 secundum
1840 2881 2100 2935 litteram.
2141 2878 2197 2933 Si
2248 2882 2556 2936 secundum
2594 2884 2833 2938 litteram
2862 2897 2991 2953 pars
3014 2888 3279 2952 perceptu
3311 2878 3676 2949 impossibilis

434 2978 690 3041 habetur,
717 2975 893 3028 multo
922 2973 1108 3026 minus
1130 2979 1303 3025 totntn
1342 2971 1462 3038 capi
1494 2968 1718 3038 poterit.
1743 2965 1880 3019 Nam
1917 2975 2093 3021 totum
2128 2984 2193 3022 ex
2249 2969 2502 3037 partibus
2557 2970 2929 3039 componitur.
2959 2968 3101 3036 Quid
3136 2969 3307 3041 igitur
3334 2968 3399 3022 de
3431 2968 3574 3032 loco,
3605 2964 3676 3020 de

436 3072 614 3135 petra,
643 3069 698 3116 ct
737 3059 1005 3114 foramine
1025 3066 1083 3111 et
1118 3057 1185 3111 de
1213 3055 1430 3109 caeteris
1464 3053 1985 3126 pronentiahimus?
2012 3053 2482 3119 Quemadmodum
2532 3055 2718 3125 gravia
2753 3069 2989 3125 corpora
3024 3054 3355 3109 naturaliter
3381 3063 3675 3108 moventur

434 3156 715 3213 deorsum,
737 3148 787 3203 si
815 3145 948 3202 nihil
974 3145 1182 3210 obstat,
1249 3145 1323 3199 ita
1360 3145 1543 3198 anima
1579 3144 1815 3197 liberata
1841 3141 1910 3195 ab
1937 3142 2197 3197 omnibus
2220 3141 2537 3208 affectibus,
2569 3143 2665 3213 qui
2698 3152 2922 3199 terrena
2951 3145 3192 3213 sapiunt,
3224 3143 3455 3197 liberum
3484 3142 3551 3196 ad
3576 3158 3673 3197 su-

433 3252 620 3311 prema
646 3237 811 3291 habet
833 3242 1063 3289 motum.
1090 3231 1226 3285 Nam
1260 3231 1457 3311 summi
1479 3228 1611 3284 boni
1645 3243 1709 3282 ea
1741 3238 1938 3283 natura
1964 3239 2071 3293 est,
2096 3237 2155 3281 ut
2190 3229 2256 3283 ad
2286 3244 2413 3284 sese
2436 3230 2680 3283 attrahat
2704 3237 2761 3284 et
2793 3230 2950 3283 miris
2989 3230 3168 3284 modis
3194 3222 3416 3299 quidvis
3462 3227 3527 3281 ad
3547 3239 3675 3284 sese

430 3327 657 3382 alliciat.
688 3323 769 3377 Ad
804 3336 1079 3378 summum
1112 3320 1281 3388 igitur
1318 3318 1523 3371 bonum
1555 3317 1814 3372 sublimis
1840 3325 2066 3371 evectus
2101 3316 2342 3379 animus,
2373 3331 2483 3370 non
2517 3317 2754 3386 amplius
2785 3325 3001 3387 tergum
3043 3316 3161 3379 Dei,
3190 3316 3285 3372 sed
3317 3317 3511 3371 faciem
3537 3330 3675 3372 con-

432 3421 634 3476 tuetur,
671 3417 727 3464 et
771 3407 842 3463 ad
885 3408 1029 3462 hunc
1067 3405 1327 3460 sublimia
1355 3405 1597 3457 volatum
1630 3402 1884 3457 nonnihil
1926 3405 2219 3456 animatur
2252 3418 2318 3457 ex
2366 3403 2454 3458 his
2479 3419 2601 3474 qute
2630 3414 2789 3460 antea
2817 3403 2993 3460 fuerat
3025 3418 3054 3456 a
3083 3402 3193 3458 Deo
3233 3403 3491 3467 edoctus,
3518 3404 3673 3458 sicut

433 3502 611 3557 Moses
637 3497 852 3552 nullutn
881 3495 987 3552 sibi
1021 3494 1322 3548 terminum
1343 3492 1429 3546 vel
1473 3490 1632 3546 finem
1658 3505 1994 3561 proponens,
2044 3491 2173 3544 dum
2198 3491 2451 3545 ascendit
2487 3495 2670 3545 mente
2706 3490 2762 3544 in
2793 3491 3025 3546 caeleste
3058 3490 3428 3545 domicilium.
3468 3489 3668 3545 Verum

431 3586 899 3645 semelinsistens
931 3582 1118 3643 scalis,
1155 3595 1293 3649 quas
1329 3581 1508 3634 erexit
1552 3577 1724 3641 Deus,
1783 3580 2249 3648 quemadmodum
2311 3588 2499 3634 monet
2546 3578 2743 3645 Jacob,
2787 3595 3007 3649 semper
3044 3582 3355 3652 proximum
3400 3595 3671 3651 superans

430 3676 681 3749 gradum,
714 3688 823 3728 non
854 3681 1039 3727 cessat
1070 3668 1135 3723 ad
1172 3667 1548 3724 summitatem
1573 3666 1658 3721 vel
1691 3665 1969 3735 fastigium
2005 3666 2328 3728 ascendere,
2353 3681 2594 3722 cernens
2631 3682 2744 3721 uno
2789 3667 2964 3737 gradu
3008 3674 3272 3738 superato
3305 3682 3474 3737 semp.
3497 3683 3523 3721 r
3572 3683 3668 3721 su-

429 3779 647 3833 perasse
671 3763 863 3830 alium.
891 3758 1131 3814 Proinde
1168 3756 1381 3824 majore
1438 3754 1703 3825 cupidine
1748 3754 1987 3825 agitatur
2018 3756 2436 3810 conscendendi
2492 3764 2811 3826 sequentem
2876 3755 3131 3827 gradum,
3187 3765 3248 3811 ut
3291 3756 3385 3826 qui
3440 3769 3669 3827 magnos

428 3852 737 3927 perceperit
794 3850 1007 3905 fructus
1068 3846 1233 3917 hujus
1295 3844 1524 3907 laboris.
1588 3843 1718 3898 dum
1784 3858 1881 3913 per
1931 3851 2163 3898 caeteros
2224 3843 2525 3900 incederet.
2577 3840 2716 3900 llinc
2746 3842 2949 3909 Moses,
2982 3860 3109 3899 cum
3155 3853 3235 3900 tot
3272 3852 3671 3915 tantorumque

430 3941 819 3997 miraculorum
854 3944 908 3991 et
938 3935 1214 4007 perfector
1269 3939 1325 3988 et
1386 3940 1666 4002 spectator
1715 3929 1935 3996 fuisset,
1971 3944 2116 3983 nunc
2158 3930 2297 4000 petit
2326 3929 2515 4003 videre
2544 3929 2741 3987 faciem
2795 3931 2908 3998 Dei,
2952 3947 3063 3987 non
3087 3933 3247 4001 quasi
3277 3948 3401 3986 eum
3436 3948 3671 3987 cernere

429 4030 622 4100 possit,
649 4026 744 4082 sed
776 4034 836 4080 ut
871 4026 1115 4079 declaret
1142 4037 1202 4077 se
1228 4019 1693 4075 audentissimum
1716 4027 2023 4072 amatorem
2052 4031 2176 4073 esse
2210 4018 2412 4072 summi
2450 4019 2579 4072 boni
2635 4034 2856 4089 semper
2890 4020 3286 4089 comparentis.
3322 4019 3496 4089 llujus
3526 4021 3669 4073 inta-

426 4117 605 4188 ginem
633 4130 702 4176 se,
720 4127 921 4182 cupere
945 4111 1193 4181 recipere
1224 4106 1471 4169 ostendit
1498 4107 1565 4160 ab
1604 4106 1725 4176 ipso
1756 4106 1956 4159 summi
1983 4104 2114 4161 boni
2141 4105 2466 4176 archetypo.
2497 4103 2756 4161 Caelestis
2804 4121 2902 4159 vox
2941 4106 3057 4171 dat,
3085 4107 3231 4177 quod
3265 4108 3523 4176 petierat.
3557 4109 3672 4160 An-

372 4259 378 4267 ,
425 4208 546 4261 nttit
579 4205 801 4275 quidem
838 4216 898 4258 se
923 4201 1198 4271 postulata
1230 4198 1506 4252 facturum
1531 4233 1549 4261 ,
1606 4210 1718 4249 non
1782 4203 1965 4249 tamen
2022 4193 2331 4257 satietatem
2377 4200 2431 4248 et
2469 4194 2708 4263 quietem
2741 4193 3003 4249 desiderii
3038 4195 3350 4261 pollicetur.
3386 4194 3495 4248 Nec
3522 4195 3670 4250 enim

426 4294 788 4363 semetipsum
846 4287 1141 4346 videndum
1188 4285 1559 4347 exhibuisset,
1587 4283 1633 4337 si
1694 4282 1834 4337 visio
1883 4282 1967 4337 sui
2028 4281 2364 4338 desiderium
2437 4281 2680 4337 videntis
2716 4283 2921 4336 satiare
2960 4283 3250 4351 quivisst-t.
3283 4280 3417 4335 Nam
3449 4283 3496 4337 is
3544 4297 3671 4337 vere

425 4382 783 4452 conspicatur
815 4376 1012 4435 Deum.
1046 4389 1207 4444 quem
1239 4373 1388 4427 nulla
1430 4380 1693 4439 tanquam
1761 4370 1854 4424 Dei
1911 4367 2134 4425 videndi
2172 4370 2323 4439 capit
2355 4371 2625 4437 satietas;
2663 4371 2758 4425 sed
2805 4378 3017 4440 quanto
3060 4370 3235 4441 magis
3279 4373 3479 4433 cernit,
3514 4379 3671 4425 tanto

424 4470 599 4540 magis
627 4467 913 4534 magisque
943 4462 1193 4531 aspicere
1221 4458 1521 4514 desiderat.
1551 4457 1661 4511 Nec
1693 4464 1879 4512 tamen
1913 4457 2187 4513 arbitrare
2233 4457 2427 4514 faciem
2482 4458 2598 4524 Dei,
2634 4459 2677 4513 si
2714 4460 3118 4529 conspiciatur,
3152 4460 3353 4514 mortis
3388 4474 3510 4514 esse
3534 4475 3671 4513 cau-

424 4572 565 4621 sam,
595 4554 757 4608 absit.
778 4550 911 4616 Quae
938 4549 1081 4601 enim
1114 4546 1255 4600 ratio
1293 4546 1521 4615 patitur,
1551 4553 1611 4597 ut
1649 4543 1844 4605 facies.
1875 4560 1998 4613 qua:
2031 4546 2156 4601 vitae
2181 4555 2376 4601 auctor
2395 4554 2501 4609 est,
2534 4547 2801 4616 importet‘
2822 4547 3096 4602 mortem?
3127 4548 3264 4613 Quia
3302 4563 3431 4601 vero
3456 4545 3669 4602 Numen

424 4644 592 4697 vitam
620 4639 882 4695 omnibus
906 4634 1238 4705 suppeditat,
1276 4642 1332 4687 et
1356 4641 1514 4686 extra
1547 4648 1766 4687 omnem
1801 4633 2168 4703 cegnitionem
2202 4635 2369 4690 situm
2393 4642 2501 4700 est,
2527 4635 2621 4705 qui
2651 4634 2817 4689 Deum
2845 4642 2999 4705 ptttat
3031 4634 3083 4688 id
3105 4650 3250 4699 esse,
3280 4635 3426 4705 quod
3471 4636 3670 4690 notitia

424 4736 717 4787 assecutus
744 4735 848 4789 est,
882 4726 929 4779 is
965 4723 1229 4779 recedens
1261 4723 1331 4775 ah
1362 4736 1449 4786 eo,
1483 4721 1573 4786 qui
1603 4737 1730 4776 vere
1751 4722 1863 4775 vita
1912 4729 2019 4784 est.
2061 4723 2189 4777 vitae
2214 4739 2414 4792 expers
2455 4733 2559 4779 est.
2605 4724 2760 4789 Quod
2796 4725 2908 4777 vita
2957 4731 3129 4788 caret,
3165 4739 3277 4795 quo
3302 4731 3463 4793 pacto
3499 4724 3669 4777 vitam

420 4816 765 4889 elargietur?
799 4812 1065 4882 Expletur
1096 4811 1265 4881 igitur
1290 4808 1424 4864 Mosi
1464 4810 1708 4873 animus;
1741 4818 1796 4862 at
1821 4809 2095 4877 cupiditas
2125 4809 2326 4865 divina:
2354 4811 2640 4866 fruitionis
2664 4820 2845 4865 manet
2870 4811 3221 4865 insatiabilis.
3243 4810 3419 4865 Simul
3444 4811 3674 4865 docetur

423 4906 621 4970 Moses,
646 4902 858 4957 Numen
879 4917 1005 4956 esse
1027 4898 1324 4954 infinitum.
1349 4896 1483 4951 Nam
1507 4895 1775 4965 quidquid
1797 4897 2008 4953 finitum
2032 4906 2137 4961 est,
2155 4897 2208 4951 id
2233 4899 2278 4953 si
2302 4899 2385 4953 vel
2418 4913 2585 4953 sensu
2614 4898 2697 4952 vel
2729 4898 3064 4969 cogitatione
3088 4898 3254 4969 319
3271 4899 3505 4967 ceperis,
3527 4913 3675 4953 sent-

423 5009 519 5064 per
550 4993 709 5048 linem
739 5004 957 5060 quoque
986 4986 1327 5043 consideras.
1360 4983 1511 5039 Finis
1537 4999 1667 5039 vero
1702 4993 1787 5040 est
1814 4983 1957 5054 ejus,
1987 4987 2130 5055 quod
2157 4986 2364 5051 finitur,
2384 4988 2626 5042 ambitus
2649 4996 2702 5042 et
2734 4988 3081 5058 complexus.
3122 4987 3183 5041 ld
3210 5003 3358 5051 vero,
3383 4988 3528 5056 quod
3557 5002 3670 5041 rem

421 5082 593 5136 ambit
616 5088 670 5134 et
691 5078 937 5134 continet
955 5091 1031 5139 re,
1062 5089 1226 5144 quam
1259 5073 1430 5127 ambit
1454 5082 1508 5127 et
1529 5072 1793 5134 continet,
1822 5073 2001 5142 majus
2035 5084 2140 5138 est,
2172 5083 2226 5128 ct
2256 5074 2345 5128 alii
2379 5073 2635 5128 subditur
2656 5076 2861 5144 generi.
2895 5073 3086 5144 Itaque
3114 5075 3158 5130 si
3191 5074 3485 5128 litteralem
3515 5071 3673 5143 sequi

419 5168 690 5240 placuerit
717 5162 1222 5229 sensum,absurda
1255 5161 1370 5215 haec
1397 5176 1615 5231 quoque
1643 5161 2093 5230 praedicabuntur
2115 5161 2182 5216 de
2201 5161 2331 5217 Deo.
2356 5160 2413 5216 Si
2432 5161 2756 5217 naturaliter
2773 5162 3063 5232 pulchrum
3083 5163 3406 5232 perhibetur
3431 5159 3671 5222 Numen,

421 5265 568 5311 certe
598 5254 672 5319 id,
704 5253 851 5324 quod
883 5252 974 5305 alii
1012 5250 1310 5319 subjicitur
1342 5247 1555 5318 generi,
1614 5262 1723 5301 non
1774 5248 2008 5302 habetur
2058 5248 2383 5316 pulchrum.
2415 5248 2534 5315 Qua
2580 5250 2797 5305 ratione
2846 5250 3015 5320 igitur
3040 5249 3117 5311 id,
3146 5247 3294 5318 quod
3338 5248 3587 5303 deforme
3615 5255 3676 5301 et

421 5353 577 5413 turpe
612 5342 797 5404 fuerit,
832 5338 1137 5394 continebit
1165 5345 1218 5392 et
1249 5336 1434 5404 cinget
1457 5333 1618 5399 illud,
1654 5336 1816 5403 cujus
1839 5335 2257 5391 evidentissima
2304 5336 2659 5407 pulchritudo
2691 5339 2992 5407 conspicua
3016 5335 3139 5391 est?
3181 5334 3496 5389 Secundum
3525 5334 3675 5389 hanc

421 5430 957 5501 argumentationem
993 5437 1154 5495 turpe
1194 5424 1527 5494 imperitabit
1560 5423 1792 5493 pulchro
1835 5422 2000 5493 idque
2027 5426 2357 5491 continebit,
2393 5426 2537 5495 quod
2572 5424 2794 5495 quidem
2817 5425 3066 5480 omnium
3092 5423 3346 5479 calculus
3367 5423 3671 5479 absurdum

422 5516 769 5592 judicaverit.
800 5513 916 5568 Non
951 5513 1115 5584 igitur
1151 5511 1358 5565 Numen
1386 5510 1702 5581 ponendum
1745 5519 1832 5566 est
1892 5512 2038 5564 inter
2087 5513 2201 5572 illa,
2249 5529 2373 5583 quae
2400 5514 2469 5567 ab
2493 5513 2619 5567 aliis
2651 5513 2979 5590 ambiuntur
3004 5520 3059 5566 et
3081 5511 3467 5566 continentur.
3499 5507 3695 5585 Nemo‘

491 5703 537 5735 ”
565 5700 732 5756 lCor.
764 5694 966 5778 nt,_l9.
1048 5694 1093 5725 ⁵⁹
1121 5690 1266 5747 Psal.
1290 5706 1415 5759 ext,
1449 5690 1499 5745 6.
1579 5691 1622 5722 ε’
1653 5688 1810 5744 Rom.
1842 5704 1879 5753 t,
1905 5690 1995 5742 ‘20.
2074 5690 2115 5720 ⁶¹
2154 5692 2260 5745 lsa.
2295 5706 2381 5755 χι,
2413 5690 2503 5744 26.
2581 5693 2624 5723 ω
2650 5688 2835 5745 Exod;
2861 5702 3054 5751 xxxttt,
3081 5687 3164 5743 ll.
