4010 6212
364 307 466 368 685
1466 303 2002 364 COMMENTARII
2037 303 2116 362 ΙΝ
2149 303 2484 364 EXODUM.
3508 307 3610 372 (:25

365 439 605 493 unquam
639 419 982 476 accurrendo
1019 419 1082 474 ad
1117 409 1328 473 Numen
1363 421 1600 474 satiatur
1631 437 1642 470 :
1683 431 1738 474 et
1770 421 1872 474 hoc
1911 436 2038 472 vere
2077 429 2160 474 est
2208 429 2509 488 conspectu
2546 417 2636 472 Dei
2677 415 2805 484 frui,
2843 417 2887 472 si
2914 417 3038 486 qttis
3065 415 3214 472 nulla
3254 435 3494 490 unquam
3531 427 3611 474 vi-

361 513 526 569 dendi
561 509 779 580 capitur
810 510 1084 563 sntietate.
1111 507 1343 578 Oportet
1375 525 1522 566 eum,
1559 509 1650 577 qui
1688 509 1890 564 mentis
1921 509 2112 561 oculos
2138 509 2192 561 in
2223 510 2388 561 υίιιιιιι
2429 507 2720 570 convertit,
2769 521 2983 574 semper
3010 505 3234 558 accendi
3287 507 3496 576 majore
3531 513 3610 564 vi.

363 601 528 656 dendi
554 598 849 654 desiderio.
882 595 1002 650 Non
1039 595 1226 666 'igitur
1281 595 1628 672 ostendendo
1666 600 1842 650 locum
1891 595 2201 664 quantitate
2235 591 2626 648 circumscribi
2661 591 2804 646 Deus
2850 591 3164 646 credendus
3193 599 3297 646 est.
3337 593 3452 649 lmo
3479 609 3604 650 cum

365 689 508 750 Deus
537 687 869 750 adverteret,
907 685 1094 740 Mosen
1156 683 1412 738 affectare
1462 683 1698 738 subinde
1749 699 1816 736 ex
1859 683 2022 735 modo
2079 691 2234 748 parta
2269 679 2464 732 notitia
2502 679 2663 730 aliam
2703 677 2982 742 notitiam,
3025 679 3204 745 ipsum
3231 693 3296 732 ex
3336 677 3490 733 finita
3518 683 3610 734 illa

365 773 885 843 circumscriptione
908 771 974 826 ad
1003 771 1278 826 infinitum
1314 769 1616 838 perducere
1657 769 1880 838 satagit.
1905 768 2086 837 lnquit
2124 769 2271 822 enim
2311 767 2414 832 illi,
2453 767 2543 820 cui
2604 781 2823 837 semper
2861 775 3092 836 augetur
3135 765 3384 823 discendi
3425 777 3480 823 et
3518 785 3612 824 co—

367 860 662 932 gnoscendi
699 857 964 921 studium,
999 857 1137 926 apud
1175 871 1233 910 se
1259 869 1382 910 esse
1413 855 1619 918 locum,
1651 855 1702 908 in
1729 869 1840 923 quo
1860 855 2201 908 curriculum
2237 854 2437 908 divinae
2477 851 2716 908 visionis
2765 854 3048 924 peragenti
3099 870 3382 926 nunquam
3417 872 3613 912 occur-

369 965 500 1006 sura
529 949 600 1004 sit
637 947 817 1018 quies,
843 945 935 1000 sed
971 951 1180 1015 quanto
1209 943 1382 1018 magis
1417 941 1690 1012 proficiat,
1729 950 1880 996 tanto
1907 939 2428 1010 tttajur‘proﬁcicndi
2478 939 2644 994 ardor
2679 939 2752 993 sit
2789 941 3163 996 insccuturus.
3197 943 3265 995 At
3295 941 3386 998 ille
3409 959 3613 999 cursus

369 1037 474 1092 alia
505 1035 720 1089 ratione
753 1034 1062 1103 appellatur
1099 1041 1296 1086 status.
1331 1029 1680 1100 Quapropter
1709 1031 1823 1082 ait:
1865 1049 1882 1079 ι
1915 1029 2256 1082 Constituam
2320 1035 2375 1079 te
2418 1041 2585 1094 super
2641 1034 2856 1096 petram
2898 1029 2964 1079 ⁸³.
3004 1046 3022 1080 ι
3061 1028 3281 1093 Quanto
3312 1031 3457 1084 enim
3485 1033 3613 1102 quis

369 1123 600 1178 solidius
625 1128 944 1190 perseverat
979 1119 1034 1172 in
1069 1120 1188 1186 ipso
1221 1121 1384 1180 bono,
1419 1124 1575 1170 tanto
1607 1115 1802 1170 fortius
1861 1115 2077 1185 incepto
2109 1113 2327 1167 virtutis
2359 1113 2561 1166 itinere
2606 1114 2881 1184 procedit,
2906 1115 3123 1170 scilicet
3151 1117 3197 1170 si
3226 1119 3352 1188 quis
3376 1134 3440 1172 ex
3481 1135 3612 1190 pro-

369 1209 538 1264 fundo
569 1207 705 1270 luto,
737 1206 1041 1260 secundum
1073 1204 1299 1258 Davidis
1329 1203 1653 1256 vaticinium
1683 1203 1748 1266 “,
1785 1204 2013 1256 traxerit
2039 1202 2225 1272 pedes,
2257 1217 2462 1272 eosque
2491 1204 2849 1258 collocaverit
2889 1219 3058 1276 super
3087 1213 3322 1276 petram.
3357 1209 3426 1262 At
3457 1217 3610 1278 petra

367 1305 452 1352 est
481 1295 736 1350 Christus
762 1293 826 1346 “.
853 1291 1025 1356 Talis,
1057 1307 1154 1345 ceu
1181 1293 1380 1360 pennis
1405 1301 1452 1344 et
1479 1290 1580 1344 alis
1609 1289 1782 1344 frctus
1802 1289 2202 1358 perseverando
2223 1299 2542 1345 constanter
2568 1291 2856 1346 in'summo
2883 1293 3047 1358 bono,
3069 1294 3361 1364 plurimum
3389 1295 3616 1364 juvatur

369 1383 434 1436 ad
463 1381 884 1452 profectionem,
925 1395 1046 1450 qua!
1079 1379 1134 1432 iu
1159 1379 1396 1433 sublime
1427 1376 1621 1430 tendit.
1645 1377 1852 1431 Paulus
1886 1387 2048 1444 petras
2073 1378 2509 1446 receptaculum,
2533 1379 2678 1448 quod
2713 1379 2816 1432 hoc
2851 1379 2970 1432 loco
2994 1381 3315 1434 nominatur
3339 1383 3610 1446 foramen,

367 1479 528 1524 vorat
553 1471 776 1524 domum
807 1485 916 1522 non
961 1467 1332 1521 niauufactam
1360 1473 1621 1518 attet'nam
1653 1465 1706 1517 in
1747 1466 1996 1528 cauis“,
2023 1481 2152 1536 quae
2178 1465 2637 1524 reservaturillis,
2663 1465 2756 1533 qui
2781 1465 2922 1519 bona
2953 1480 3050 1534 spe
3083 1465 3292 1520 suli'ulti
3331 1477 3610 1522 terrenum

369 1557 474 1612 hoc
503 1557 842 1611 domicilium
863 1563 1096 1609 exuunt.
1129 1553 1338 1606 ltevera
1371 1553 1542 1613 enim,
1574 1553 1666 1620 qui
1707 1551 2004 1620 perfecerit
2033 1566 2255 1604 cursum
2303 1567 2462 1605 suum
2498 1551 2551 1604 in
2593 1552 2696 1604 hoc
2731 1551 2841 1604 lato
2873 1559 2926 1605 et
2957 1553 3204 1621 spatioso
3229 1555 3428 1616 stadio,
3461 1557 3609 1624 quod

369 1643 658 1714 Scriptura
697 1643 913 1696 vocavit
949 1642 1128 1695 locum
1175 1657 1188 1692 :
1218 1647 1270 1693 et
1301 1638 1457 1692 fidem
1486 1635 1921 1694 conservaverit.
1973 1636 2024 1690 id
2070 1645 2175 1700 est,
2215 1637 2394 1692 solide
2426 1637 2592 1706 pedes
2622 1637 2974 1692 collocaverit
3009 1653 3174 1708 super
3199 1640 3338 1693 hanc
3374 1650 3605 1708 patram.

369 1733 438 1796 is,
473 1733 722 1802 inquam,
762 1728 1124 1784 coronabitur
1181 1727 1404 1794 iustitia!
1433 1739 1640 1778 corona
1701 1738 1730 1776 a
1770 1721 2022 1785 Domino,
2053 1725 2145 1793 qui
2175 1725 2332 1778 nobis
2373 1723 2506 1777 illud
2555 1735 2834 1778 certamen
2867 1719 3177 1794 proposuit.
3219 1725 3436 1792 Munus,
3465 1731 3610 1798 quod

371 1821 634 1874 tribuitur
661 1833 884 1872 cursum
921 1825 1068 1870 recte
1090 1829 1248 1870 suum
1279 1811 1718 1874 absolventibus,
1749 1810 1918 1866 variis
1947 1821 2296 1880 nuncupatur
2325 1810 2667 1872 nominibus,
2689 1811 2902 1864 scilicet
2933 1811 3180 1865 foramen
3214 1820 3399 1881 petras,
3433 1815 3614 1866 taber-

373 1909 630 1964 naculum
673 1904 942 1976 paradisi,
981 1903 1196 1957 mansio
1229 1899 1373 1971 apud
1412 1899 1652 1962 Patrem,
1689 1898 2018 1966 patriarchae
2061 1901 2240 1963 sinus,
2275 1898 2432 1952 locus
2457 1899 2778 1962 viventium,
2821 1913 2977 1968 aqua?
3009 1897 3211 1966 quietis
3253 1909 3308 1954 et
3338 1903 3612 1970 tranquil—

375 1997 574 2058 litatis,
605 2008 844 2064 superna
867 1990 1192 2064 Jerusalem,
1231 2003 1459 2058 regnum
1488 1987 1778 2050 caelorum,
1827 1987 2107 2058 praemium
2137 1985 2466 2048 vocationis,
2520 2000 2726 2040 corona
2763 1986 3092 2054 gratiarum.
3129 2001 3332 2040 corona
3367 1989 3614 2054 volupta-

373 2087 472 2148 tis,
513 2099 724 2140 corona
753 2079 1208 2152 pulcln-itudiuis,
1245 2079 1416 2132 turris
1443 2077 1809 2142 fortitudinis,
1855 2077 2044 2132 laetitia
2101 2074 2428 2138 convivalis,
2471 2073 2561 2126 ltei
2604 2073 2926 2137 concilium,
2956 2073 3189 2128 thronus
3220 2074 3437 2140 judicii,
3461 2075 3618 2128 locus

373 2173 639 2244 inclytus,
669 2170 1086 2244 tabernaculum
1123 2167 1531 2220 absconditmn.
1561 2163 1616 2215 In
1665 2163 1782 2218 haec
1839 2164 2022 2216 omnia
2061 2163 2346 2233 ingressus
2385 2171 2470 2218 est
2523 2163 2702 2217 Moses
2738 2163 2846 2216 voti
2889 2177 3116 2232 compos
3164 2159 3342 2216 factus
3379 2162 3431 2216 in
3460 2175 3614 2232 petra

373 2263 618 2323 Christo,
649 2259 704 2313 in
735 2273 846 2328 quo
872 2269 1066 2308 onmes
1095 2253 1365 2306 honorum
1402 2250 1651 2304 thesauri
1680 2257 1813 2303 sunt
1847 2248 2135 2304 rec0uditi.
2171 2249 2272 2315 Qui
2331 2265 2567 2317 namque
2615 2251 2669 2302 in
2704 2250 2846 2302 bono
2893 2257 3216 2302 constanter
3248 2249 3520 2319 persistit,
3561 2254 3614 2304 in

373 2349 620 2408 Christo,
653 2346 746 2416 qui
773 2357 934 2398 omne
967 2343 1167 2394 bonum
1195 2339 1459 2400 continet,
1493 2347 1796 2406 permanet.
1841 2335 2204 2392 llicmunitur
2237 2347 2291 2392 et
2333 2338 2758 2408 diligentissime
2797 2336 3116 2392 defenditur
3143 2337 3232 2394 Dei
3266 2353 3428 2392 manu
3464 2341 3614 2394 scili-

377 2447 462 2494 rct
517 2435 805 2506 unigenito
863 2443 1141 2492 sermone,
1199 2443 1296 2497 per
1349 2441 1510 2496 quem
1565 2425 1752 2480 omnia
1817 2423 1960 2478 facta
2007 2435 2138 2478 sunt
2170 2441 2182 2475 :
2214 2425 2308 2494 qui
2339 2439 2558 2494 quoque
2604 2425 2945 2478 currentium
2999 2425 3154 2480 locus
3179 2436 3230 2480 et
3263 2441 3460 2482 cursus
3488 2437 3614 2482 est:

377 2531 707 2578 constntes
793 2517 946 2572 illmn
1034 2521 1342 2585 agnoscunt
1419 2519 1630 2582 petram
1701 2527 1714 2561 :
1785 2513 2136 2580 quiescentes
2225 2513 2372 2565 hunc
2463 2509 2820 2576 confitentur,
2864 2512 3109 2565 domum.
3194 2511 3350 2566 Tunc
3435 2513 3618 2568 audiet

377 2617 696 2672 vocantem,
723 2613 780 2660 et
826 2609 949 2674 post
971 2609 1256 2656 vocantem
1309 2597 1434 2654 erit.
1489 2597 1624 2652 Nam
1672 2595 1840 2652 Deum
1897 2605 2180 2666 sequetur,
2215 2605 2274 2650 ut
2318 2598 2402 2652 lex
2435 2597 2702 2668 praecipit.
2749 2597 2832 2652 Ab
2871 2598 2974 2651 hoc
3028 2614 3134 2652 non
3170 2598 3440 2662 dissonat,
3473 2601 3618 2670 quod

379 2697 586 2752 dicitur
627 2713 640 2748 :
679 2711 698 2744 ι
737 2691 794 2746 ln
819 2693 1067 2760 bis,qnte
1095 2687 1406 2743 succedunt
1445 2685 1765 2756 praeordiis
1823 2685 1929 2753 (vel
1995 2699 2118 2754 quae
2148 2694 2276 2739 sunt
2311 2694 2434 2754 post
2471 2685 2822 2752 praecordia),
2873 2683 3223 2738 obumbrabit
3265 2685 3388 2740 tibi.
3431 2705 3448 2736 ι
3483 2687 3620 2740 Ν.ιιιι

381 2785 606 2840 dorsum
649 2779 892 2836 succedit
917 2769 1256 2848 praecordiis.
1289 2775 1406 2829 lluc
1431 2773 1562 2827 facit
1593 2779 1648 2827 et
1675 2769 1914 2841 sequens
1933 2772 2221 2826 oraculum
2254 2787 2267 2824 :
2307 2790 2324 2822 ι
2361 2771 2606 2825 Adhaesit
2656 2772 2842 2824 anima
2897 2785 3011 2823 mea
3041 2779 3164 2840 post
3198 2779 3268 2834 te,
3297 2781 3352 2826 et
3394 2773 3618 2826 dextera

387 2881 476 2924 tua
511 2867 874 2940 apprehendit
899 2881 984 2922 me
1004 2863 1072 2919 ⁸⁷.
1118 2885 1135 2916 ι
1164 2863 1276 2918 Noli
1307 2863 1472 2933 igitur
1498 2861 1948 2916 inconvenienter
1985 2857 2210 2922 dicitur,
2233 2871 2454 2910 manum
2485 2855 2575 2912 Dei
2607 2855 2920 2925 impositam
2953 2871 3078 2911 csse
3104 2857 3174 2920 ei,
3207 2859 3624 2926 quiconsistens

385 2961 438 3012 in
467 2967 622 3026 petra
655 2954 1009 3024 exspectabat
1035 2951 1276 3005 divinam
1315 2965 1528 3008 vocem,
1559 2959 1614 3002 et
1645 2947 1809 3002 Deum
1844 2959 2231 3014 praecessorem
2257 2944 2638 3011 sequiavehat.
2661 2943 2740 2996 Ad
2771 2943 2914 2996 hunc
2939 2942 3158 2996 modum
3192 2943 3442 3000 Christus
3482 2961 3620 3000 enu-

385 3045 574 3098 clcaus
607 3055 763 3096 suam
787 3041 984 3104 legem,
1012 3037 1194 3108 inquit
1231 3053 1242 3088 :
1277 3053 1296 3086 ι
1319 3035 1375 3087 Si
1407 3035 1530 3096 quis
1562 3035 1675 3086 vult
1707 3041 1830 3102 post
1849 3047 1934 3086 me
1965 3033 2152 3087 venire
2181 3033 2243 3094 ⁸³,
2275 3050 2292 3081 ι
2325 3047 2422 3084 nec
2450 3031 2523 3084 ait
2557 3029 2650 3084 :Si
2689 3031 2813 3098 quis
2847 3031 2960 3083 vult
2995 3043 3120 3084 ante
3151 3046 3236 3086 me
3271 3033 3366 3086 ire.
3399 3031 3622 3103 Suppli-

385 3131 532 3186 canti
561 3143 728 3198 super
751 3135 954 3180 aeterna
991 3125 1123 3190 vita,
1146 3121 1280 3176 dicit
1311 3139 1323 3174 :
1358 3121 1524 3192 320
1551 3141 1568 3173 ι
1604 3119 1738 3176 Veni
1768 3121 1896 3184 huc,
1919 3127 1974 3174 et
2004 3133 2234 3188 sequere
2265 3133 2350 3172 me
2380 3119 2446 3170 ⁶⁹.
2485 3136 2502 3168 ι
2533 3115 2770 3171 Docetur
2798 3117 2986 3186 itaque
3015 3114 3213 3182 Moses,
3246 3119 3431 3173 videre
3456 3120 3622 3174 Deum

389 3217 524 3272 nihil
555 3229 680 3272 esse
704 3213 872 3278 aliud,
903 3227 1068 3281 quam
1107 3209 1272 3264 Deum
1294 3209 1520 3262 set-tari.
1554 3207 1686 3261 Nam
1717 3207 1808 3262 Dei
1849 3207 2116 3261 transitus
2179 3213 2570 3276 praemonstrat
2597 3204 2730 3258 Mosi
2771 3218 2877 3273 qua
2909 3205 3012 3272 ipsi
3041 3205 3112 3258 sit
3148 3205 3256 3258 iter
3289 3205 3622 3261 faciendum.

395 3305 468 3360 Ita
509 3305 684 3374 possit
711 3302 836 3372 quis
869 3308 985 3352 tuto
1017 3300 1123 3352 iter
1155 3297 1344 3352 facere
1375 3297 1540 3350 etiam
1567 3297 1782 3350 itineris
1819 3297 2062 3366 ignarus,
2095 3293 2140 3346 si
2175 3291 2337 3344 modo
2357 3300 2505 3345 recta
2539 3301 2804 3358 sequatur
2842 3305 2994 3352 cum,
3046 3291 3140 3358 qui
3172 3291 3311 3343 viam
3348 3308 3626 3347 common-

391 3401 548 3456 strat,
585 3405 778 3458 nempe
803 3387 994 3440 Deum.
1057 3385 1194 3438 Nam
1227 3383 1322 3453 qui
1360 3391 1679 3436 transverso
1709 3382 1904 3435 itinere
1928 3381 2152 3442 incedit,
2181 3390 2272 3432 aut
2312 3388 2571 3432 occursat
2613 3377 2742 3440 Deo,
2778 3377 2870 3446 qui
2911 3393 2968 3430 se
3015 3377 3230 3430 itineris
3263 3380 3454 3432 ducem
3490 3397 3628 3449 ιπερ-

391 3487 502 3532 slat
529 3497 544 3532 :
573 3479 644 3538 is,
675 3477 928 3546 inquam,
956 3487 1148 3525 novam
1176 3479 1233 3526 et
1271 3471 1548 3524 insolitam
1613 3477 1768 3537 parat
1797 3469 2212 3538 profectionem.
2247 3467 2401 3532 Quod
2457 3467 2704 3536 praecipit
2739 3485 2750 3519 :
2796 3484 2811 3516 ι
2852 3463 2970 3518 Non
3001 3466 3274 3520 videbitur
3310 3469 3410 3522 tibi
3451 3469 3637 3524 facies

391 3581 534 3628 nn-a,
571 3583 592 3618 ι
635 3573 768 3626 etc.,
813 3569 900 3616 est
927 3559 1222 3620 monentis,
1261 3575 1326 3611 ne
1379 3559 1586 3610 relitse
1615 3571 1893 3625 opponere
1911 3556 2082 3609 vultui
2113 3555 2322 3617 divino,
2354 3569 2489 3608 neve
2525 3561 2826 3622 priesumat
2851 3567 2918 3606 ex
2951 3553 3188 3607 adverso
3218 3569 3442 3608 cursum
3469 3571 3638 3610 suum

395 3655 680 3722 perficere.
711 3649 844 3704 Nam
879 3649 1082 3702 bonum
1117 3661 1176 3700 se
1213 3661 1320 3698 non
1349 3644 1580 3714 opponit
1609 3644 1887 3705 bono,sed
1917 3643 2128 3712 placide
2163 3643 2442 3710 Sequitur.
2479 3639 2548 3694 Se
2605 3655 2886 3709 opponere
2927 3657 3140 3691 summo
3171 3640 3335 3706 bono,
3381 3659 3488 3696 non
3521 3646 3632 3694 virs

313 3801 328 3812 ,
395 3743 530 3794 tutis
551 3741 648 3793 sed
673 3737 790 3792 vitii
813 3743 916 3790 est.
949 3735 1052 3799 Qui
1079 3747 1137 3786 se
1161 3731 1483 3800 opposuerit
1525 3745 1634 3782 non
1661 3729 1802 3782 vivet
1827 3747 1843 3796 ;
1867 3743 2029 3802 nemo
2059 3730 2330 3799 siquidem
2369 3729 2577 3782 videbit
2603 3727 2798 3781 faciem
2847 3725 2938 3778 Dei
2974 3737 3026 3779 ct
3075 3729 3236 3782 vivet.
3286 3731 3349 3782 lit
3423 3735 3631 3784 vocabo

393 3827 450 3882 in
485 3825 710 3880 nomine
738 3821 980 3883 Domini,
1007 3827 1140 3880 εις..
1177 3815 1351 3870 Filius
1380 3817 1594 3870 scilicet
1616 3815 1669 3869 in
1699 3817 1923 3869 nomine
1952 3815 2160 3870 Patris.
2833 3883 2846 3892 ἰ

469 3933 786 3998 Λάξευσον
809 3927 1048 3994 σεαυτῷ
1077 3927 1196 3981 δύω
1226 3925 1462 3990 πλάκας
1491 3925 1748 3990 λιθίνας,
1793 3923 1970 3978 καθά-
1997 3925 2043 3981 Α

2137 3919 2326 3990 Sculpe
2363 3921 2460 3974 tibi
2505 3919 2640 3975 duas
2671 3921 2882 3976 tubulas
2923 3921 3160 3985 lapideas
3189 3925 3634 3996 quemadmodum

393 4043 504 4096 περ
531 4027 628 4082 καὶ
649 4029 710 4082 αι
739 4023 982 4094 πρῶται.
1027 4023 1152 4074 Ἐπὶ
1191 4021 1410 4073 λιθίνων
1453 4019 1678 4082 εἰκότως
1721 4021 1750 4072 ὁ
1781 4017 1958 4086 νότιος,

2066 4013 2289 4081 priores,
2323 4019 2455 4072 etc.,
2491 4027 2668 4081 usque
2694 4015 2758 4066 ad
2791 4015 2931 4068 hunc
2977 4017 3153 4068 locum
3191 4036 3203 4070 ι
3235 4015 3400 4070 Nemo
3425 4017 3637 4082 conspi-

393 4119 470 4178 ὡς
499 4121 564 4172 ἂν
589 4119 730 4188 μένῃ
749 4116 1012 4188 διηνεκῶς
1045 4115 1078 4184 ἡ
1113 4113 1320 4182 Γραφή.
1347 4111 1588 4164 Καθόλου
1607 4111 1716 4178 γὰρ
1741 4110 1966 4180 ἀρχαῖον

2068 4107 2240 4158 cietur
2281 4105 2335 4156 in
2392 4105 2534 4158 omni
2599 4118 2793 4164 meme,
2835 4115 2942 4158 etc.
2993 4105 3098 4178 [3.]
3126 4103 3230 4160 Lex
3269 4105 3534 4160 inciditur
3561 4113 3641 4160 la.

395 4209 456 4262 τὸ
497 4209 556 4262 ἐν
605 4207 830 4278 στήλαις
875 4205 1216 4276 ἀναγράφειν
1251 4203 1317 4254 τὰ
1371 4201 1640 4273 μυστικά·
1699 4201 1772 4265 ὡς
1825 4201 1966 4256 κατὰ

2067 4191 2246 4261 pideis
2269 4193 2494 4256 tabulis,
2525 4201 2578 4244 nt
2605 4203 2870 4263 perpetuo
2903 4207 3146 4256 maneat,
3189 4212 3288 4250 nec
3313 4197 3478 4250 ullam
3507 4196 3639 4249 abo-

395 4301 588 4364 τώτσ,
627 4299 724 4352 καὶ
777 4299 878 4369 τὴν
925 4297 1272 4366 καλουμένην
1326 4292 1712 4366 ξερογλυφικὴν
1771 4289 1966 4360 copias

2069 4283 2314 4336 litionem
2363 4282 2452 4335 illa
2512 4281 2804 4352 Scriptura
2839 4285 3062 4342 sentiat.
3105 4285 3236 4339 Nam
3269 4297 3480 4341 vetusta
3509 4305 3635 4343 eon-

399 4385 774 4440 συνὶστασθαι.
1965 4397 1974 4407 '

2071 4375 2583 4440 suetudoobtinuit,
2615 4384 2674 4428 ut
2729 4378 2986 4446 mysteria
3043 4379 3484 4448 insculperentur
3531 4393 3641 4436 sta-

2075 4467 2206 4522 tuis.
2237 4467 2318 4520 Ah
2355 4467 2454 4520 hoc
2491 4469 2764 4537 principio
2813 4470 3216 4540 hieroglyphica
3253 4485 3343 4524 ars
3373 4471 3645 4542 originem

2075 4555 2328 4625 sumpsit.

470 4670 640 4722 Aiunt
665 4655 890 4738 angelos
925 4674 1368 4735 transgressores
1390 4673 1513 4718 ante
1553 4665 1842 4728 diluvium,
1877 4665 2124 4734 quietiam
2151 4681 2360 4720 arcana
2413 4667 2696 4735 aperuisse
2759 4667 3108 4730 mulieribus,
3140 4683 3266 4720 cum
3294 4667 3498 4736 quibus
3546 4666 3640 4718 bc-

399 4757 632 4812 buerant
695 4756 868 4824 stupri
923 4753 1378 4808 consuetmlinem
1419 4768 1432 4806 :
1471 4763 1526 4806 nt
1577 4755 1688 4804 luce
1747 4755 2150 4820 innotescerent
2207 4753 2286 4806 illi
2333 4755 2522 4816 sexui,
2567 4755 2830 4822 inscripta
2879 4763 3008 4808 sunt
3094 4755 3296 4822 petris.
3333 4755 3646 4823 Atqueista

397 4845 586 4898 omnia
627 4844 680 4896 in
717 4843 862 4895 hunc
894 4841 1294 4894 adhibebantur
1331 4855 1516 4901 usum,
1577 4850 1634 4890 ut
1685 4842 1942 4892 ιιιιιῑίιιιαε
1970 4839 2070 4890 sibi
2129 4849 2411 4901 caverent,
2448 4851 2502 4894 et
2547 4839 2997 4910 subter-fugerent
3037 4835 3452 4908 impendentem
3479 4843 3651 4893 toti-«-

401 4931 588 4986 mundi
623 4931 1062 4988 inundationem,
1099 4935 1158 4978 ut
1195 4927 1397 4993 quibus
1421 4927 1536 4978 haec
1567 4926 1710 4978 foret
1761 4925 1956 4978 litteris
1989 4925 2044 4976 in
2105 4935 2290 4992 petras
2349 4927 2642 4994 insculptis
2687 4927 3082 4994 prtenunliata.
3111 4926 3459 4996 Quapropter
3483 4926 3649 4986 Dt'lls,

403 5018 632 5088 nequid
693 5033 722 5070 a
771 5013 1364 5070 solitaconsuetudine
1399 5013 1682 5065 videretur
1747 5013 2060 5071 immutare,
2118 5011 2348 5078 lapideis
2403 5013 2610 5066 tabulis
2671 5012 2955 5081 inscripsit
3021 5014 3192 5080 legem
3255 5015 3458 5066 virtute
3527 5015 3648 5076 biu-

403 5108 542 5160 ritus
573 5107 778 5170 sancti,
814 5121 974 5174 quem
1007 5118 1130 5156 cum
1161 5105 1500 5156 nomiuvsset
1541 5101 1828 5152 Matthmus
1858 5101 2104 5168 spiritum
2155 5098 2248 5152 Dei
2289 5103 2356 5160 ’°,
2409 5101 2666 5152 eumdem
2729 5115 2945 5167 quoque
2997 5101 3209 5153 vocavit
3269 5101 3498 5168 digitum
3561 5099 3652 5150 Dei

402 5191 577 5248 Lucas
627 5193 694 5246 ".
748 5191 864 5245 Huc
927 5191 1168 5260 reSpt-xit
1229 5189 1360 5241 Paul
1389 5205 1432 5242 ts
1485 5187 1675 5240 dicens
1710 5202 1722 5235 :
1758 5205 1774 5236 ι
1809 5185 1911 5250 Qui
1947 5186 2148 5255 dignos
2182 5203 2280 5240 nos
2309 5187 2584 5256 judicavit
2627 5187 2918 5241 ministros
2977 5187 3099 5240 novi
3143 5187 3484 5250 testamenti,
3545 5203 3652 5238 non

403 5279 600 5334 litlcrze
654 5281 748 5334 sed
804 5279 1067 5347 Spiritus.
1112 5273 1244 5328 Nun
1289 5277 1470 5326 littera
1506 5273 1735 5334 occidit,
1800 5273 2029 5341 Spiritus
2083 5283 2266 5326 autem
2329 5273 2570 5327 vivifieat
2607 5273 2674 5325 ⁷³.
2717 5292 2734 5324 ι
2791 5273 3004 5327 Deinde
3053 5272 3218 5326 infert
3257 5291 3270 5319 :
3313 5293 3330 5324 ι
3372 5275 3430 5328 Si
3485 5275 3650 5325 mini-

403 5369 638 5428 sterium
669 5366 864 5420 ntortis
900 5365 1196 5420 inlitteris.
1229 5363 1568 5431 insculptum
1613 5359 1666 5412 in
1727 5361 2022 5429 lapidibus,
2087 5360 2290 5414 factum
2345 5371 2429 5414 est
2477 5362 2530 5414 in
2584 5361 2808 5430 gloria:
2846 5360 3021 5414 multo
3071 5361 3246 5430 magis
3281 5359 3652 5414 ministerium

403 5457 630 5524 spiritus
659 5455 762 5506 erit
805 5455 858 5507 in
891 5451 1066 5522 gloria
1096 5451 1158 5504 ⁷⁵.
1199 5469 1216 5500 ι
1254 5451 1314 5502 lit
1347 5449 1472 5503 alibi
1517 5449 1568 5502 in
1605 5448 1754 5502 hunc
1790 5451 2008 5502 inminui
2065 5449 2208 5502 idem
2241 5449 2466 5504 disserit
2499 5449 2813 5520 'Apostolus
2855 5467 2918 5528 :\¢
2961 5446 3317 5513 Manifestati,
3349 5447 3494 5516 quod
3533 5447 3657 5500 silis

475 5630 519 5662 δ’
559 5631 726 5683 Exod.
755 5627 1060 5686 vxvttt.9.l.
1140 5629 1181 5656 ³·
1219 5625 1362 5681 l'Sal.
1391 5641 1580 5684 xxxix,
1607 5627 1658 5678 5.
1740 5627 1782 5657 εδ
1819 5625 1834 5679 l
1865 5627 1994 5680 Cor.
2039 5645 2058 5680 ι

2125 5627 2178 5680 4.
2257 5629 2298 5658 ⁸⁵
2326 5629 2366 5681 ll
2403 5630 2534 5694 Cor,
2569 5645 2622 5688 ι’,
2689 5632 2736 5682 ¹Ι.
2815 5631 2858 5661 ⁶τ
2891 5629 3036 5683 l‘sal.
3099 5639 3234 5683 NI.
3279 5625 3332 5680 9.
3447 5626 3490 5656 τε
3518 5623 3675 5694 an.’

401 5718 480 5760 Ix.
513 5703 604 5760 ‘25.
684 5703 726 5730 "
763 5701 958 5766 Matth.
991 5696 1210 5754 “Lall.
1313 5699 1355 5724 "°
1393 5695 1580 5748 Matth.
1625 5713 1716 5756 λιι,
1747 5697 1839 5749 9.8.
1921 5699 1962 5727 ⁷⁸

2081 5717 2126 5750 r.
2161 5715 2234 5758 st,
2268 5699 2357 5750 ΞΟ.
2435 5703 2478 5728 τ’
2517 5693 2692 5752 ltlur.
2763 5715 2844 5764 ιιι,
2894 5701 2946 5750 (ἰ.
3063 5700 3108 5728 ⁷³
3141 5697 3182 5748 ιι
3221 5697 3344 5748 Cur.
3389 5709 3472 5761 ut,
3515 5693 3570 5762 7,
3606 5695 3657 5750 8.
