4010 6212
378 280 476 343 687
1270 242 1273 245 “
1693 273 2044 335 ruccoru
2073 275 2314 334 GAZJEI
3518 274 3621 336 oss

376 387 625 459 ercmpla
660 387 864 443 Cbristi
906 386 1220 443 ministrata
1247 402 1276 441 a
1316 387 1516 444 nobis:
1546 396 1602 441 et
1666 389 1878 460 scripta
1937 402 2046 441 non
2081 395 2414 452 atramento,
2465 387 2560 443 sed
2603 386 2803 458 Spiritu
2835 386 2931 441 Dei
2966 386 3243 453 viventis;
3290 400 3398 440 non
3442 385 3496 438 in
3536 397 3625 439 ta-

378 476 525 531 bulis
552 474 806 545 lapideis,
846 474 943 529 sed
979 475 1034 528 in
1074 474 1280 530 tabulis
1320 476 1507 531 cordis
1542 477 1863 529 carnalibus
1888 475 1959 531 ⁷⁸.
2003 493 2022 526 ι
2060 474 2199 529 Cum
2256 476 2422 545 igitur
2474 474 2620 530 Deus
2653 476 2830 547 primo
2884 482 3139 545 parasset
3174 476 3359 531 cordis
3401 473 3622 531 tabulas

378 578 481 617 suo
513 561 733 632 spiritu,
766 574 868 617 suo
885 575 1106 632 quoque
1136 562 1334 632 spiritu
1367 576 1500 617 sitas
1533 562 1892 631 impressit‘et
1927 562 2120 617 incidit
2152 562 2315 633 leges.
2352 561 2449 618 His
2503 572 2688 617 autem
2735 563 3040 630 corruptis,
3103 563 3262 627 alias,
3299 564 3370 619 de
3416 567 3623 633 quibus

382 652 566 706 Mosen
599 664 747 705 nunc
770 646 1107 720 interpellat,
1134 649 1369 720 quilibet
1400 664 1498 720 per
1550 649 1936 719 paenitentiam
1971 660 2244 719 praeparat
2296 650 2534 705 tabulas.
2577 649 2713 704 Nam
2752 660 2873 720 post
2910 650 3175 720 puerilem
3226 661 3439 707 tetatem
3476 654 3625 708 diri-

382 740 531 794 nitus
563 738 726 793 nobis
760 736 1080 792 infunditur
1137 737 1379 791 naturali
1428 742 1666 807 quadam
1723 737 1942 791 ratiOne
1987 736 2281 806 judicium,
2316 752 2426 806 quo
2475 737 2851 792 discernimus
2892 736 3096 792 bonum
3147 752 3178 790 a
3210 739 3378 805 malo,
3404 741 3625 796 scilicet

382 827 486 881 hoc
516 839 641 880 esse
677 822 1022 894 fugiendum,
1062 821 1201 877 illud
1226 837 1358 878 vero
1390 822 1733 893 eligendum.
1762 816 1875 877 Hoc
1898 822 1991 877 est‘
2031 824 2191 888 illud,
2219 825 2365 894 quod
2403 824 2667 896 peculiari
2704 823 2928 879 nomine
2960 833 3190 879 vocatur
3214 824 3306 895 jus
3349 829 3622 882 naturale.

383 915 451 967 At
471 911 608 966 adeo
636 910 885 980 corrupti
913 925 1107 965 sumus
1131 924 1196 964 ex
1223 910 1483 980 primaeva
1549 909 1641 963 illa
1699 910 2168 978 transgressione,
2225 920 2284 965 ut
2327 910 2742 966 confundamus
2775 910 2920 966 inter
2957 926 3018 967 se
3049 910 3182 966 boni
3216 913 3539 970 elei-tionem
3566 925 3625 970 et

382 1001 509 1055 mali
530 998 742 1070 fugam,
781 1009 841 1054 et
868 999 1103 1053 alterum
1140 1011 1242 1066 pro
1276 997 1450 1052 altero
1497 998 1787 1067 eligamus.
1813 997 2077 1063 Quamvis
2108 1000 2321 1067 priores
2352 999 2550 1053 tabulae
2588 997 2889 1052 confracta!
2931 999 3066 1063 sint,
3089 1015 3198 1054 non
3231 1007 3411 1053 tamen
3457 1016 3626 1071 opor-

383 1090 531 1143 tebat
561 1087 728 1142 etiam
754 1086 847 1153 jus
882 1086 1137 1139 naturale
1171 1080 1336 1139 nobis
1377 1084 1704 1154 inscriptum
1761 1084 1965 1139 aboleri
1996 1093 2051 1138 et
2077 1084 2378 1154 exstingui.
2413 1084 2653 1139 Proinde
2674 1085 2939 1153 jubemur
2964 1099 3059 1153 per
3090 1093 3253 1155 Opera
3284 1088 3625 1155 pmuitentite

383 1177 655 1232 secundas
689 1174 937 1243 expolire
966 1173 1210 1235 tabulas.
1240 1187 1380 1242 quas
1409 1172 1463 1225 in
1496 1187 1693 1227 manus
1756 1173 2118 1242 accipientes,
2156 1172 2207 1225 id
2235 1181 2342 1239 est,
2391 1172 2555 1227 bonis
2589 1173 2856 1242 Operibus
2897 1173 3221 1227 communiti
3257 1174 3627 1230 ascendamus

385 1263 439 1315 in
472 1270 733 1323 montem,
766 1260 821 1313 in
852 1273 1014 1329 quem
1038 1273 1321 1313 vocamur.
1350 1257 1472 1324 Quo
1512 1258 1604 1311 ubi
1640 1258 1976 1320 venerimus,
2020 1258 2139 1326 ipse
2196 1256 2338 1313 Deus
2397 1258 2667 1313 inscribet
2714 1258 2828 1313 illis
2872 1259 3100 1324 tabulis,
3147 1275 3270 1329 quas
3309 1260 3367 1316 in
3408 1266 3628 1331 priores
3654 1270 3673 1284 '

386 1348 778 1416 insculpserat.
810 1346 1118 1400 Secundam
1152 1345 1329 1416 legum
1367 1345 1627 1400 lationem
1662 1344 1822 1401 nobis
1854 1344 2018 1400 etiam
2048 1344 2313 1415 propheta
2361 1353 2781 1406 commonstrat,
2824 1344 3017 1401 dicens
3052 1363 3065 1401 :
3105 1364 3124 1398 ι
3166 1346 3462 1418 Disponam
3490 1350 3628 1419 ipsis

386 1439 777 1489 te'Stameutum
810 1447 1037 1497 novum,
1070 1447 1181 1487 non
1209 1432 1510 1487 secundmn
1544 1442 1959 1497 testamentum,
1994 1432 2139 1501 quod
2172 1431 2427 1486 ordinari
2455 1433 2706 1502 patribus
2734 1431 2953 1485 illorum
2999 1432 3052 1486 in
3099 1431 3211 1500 die,
3263 1449 3371 1503 quo
3429 1450 3632 1506 appre-

387 1521 546 1576 hendi
569 1535 789 1573 manum
824 1520 1068 1585 illorum,
1104 1527 1159 1576 et
1183 1520 1347 1575 eduxi
1379 1535 1477 1575 eos
1502 1536 1566 1574 ex
1603 1530 1748 1573 terra
1778 1517 2017 1589 Egypti.
2048 1516 2185 1584 Quia
2220 1535 2325 1572 non
2360 1527 2785 1590 permanserunt
2816 1519 2871 1572 in
2905 1528 3237 1575 teStamcnto
3270 1535 3414 1586 meo,
3445 1530 3497 1576 et
3526 1538 3631 1593 ego

385 1608 598 1678 neglexi
630 1622 748 1673 eos,
781 1605 920 1661 dicit
951 1606 1240 1662 Dominus.
1270 1607 1340 1660 At
1376 1606 1480 1660 hoc
1514 1616 1598 1661 est
1631 1614 2045 1673 testamentum,
2073 1606 2219 1676 quod
2254 1606 2540 1676 disponam
2577 1607 2763 1662 domui
2789 1606 2962 1663 Israel
2999 1615 3125 1677 post
3157 1607 3277 1662 dies
3304 1608 3455 1674 illos,
3490 1608 3632 1664 dicit

390 1696 672 1760 Dominus,
706 1695 848 1749 dans
879 1694 1027 1764 leges
1060 1710 1211 1749 meas
1236 1695 1291 1748 iu
1322 1703 1558 1749 mentem
1590 1695 1831 1758 illormn,
1860 1695 1992 1749 etin
2018 1694 2185 1748 corda
2207 1693 2432 1748 illorum
2472 1694 2769 1772 inscribam
2799 1697 2977 1750 eas”.
3025 1715 3043 1749 ι
3080 1693 3279 1751 Habitu
3308 1695 3492 1751 diﬂert
3518 1696 3630 1764 lex,

390 1799 510 1853 qua:
540 1783 816 1852 praecessit
838 1783 1248 1852 corruptionem
1275 1783 1584 1836 tabularum
1620 1792 1672 1837 et
1695 1796 1816 1852 qua:
1842 1789 2030 1837 secuta
2064 1790 2146 1836 est
2175 1782 2340 1835 lianc.
2377 1780 2483 1836 Lex
2518 1796 2639 1852 quae
2675 1782 2976 1838 antecessit
3021 1785 3431 1854 corruptionem
3466 1786 3632 1841 tabu-

392 1875 590 1932 larum,
628 1869 819 1945 habuit
852 1868 1121 1939 judicium
1164 1876 1217 1922 ct
1243 1867 1556 1922 facultatem
1610 1867 1962 1922 discernendi
1989 1869 2193 1923 bunum
2249 1883 2278 1920 a
2319 1868 2476 1938 321
2517 1869 2681 1924 malo.
2713 1871 2781 1922 At
2805 1869 2914 1935 les,
2939 1887 3061 1941 quae
3093 1873 3355 1927 comitata
3387 1880 3472 1929 est
3497 1889 3628 1943 pec-

390 1965 595 2020 catum,
628 1954 803 2011 solum
840 1955 1027 2010 habitu
1084 1954 1270 2010 diﬁ‘ert
1318 1969 1348 2009 a
1392 1954 1598 2025 priore,
1654 1955 1844 2010 eadem
1895 1956 2195 2017 exsistens,
2230 1954 2692 2025 quemadmodum
2726 1958 2989 2011 memoria
3032 1957 3310 2015 oblivione
3356 1961 3635 2018 exstincta

389 2045 580 2096 eadem
612 2057 735 2096 cum
766 2042 858 2096 illa
888 2051 994 2106 est,
1023 2057 1147 2112 qua:
1170 2042 1500 2097 oblivionem
1529 2043 1777 2112 sequitur
1811 2061 1823 2096 :
1858 2036 2322 2112 quemadmodum
2372 2043 2570 2107 virtus,
2607 2058 2730 2113 qua:
2761 2044 3081 2100 intercessit
3111 2058 3415 2116 peccatum,
3447 2046 3633 2101 differt

390 2146 419 2181 ει
450 2132 651 2184 virtute
673 2143 837 2199 quam
868 2129 1192 2199 ptenitentia
1224 2129 1408 2198 parit;
1441 2128 1901 2198 quemadmodum
1939 2130 2173 2198 pristina
2205 2130 2415 2185 sanitas
2446 2128 2631 2183 dill'crt
2653 2131 2722 2184 ab
2753 2145 2818 2185 ea
2855 2125 3116 2197 sanitate,
3153 2148 3275 2202 qua:
3303 2142 3635 2204 recuperata

389 2226 477 2271 est
501 2217 761 2289 prepulso
795 2216 1008 2271 morbo.
1041 2214 1112 2271 Ut
1134 2224 1314 2271 autem
1345 2217 1470 2285 quis
1499 2216 1766 2286 suscipiat
1799 2216 2102 2271 secundam
2146 2219 2341 2289 legem,
2368 2225 2527 2288 paret
2558 2232 2618 2271 se
2654 2217 2708 2272 in
2743 2227 2964 2290 tempus
3005 2220 3357 2286 matutinum,
3411 2222 3634 2278 initium

393 2306 617 2372 capiens
642 2304 955 2374 spiritualis
989 2303 1120 2368 diei,
1154 2316 1316 2373 quem
1355 2303 1447 2358 Sol
1471 2304 1703 2374 justitia:
1734 2304 1902 2375 p‘arit,
1945 2312 2003 2358 ut
2042 2305 2226 2360 dicere
2264 2320 2576 2376 queamus:
2620 2324 2638 2356 ι
2679 2304 2791 2359 Nox
2832 2308 3134 2375 praecessit,
3161 2306 3280 2364 dies
3324 2317 3508 2365 autem
3538 2323 3635 2380 ap-

395 2391 790 2461 pmpinquavit
818 2392 885 2443 ".
927 2409 947 2443 ι
983 2389 1187 2445 Deinde
1219 2389 1527 2446 ascendens
1563 2399 1802 2461 occupet
1834 2391 2016 2446 locum
2053 2393 2289 2447 solidum
2333 2392 2744 2447 etimmnbilem
2779 2394 2832 2447 in
2867 2406 3071 2450 monte.
3103 2395 3207 2461 Qui
3247 2411 3357 2450 non
3404 2396 3459 2451 in
3488 2399 3636 2452 hunc

395 2479 620 2532 modum
648 2476 816 2531 fuerit
844 2477 1095 2541 aﬂ'ccttts,
1157 2490 1263 2532 non
1295 2478 1527 2533 scandet
1575 2478 1728 2532 illum
1758 2486 2021 2544 montem,
2073 2496 2173 2534 nec
2234 2481 2286 2534 in
2335 2480 2430 2534 illo
2475 2482 2805 2550 requiescet.
2854 2481 3010 2538 Mons
3038 2484 3342 2539 autemille
3376 2485 3479 2540 sub
3505 2494 3636 2557 typo

393 2568 628 2634 quodam
659 2580 771 2635 pra:
810 2579 870 2620 se
895 2565 999 2620 fert
1028 2566 1376 2636 spiritualem
1413 2578 1677 2626 montem.
1716 2567 1784 2620 de
1816 2582 1929 2636 quo
1975 2569 2241 2636 propheta
2298 2567 2676 2622 vaticinatur:
2715 2588 2733 2621 ι
2774 2572 3071 2640 Apparebit
3122 2586 3281 2627 mons
3339 2571 3554 2628 Domini
3577 2574 3634 2628 in

396 2656 693 2709 novissimo
725 2653 937 2708 dierum
969 2651 1035 2707 "".
1078 2672 1096 2705 ι
1121 2652 1184 2705 Et
1217 2653 1340 2723 quis
1382 2653 1473 2707 ille
1500 2668 1659 2707 mons
1684 2653 1707 2706 ?
1737 2655 1953 2709 scilicet
1996 2653 2166 2707 Fillll.‘
2190 2654 2305 2707 Dei.
2341 2654 2494 2709 lluuc
2526 2657 2579 2709 in
2609 2667 2848 2710 montem
2880 2659 3003 2712 licet
3030 2659 3267 2714 subinde
3302 2660 3636 2730 proﬁcientia

394 2740 713 2806 ascendere,
746 2748 799 2795 et
830 2739 1165 2810 perfectione
1198 2742 1430 2819 potitum
1458 2741 1514 2795 in
1551 2742 1874 2795 summitate
1904 2744 2234 2797 consistere.
2268 2744 2325 2796 ln
2353 2744 2497 2798 hunc
2523 2747 2670 2799 enim
2699 2747 2920 2801 modum
2954 2748 3193 2819 legitur:
3233 2768 3251 2802 ι
3285 2751 3420 2818 Quis
3442 2767 3638 2808 ascctr-

393 2832 487 2885 det
512 2829 565 2884 in
589 2836 833 2882 montem
867 2825 1122 2882 Domini?
1151 2835 1246 2903 aut
1301 2827 1428 2896 quis
1464 2828 1636 2884 stabit
1683 2827 1737 2882 in
1779 2827 1903 2883 loco
1941 2838 2135 2883 sancto
2196 2830 2316 2898 ejus
2349 2831 2439 2883 τεῖ
2484 2848 2502 2882 ι
2546 2832 2648 2886 l’er
2689 2832 3011 2898 dictionem,
3048 2835 3188 2906 quis,
3219 2836 3472 2908 intelligit
3506 2853 3635 2893 raro

396 2918 529 2972 tales
559 2915 920 2987 reperiri,qui
945 2914 1000 2969 in
1033 2915 1179 2970 bunc
1209 2923 1448 2970 montem
1475 2916 1799 2990 ascendant.
1832 2911 1989 2982 Quod
2024 2933 2152 2971 vero
2173 2916 2246 2971 ita
2276 2934 2335 2974 se
2365 2934 2453 2973 res
2485 2919 2705 2984 habeat,
2733 2922 2868 2976 satis
2890 2921 3187 2978 declaratit
3206 2939 3303 2995 per
3320 2926 3635 2995 subjectum

397 3019 715 3075 responsum
743 3021 756 3057 :
799 3022 818 3055 ι
866 3002 1134 3059 Innocens
1170 3003 1427 3058 manibus
1459 3002 1524 3068 τ’,
1556 3022 1576 3056 ι
1607 3013 1714 3057 etc.
1742 3001 1878 3057 Nam
1904 3006 1996 3074 qui
2030 3005 2133 3059 iter
2161 3007 2379 3060 allectat
2411 3007 2463 3059 in
2499 3007 2646 3061 hunc
2669 3015 2930 3073 montem,
2971 3025 3094 3065 eum
3127 3021 3344 3082 oportet
3371 3013 3637 3083 accedere

396 3095 722 3145 instructum
755 3089 1012 3160 practicis
1056 3099 1110 3145 et
1142 3089 1500 3160 spcculativis
1557 3090 1876 3145 virtutibus.
1916 3092 1969 3144 In
1999 3092 2165 3145 istmn
2205 3103 2444 3146 inuutem
2492 3110 2552 3149 se
2584 3095 2831 3166 recipere
2855 3096 3083 3165 jubetur
3114 3100 3183 3164 is,
3217 3101 3310 3169 qui
3342 3100 3456 3155 adit
3482 3102 3637 3156 labo-

396 3194 510 3232 rem
549 3175 911 3231 annuntiaudi
965 3176 1356 3247 Evangelium,
1382 3175 1658 3246 siquidem
1697 3179 1965 3248 propheta
1990 3179 2205 3248 inquit:
2240 3198 2257 3230 ι
2296 3174 2353 3233 lu
2393 3190 2632 3237 montem
2686 3175 2967 3240 excelsum
3021 3185 3282 3254 ascende,
3332 3189 3424 3260 qui
3459 3187 3639 3242 Erans

394 3267 596 3337 gsilium
627 3264 824 3334 objicis
845 3262 1149 3318 Jerusalem
1177 3263 1245 3317 ⁸⁸.
1284 3281 1302 3313 ι
1344 3260 1462 3319 line
1497 3280 1605 3320 non
1641 3267 1801 3335 cujus
1837 3266 2136 3321 ascendere
2169 3266 2353 3320 datur.
3388 3336 3399 3339 Α

466 3356 811 3423 Quapropter
852 3355 1124 3408 neminem
1180 3354 1355 3419 voluit
1396 3371 1504 3410 una
1566 3339 1689 3411 cum
1726 3356 1875 3411 Mose
1908 3358 1964 3411 in
1995 3345 2040 3398 Α

2138 3359 2357 3430 Μηδένα.
2386 3361 2464 3430 τῷ
2499 3360 2723 3418 Μωῦσεῖ
2770 3367 3079 3421 συωνιέναι
3125 3367 3495 3441 προσέταξεν,
3545 3368 3634 3421 ἵνα

396 3447 686 3501 sublimem
723 3446 876 3499 illum
915 3446 1094 3499 locum
1136 3444 1426 3501 scandere.
1466 3445 1525 3500 Si
1551 3448 1696 3501 enim
1738 3447 1866 3517 quis
1908 3462 1967 3502 se

2069 3450 2146 3520 μὴ
2203 3450 2409 3521 βλάϐην
2462 3454 2709 3526 ὑποστῇ,
2770 3458 2990 3528 τολμῶν
3034 3460 3151 3523 τοῖς
3210 3459 3350 3531 ὑπὲρ
3392 3444 3638 3529 ἶύναμιν

391 3538 668 3608 junxisset
714 3536 970 3590 comitem
1024 3534 1160 3591 Mosi
1212 3544 1410 3606 praeter
1455 3537 1795 3591 voluntatem
1844 3536 1965 3601 Dei,

2068 3543 2361 3613 ἐγχειρεῖν.
2395 3544 2458 3597 Et
2510 3546 2619 3616 γὰρ
2659 3547 2814 3615 Ὀζὰ,
2856 3548 3047 3617 γένους
3084 3551 3185 3603 οὐκ
3218 3549 3293 3603 ὣν
3334 3549 3632 3620 ἱερατικοῦ,

398 3629 643 3698 profecto
674 3626 1021 3681 incommoda
1046 3626 1265 3681 tulisset
1289 3627 1551 3693 maxima,
1602 3629 1729 3683 dum
1773 3645 1965 3699 aggre-

2069 3634 2413 3689 ἐκινδύνευσε
2442 3637 2659 3706 ψαύσας
2685 3640 2779 3694 ἐπὶ
2807 3641 3031 3714 βοηθείᾳ
3060 3645 3159 3713 τῆς
3193 3643 3451 3708 κιϐωτοῦ,
3485 3643 3636 3713 πόσῳ

396 3718 850 3788 dercturmajura
870 3718 1096 3773 viribus.
1148 3717 1206 3772 Si
1239 3719 1385 3773 enim
1415 3717 1545 3783 Oza,
1584 3721 1679 3789 qui
1710 3737 1819 3774 non
1858 3723 1967 3774 ori-

2073 3726 2273 3796 μᾶλλον
2308 3730 2336 3779 ὁ
2383 3728 2720 3797 τηλικούτων
2757 3730 2974 3800 ψαύσας
3029 3733 3137 3804 πρὸ
3176 3733 3270 3803 τῆς
3314 3733 3633 3804 προκοπῆςς

398 3812 578 3880 ginem
608 3810 862 3864 trahebat
892 3825 920 3864 c
957 3810 1287 3865 sacerdotali
1344 3812 1628 3881 prosap'a,
1660 3814 1783 3867 vita:
1820 3815 1967 3881 peri-

2080 3816 2148 3867 'H
2179 3818 2316 3885 αὐτὴ
2346 3816 2549 3888 θεωρία
2581 3821 2677 3874 καὶ
2702 3823 2757 3874 ὲν
2777 3822 3152 3893 Εὑαγγελίοις,
3185 3826 3274 3879 ὅτε
3304 3823 3636 3898 παραλαϐὼν

397 3903 580 3956 culum
621 3900 905 3965 sustinuit,
948 3900 1095 3971 quod
1126 3911 1528 3956 contrectassct
1558 3918 1766 3967 arcam,
1799 3920 1962 3974 quam

2084 3904 2289 3973 Ἰησοῦς
2328 3907 2532 3977 Πέτρην
2553 3911 2649 3963 καὶ
2679 3909 2936 3965 Ἰάκωϐον
2970 3912 3065 3966 καὶ
3092 3913 3368 3983 Ἰωάννην,
3397 3914 3477 3975 εἰς
3508 3913 3634 3983 δρας

399 3993 777 4062 prolapsuram
804 3991 1136 4062 opinabatur
1160 4033 1175 4057 ,
1197 4004 1402 4062 quanto
1420 3995 1594 4064 inagis
1620 3996 1741 4050 vitae
1768 3994 1964 4049 discri-

2072 3998 2269 4062 αὐτοὺς
2330 4000 2623 4069 ἀναγαγὼν
2677 4002 2881 4073 ὑψηλὸν
2913 4041 2928 4069 ,
2990 4005 3082 4057 ἐπὶ
3145 4006 3325 4059 αὐτῶν
3364 4022 3638 4076 μετεμορ-

402 4084 523 4135 meu
551 4085 779 4139 adiisset
804 4085 870 4148 is,
899 4084 990 4153 qui
1018 4092 1147 4138 ante
1172 4084 1477 4153 profectum
1505 4088 1752 4153 virtutis,
1781 4094 1963 4142 tantas
2073 4089 2250 4159 φὼοη.

402 4175 648 4242 talesque
673 4185 969 4227 conaretur
1000 4183 1347 4230 contrectare
1372 4191 1481 4232 res.
1526 4177 1629 4231 Hic
1664 4177 1817 4233 locus
1886 4193 1995 4230 non
2073 4179 2287 4233 abludit
2323 4182 2390 4235 ab
2420 4182 2749 4254 Erangelica
2788 4186 3022 4243 historia
3050 4187 3117 4255 ",
3156 4189 3212 4242 in
3246 4204 3355 4260 qua
3399 4187 3640 4243 traditur

399 4255 682 4319 Christum
710 4267 1033 4322 ascendisse
1066 4269 1118 4322 in
1161 4278 1426 4334 montem,
1464 4271 1768 4340 assumptis
1803 4264 1988 4333 Petro,
2028 4270 2235 4326 Jacobo
2266 4284 2317 4328 et
2346 4273 2594 4343 Joanne,
2627 4288 2680 4333 et
2711 4279 2784 4335 ibi
2820 4255 3279 4337 transformatutn
3319 4297 3462 4337 esse.

472 4378 581 4432 Nec
611 4387 791 4432 tamen
841 4378 1022 4448 inepte
1057 4378 1264 4433 dicitur
1291 4379 1425 4434 Mosi
1454 4399 1467 4435 :
1511 4398 1529 4430 ι
1567 4380 1661 4435 Sta
1706 4381 1841 4435 milii
1874 4381 2010 4436 illic.
2056 4401 2075 4435 ι
2107 4383 2241 4438 Nam
2269 4387 2362 4455 qui
2402 4388 2467 4442 ad
2515 4405 2641 4444 eum
2675 4393 2920 4459 modum,
2964 4410 3076 4465 quo
3107 4394 3305 4458 Moses.
3338 4395 3640 4466 profecerit

398 4466 452 4517 in
492 4465 778 4533 religionis
813 4464 1053 4533 negotio,
1090 4466 1221 4517 nulli
1254 4466 1344 4518 alii
1378 4479 1544 4536 quam
1583 4466 1694 4522 Deo
1725 4469 1916 4524 stabit.
1960 4469 2064 4524 Cui
2097 4473 2177 4526 rei
2211 4476 2593 4530 testimonimu
2632 4478 2738 4534 fert
2775 4482 2906 4536 illu‘d
2958 4464 3263 4553 scripturae
3308 4464 3592 4539 oraculum
3623 4503 3639 4537 :

405 4567 422 4600 ι
465 4548 763 4618 Promptus
798 4557 852 4640 et
884 4549 1179 4617 expeditus
1221 4552 1300 4605 sis
1336 4552 1772 4640 aduaudirndum
1803 4566 2208 4640 praeceptorem
2238 4559 2409 4615 Deum
2447 4563 2515 4617 ⁸⁸.
2560 4583 2578 4615 ›
2621 4563 2676 4618 In
2710 4566 2874 4637 hujus
2919 4548 3221 4640 conspectu
3270 4571 3499 4626 assistas
3528 4586 3639 4624 non

403 4649 565 4727 secus
596 4649 660 4687 ac
696 4634 813 4704 regi
848 4644 1053 4704 pra-sto
1092 4644 1222 4727 sunt
1252 4636 1544 4727 satellites,
1596 4646 1651 4692 et
1689 4639 2082 4708 patrifamilias
2115 4639 2281 4700 se'rvi.
2318 4646 2432 4702 line
2454 4634 3219 4711 referendumarbitror-illud
3246 4656 3593 4727 proloquium
3623 4676 3638 4712 :

408 4740 426 4772 ι
475 4721 837 4814 Dgo‘semper
863 4730 1169 4814 tecum-ero
1200 4721 1266 4778 ".
1305 4742 1325 4814 ι
1370 4722 1482 4814 Nec
1521 4740 1629 4780 non
1681 4736 1736 4780 et
1770 4731 1917 4783 hoc:
1959 4729 2147 4785 «Vivit
2183 4730 2451 4790 Dominus
2502 4737 2790 4803 virtutum,
2846 4741 2903 4795 in
2953 4742 3119 4812 cujus
3163 4721 3465 4814 conspectu
3506 4744 3637 4797 steti

405 4807 563 4863 hodie
593 4808 660 4863 “.
695 4826 712 4859 ι
746 4807 1015 4863 Caeterum
1058 4809 1171 4864 haec
1205 4810 1370 4864 verba
1409 4809 1563 4867 fuere
1607 4812 1759 4868 Elian.
1793 4813 2130 4887 Quicunque
2184 4817 2348 4874 fuerit
2390 4821 2610 4889 Moses,
2669 4828 2873 4895 poterit
2912 4807 3214 4885 ascendere
3248 4807 3318 4885 in'
3369 4838 3636 4885 montem.

404 4895 516 4949 Nec
544 4896 636 4950 ille
663 4895 838 4954 solus.
866 4896 961 4951 sed
994 4906 1047 4951 et
1073 4899 1274 4962 omnis,
1302 4898 1393 4965 qui
1423 4899 1682 4969 przcditus
1705 4899 1868 4957 fuerit
1892 4903 2214 4970 virtutibus",
2247 4923 2385 4977 quas
2411 4909 2696 4979 Scriptura
2723 4928 2882 4968 sacra
2926 4915 3006 4970 illi
3031 4917 3308 4972 attribuit.
3329 4916 3638 4979 Possumus

403 4984 562 5036 aliter
598 4983 947 5054 interpretari
986 4985 1227 5049 tabulas,
1267 5001 1404 5054 quas
1444 4987 1684 5043 formare
1723 4988 1913 5058 jussus
1936 5002 2039 5067 est
2090 4995 2287 5052 Moses.
2324 4998 2466 5055 Mors
2507 5003 2576 5056 ab
2623 5003 2781 5059 initio
2812 5021 2924 5061 non
3001 5018 3122 5063 erat
3159 5010 3462 5079 destructa,
3508 5029 3634 5067 cum

403 5075 564 5125 bono
594 5083 740 5129 esset
766 5073 1025 5129 manibus
1057 5075 1261 5129 divinis
1307 5073 1574 5131 formatus
1591 5086 1645 5131 et
1675 5078 1951 5143 conditus,
1992 5095 2091 5137 nec
2124 5097 2230 5136 non
2255 5084 2455 5141 divina:
2478 5088 2775 5146 voluntatis
2804 5093 3019 5150 semina
3074 5096 3132 5150 in
3158 5105 3383 5154 nostros
3414 5073 3634 5154 animos

399 5170 584 5215 essent
607 5160 932 5257 conjecta-ct
955 5176 1169 5257 sparsa.
1188 5160 1334 5257 Mors
1368 5170 1483 5217 tum
1512 5162 1731 5218 demum
1766 5168 2022 5233 accessit,
2049 5186 2175 5226 cum
2198 5177 2409 5232 nostris
2428 5178 2660 5235 auribus
2687 5184 2896 5251 peccati
2922 5198 3119 5249 sonus,
3142 5202 3306 5257 quem
3342 5187 3632 5257 Scriptura

402 5261 587 5344 vni-em
628 5249 902 5344 serpentis
940 5249 1215 5344 nominat,
1251 5248 1463 5344 affusus
1487 5253 1683 5331 est.A.t
1711 5269 1836 5319 vox,
1862 5271 2027 5324 quam
2059 5275 2207 5315 nunc
2231 5263 2430 5317 tollunt
2458 5248 2782 5333 idololatraz,
2811 5248 3174 5338 estillorum,
3203 5275 3300 5344 qui
3336 5248 3611 5331 ebrietate

406 5335 538 5387 moti
582 5335 992 5403 vociferantur;
1017 5337 1133 5392 lucc
1165 5352 1266 5392 vox
1303 5338 1357 5393 in
1393 5349 1594 5395 terram
1629 5342 1889 5411 procidit.
1925 5344 2192 5401 Cancrum
2224 5363 2385 5405 verus
2422 5351 2725 5423 legislator,
2767 5357 2928 5426 cujus
2963 5369 3127 5431 typus
3157 5335 3283 5417 erat
3320 5360 3500 5419 Moses
3523 5402 3540 5429 ,
3571 5348 3660 5419 ex‘

475 5484 603 5583 1:1!
633 5486 977 5583 CPI:.."",""
1019 5487 1352 5583 η’,ἱέξτειιιο
1403 5507 1572 5583 ira:
1623 5493 1822 5583 iit-3E:
1874 5494 2039 5583 ιὲριιε-
2066 5513 2198 5583 si".
2250 5500 2317 5566 9»
2381 5502 2464 5583 to.
2538 5508 2811 5583 -!‘_“°_m-
2855 5527 2979 5577 xm.
3037 5514 3119 5568 ιε.
3247 5518 3423 5573 πιθα.
3475 5534 3537 5583 ιι,
3583 5504 3694 5574 2.:

398 5555 445 5587 ⁷³
479 5555 622 5612 ΡμιιΙ.
667 5573 823 5621 χχιιι,
869 5559 923 5612 5.
1019 5560 1064 5591 ⁷⁸
1094 5559 1226 5614 ibid.
1270 5560 1323 5614 4.
1416 5562 1461 5594 ⁸⁸
1492 5561 1599 5616 lsa.
1633 5579 1718 5628 η,
1753 5555 1820 5617 9(
1890 5568 1932 5599 ³¹
1976 5570 1981 5621 ;

400 5627 442 5659 ⁸⁸
498 5627 560 5683 Ill
592 5627 721 5698 Reg.
752 5642 884 5693 xm,
924 5628 971 5681 Ι.
1474 5693 1481 5698 ,

2051 5555 2329 5636 ιιιιι.ἰνιι’,
2384 5555 2462 5628 ἐξ
2537 5576 2582 5608 ⁸³
3214 5555 3634 5656 stJT'iii'I'iii
