4010 6212
437 312 557 376 639
1480 326 2019 393 COMMENTA‘RII
2064 333 2145 395 IN
2194 335 2633 406 LEVITICUM;
3590 340 3696 407 690

439 456 585 500 terra
623 439 733 499 sibi
776 445 994 497 natura
1023 440 1245 499 tabulas
1279 441 1629 503 reformavit.
1669 447 1802 502 Nam
1830 450 2036 520 nuptiae
2062 467 2171 508 non
2205 463 2646 524 procreaverunt
2680 453 3019 510 illidivinam
3039 470 3195 511 suam
3218 469 3486 524 carnem;
3507 473 3694 514 verum

439 535 557 601 ipse
591 545 707 587 suae
737 529 926 586 carnis
949 528 1010 584 tit
1039 528 1467 601 lapicida,qute,
1495 531 1753 605 inquam,
1788 551 1925 591 caro
1959 537 2234 594 deliueata
2276 551 2329 595 et
2360 541 2637 612 descripta
2669 541 2878 598 cstDei
2911 539 3393 612 digito..Spiritus
3421 543 3692 612 siquidem

441 625 670 673 sanctus
705 616 857 672 venit
895 630 1066 686 super
1094 623 1347 672 sanctam
1365 617 1674 690 Virginem,
1706 632 1761 676 et
1788 624 1968 679 virtus
1996 624 2262 681 Altissimi
2285 628 2640 689 obumbravit
2665 644 2810 685 cam.
2836 627 2950 684 Hoc
2977 630 3072 684 ubi
3105 628 3358 699 contigit.
3390 628 3693 683 humanum

443 720 614 777 genus
657 719 758 761 sua
780 704 1142 775 corruptione
1169 712 1255 761 est
1290 705 1610 775 liberatum,
1650 716 1703 763 et
1740 711 2032 779 pristinam
2068 713 2440 783 integritatem
2470 715 2698 785 recepit,
2721 715 3196 771 immortalitatem
3240 715 3497 772 sortitum
3528 717 3698 769 inter-

443 800 602 849 ventu
636 792 954 861 sculptura.
990 806 1154 862 quam
1179 793 1392 865 peregit
1427 792 1519 849 Dei
1539 796 1772 867 digitus,
1803 798 1855 852 id
1888 807 1994 862 est,
2029 797 2273 869 Spiritus
2297 808 2528 857 sanctus
2560 801 2628 856 ad
2659 817 2807 868 eum,
2839 817 3004 873 quem
3041 801 3307 867 diximus,
3340 802 3586 857 modum.
3619 803 3694 858 Ita

442 877 680 935 subinde
715 877 1152 933 trausformatur
1184 877 1367 936 Moses
1416 881 1470 935 in
1520 884 1721 939 melius
1755 892 1809 939 ct
1865 885 2142 941 illustrius
2172 928 2187 953 ,
2230 895 2395 957 atque
2444 889 2582 943 adeo
2632 889 2854 959 uLcjus
2881 888 3191 944 claritatem
3224 889 3387 959 322
3416 889 3696 944 humanus

440 967 641 1022 oculus
676 974 901 1037 propter
935 966 1369 1022 imbecillitatem
1404 968 1611 1023 intueri
1644 982 1903 1041 nequeat.
1953 974 2021 1027 At
2058 972 2241 1029 Moses
2275 974 2377 1029 fuit
2408 976 2706 1045 prmsultor
2735 975 2858 1047 ejus
2879 1016 2903 1040 .,
2949 976 3045 1047 qui
3069 984 3302 1033 nostros
3348 977 3597 1033 defectus
3642 989 3697 1031 et

443 1055 665 1109 morbos
699 1054 941 1119 curavit,
979 1062 1032 1110 et
1062 1065 1376 1125 corruptam
1411 1066 1658 1112 nostram
1698 1069 1951 1114 naturam
1980 1062 2045 1117 ad
2080 1064 2372 1133 pristinam
2409 1067 2702 1120 sanitatem
2746 1066 3051 1132 revocavit,
3083 1081 3363 1138 quamque
3399 1083 3499 1123 suo
3527 1068 3697 1138 digito

443 1141 681 1196 miriﬁce
716 1141 958 1212 pristino
989 1141 1155 1196 nitori
1188 1142 1451 1198 reddidit.
1492 1143 1648 1198 ll'uuc
1683 1162 1790 1200 non
1834 1157 2096 1218 poterunt
2130 1166 2360 1206 cernere
2398 1167 2525 1205 cum
2570 1152 2783 1208 venerit
2841 1153 2893 1206 in
2954 1154 3131 1224 gloria
3188 1169 3288 1211 sua
3315 1194 3330 1219 ,
3398 1155 3491 1224 qui
3562 1170 3696 1209 cono

443 1234 659 1365 ξιιψιιι⁸
687 1227 952 1347 Jeritate
1002 1226 1339 1284 adhtescrint
1393 1231 1701 1285 mendacio.
1739 1233 1873 1287 Nam
1932 1236 2112 1306 inquit
2147 1252 2159 1289 :
2198 1256 2217 1289 ι
2250 1237 2501 1293 Tollatur
2560 1255 2588 1295 c
2637 1240 2816 1295 medio
2860 1241 3101 1311 impius,
3144 1257 3213 1297 ne
3248 1242 3430 1297 videat
3463 1242 3693 1312 gloriam

491 1328 663 1365 omtnt
742 1354 756 1365 .
791 1332 812 1365 ι
2954 1354 2963 1365 ,

491 1328 663 1369 omtnt
687 1328 756 1369 ".
791 1332 812 1367 ι

512 1428 623 1484 Kal
644 1430 891 1500 ἀφελεῖς
903 1432 985 1487 σὺ
1003 1432 1108 1500 τὰς
1123 1435 1377 1504 ἀνομίας
1391 1435 1582 1505 ἡμῶν,
1601 1438 1822 1505 καὶτὰς
1841 1440 1996 1509 ἁμαρ
2014 1474 2018 1479 -
2051 1431 2095 1487 Λ

2196 1441 2266 1496 Et
2292 1443 2500 1513 auferes
2525 1454 2579 1498 tu
2609 1445 2922 1516 iniquitates
2942 1452 3156 1500 nostras
3180 1454 3227 1498 et
3253 1452 3470 1513 peccata
3490 1454 3693 1508 nostra,

441 1522 575 1589 τίας
594 1522 787 1593 ἡμῶν,
814 1522 912 1579 aia!
935 1525 1195 1596 ἐσόμεθὰ
1214 1542 1334 1581 σοι.
1367 1528 1577 1582 Οὐκσῦν
1612 1528 1741 1586 ὅταν
1772 1531 1891 1602 ἴδῃς
1921 1531 2021 1586 ἄν-

2122 1545 2171 1589 et
2203 1535 2401 1589 erimus
2426 1535 2549 1600 tibi,
2585 1544 2694 1592 etc.
2733 1534 3064 1608 [9]..Itaque
3107 1550 3231 1592 cum
3265 1534 3475 1591 videris
3509 1543 3561 1589 ct
3603 1551 3700 1588 au-

443 1610 666 1684 Θρωπόν
699 1632 825 1670 τινα
871 1615 1098 1686 λέγοντα
1125 1617 1204 1689 τῷ
1248 1620 1544 1692 παραλύτῳ
1573 1621 1667 1675 καὶ
1717 1624 1782 1693 τῇ
1822 1622 2023 1693 πόρνῃ,

2125 1627 2337 1683 diveris
2386 1628 2667 1684 hominem
2725 1628 2912 1685 dicere
2973 1629 3279 1700 paralytico
3329 1638 3422 1682 aut
3473 1636 3694 1683 scorto:

452 1723 470 1757 ι
511 1705 817 1775 Ἀφέωνταί
883 1725 965 1763 σοι
1026 1711 1082 1764 αἱ
1136 1711 1444 1783 ἁμαρτίαι,
1485 1732 1502 1764 ι
1554 1714 1729 1784 γνῶθι
1779 1715 2024 1769 τοιοῦτον

2129 1736 2148 1771 ι
2175 1717 2556 1774 Remittuntur
2575 1718 2675 1774 tibi
2702 1728 2935 1789 peccata
2959 1726 3054 1773 tua
3074 1717 3203 1784 ⁸⁶,.›
3227 1726 3361 1786 etc.,
3380 1719 3700 1772 memineris

448 1796 716 1867 ὑπάρχειν
750 1796 937 1865 αὐτὸν,
976 1800 1105 1870 περὶ
1132 1794 1194 1855 οὗ
1234 1820 1317 1856 σοι
1370 1803 1645 1875 προλέγω.
1680 1804 1873 1870 Οὐδεὶς
1910 1805 2024 1877 γὰρ

2126 1809 2282 1863 illum
2331 1824 2476 1873 esse,
2524 1808 2593 1864 de
2627 1823 2738 1879 quo
2783 1823 2932 1864 nunc
2977 1808 3291 1864 tibiverba
3332 1806 3499 1862 facio.
3533 1804 3701 1861 Nemo

444 1885 666 1943 δύναται
698 1888 919 1959 ἀφεῖναι
946 1891 1242 1962 ἁμαρτίας,
1269 1894 1400 1966 εἰμὴ
1434 1896 1600 1966 μόνος
1625 1897 1654 1950 ὁ
1687 1896 1843 1960 Θεὸς.

2125 1896 2275 1950 enim
2309 1894 2417 1949 nisi
2452 1895 2609 1951 solus
2651 1894 2821 1960 Deus,
2848 1894 3172 1951 condonare
3204 1902 3387 1965 potest
3420 1894 3608 1949 debita
3630 1889 3694 1943 ε’.

519 2023 709 2082 Posuit
736 2044 892 2099 super
932 2029 1133 2084 vultum
1187 2048 1345 2084 suum
1380 2031 1571 2093 velum,
1604 2042 1711 2087 etc.
1754 2029 2020 2105 [XXXIV,
2059 2028 2181 2101 ὅτι]
2219 2028 2399 2083 Tanta
2433 2027 2538 2082 fuit
2567 2026 2793 2083 caecitas
2828 2026 3172 2093 Judteorum,
3209 2035 3269 2082 ut
3301 2041 3368 2081 ne
3402 2024 3539 2096 legis
3575 2023 3703 2093 qui-

447 2119 569 2169 dem
600 2115 780 2170 lucem
814 2117 1095 2172 sustinere
1121 2125 1175 2170 et
1208 2133 1408 2186 capere
1435 2119 1737 2188 quiverint.
1770 2118 1881 2175 Nec
1911 2120 2090 2175 solum
2123 2117 2322 2188 vulgus
2345 2114 2663 2171 .ludacorum
2711 2115 2817 2172 hac
2869 2117 3120 2172 caecitate
3159 2115 3431 2170 laboravit
3459 2155 3474 2176 ,
3530 2116 3699 2168 et‘am

451 2201 774 2258 sacerdotes
800 2204 1171 2273 nequiverunt
1192 2205 1539 2273 spiritualem
1567 2206 1705 2278 legis
1732 2207 2023 2261 intellectu
2059 2206 2287 2262 haurire
2312 2221 2569 2262 sensum.
2589 2206 2741 2263 Nihil
2772 2207 2919 2263 enim
2950 2221 3107 2276 aeque
3133 2219 3236 2262 suo
3268 2204 3482 2273 fulgore
3503 2203 3702 2254 tuentis

448 2289 645 2344 oculos
684 2290 1042 2362 praestringit,
1085 2306 1150 2346 ac
1187 2291 1397 2348 Christi
1436 2294 1800 2364 mysterium,
1836 2292 1984 2363 quod
2032 2294 2345 2349 mirabilem
2397 2294 2575 2350 lucem
2616 2293 2864 2349 infundit
2895 2294 3195 2356 cordibus,
3237 2291 3291 2346 iu
3321 2306 3487 2360 quam
3525 2293 3698 2357 lucem

456 2377 720 2433 Israelita:
749 2380 1068 2450 prospicere
1112 2395 1222 2435 non
1272 2388 1599 2450 potuerunt.
1641 2380 1856 2436 Idcirco
1885 2380 2223 2436 Nicodemus
2268 2389 2677 2452 percontatur:
2717 2399 2736 2433 ι
2767 2380 3060 2447 Quomodo
3093 2385 3277 2449 potest
3330 2378 3493 2433 homo
3549 2376 3700 2429 nasci

454 2480 623 2520 senex
658 2466 938 2523 exsistens
970 2466 1015 2499 ⁸⁸
1043 2466 1067 2521 ?
1101 2486 1120 2521 ι
1159 2466 1496 2524 Nicodemus
1531 2469 1702 2539 igitur
1730 2469 1989 2535 docetur,
2031 2475 2092 2523 ut
2121 2484 2207 2536 ea,
2248 2483 2372 2539 quae
2407 2469 2611 2524 mentis
2642 2468 2984 2524 intellectum
3007 2475 3296 2535 superant,
3335 2465 3439 2519 ﬁde
3464 2478 3702 2517 venere-

454 2560 548 2607 tur
575 2568 677 2608 nec
710 2555 1097 2625 scrupulosius
1128 2556 1377 2627 inquirat
1410 2556 1635 2612 modum
1658 2574 1693 2627 ;1
1725 2557 1984 2627 quamvis
2014 2557 2182 2613 etiam
2216 2556 2302 2610 lex
2334 2556 2484 2611 mille
2518 2555 2727 2627 ﬁguris
2755 2555 3116 2610 delineaverit
3160 2553 3274 2623 jam
3332 2552 3460 2608 olim
3493 2548 3702 2604 Christi

458 2642 805 2710 mysterium.
839 2642 949 2697 Nec
987 2644 1171 2699 Aaron
1209 2660 1434 2713 quoque
1460 2659 1571 2698 una
1599 2660 1724 2699 cum
1761 2644 2075 2701 senioribus
2104 2644 2291 2716 populi
2343 2643 2487 2699 ferre
2536 2644 2717 2714 potuit.
2763 2643 3074 2698 claritatem
3129 2642 3303 2696 illam.
3357 2639 3704 2708 Quapropter

456 2727 579 2782 velo
608 2730 966 2800 semetipsum
1009 2731 1300 2787 obnubilat
1330 2730 1530 2798 Moses,
1563 2732 1614 2787 id
1662 2741 1773 2795 est,
1806 2733 2115 2788 litterarum
2162 2731 2525 2786 obscuritate.
2566 2733 2636 2785 At
2664 2744 2793 2786 cum
2840 2740 3066 2785 ventum
3111 2737 3217 2785 est.
3255 2729 3308 2782 in
3345 2734 3704 2796 conspectum

461 2813 576 2876 llei,
607 2815 789 2869 velum
837 2824 1173 2872 removetur.
1213 2816 1306 2872 Sic
1334 2833 1460 2872 cum
1500 2833 1601 2875 nos
1624 2818 1881 2875 Christus
1912 2818 2205 2874 adduxerit
2231 2828 2282 2872 et
2312 2819 2528 2872 steterit
2570 2818 2624 2873 iu
2653 2825 2970 2887 conspectu
3022 2818 3202 2873 Patris
3234 2816 3445 2883 absque
3490 2814 3706 2869 umbris

460 2899 571 2963 illis
601 2903 1009 2981 conspiciemus
1039 2905 1269 2976 gloriam
1301 2904 1473 2962 Mosis
1500 2907 1873 2975 spiritualiter
1902 2906 2271 2976 intelligentes
2300 2907 2472 2973 legem
2510 2904 2628 2970 Dei,
2664 2914 2719 2960 et
2746 2904 2983 2961 subinde
3017 2918 3082 2959 ex
3116 2904 3285 2975 gloria
3315 2905 3371 2957 in
3411 2904 3704 2958 clariorem
3778 2970 3781 2971 ν

460 2987 845 3047 transformati
876 2991 1136 3061 gloriam.
1171 2992 1390 3049 Alicubi
1418 3001 1657 3057 testatur
1698 2994 1900 3049 Paulus
1929 3013 1940 3048 :
1988 3013 2007 3046 ι
2042 2994 2107 3048 Si
2138 2993 2506 3050 ministerium
2535 2992 3018 3051 condcmnationis
3046 2993 3221 3065 gloria
3248 3034 3264 3058 ,
3308 2993 3480 3047 multo
3531 2992 3707 3061 magis

462 3076 830 3135 ministerium
859 3080 1095 3147 justitite
1125 3081 1435 3137 abundabit
1468 3081 1521 3137 in
1559 3083 1734 3151 gloria
1765 3082 1833 3136 θ’.
1877 3101 1897 3134 ›

531 3161 601 3218 Et
626 3167 1011 3221 consummavit
1045 3165 1227 3223 Moses
1257 3170 1440 3223 omnia
1471 3185 1654 3238 opera,
1688 3168 1926 3224 etnubes
1954 3171 2107 3227 texit.
2145 3180 2253 3225 etc.
2289 3169 2560 3242 [XXXIX,
2591 3169 2711 3242 5L]
2734 3168 2896 3224 ‘Vero
2929 3168 3007 3225 in.
3033 3169 3136 3224 hoc
3185 3167 3396 3223 mundo
3424 3182 3711 3222 common-

463 3260 631 3306 strato
658 3252 1022 3309 tabernaculo
1053 3256 1273 3312 scilicet
1299 3255 1541 3317 Ecclesia
1577 3273 1645 3313 ex
1671 3258 1933 3329 gentibus
1959 3258 2217 3323 conﬂata,
2271 3258 2597 3315 incredibile
2630 3270 2716 3313 est
2769 3256 2951 3322 dictu,
2990 3270 3157 3327 quam
3190 3255 3389 3310 divinae
3440 3255 3709 3309 claritatis

463 3343 552 3392 lux
592 3340 736 3396 hanc
764 3341 1095 3397 lustraverit
1126 3349 1183 3397 et
1218 3343 1681 3400 circumiulserit.
1726 3345 1910 3399 lnstar
1940 3345 2102 3399 nubis
2138 3359 2264 3401 rore
2305 3345 2519 3401 etnlesti
2562 3345 2723 3401 miris
2774 3343 2953 3400 modis
3006 3344 3222 3414 rigatur
3254 3350 3310 3398 et
3371 3343 3707 3413 pinguescit.

463 3429 527 3482 At
559 3426 765 3493 Moses,
795 3429 997 3500 inquit,
1023 3445 1134 3503 non
1168 3432 1346 3502 potuit
1372 3432 1606 3491 introire
1636 3434 1692 3488 in
1728 3433 2172 3496 tabernaculum,
2198 3434 2345 3488 sicut
2371 3447 2471 3495 nec
2501 3431 2677 3488 Judaei
2711 3438 3013 3503 potuerunt
3041 3446 3102 3487 se
3130 3431 3412 3486 insinuare
3453 3430 3712 3486 Eccles’ae

406 3508 419 3513 ’
460 3515 662 3572 Christi
693 3518 860 3572 modo
899 3527 1369 3575 commemoratae.
1406 3519 1527 3576 Non
1567 3520 1715 3576 enim
1752 3520 2001 3575 tulerunt
2040 3520 2243 3576 divina:
2295 3521 2438 3585 lui-is
2468 3520 2819 3576 clarissimos
2876 3518 3064 3577 radios
3093 3559 3108 3584 ,
3159 3534 3259 3575 nec
3316 3517 3712 3573 intellexerunt

456 3605 666 3661 Christi
697 3609 1047 3679 mysterium.
1083 3610 1151 3665 At
1187 3625 1308 3677 nos,
1332 3613 1425 3682 qui
1462 3627 1605 3668 vera:
1641 3627 1836 3671 sumus
1858 3611 2145 3674 Israelita,
2171 3611 2306 3665 tecti
2344 3611 2493 3665 nube
2520 3622 2629 3668 una
2667 3623 2793 3665 eum
2825 3605 3382 3679 illoproperabimus
3421 3605 3487 3659 ad
3517 3606 3731 3670 super-'

457 3710 582 3748 nam
613 3695 980 3754 mansionem.
1030 3697 1165 3754 Nam
1207 3700 1424 3770 paravit
1454 3700 1617 3755 nobis
1649 3714 1771 3755 eam
1811 3701 1956 3755 viam
1998 3709 2278 3755 recentem
2323 3706 2379 3753 ct
2412 3693 2724 3757 vivamJbi
2780 3694 2837 3747 in
2870 3692 3196 3751 altissimam
3230 3707 3354 3752 cum
3398 3692 3493 3747 illo
3541 3694 3712 3746 resol-

457 3797 650 3837 vemur
683 3785 1146 3856 tranquillitatem
1185 3796 1241 3843 et
1268 3786 1535 3857 quietem,
1557 3798 1607 3842 et
1643 3788 1869 3858 perenni
1898 3787 2147 3843 fruemur
2178 3786 2320 3840 luce.
2374 3782 2522 3854 Ignis
2598 3782 2748 3837 cnim
2823 3780 3170 3851 propulsavit
3228 3780 3483 3835 tenebras
3510 3818 3524 3842 ,
3591 3794 3713 3848 qua:

456 3872 799 3929 antecedunt
822 3880 1062 3928 noctem.
1090 3872 1230 3929 Nam
1270 3890 1380 3929 non
1412 3890 1605 3930 sumus
1642 3875 1821 3930 noctis
1859 3889 1959 3930 nec
1991 3873 2349 3933 tenebrarum
2376 3908 2392 3935 ,
2438 3869 2534 3927 sed
2578 3867 2676 3922 lilii
2719 3863 3376 3949 lucis,__qncma_dm0t1tlm
3424 3862 3711 3935 Scriptura

455 3967 832 4019 sacramonet
860 3960 929 4014 '°.
961 3957 1149 4019 Gloria
1178 3971 1233 4019 et
1255 3961 1436 4017 honor
1465 3962 1693 4022 Christo
1734 3960 2025 4032 perfecto...

524 4127 570 4169 ἐ
605 4128 887 4198 Issum.
934 4131 1024 4192 to.
1096 4132 1141 4165 ιο
1172 4130 1340 4189 Marc.
1373 4150 1434 4200 ιι,
1465 4135 1517 4188 5.
1554 4134 1621 4166 ἐν
1659 4134 1791 4193 ibid.
1829 4135 1883 4187 7.
1952 4134 1997 4165 υ
2028 4130 2107 4189 ,1ος

1956 4134 1997 4165 “
2028 4130 2191 4189 Joau.
2234 4147 2314 4194 tu,
2348 4129 2398 4183 4.
2462 4128 2507 4160 ⁸⁸
2542 4124 2743 4189 ιιβοτ.
2772 4141 2854 4193 ιιι,
2890 4126 2973 4185 9.ν
3024 4127 3068 4158 ⁸ο
3106 4125 3351 4185 lThess.
3391 4142 3442 4190 v,
3482 4126 3539 4180 5.

769 4527 931 4604 323
992 4522 2115 4658 COMMENTARII‘.
2198 4525 2375 4651 IN
2453 4520 3392 4655 LEVITICUM.

520 4929 699 4989 Judaei
728 4932 946 5003 egressi
986 4932 1227 5005 ,Ευρῑο
1257 4940 1329 4987 et~
1347 4932 1881 4996 sesevimmolaturi,
1933 4942 1992 4987 ut
2044 4936 2304 4988 viventes
2352 4931 2569 4988 hostias
2602 4928 2717 4985 Deo
2745 4968 2760 4993 ,
2795 4928 3117 4984 necessario
3163 4943 3314 4987 nunc
3363 4929 3720 4986 instruuntur

455 5020 965 5092 sermonibus,,qui
1006 5021 1062 5076 in
1090 5020 1622 5076 commemoratione
1648 5027 1945 5076 versantur
1971 5019 2403 5086 sacriﬁciorum,
2451 5033 2546 5088 per
2577 5033 2712 5088 quae
2733 5015 3094 5085 cognoscitur
3124 5014 3332 5072 Christi
3377 5018 3705 5088 mysterium

455 5108 622 5161 variis
653 5108 830 5164 modis
855 5109 961 5164 sub
995 5109 1105 5163 illis
1131 5107 1546 5165 adumbratum.
1584 5106 1731 5162 Duce
1763 5116 1819 5163 et
1851 5108 2083 5179 auspice
2098 5106 2338 5167 Christo
2373 5106 2765 5175 adipiscuntur
2800 5101 3071 5158 Israelita:
3103 5110 3307 5157 terram
3376 5106 3715 5175 promissam

456 5195 727 5262 patribus.
758 5196 828 5249 At
852 5195 1138 5251 Christum
1167 5203 1526 5265 repraesentat
1584 5193 1771 5258 Jesus,
1798 5195 1892 5263 qui
1927 5209 2050 5251 eam
2084 5202 2291 5251 terram
2317 5195 2461 5249 inter
2501 5195 2627 5249 illos
2668 5190 2962 5247 distribuit
3004 5190 3274 5245 sortibus.
3312 5191 3551 5258 Quidam
3585 5207 3725 5260 prm—

457 5290 672 5338 sentem
716 5283 941 5347 librum,
968 5282 1131 5351 cujus
1161 5283 1573 5338 enarrationem
1604 5297 1756 5338 nunc
1783 5282 2160 5353 suscepimus,
2207 5291 2595 5354 contempsere
2631 5290 2945 5351 propterea,
2979 5278 3128 5349 quod
3171 5278 3408 5335 nimium
3469 5280 3717 5334 videatur

456 5383 768 5441 occupatus-
789 5371 1061 5427 relatione
1117 5370 1549 5434 sacrificiorum,
1583 5371 1835 5441 nihilque
1872 5372 2102 5442 dignum
2134 5387 2320 5426 rermn
2358 5370 2603 5425 tiuiversi
2662 5365 2871 5437 Opiﬁce
2893 5367 3181 5422 contineat
3219 5385 3233 5421 :
3267 5381 3379 5437 quo
3407 5366 3710 5422 temerario

457 5473 597 5514 ausu
669 5474 779 5513 non
828 5459 1302 5519 animmlvertuut,
1333 5475 1395 5514 se
1434 5460 1615 5527 ipsum
1654 5460 1996 5513 contumelia
2072 5460 2293 5514 allicere
2350 5460 2539 5512 mundi
2600 5456 2892 5526 Opificem,
2922 5456 3051 5509 dum
3085 5471 3193 5510 non
3236 5456 3539 5508 oluuittuut
3592 5468 3716 5504 eum

462 5561 746 5617 spernere,
785 5556 847 5601 ut
878 5548 971 5617 qui
1009 5548 1238 5601 inutiles
1265 5548 1513 5615 posuerit
1544 5547 1716 5617 leges.
1751 5548 2077 5602 Stultissizii
2121 5547 2375 5601 homines
2416 5545 2468 5598 iu
2501 5544 2615 5598 haec
2639 5542 2853 5611 judicia
2918 5542 3233 5611 praecipites
3276 5540 3549 5599 teruntur,
3589 5541 3717 5592 dum

418 5680 433 5694 .
466 5644 749 5705 requeunt
789 5637 1106 5708 perspicere
1129 5636 1495 5707 sapientiam,
1528 5652 1657 5701 qum
1680 5638 1786 5692 sub
1814 5636 1900 5691 his
1933 5636 2236 5690 involucris
2263 5636 2595 5689 occultatur.
2640 5632 2819 5701 Atque
2869 5628 3058 5683 mirari
3101 5638 3183 5681 est
3244 5627 3464 5678 illorum
3531 5641 3720 5680 amen-

468 5722 620 5788 tiam,
660 5725 968 5795 prtesertim
1000 5739 1127 5779 cum
1185 5723 1413 5779 audiant
1451 5723 1709 5778 Davialem
1763 5724 2037 5779 dicentem
2068 5744 2079 5777 :
2125 5744 2138 5773 ι
2173 5723 2333 5793 Aperi
2365 5721 2556 5775 tlt‘lllOS
2581 5735 2730 5775 uacus
2757 5728 2809 5773 et
2860 5716 3164 5784 intelligant
3205 5713 3432 5767 admira'
3459 5712 3574 5775 ilia,
3600 5728 3721 5784 quae
