4010 6212
296 221 393 286 691
1612 250 1967 316 PROCOPII
2008 258 2254 321 eam
3047 220 3061 286 ἓ
3451 261 3555 324 6‘32

296 338 381 445 les
412 348 504 391 tua
544 342 936 412 rmnpiertitur
962 346 1032 401 ⁹¹.
1067 367 1085 400 ι
1117 347 1391 408 Prmterea
1433 371 1704 418 noverunt
1741 362 1993 429 Paulum,
2027 371 2119 439 qui
2156 373 2315 428 docet
2347 390 2360 427 :
2401 392 2419 425 ι
2458 374 2565 429 Lex
2602 374 2913 445 spiriiualis
2949 384 3033 429 est
3056 375 3124 429 θ’,
3159 393 3175 425 ι
3205 376 3270 428 Ει
3302 375 3499 428 iterum
3536 392 3547 426 :

303 445 319 475 ι
351 426 458 480 Lex
493 431 714 491 quidem
740 439 824 486 est
852 442 1067 498 sancta,
1099 445 1153 492 et
1178 452 1508 511 prteccptunt
1570 459 1852 517 sanctum,

1991 468 2179 513 ustum
2210 468 2263 516 et
2305 461 2510 516 bonum
2544 463 2608 516 ⁸³.
2640 482 2658 514 ι
2694 463 2841 517 ltlem
2900 472 3096 516 auctor
3131 461 3266 532 lcgis
3314 462 3554 515 litteram

285 514 766 619 'rcprelicndit,ut
796 534 961 619 quam
991 524 1239 580 nominet
1255 536 1308 582 et
1327 531 1696 590 ministerium
1736 514 1929 596 mortis
1961 514 2541 605 btcondemnatimiis.
2569 536 2674 605 Sed
2707 560 2765 603 ut
2788 550 3053 605 distincte
3071 514 3275 619 dclgge
3303 549 3555 619 loquere-

296 611 390 655 ttll‘
425 617 545 657 eam
580 604 796 706 dividit,
834 608 1026 665 dicens
1074 630 1087 664 :
1127 632 1144 664 ι
1172 614 1375 671 Littera
1403 621 1630 688 occidit,
1674 626 1908 694 spiritus
1939 647 2069 686 vero
2101 635 2425 691 viviﬁcat”.
2454 657 2471 688 ι
2500 604 2584 690 ΫᾹι
2611 638 2834 707 proprie
2859 636 3111 705 disputat
3139 604 3551 705 devcibolpomo

298 705 405 755 que
430 702 487 745 et
515 702 671 762 parte
701 695 809 749 diei
845 696 968 753 festi
1015 715 1227 757 necnon
1284 708 1569 765 novilunio
1590 720 1645 767 et
1680 712 1962 781 Sabbatis,
1993 721 2122 775 dum
2174 723 2291 779 haec
2343 695 2626 779 nominat.
2657 695 2843 779 rerum
2908 695 3215 779 futurarum
3275 723 3552 795 symbols.

297 783 571 836 Caeterum
613 784 680 838 de
714 785 951 842 victimis
984 798 1038 842 et
1069 793 1362 848 sacriﬁciis
1404 798 1477 851 ita
1505 799 1752 865 disserit,
1785 812 1844 858 ut
1873 805 2202 862 conﬁteatur
2222 824 2285 864 ea
2316 826 2439 866 esse
2478 812 2817 881 exemplaria
2838 820 2894 865 et
2931 812 3185 866 umbram
3218 826 3401 864 rerum
3441 823 3555 865 ca:-

272 870 518 923 .|cstimn
542 871 607 925 ’⁸.
652 871 851 927 Verum
885 874 1145 934 Christus
1176 881 1353 952 inquit
1384 905 1397 938 :
1442 904 1459 936 ι
1485 886 1725 953 Qum-ite
1755 899 1809 943 et
1842 892 2159 951 invenietis.
2193 894 2385 951 Omnis
2424 899 2571 952 enim
2608 870 2703 967 qni
2733 901 2956 966 quaerit,
2985 898 3280 952 itm-nit”.
3322 916 3339 948 ι
3375 895 3551 951 Nemo

301 955 471 1022 igitur
500 959 706 1013 abnuat
735 975 953 1016 summo
980 966 1165 1021 studio
1195 969 1553 1042 investigare,
1592 977 1870 1044 quomodo
1905 981 2139 1051 singula:
2177 982 2493 1039 chitarnm
2528 993 2581 1041 et
2610 985 2960 1041 sacerdotum
2982 985 3328 1039 car-renuntia:
3359 999 3469 1053 pra:
3497 999 3556 1040 se

305 1043 480 1099 lerant
517 1047 789 1105 coelestia.
829 1051 1070 1109 Joannes
1093 1058 1312 1124 quidem
1339 1059 1391 1113 in
1426 1075 1491 1115 eo
1527 1043 1717 1133 opere.
1762 1067 1851 1123 cui
1906 1043 2096 1125 dixere
2128 1088 2331 1126 nomen
2378 1074 2765 1145 Apocalypsis,
2810 1081 3051 1128 testatur
3080 1089 3140 1129 se
3167 1074 3442 1141 reperisse
3474 1082 3557 1126 ta-

305 1132 663 1188 bernaculum
705 1139 983 1206 quoddam
1019 1144 1351 1209 testimonii,
1385 1158 1439 1201 et
1468 1132 1653 1203 arcam
1696 1158 2010 1208 testamenti
2043 1159 2094 1211 in
2119 1160 2281 1222 caelo,
2338 1132 2552 1215 necnon
2591 1132 2793 1221 altare,
2833 1162 2922 1214 cui
2959 1160 3261 1213 astiterunt
3307 1159 3554 1229 quidam,

302 1226 356 1271 rt
390 1234 579 1287 preces
639 1237 857 1290 eorum,
897 1228 990 1295 qui
1029 1231 1211 1285 securi
1268 1236 1514 1301 percussi
1549 1245 1678 1291 sunt
1708 1249 1931 1309 propter
1972 1258 2169 1299 nomen
2206 1244 2417 1299 Dorniui
2446 1243 2582 1301 Jesu
2621 1255 2674 1300 et
2709 1257 2935 1317 propter
2963 1246 3347 1300 testimonium
3408 1245 3552 1313 ejus.

303 1305 529 1375 Oportet
560 1311 735 1379 illum,
776 1315 867 1369 cui
891 1316 1077 1370 divina
1121 1318 1389 1388 sapientia
1411 1337 1560 1379 cura:
1581 1336 1687 1391 est,
1710 1305 1935 1399 singula
1970 1329 2087 1386 haec
2109 1331 2390 1401 inquirere
2437 1350 2546 1387 uno
2600 1342 2763 1404 pacto
2794 1305 2850 1388 in
2878 1334 3020 1389 etelo
3048 1333 3379 1411 consistant,
3409 1339 3459 1383 ct
3490 1347 3554 1385 ex

305 1395 441 1463 ipsis
473 1398 806 1469 imaginibus
830 1404 1082 1476 exempla
1118 1408 1331 1462 venari.

378 1502 640 1574 Victima,
673 1509 742 1565 de
767 1512 968 1581 quibus
1020 1513 1135 1584 agit
1164 1530 1406 1585 praesens
1443 1518 1604 1584 liber,
1646 1522 1752 1577 huc
1786 1541 1872 1579 re-

2032 1528 2115 1581 'Ai
2165 1531 2222 1582 ὲν
2280 1528 2356 1599 τῷ
2405 1529 2675 1599 Λευῖτικῷ
2723 1528 2906 1583 θυσίαι
2967 1526 3314 1598 καθαρισμὸν
3367 1524 3558 1594 ψυχῶν

306 1598 578 1666 spicinnt,
611 1609 673 1655 ut
704 1602 916 1671 pttt‘itas
941 1610 997 1658 et
1024 1605 1331 1663 mundities
1378 1610 1636 1667 humanis
1690 1615 1879 1668 conci-

307 1692 468 1743 lii-tur
492 1692 791 1761 mentibus,
831 1694 961 1750 dum
985 1695 1127 1766 ignis
1164 1695 1258 1751 Dei
1291 1700 1571 1754 consumit
1596 1702 1868 1772 quidquid

310 1782 610 1837 lelluinnm
644 1794 700 1839 et
728 1785 964 1842 rationis
993 1802 1195 1858 expers
1222 1789 1276 1843 in
1299 1788 1557 1860 perlectis
1585 1793 1877 1861 reperitur,

308 1874 547 1943 clumque
596 1875 826 1932 allectus
882 1877 1108 1944 ferinos,
1142 1881 1233 1951 qui
1270 1882 1474 1937 rationi
1503 1898 1610 1937 non
1664 1893 1878 1954 parent,

307 1968 524 2032 penitus
554 1969 941 2040 exurit,cujus
977 1970 1054 2027 rei
1082 1981 1268 2043 typum
1291 1981 1490 2043 gerunt
1524 1972 1875 2032 holocausta.

310 2058 445 2112 Illud
508 2061 859 2117 existimatur
889 2061 945 2117 in
999 2062 1184 2119 divino
1243 2078 1499 2120 sermone
1547 2080 1671 2122 esse
1713 2066 1878 2136 ignis,

306 2150 450 2217 ιμιοι1
483 2153 759 2207 consumit
792 2154 846 2208 in
873 2154 1099 2211 homine
1126 2155 1396 2227 quidquid
1456 2164 1678 2213 terrena
1714 2162 1883 2228 sapit.

307 2244 538 2300 Animus
570 2244 844 2315 siquidem
878 2247 972 2302 ubi
1033 2247 1212 2305 avidis
1257 2249 1486 2305 auribus
1525 2250 1772 2306 hauserit
1795 2250 1883 2305 di-

308 2337 494 2391 \inunt
520 2352 856 2405 sermonem,
880 2354 990 2395 non
1047 2349 1229 2398 cessat
1279 2356 1549 2399 accensus
1608 2344 1880 2402 immenso

310 2426 402 2481 1ιυί
436 2442 642 2489 anmre,
671 2428 738 2482 ad
771 2428 1006 2483 nihilum
1051 2430 1302 2502 redigere
1345 2446 1564 2488 omnem
1607 2433 1879 2491 feritatem

308 2529 357 2568 cl
389 2517 657 2589 quidquid
689 2535 838 2576 sanae
858 2521 1061 2577 rationi
1086 2532 1353 2595 repugnat
1377 2522 1578 2580 fretum
1599 2529 1878 2584 sensibus.

309 2598 364 2662 Si
393 2622 573 2665 autem
607 2613 931 2669 consideres
958 2614 1331 2685 imperfectos,
1388 2618 1637 2688 reperies
1695 2628 1881 2690 partes

308 2704 574 2771 quasdam
606 2720 728 2775 quae
779 2705 1125 2763 reluctantur
1164 2722 1313 2764 sanie
1360 2709 1586 2778 rationi,
1624 2710 1881 2766 devorari

309 2794 379 2845 ab
408 2794 534 2864 igne
559 2794 677 2862 Dei,
712 2804 772 2850 ut
797 2810 896 2868 per
924 2797 1015 2852 illa
1042 2797 1340 2866 sacriﬁcia,
1374 2814 1474 2855 ceu
1501 2816 1598 2871 per
1634 2803 1882 2873 symbola

1983 1619 2305 1690 περιέχουσι
2328 1637 2342 1652 ο
2379 1624 2491 1684 τοῖς
2548 1621 2649 1690 μὲν
2698 1619 3087 1690 τελειοτέροις,
3115 1617 3557 1687 ἀναλισκομένων

1980 1710 2093 1762 τῶν
2124 1710 2338 1780 ἀλόγων
2373 1712 2454 1774 εἰς
2481 1712 2542 1764 τὸ
2578 1711 2689 1781 πῦρ
2724 1710 2817 1764 τοῦ
2845 1710 2981 1764 Θεοῦ
3002 1726 3017 1740 ο
3063 1710 3272 1777 ἀλόγων
3299 1708 3357 1762 δὲ
3383 1706 3585 1762 ιιοιθιι·⁵

1984 1803 2115 1873 ρῶν,
2141 1798 2215 1857 ὧν
2249 1805 2421 1869 τύπος
2465 1806 2581 1858 ἐστὶ
2612 1805 2681 1858 ’τὰ
2708 1804 3144 1874 ὁλοκαυτώματα
3167 1820 3181 1834 ·
3224 1801 3336 1872 πῦρ
3377 1800 3431 1854 δὲ
3461 1798 3556 1852 τοῦ

1981 1896 2165 1964 λόγου,
2221 1898 2281 1950 τὸ
2324 1898 2663 1951 ἀναλωτικδν
2707 1899 2805 1967 τῆς
2858 1898 3022 1968 ὓλης’
3068 1894 3215 1965 ψυχὴ
3270 1892 3379 1964 γὰρ
3424 1888 3555 1946 οὖσα

1981 1982 2175 2036 τούτου
2220 1987 2509 2053 κατήκοος,
2544 1986 2611 2037 τὰ
2639 1986 2781 2039 κατὰ
2835 1985 2999 2053 φύσιν
3032 1984 3205 2051 ἄλογοι
3235 1984 3299 2038 ἐκ
3341 1985 3442 2051 τῆς
3471 1983 3557 2035 αξ-

1984 2073 2231 2143 σθήσεως
2261 2076 2543 2145 γινόμενα,
2578 2076 2758 2147 πολλῷ
2801 2076 2878 2146 τῷ
2910 2077 3050 2149 πρὸς
3090 2075 3151 2128 τὸ
3194 2074 3338 2127 θεῖον
3392 2074 3555 2143 ἔρωτι

1980 2167 2303 2236 χρησαμένη
2362 2168 2609 2239 δαπανᾷο
2644 2172 2755 2230 τοῖς
2818 2169 2877 2222 δὲ
2929 2164 3558 2251 ἀτελεστέροις,νμερῶν

1982 2272 2143 2308 τινων
2181 2258 2624 2328 ἀναλισκομένων
2681 2258 2758 2329 τῷ
2794 2260 2928 2329 πυρὶ
2983 2258 3077 2311 τοῦ
3113 2250 3271 2312 Θεοῦ.
3325 2250 3425 2311 Ὧν
3488 2255 3557 2308 τὰ

1986 2346 2232 2416 σὲμὸολα
2284 2348 2430 2402 δοκεῖ
2487 2350 2895 2420 προστετάχθαι
2926 2349 3344 2419 ἀναφέρεσθαι.
3393 2349 3557 2400 Ἀπο-

1983 2437 2157 2491 λεῖται
2181 2439 2235 2492 δὲ
2262 2441 2368 2504 πᾶς
2397 2441 2425 2492 ὁ
2458 2440 2536 2509 τῷ
2562 2441 2657 2494 τοῦ
2687 2440 2822 2494 θεοῦ
2853 2441 3226 2512 θυσιαστηρίῳ
3252 2441 3360 2509 πῦρ
3394 2454 3557 2508 προσο

1983 2530 2133 2597 ἅγιον
2173 2530 2471 2602 ἀλλότριον.
2501 2526 2602 2584 Ὧν
2630 2533 2799 2595 τύπος
2849 2533 3035 2585 Ναδὰὄ
3084 2533 3179 2585 καὶ
3214 2523 3446 2582 Ἀϐιούδ.
3482 2528 3558 2581 Τδ

1983 2618 2039 2672 δὲ
2066 2620 2134 2671 τὰ
2169 2621 2310 2673 κατὰ
2339 2621 2503 2691 μέρος
2545 2622 2823 2685 ἐξοδεῦσαι
2873 2625 3004 2694 περὶ
3032 2622 3235 2676 τούτων
3269 2620 3556 2684 δύνασθαι,

1983 2712 2083 2765 οὐκ
2114 2711 2420 2782 ἀνθρώπου,
2455 2714 2573 2767 ἀλλ’
2606 2714 3014 2784 ἀναϐεϐηκότος
3047 2716 3128 2779 εἰς
3177 2714 3269 2768 τὸν
3306 2711 3558 2782 οὐρανὸν,

1985 2804 2079 2857 καὶ
2110 2804 2283 2858 ταῦτα
2316 2806 2530 2878 τρανῶς
2570 2808 2973 2879 θεωρήσαντος.

308 2885 559 2953 quaedam
590 2887 931 2959 signiﬁcatur
962 2908 977 2944 :
1009 2909 1028 2942 ι
1059 2888 1263 2946 Peribit
1285 2893 1489 2959 omnis,
1516 2893 1609 2963 qui
1641 2894 1915 2949 addiderit
1945 2912 2055 2952 arae
2111 2898 2200 2951 Dei
2237 2899 2413 2970 ignem
2449 2902 2776 2966 alienum",
2815 2922 2833 2953 ι
2896 2912 2954 2955 υι
2988 2902 3126 2957 satis
3165 2902 3335 2973 liquet
3373 2913 3561 2955 exem-

309 2976 417 3045 plis
468 2976 660 3033 Nadab
711 2986 766 3034 et
810 2978 1376 3036 Abiud”.C:eterum
1408 2996 1518 3036 non
1569 2989 1653 3037 est
1680 2982 2046 3039 humanarum
2098 2986 2298 3041 virium
2371 2988 2689 3060 singulatim
2764 2990 3037 3046 sacriﬁcia
3109 2990 3201 3044 illa
3265 2988 3561 3059 explanare

309 3080 357 3119 ei
392 3069 709 3122 enucleare.
754 3067 809 3125 Is
868 3069 1071 3142 poterit
1123 3070 1261 3127 satis
1313 3070 1619 3127 luculenter
1657 3088 1718 3129 ea
1776 3073 2122 3146 interpretari
2159 3078 2324 3152 324
2362 3080 2453 3150 qui
2508 3080 2756 3136 ascendit
2811 3081 2864 3136 in
2935 3082 3134 3138 caelum
3174 3089 3227 3137 et
3281 3079 3563 3135 evidenter

311 3173 373 3211 ea
403 3158 777 3227 conspexerit.
1728 3166 1739 3175 ‘

385 3247 509 3303 "me
537 3250 854 3319 praelibasse
887 3251 1195 3324 jucundum
1237 3253 1353 3313 fore
1383 3257 1823 3318 existimavimus
1875 3262 2058 3318 amico
2091 3263 2306 3318 lcetori.
2358 3261 2522 3319 Nune
2581 3264 2709 3320 libri
2744 3264 2909 3335 hujus
2948 3263 3308 3320 exordiantur
3328 3258 3553 3351 exposi—

316 3345 543 3391 txonem.
1680 3362 1687 3365 '

392 3420 609 3478 Voccvit
628 3434 803 3479 autem
817 3425 993 3481 Mosen
1018 3434 1066 3481 et
1088 3427 1299 3484 locutus
1319 3431 1460 3486 estei
1477 3430 1755 3497 Dominus,
1782 3438 1891 3488 etc.
1921 3431 1985 3505 [|,
2010 3434 2087 3507 1.]
2117 3438 2261 3492 Deus
2292 3437 2501 3508 ubique
2531 3438 2880 3494 vocaresolet
2905 3436 3093 3493 Mosen
3121 3444 3180 3492 ut
3201 3438 3370 3493 etiam
3410 3436 3563 3490 aeci-

317 3511 418 3574 dit,
453 3527 575 3567 cum
603 3522 896 3584 appareret
931 3515 985 3568 in
1013 3515 1174 3574 rubo.
1206 3516 1654 3574 Caeterumsacra
1679 3536 1802 3591 quae
1821 3521 1958 3576 ﬁunt
1987 3522 2042 3576 in
2076 3523 2343 3578 honorem
2366 3525 2701 3591 daemonum,
2737 3533 3082 3596 peraguntur
3112 3525 3364 3595 neglecto
3387 3521 3563 3576 verbo

320 3597 436 3653 Dei.
470 3598 531 3653 In
565 3597 649 3655 bis
681 3600 1105 3670 conspiciuntur
1134 3603 1360 3675 magicae
1410 3605 1723 3678 praestigiae,
1755 3616 1809 3663 et
1834 3607 2154 3664 daemonum
2177 3611 2468 3666 invocatio.
2511 3610 2810 3666 Adduntur
2859 3611 3106 3683 quaedam
3128 3613 3310 3665 tacita:
3344 3609 3561 3677 obliga-

321 3687 522 3751 tiones,
569 3701 709 3756 quas
761 3702 887 3743 cum
944 3689 1289 3747 daemonibus
1350 3693 1595 3762 ipsorum
1636 3694 1937 3750 sacriﬁculi
1965 3692 2523 3764 contralmnt.llujus
2554 3695 2633 3749 rei
2666 3702 2860 3752 testem
2913 3695 3270 3765 producimus
3315 3691 3564 3762 Porply-

322 3775 491 3840 rium,
522 3773 616 3845 qni
652 3775 956 3832 maledictis
980 3777 1255 3834 incessere
1278 3793 1385 3834 non
1409 3788 1593 3835 cessat
1624 3779 1996 3837 illiuscemodi
2060 3779 2508 3849 superstitiones.
2558 3834 2559 3837 η

398 3857 568 3919 {Ionio
590 3878 656 3919 ex
682 3865 824 3933 vobis
840 3866 885 3919 si
908 3866 1153 3921 obtulerit
1176 3883 1398 3922 munera
1431 3867 1654 3923 Domino
1683 3868 1747 3923 de
1776 3868 2071 3939 pecoribus,
2104 3875 2197 3921 aut
2227 3883 2259 3920 a
2279 3868 2442 3922 bobus
2474 3876 2567 3921 aut
2624 3867 2808 3923 ovibus
2831 3868 3062 3937 oﬁ'eretis
3109 3866 3251 3921 dona
3293 3866 3399 3920 sive
3442 3878 3565 3917 mst-

323 3969 452 4006 nera
478 3962 671 4021 vestra,
705 3962 814 4009 etc.
847 3953 928 4026 [2]
952 3954 1216 4011 Plurimis
1243 3956 1299 4011 in
1331 3955 1474 4012 locis
1510 3955 1797 4027 Scriptura
1819 3971 1976 4014 sacra
2010 3955 2258 4010 nominat
2293 3955 2383 4009 illa
2414 3955 2710 4021 sacriﬁcia,
2742 3971 2864 4026 qua:
2892 3971 2957 4051 ex
2984 3954 3317 4051 animalibus
3363 3966 3567 4051 paran-

327 4051 437 4107 tur,
479 4056 704 4097 munera
735 4042 853 4098 sive
881 4041 1048 4098 dona.
1096 4040 1300 4099 Verum
1361 4044 1453 4098 illa
1494 4044 1793 4111 sacriﬁcia,
1825 4058 1948 4115 qua:
1978 4051 2238 4113 petuntur
2267 4042 2336 4098 de
2362 4042 2708 4107 inanimatis,
2750 4042 3030 4112 appellare
3060 4040 3346 4097 consuevit
3389 4040 3569 4094 sacri-

326 4130 470 4194 ticia,
506 4136 564 4184 ut
601 4130 687 4185 vel
717 4145 786 4185 ex
813 4128 1012 4186 Genesi
1039 4127 1217 4185 cuivis
1261 4144 1601 4201 cognoscere
1660 4140 1975 4202 promptum
2005 4136 2111 4184 est.
2144 4128 2306 4182 'Nam
2328 4128 2564 4194 fructus,
2599 4143 2740 4199 quos
2770 4128 3046 4183 obtulerat
3086 4125 3246 4190 Cain,
3293 4130 3568 4180 vocantur

324 4217 696 4285 sacriﬁcium;
727 4226 781 4271 at
817 4216 1080 4272 animalia
1117 4216 1230 4283 illa,
1260 4232 1381 4286 quae
1398 4228 1820 4277 consecraverat
1851 4216 2081 4273 Domino
2105 4216 2259 4280 Abel,
2286 4228 2680 4286 nuncupantur
2703 4231 2951 4281 munera,
2982 4223 3043 4270 ut
3070 4215 3254 4270 videre
3280 4221 3364 4268 est
3384 4212 3569 4282 legen-

325 4306 476 4360 tibus
501 4305 787 4361 historiam
819 4318 963 4359 eam.
1018 4302 1218 4360 Munus
1248 4304 1368 4359 sive
1430 4302 1637 4359 donum
1675 4302 2011 4361 bifarismin
2044 4301 2331 4373 Scriptura
2382 4304 2677 4375 accipitur.
2725 4303 2849 4361 Uno
2910 4302 3075 4358 modo
3130 4301 3259 4396 dum
3290 4298 3545 4396 lateueeu

326 4409 495 4460 genus
528 4392 789 4454 sumitur,
844 4400 1092 4460 utraeque
1116 4392 1280 4446 modo
1331 4400 1605 4447 enarrata:
1643 4391 1854 4461 species
1907 4391 2311 4460 intelliguntur.
2342 4389 2399 4446 Si
2425 4406 2554 4447 vero
2618 4391 2896 4462 propriam
2931 4399 2985 4446 et
3010 4389 3353 4459 peculiarem
3412 4386 3568 4439 illius

328 4480 569 4534 nominis
623 4479 910 4549 inquirere
947 4477 1185 4533 velimus
1233 4478 1726 4549 signiﬁcationem,
1755 4477 2099 4549 reperiemus
2135 4476 2188 4532 id
2220 4478 2508 4547 praedicari
2549 4478 2618 4532 de
2654 4478 2787 4533 solis
2821 4476 3164 4531 inanimatis.
3211 4473 3567 4543 Quapropter

325 4569 380 4620 in
412 4566 768 4635 sequentibus
800 4565 874 4620 ait
903 4582 918 4621 :
957 4563 1053 4618 «Si
1086 4564 1346 4620 obtulerit
1377 4565 1557 4623 anima
1600 4565 1805 4621 donum
1834 4564 2168 4622 sacriﬁcium
2209 4563 2465 4629 Domino,
2502 4565 2687 4620 simila
2715 4565 2820 4621 erit
2850 4563 3055 4619 donum
3096 4563 3217 4631 ejus
3233 4562 3302 4613 ”.
3340 4579 3358 4612 ι
3392 4560 3570 4613 Instar

328 4653 547 4721 generis
578 4662 782 4719 autem,
818 4651 968 4723 quod
997 4651 1066 4708 de
1099 4652 1388 4724 speciebus
1410 4654 1764 4724 prmdicatur,
1802 4663 1916 4708 tum
1972 4653 2217 4724 ponitur,
2252 4654 2476 4724 quando
2515 4654 2640 4725 quis
2673 4652 2926 4709 consulto
2950 4651 3302 4722 prudensque
3332 4648 3571 4702 nullius-

329 4759 436 4797 .me
461 4741 897 4799 circumstantia
918 4750 1176 4812 respectu
1207 4749 1260 4796 et
1288 4742 1395 4796 huc
1415 4742 1592 4797 stilum
1612 4742 1859 4811 resiiicit,
1903 4751 1961 4795 ut
1989 4741 2154 4797 Deum
2202 4750 2509 4805 veneretur,
2569 4741 2763 4797 ollerre
2816 4755 3019 4795 munus
3061 4738 3115 4795 in
3143 4738 3388 4792 animum
3414 4733 3573 4832 indu-

329 4832 491 4885 xerit.
520 4829 624 4886 Sed
653 4830 932 4900 quodnam
957 4829 1065 4885 tale
1081 4844 1281 4884 munus
1307 4829 1431 4884 cst?
1455 4829 1666 4886 scilicet
1691 4829 1766 4896 id,
1799 4829 1943 4899 quod
1977 4829 2254 4899 legislator
2284 4831 2535 4885 secernit
2567 4830 2637 4884 ab
2678 4829 2783 4893 his,
2811 4842 2930 4896 quae
2956 4840 3054 4896 pro
3082 4832 3308 4894 peccato
3341 4829 3569 4892 expian-

330 4920 420 4981 ιιι),
447 4928 540 4972 aut
568 4918 745 4973 salute
782 4917 1124 4989 impetranda
1156 4916 1240 4973 vel
1261 4931 1358 4988 pro
1391 4918 1680 4988 puerperis
1713 4917 2043 4974 alferuntur.
2078 4914 2213 4982 QlaB
2269 4917 2417 4971 enim
2492 4917 2547 4970 in
2610 4919 2772 4970 hunc
2833 4913 2993 4968 linem
3048 4912 3401 4971 adhibentur,
3462 4921 3573 4962 non

292 4990 293 4993 “
330 5014 629 5061 censentur
688 5019 939 5061 munera.
964 5004 1022 5060 Si
1052 5006 1177 5076 quis
1248 5013 1430 5059 autem
1468 5020 1581 5060 rem
1628 5015 1774 5060 recta
1826 5006 1910 5058 via
1958 5020 2146 5059 secum
2180 5012 2436 5075 reputare
2471 5003 2634 5064 volet,
2662 5002 2930 5093 profecto.
2950 4999 3098 5093 quod
3123 5000 3425 5093 animatum
3464 5004 3574 5093 est,

333 5094 508 5165 pluris
535 5093 755 5149 ducitur
782 5107 946 5164 quam
970 5093 1153 5147 anima
1172 5106 1392 5147 carens.
1417 5091 1537 5147 Alia
1561 5092 1724 5145 etiam
1762 5091 2090 5153 differentia,
2127 5107 2294 5160 quam
2346 5091 2633 5161 Scriptura
2685 5089 2864 5160 ponit,
2918 5088 3248 5148 observatur
3272 5085 3418 5138 circa
3454 5085 3578 5136 anis

232 5180 242 5218 ί
332 5193 477 5239 mata
499 5192 555 5239 et
592 5183 910 5238 inanimata.
943 5181 1021 5237 De
1048 5180 1307 5235 animatis
1336 5179 1592 5234 dicitur:
1637 5199 1655 5231 ι
1685 5179 1856 5233 Ιῐουιιο
1882 5193 1947 5233 ex
1982 5181 2136 5233 vobis
2163 5180 2207 5234 si
2247 5179 2531 5233 obtulerit.
2560 5197 2577 5230 ι
2617 5178 2687 5232 At
2717 5178 2787 5233 de
2816 5176 3137 5232 inanimatis
3166 5174 3250 5231 sic
3307 5174 3511 5243 legitur
3549 5188 3562 5224 :

340 5293 357 5321 s
388 5274 442 5326 Si
474 5271 654 5327 anima
686 5268 970 5334 obtulerit,
995 5287 1015 5321 ι
1051 5278 1186 5329 etc.,
1221 5266 1380 5338 quasi
1445 5266 1673 5321 aﬁectns
1699 5268 1753 5320 in
1796 5266 2040 5328 homine,
2093 5268 2189 5335 qui
2245 5282 2353 5320 non
2388 5268 2701 5322 subluntur
2737 5265 2965 5327 rationi,
3007 5265 3060 5318 in
3094 5263 3185 5316 illo
3247 5260 3577 5314 holocausta

333 5368 733 5418 consumantur
766 5378 780 5415 :
807 5356 1074 5430 quidquid
1105 5371 1232 5411 vero
1263 5354 1550 5410 inanimali
1576 5364 1628 5409 et
1659 5354 1862 5407 mortui
1895 5354 1948 5407 in
1976 5354 2137 5409 nobis
2169 5355 2526 5424 superfuerit,
2555 5356 2623 5409 ab
2643 5355 2823 5408 anima
2856 5353 3045 5408 divino
3076 5353 3201 5449 igne
3231 5347 3570 5449 inll'ulnmata
3612 5432 3618 5437 .

337 5459 623 5516 curratur,
656 5455 717 5503 ut
749 5447 961 5521 peritas
1012 5444 1215 5500 anima:
1247 5451 1301 5498 et
1341 5442 1574 5496 rationis
1625 5449 2005 5498 conservetur.
2036 5441 2111 5495 Ex
2147 5443 2250 5504 his,
2288 5458 2409 5512 quae
2439 5442 2597 5497 nobis
2622 5443 2810 5498 insunt
2847 5438 3160 5497 communia
3200 5451 3330 5490 cum
3354 5433 3575 5496 brutis,

1599 5598 1645 5628 ”
1697 5596 1829 5651 ibid.
1878 5594 1962 5648 12.

1571 5670 1613 5699 ²³⁹
1640 5667 1810 5723 Levit.
1848 5682 1909 5734 tt,
1952 5665 2000 5726 l.

410 5612 449 5637 τη
492 5606 528 5659 i‘
562 5605 634 5662 al.
657 5603 931 5670 cxvtn,l8.
1008 5601 1231 5656 "Item.
1278 5615 1376 5660 vn,
1414 5598 1499 5670 14.
1599 5598 1658 5670 ⁸³-
1697 5596 1829 5670 ibid.

2077 5596 2179 5649 "ll
2206 5596 2329 5652 Cur.
2371 5614 2452 5663 ιιι,
2491 5599 2543 5650 6.
2620 5599 2663 5630 π
2693 5596 2859 5654 Hebr.
2900 5612 3018 5662 viii,
3048 5595 3125 5649 5..
3179 5592 3223 5621 ⁸⁵
3259 5589 3582 5651 Ill;il2li..\'_tt,

336 5677 393 5749 ’1,
436 5684 470 5729 i.
549 5677 591 5709 θ’
622 5676 793 5739 Levii,
830 5668 886 5747 ἱ,
927 5673 976 5729 1.
1053 5670 1286 5731 "Num.
1326 5686 1405 5740 in,
1440 5668 1491 5723 4.
