4010 6212
409 292 518 355 633
1507 305 2045 366 COMMENTARII
2093 305 2175 366 IN
2207 306 2645 367 LEVITICUM.
3555 303 3659 370 6M

404 409 653 484 qnaelam
688 415 819 463 sunt
859 410 1086 477 munda,
1114 414 1362 484 quaedam
1391 417 1673 475 immunda
1708 428 2028 477 censentur.
2063 420 2120 475 Si
2165 420 2420 477 conferas
2451 438 2576 478 cum
2610 420 2995 489 terrestribus,
3040 421 3383 487 volatilibus,
3416 429 3471 478 et
3487 437 3661 494 aqua--

404 495 593 548 tilihus
630 495 1001 555 animantibus
1036 516 1049 553 :
1090 502 1322 559 rationis
1350 516 1613 575 expertes
1649 516 1780 564 sunt
1814 509 1867 562 in
1912 508 2072 564 nobis
2106 509 2377 570 affectus;
2414 510 2509 580 qui
2538 510 2918 580 subjiciuntur
2948 518 3162 565 natura;
3187 509 3403 580 legibus
3449 510 3661 566 haben-

404 590 491 635 tur
529 581 744 646 mundi,
788 584 983 654 reliqui
1015 587 1081 640 ad
1111 588 1521 648 immundarum
1580 595 1816 650 classem
1862 597 2224 669 remittuntur
2247 598 2393 667 quod
2429 606 2641 652 natura:
2683 598 2896 669 legibus
2950 598 3318 654 reluctantur.
3372 597 3662 655 Naturales

405 669 720 724 affectiones
751 679 883 726 sunt
910 674 1022 729 cibi
1059 683 1333 748 potusque
1362 680 1562 751 cupido
1611 682 1752 737 citra
1786 662 2489 756 qum'bumanunrcorpus
2540 701 2652 741 non
2680 662 2875 741 alitur.
2894 684 3013 740 lluc
3039 670 3258 741 accedit
3290 682 3498 749 Venus,
3537 702 3659 756 qua:

426 757 698 843 iberorum
724 759 991 814 creationi
1019 760 1203 818 dedita
1233 772 1339 821 est.
1372 766 1438 820 At
1461 768 1904 839 intemperantia,
1925 778 1978 824 et
1998 770 2201 825 invidia
2223 772 2585 841 avaritiaque,
2607 779 2913 843 etquorum
2942 772 3200 827 vitiorum
3225 772 3418 827 relatio
3439 771 3662 828 infamis

409 851 461 897 et
505 842 651 898 ftrda
687 844 924 901 habetur
961 865 974 902 :
1006 848 1124 916 illa,
1146 850 1392 922 inquam,
1423 863 1613 925 putato
1636 872 1759 913 esse
1785 857 2129 923 affectiones,
2160 874 2283 929 qua:
2314 866 2590 924 naturam,
2627 842 2799 915 utieui
2826 874 3139 930 repugnare
3166 859 3369 926 solent,
3423 859 3662 929 turpiter

420 930 753 988 ledecorant.
788 931 1057 991 Caeterum
1087 952 1270 1008 opera:
1303 942 1542 1010 pretium
1585 950 1674 998 est
1706 945 1999 1015 exquirere
2030 961 2305 1015 quaenam,
2351 947 2399 1001 si
2438 947 2703 1016 respicias
2752 955 3025 1018 utrasque
3048 945 3391 1013 affectiones,
3437 948 3660 1017 sapiant

405 1032 622 1071 terrena
643 1022 726 1074 vel
747 1022 1010 1092 aquatilia
1031 1027 1401 1081 autvolatilia.
1434 1027 1685 1096 Quatuor
1698 1042 1825 1087 sunt
1844 1033 2111 1088 elementa
2131 1048 2194 1087 ex
2216 1032 2416 1101 quibus
2435 1034 2775 1104 compositus
2791 1041 2844 1090 et
2875 1041 3195 1105 compactus
3211 1041 3297 1089 est
3315 1034 3501 1089 homo.
3530 1032 3661 1089 Tria

407 1105 809 1192 quodammodo
870 1111 1146 1165 crassiora
1176 1120 1228 1167 et
1259 1114 1524 1184 spissiora
1582 1126 1730 1183 sunt,
1762 1118 1909 1172 circa
1936 1134 2058 1189 quae
2080 1121 2165 1175 vel
2195 1121 2464 1190 imprimis
2489 1132 2778 1177 morantur
2805 1121 2965 1176 vitia.
3000 1122 3067 1176 At
3099 1132 3357 1192 quartum
3402 1120 3648 1178 divinius

406 1201 509 1256 est,
537 1191 591 1246 in
619 1210 730 1264 quo
769 1205 1063 1253 versantur
1093 1200 1504 1270 excellentiora,
1530 1211 1717 1273 utpote
1731 1205 1906 1262 virtus
1921 1213 1976 1261 et
1992 1207 2253 1276 quidquid
2277 1207 2466 1262 virtuti
2495 1207 2660 1263 fuerit
2695 1209 2932 1263 confine.
2965 1191 3312 1278 QuaprOpter
3334 1209 3656 1278 diligentius

406 1280 620 1335 videtur
670 1284 1088 1348 excutiendum,
1140 1288 1272 1357 quid
1298 1288 1354 1342 in
1388 1290 1549 1345 nobis
1588 1290 1755 1346 fuerit
1786 1300 1934 1347 terra
1972 1295 2172 1364 quidve
2203 1302 2508 1351 terrenum.
2539 1293 2718 1350 Simili
2772 1295 2990 1350 ratione
3010 1305 3065 1350 et
3088 1303 3290 1350 caetera
3345 1295 3656 1364 indaganda

403 1374 553 1433 sunt,
592 1372 821 1439 excepto
854 1371 1013 1440 igneo
1042 1373 1336 1436 elemento.
1361 1377 1505 1446 quod
1541 1394 1648 1433 non
1679 1379 1973 1434 admodum
2006 1381 2357 1436 immunditie
2393 1381 2654 1436 infectum
2688 1396 2812 1437 esse
2842 1381 3182 1436 credendum
3216 1389 3324 1437 est.
3369 1380 3644 1437 Praeterea

403 1455 842 1528 investigandum
874 1467 980 1527 est,
1014 1475 1083 1516 an
1109 1466 1369 1531 potentiae
1422 1473 1677 1533 terrenae,
1713 1483 1943 1539 qumque
1990 1477 2194 1525 terram
2230 1469 2482 1525 incolunt
2519 1468 2767 1538 potiores
2801 1467 2963 1538 325
2997 1468 3131 1535 sint,
3154 1476 3434 1538 quatenus
3483 1467 3647 1522 nobis

403 1542 720 1599 ministrant
740 1553 795 1600 et
824 1546 1154 1613 inserviunt,
1186 1551 1269 1606 vel
1295 1550 1597 1609 deterioris
1625 1554 1966 1611 conditionis
1999 1556 2134 1621 sint,
2186 1557 2315 1611 dum
2352 1571 2455 1612 nos
2493 1555 2742 1626 aflligunt
2767 1562 2822 1611 et
2847 1555 3072 1621 laedunt,
3095 1562 3151 1609 et
3180 1569 3283 1609 nos
3321 1554 3643 1609 immundos

401 1630 491 1685 vel
524 1630 758 1687 mundos
786 1633 1073 1690 declarant
1110 1652 1210 1707 pro
1240 1640 1468 1695 materia
1499 1651 1740 1706 terrena,
1781 1658 1945 1714 quam
1972 1644 2028 1698 in
2055 1643 2219 1699 nobis
2286 1643 2591 1713 reperiunt.
2645 1641 2915 1698 Similiter
2944 1650 2997 1697 et
3032 1643 3086 1696 in
3112 1641 3344 1711 reliquis
3388 1641 3658 1712 agendum

400 1725 510 1773 est.
535 1718 611 1773 Ad
642 1719 756 1775 btec
796 1721 1206 1792 dispiciendum
1233 1741 1381 1794 reor,
1414 1743 1482 1784 an
1513 1731 1772 1801 potentiae
1801 1731 1965 1786 acrite
1994 1731 2111 1787 sive
2136 1732 2191 1785 in
2225 1744 2351 1785 aere
2401 1729 2684 1801 degentes,
2730 1727 3194 1800 quemadmodum
3224 1726 3495 1797 scriptum
3523 1735 3609 1782 est
3644 1745 3655 1778 ;

408 1824 430 1857 ι
454 1807 790 1865 Ambulastis
825 1812 1128 1867 secundum
1165 1815 1426 1869 saeculum
1462 1818 1653 1875 mundi
1690 1819 1857 1889 hujus
1878 1860 1894 1885 ,
1926 1818 2229 1874 secundum
2267 1816 2573 1887 principem
2600 1816 2894 1887 potestatis
2913 1816 3168 1886 spiritus,
3201 1814 3299 1885 qui
3331 1830 3482 1870 nunc
3508 1814 3654 1871 vires

402 1907 533 1948 suas
586 1897 762 1950 exerit
791 1896 846 1951 in
881 1898 1008 1953 filiis
1044 1899 1488 1957 inobediemibus
1514 1903 1554 1969 ί,
1582 1923 1602 1956 ι
1637 1914 1747 1962 etc.
1773 1906 1828 1960 in
1862 1905 2026 1962 nobis
2062 1905 2289 1975 gignant
2310 1903 2466 1974 quasi
2493 1902 2736 1957 volatilia
2768 1901 3055 1957 immunda
3090 1901 3310 1957 scilicet
3341 1916 3652 1966 sermones,

400 1979 494 2049 qui
534 1982 772 2038 animam
797 1986 1083 2041 sublevant
1114 1994 1166 2041 et
1192 2002 1293 2043 ceu
1320 1989 1423 2045 alis
1451 1989 1806 2046 instruuntur
1839 2010 1852 2046 :
1890 2002 1985 2047 aut
2017 2008 2118 2046 nos
2146 1998 2452 2062 occupatos
2479 1996 2672 2045 tenent
2704 1989 3081 2054 sermonibus,
3123 1989 3218 2059 qui
3280 1988 3653 2043 instituuntur

399 2064 469 2121 de
494 2068 662 2125 rebus
725 2072 957 2126 mortuis
987 2081 1041 2128 et
1066 2073 1313 2141 caducis,
1367 2077 1484 2132 sive
1507 2077 1574 2133 de
1599 2078 1724 2133 aliis
1759 2079 1958 2133 anima:
2014 2077 2456 2148 impuritatibus.
2512 2074 2741 2131 Necnon
2769 2075 2834 2129 ad
2855 2074 3192 2143 iniustitiam
3255 2081 3309 2129 et
3365 2077 3656 2132 avaritiam

402 2169 507 2215 nos
556 2156 869 2229 impellunt,
912 2170 969 2216 ut
1001 2160 1208 2233 iniquis
1240 2164 1495 2220 manibus
1522 2172 1938 2222 contrectemus
1974 2180 2060 2232 ea,
2094 2180 2217 2236 quas
2247 2179 2354 2219 non
2394 2171 2587 2220 nostra
2625 2171 2776 2219 sunt.

484 2293 754 2348 Caeterum
796 2295 1057 2351 meliores
1079 2303 1133 2351 et
1166 2296 1468 2355 nobiliores
1502 2299 1764 2369 potentiae
1808 2308 1959 2362 sunt,
1992 2315 2119 2369 qua:
2154 2299 2208 2354 in
2245 2298 2411 2354 nobis
2456 2296 2679 2369 pariunt
2715 2295 2964 2352 volatilia
3009 2310 3173 2365 pura,
3202 2308 3326 2364 quae
3366 2308 3472 2349 nos
3498 2288 3661 2350 assu-

406 2388 587 2445 munt,
621 2382 926 2437 secundum
963 2384 1097 2439 illud
1133 2384 1441 2465 Scriptum
1479 2389 1766 2441 oraculum
1806 2405 1819 2441 :
1854 2407 1872 2439 ι
1913 2387 2217 2456 llapiemur
2251 2387 2305 2440 in
2333 2386 2576 2441 nubibus
2606 2384 2823 2441 obviam
2854 2384 3090 2439 Domino
3138 2383 3220 2436 ’.ι
3261 2380 3378 2441 Huc
3407 2380 3541 2436 facit
3577 2390 3662 2437 te-

414 2470 738 2524 stimonium
775 2469 933 2525 lsaite
966 2488 979 2526 :
1018 2491 1036 2523 ι
1066 2470 1125 2525 In
1160 2473 1422 2528 humeros
1448 2475 1734 2538 tollentur,
1767 2486 1820 2527 et
1850 2475 1905 2528 in
1942 2474 2177 2544 genibus
2200 2473 2642 2530 consolationem
2674 2472 2951 2540 accipient
2987 2472 3067 2522 ’u
3105 2469 3241 2525 Nam
3275 2470 3383 2524 illa:
3400 2468 3661 2539 potentia;

405 2555 745 2611 mirabiliter
802 2556 1002 2625 juvant
1044 2566 1293 2622 sanctos,
1325 2560 1418 2629 qui
1455 2561 1700 2629 ipsarum
1734 2560 1944 2614 auxilio
1995 2574 2137 2631 opus
2171 2562 2373 2617 habent
2407 2581 2420 2616 :
2457 2576 2557 2615 uec
2596 2575 2707 2615 non
2740 2559 2960 2616 solatiis
3005 2560 3158 2629 ipsos
3185 2564 3466 2615 recreant.
3502 2554 3659 2611 Haud

404 2643 669 2697 dissimili
700 2644 919 2699 ratione
945 2643 1133 2699 fertur
1156 2646 1209 2701 in
1245 2648 1406 2716 aquis
1436 2648 1634 2717 degere
1659 2662 1911 2717 serpens,
1941 2655 1995 2702 et
2027 2663 2191 2716 parva
2230 2648 2497 2703 animalia
2531 2647 2736 2703 ibidem
2767 2662 2893 2702 cum
2926 2645 3160 2717 'magnis
3202 2645 3543 2702 commorari
3580 2642 3665 2697 di-

409 2738 636 2789 cuntur.
665 2730 760 2784 Ille
789 2730 977 2802 itaque
1021 2726 1273 2803 serpens,
1312 2735 1406 2805 qui
1441 2744 1783 2789 memoratur
1834 2736 2153 2805 imperitare
2184 2734 2522 2791 animalibus
2550 2734 2605 2793 in
2642 2734 2805 2805 aquis
2839 2732 3204 2803 agitantibus,
3235 2731 3380 2787 alius
3414 2730 3663 2786 existens

408 2818 670 2872 nimirum
699 2833 865 2888 qttam
892 2819 1171 2883 diabolus,
1201 2821 1297 2890 qui
1326 2832 1588 2876 narratur
1624 2823 1680 2875 iu
1728 2823 1911 2877 medio
1942 2823 2266 2892 angelorum
2300 2822 2586 2884 assistere,
2634 2820 3017 2876 fortitudinem
3055 2818 3221 2875 habet
3255 2817 3309 2871 in
3351 2817 3577 2879 lumbis,
3610 2824 3666 2868 et

408 2905 716 2975 potentiam
744 2906 797 2959 in
833 2907 1102 2962 umbilico
1138 2909 1348 2963 ventris
1400 2908 1665 2975 ‘.Quibus
1689 2911 1859 2979 igitur
1888 2911 1942 2964 in
1989 2911 2150 2964 nobis
2171 2910 2337 2975 valet,
2384 2908 2711 2965 eorumdem
2738 2909 2904 2964 etiam
2941 2906 3384 2977 procreationem
3417 2904 3473 2959 in
3505 2904 3667 2958 nobis

407 2999 707 3061 operatur,
749 2993 879 3047 dum
908 3010 1011 3050 nos
1045 2996 1094 3050 ei
1122 2998 1337 3072 copiam
1372 2997 1672 3052 accedendi
1703 2999 1939 3053 facimus
1976 3013 2086 3052 non
2126 2997 2636 3072 exstinguentesin
2670 2995 2833 3051 nobis
2868 2994 3151 3049 humidam
3179 2993 3468 3058 materiam
3497 2992 3664 3061 spiri-

410 3088 504 3134 tus
543 3079 779 3136 fervore.
811 3081 917 3148 Qui
964 3093 1148 3139 autem
1180 3071 1333 3141 recte
1367 3094 1424 3141 et
1455 3086 1760 3159 secundum
1810 3096 2023 3141 natura:
2068 3085 2314 3140 melioris
2360 3071 2688 3140 instinctum
2738 3082 2969 3138 humida
3008 3081 3103 3135 illa
3143 3081 3373 3136 materia
3408 3088 3662 3141 utuntur,

413 3168 746 3237 progignunt
774 3170 1041 3238 aquatilia
1075 3172 1301 3226 munda.
1328 3173 1596 3229 Caeterum
1624 3174 1832 3229 nullum
1852 3174 2057 3229 animal
2085 3172 2705 3243 aquaticum.quamvis
2741 3169 3437 3240 mundum‘pronuntietur,
3468 3168 3667 3223 immo-

413 3256 558 3311 latur
589 3265 643 3313 et
673 3273 784 3314 arte
805 3259 1132 3329 imponitur.
1165 3258 1549 3331 Cogitationes
1575 3270 1760 3318 autem
1799 3270 1853 3316 et
1878 3260 2046 3327 facta,
2077 3276 2200 3331 quae
2233 3261 2512 3329 praedictis
2540 3263 2933 3316 connumerari
2957 3266 3259 3329 nequeunt,
3292 3267 3513 3313 terrena
3544 3272 3669 3312 esse

411 3345 722 3400 certissima
763 3348 976 3403 ratione
1000 3348 1275 3416 iudicato.
1306 3348 1413 3403 Sed
1442 3357 1510 3405 et
1547 3360 1764 3403 terrena
1807 3349 1861 3404 in
1893 3349 2049 3404 varia
2089 3348 2419 3403 dividuntur
2444 3358 2500 3404 et
2545 3348 2740 3403 multa.
2779 3346 3042 3414 Quaedam
3073 3344 3351 3419 siquidem
3402 3345 3665 3399 animalia

314 3450 323 3461 ·
412 3442 628 3488 terrena
657 3445 788 3489 sunt
817 3436 1028 3499 bestim,
1053 3436 1303 3506 quadam
1336 3437 1576 3508 reptilia,
1610 3437 1715 3490 alia
1745 3437 2164 3506 verojumenta.
2188 3434 2345 3490 Nulla
2377 3442 2559 3491 autem
2591 3434 2790 3498 bestia,
2811 3434 3105 3504 quaeinter
3147 3431 3298 3488 feras
3327 3441 3666 3497 numeratur,

415 3534 551 3588 pura
593 3528 873 3575 censetur.
900 3510 1079 3577 Etiam
1109 3524 1368 3578 animalia
1398 3524 1631 3578 malefici
1656 3524 1873 3593 generis
1906 3534 2102 3579 carent
2129 3524 2392 3593 puritate.
2427 3522 2630 3579 Verum
2657 3524 2934 3593 jumenta,
2963 3537 3198 3594 quorum
3226 3527 3424 3576 natura
3452 3536 3667 3586 nequa.

411 3623 577 3674 quam
609 3608 724 3663 fera
750 3619 857 3675 est,
894 3613 1142 3681 quaedam
1177 3611 1396 3666 findunt
1423 3612 1686 3680 ungulam
1710 3651 1725 3674 ,
1761 3612 2014 3682 quasdam
2050 3612 2335 3667 ruminarc
2370 3611 2755 3681 perhibentur.
2790 3607 2978 3679 Itaque
3007 3608 3285 3679 quaedam,
3330 3608 3670 3679 sipareutur

415 3706 474 3749 ut
500 3704 736 3765 oportet,
773 3699 1013 3753 humana
1066 3713 1300 3770 corpora
1365 3699 1518 3753 alunt
1554 3715 1568 3752 :
1603 3697 1855 3768 quedam
1913 3706 2050 3763 tota,
2079 3698 2449 3768 quorumdam
2503 3692 2688 3769 partes
2737 3696 3113 3753 incenduntur
3153 3696 3209 3750 in
3263 3696 3448 3751 altari.
3483 3697 3554 3751 At
3612 3696 3666 3749 in

416 3782 734 3840 universum
781 3785 1170 3840 abstinendum
1209 3793 1296 3842 est
1339 3785 1408 3841 ab
1450 3784 1772 3839 immundis.
1795 3785 1930 3840 Cum
1966 3795 2148 3841 autem
2179 3801 2254 3841 ex.
2275 3786 2432 3856 puris
2464 3802 2561 3841 seu
2593 3785 2816 3841 Innndis
2842 3784 3179 3839 animalibus
3202 3784 3454 3855 quinque
3484 3783 3666 3839 solum

417 3871 778 3927 animantium
800 3874 1014 3944 species
1039 3881 1372 3935 mactentur.
1407 3881 1466 3928 ut
1492 3873 1731 3929 victimas
1752 3873 1807 3927 in
1843 3872 2111 3928 honorem
2142 3871 2236 3927 Dei
2293 3872 2617 3929 meminisse
2642 3887 2744 3927 nos
2767 3878 3007 3941 Oportet,
3029 3870 3276 3941 quinque
3302 3869 3425 3925 illas
3451 3870 3668 3925 anima-

423 3958 554 4013 lium
587 3962 802 4030 species
831 3969 1239 4032 reprresentare
1262 3963 1512 4032 quinque
1536 3976 1756 4017 sensus.
1792 3959 1983 4016 Visum
2023 3956 2302 4028 significat
2332 3959 2609 4024 columba,
2643 3957 3113 4030 quemadmodum
3144 3957 3347 4028 legitur
3379 3957 3435 4012 in
3476 3957 3673 4013 Canti-

418 4047 504 4102 cis
530 4049 883 4103 canticorum
906 4068 919 4105 :
941 4068 961 4103 ι
987 4048 1146 4105 Oculi
1178 4050 1256 4105 tui
1287 4050 1681 4105 columbini'.»
1705 4047 1837 4103 Nam
1860 4063 2027 4118 opera
2059 4048 2347 4102 oculorum
2373 4048 2460 4104 usi
2493 4047 2879 4119 perspeximus
2906 4047 3173 4101 decorum
3202 4046 3373 4116 hujus
3421 4047 3665 4101 universi

421 4134 697 4201 ordinem,
733 4143 789 4191 et
840 4137 969 4192 inde
1014 4137 1378 4208 cognovimus
1441 4151 1723 4193 summum
1766 4135 2020 4206 Opificem
2080 4151 2291 4191 rerum.
2344 4136 2614 4191 Auditum
2646 4132 2927 4205 significat
2958 4142 3168 4199 turtur,
3199 4134 3666 4203 quemadmodum

417 4233 607 4278 monet
641 4224 775 4279 illud
801 4224 1055 4281 Jeremia‘
1089 4244 1102 4280 :
1138 4245 1167 4279 ι.
1202 4227 1411 4281 Turtur
1439 4234 1496 4281 et
1530 4225 1791 4285 hirundo.
1827 4239 1928 4279 nec
1968 4238 2080 4279 non
2112 4238 2366 4294 passeres
2392 4225 2510 4293 agri
2543 4224 2912 4279 observarunt
2954 4232 3169 4291 tempus
3204 4222 3469 4277 introitus
3520 4222 3671 4292 ipso-

423 4325 544 4363 rum
574 4308 617 4378 ⁸,
657 4330 677 4364 ι
717 4313 767 4368 id
794 4322 905 4375 est,
954 4313 1261 4384 prudentes
1303 4312 1597 4368 auditores
1623 4319 1675 4365 et
1703 4309 1986 4377 doctores,
2023 4312 2118 4381 qui
2159 4312 2367 4381 pollent
2397 4311 2662 4367 facultate
2690 4309 2953 4372 docendi,
2985 4317 3192 4364 norunt
3232 4309 3454 4378 quando
3491 4311 3667 4362 intro-

423 4401 663 4453 eundum
714 4402 786 4456 sit
819 4400 885 4456 ad
938 4402 1260 4467 dicendum,
1291 4408 1346 4455 et
1380 4397 1604 4470 quando
1637 4398 1890 4454 doctrina
1935 4413 2129 4454 eorum
2171 4401 2350 4469 possit
2387 4400 2677 4457 commode
2722 4398 2940 4454 infumli
2979 4399 3035 4453 in
3085 4398 3302 4453 animos
3331 4397 3666 4461 auditorum,

424 4497 795 4545 concurrente
828 4490 1046 4545 scilicet
1095 4490 1325 4543 introitu
1359 4486 1676 4543 hirundinis
1721 4495 1772 4541 et
1820 4487 2079 4541 turturis.
2122 4486 2328 4544 Verum
2364 4501 2675 4551 sermones,
2713 4485 2873 4556 quasi
2905 4487 3003 4542 alte
3036 4486 3312 4557 qutrdam,
3354 4500 3455 4538 nos
3492 4481 3546 4538 in
3580 4500 3670 4539 su-

427 4574 590 4631 hlime
616 4577 957 4631 subvehunt.
995 4576 1229 4633 Tactum
1262 4575 1541 4646 significat
1566 4575 1689 4640 bos,
1724 4574 1819 4645 qui
1846 4576 2202 4646 agricultura:
2236 4584 2596 4630 consecratus
2627 4582 2739 4628 est.
2769 4571 2903 4627 Nam
2937 4581 3118 4628 tactus
3151 4587 3262 4642 prre
3294 4571 3524 4641 reliquis
3551 4588 3677 4625 sen-

425 4662 577 4719 sibus
606 4669 774 4720 terra:
807 4664 1168 4734 coniunctior
1209 4672 1312 4719 est.
1345 4661 1486 4717 llinc
1523 4661 1783 4716 nimirum
1831 4660 2085 4719 lssacltar
2133 4663 2404 4734 appetivit
2436 4660 2639 4715 bonum
2677 4662 3038 4731 requiescens
3086 4661 3141 4715 in
3180 4660 3363 4714 medio
3415 4660 3675 4722 sortium,

427 4749 591 4805 sicuti
625 4753 894 4822 scriptum
924 4760 1010 4807 est
1039 4770 1053 4807 :
1090 4771 1111 4804 ι
1149 4749 1212 4805 Et
1233 4749 1372 4805 vidit
1403 4749 1652 4821 requiem
1682 4748 1835 4819 quod
1864 4760 2011 4804 esset
2039 4750 2207 4814 bona,
2237 4759 2292 4805 et
2325 4758 2528 4803 terram
2561 4749 2715 4819 quod
2734 4756 2877 4803 esset
2916 4747 3089 4808 ferax,
3124 4756 3176 4802 et
3198 4747 3461 4802 submisit
3492 4747 3682 4801 hume-

426 4850 546 4891 rum
587 4838 655 4891 ad
690 4840 1084 4901 laborandum,
1105 4848 1160 4894 et
1199 4836 1375 4893 factus
1407 4844 1493 4893 est
1523 4836 1773 4906 agricola
1801 4837 1843 4891 ".
1888 4855 1906 4888 ι
1934 4834 2207 4893 Nimirum
2239 4846 2387 4890 tactu
2418 4836 2702 4906 cognovit,
2730 4850 2840 4905 quo
2874 4844 3040 4906 pacto
3067 4844 3215 4888 terra
3245 4842 3394 4889 esset
3419 4834 3679 4888 excolen-

424 4923 513 4978 da.
546 4923 783 4979 Gustum
815 4928 976 4983 nobis
999 4926 1069 4982 ob
1106 4926 1304 4982 oculos
1347 4926 1504 4994 ponit
1548 4924 1694 4988 ovis,
1738 4924 2203 4993 quemadmodum
2248 4926 2485 4978 traditur
2521 4925 2578 4978 in
2610 4923 2858 4980 Canticis
2911 4924 3258 4979 canticorum
3290 4940 3304 4977 :
3338 4941 3357 4974 ι
3391 4921 3457 4977 Ut
3487 4938 3681 4993 greges

425 5013 609 5065 ovium
652 5021 958 5080 tonsarum,
994 5028 1119 5084 quas
1157 5011 1530 5068 ascenderunt
1556 5026 1586 5066 e
1610 5016 1833 5066 lavacro
1878 5011 1918 5065 ἐ
1943 5030 1961 5061 ι
1992 5008 2196 5066 Verum
2233 5026 2458 5082 capram
2486 5010 2731 5081 intellige
2754 5010 2916 5067 nobis
2948 5011 3002 5065 in
3040 5018 3278 5066 mentem
3306 5025 3573 5065 revocare
3594 5011 3678 5063 ol-

427 5097 595 5171 326
618 5099 848 5166 factum,
875 5102 921 5156 si
958 5101 1124 5156 modo
1161 5099 1444 5170 possimus
1485 5097 1740 5153 invenire
1780 5084 2118 5167 exemplum,
2143 5113 2255 5173 quo
2289 5098 2343 5153 id
2384 5098 2804 5154 contirmemus.
2837 5099 3141 5161 Animalia,
3168 5114 3290 5169 quae
3320 5098 3682 5151 immolantur

428 5194 484 5239 et
516 5201 625 5242 arae
658 5188 1042 5257 imponuntur,
1079 5195 1195 5243 tres
1239 5188 1688 5257 complectuntur
1729 5194 1946 5250 aetates,
1983 5184 2292 5241 secundum
2335 5199 2480 5254 quas
2515 5193 2918 5240 consecrantur
2962 5184 3216 5240 Domino.
3267 5183 3405 5238 Nam
3439 5182 3682 5238 Joannes

432 5272 487 5327 iu
523 5289 623 5329 sua
660 5275 901 5345 Epistola
926 5283 1160 5330 annotat
1183 5284 1303 5345 tres
1326 5281 1542 5336 zelotes,
1575 5287 1699 5344 quas
1729 5272 2013 5328 intellectu
2046 5272 2277 5342 pollent,
2312 5281 2366 5326 et
2409 5273 2464 5325 in
2502 5272 2650 5327 hunc
2673 5273 2894 5327 modum
2926 5291 2939 5328 :
2982 5290 3000 5323 ι
3036 5272 3231 5328 Scribo
3265 5272 3426 5327 vobis
3450 5313 3464 5338 ,
3500 5271 3677 5328 filioli.

431 5364 566 5435 quia
595 5336 939 5434 cognovistis
962 5361 1204 5419 Patrem.
1231 5336 1429 5417 scribo
1457 5336 1637 5427 vobis,
1673 5336 2081 5425 adolescentes,
2116 5360 2244 5431 quia
2272 5362 2442 5415 fortes
2481 5360 2642 5424 estis,
2687 5370 2742 5416 et
2789 5360 3000 5415 vicistis
3052 5360 3208 5417 illum
3269 5336 3491 5415 malum.
3538 5356 3683 5413 Sct'i'

430 5454 515 5525 psi
548 5453 728 5516 vobis,
760 5463 965 5522 patres,
1002 5451 1133 5522 quia
1163 5450 1505 5520 cognovistis
1530 5464 1684 5515 eum,
1706 5447 1802 5519 qui
1835 5456 1919 5502 est
1947 5450 2017 5503 ab
2044 5450 2201 5505 initio
2229 5450 2272 5504 ’.
2294 5467 2313 5501 ι
3591 5459 3601 5465 ’

514 5646 527 5677 ¹
563 5644 763 5715 'r'phes.
795 5643 929 5708 11,2.
998 5642 1056 5715 __’_
1090 5641 1328 5715 l1‘hcss.
1365 5659 1437 5704 iv,
1477 5643 1565 5715 I6.
1659 5644 1678 5674 ³
1718 5642 1821 5715 Isa,
1867 5658 1953 5705 xc,
1992 5642 2077 5696 ll.
2114 5712 2171 5715 A_
2200 5642 2346 5715 'Joh
2375 5659 2464 5715 XL,
2494 5644 2574 5701 ll.
2674 5645 2693 5677 '
2724 5642 2882 5700 Cant.
2930 5657 3002 5707 tv,
3044 5642 3089 5696 l.
3166 5638 3422 5715 chrcm.
3474 5640 3599 5703 Villi
3629 5632 3678 5689 7·

497 5710 634 5770 (lcu'.
684 5731 833 5776 κως,
993 5712 1077 5767 15.
1156 5716 1175 5744 ³
1220 5714 1377 5768 (lant.
1436 5730 1508 5780 tv,
1547 5714 1595 5767 Ξ.
1672 5716 1691 5744 τ’
1729 5713 1741 5764 Ι
1786 5710 1945 5767 .loan.
2001 5728 2060 5778 ιι,

1593 5755 1595 5766 ,
1672 5716 1691 5744 τ’
1729 5713 1741 5764 Ι
1786 5710 1945 5767 Joatt.
2001 5728 2060 5778 tt,
2110 5712 2193 5777 l5,
2255 5713 2335 5773 li.
2441 5710 2457 5715 ⁷
3165 5713 3176 5723 ”
