4010 6212
244 5061 266 5175 ὲ

244 5193 279 5271 ξ.

1687 382 2029 449 ΡΠΟΟΟΡΙΙ
2065 387 2308 451 ΟΑΖ.ΕῙ
3220 392 3225 399 ’
3524 394 3631 460 696

440 475 889 578 Dirimvftltdum,
928 480 1196 578 arbitror,
1234 487 1380 556 quod
1414 491 1686 550 columba:
1721 513 1827 550 non
1869 498 2184 556 oﬁ'ernnlur
2210 505 2440 575 integra:
2466 521 2478 558 :
2507 516 2608 559 nec
2648 519 2813 567 unus,
2845 503 2942 561 sed
2979 508 3088 561 duo
3122 505 3432 564 offeruntur
3460 509 3629 578 pulli.

370 562 574 662 Deinde
609 566 808 663 iterum
832 566 1205 663 immolantur
1246 572 1482 633 Domino
1512 580 1623 637 duo
1654 584 1854 655 integri
1888 594 2156 655 turtures,
2188 607 2288 646 nec
2326 562 2509 647 tamen
2541 593 2696 663 pulli.
2738 592 2904 649 Visus
2942 595 3104 651 nobis
3142 599 3489 653 demonstrat
3525 613 3632 650 ρης

365 652 441 704 ίί’⁸
474 652 702 705 summa
736 661 789 708 (εί
831 654 1230 754 ίῖξίο¹¹ί8ξι>ί¹ἱιξτ
1264 663 1333 718 At
1362 665 1619 736 pipiones
1650 652 2098 732 sive'colnmbini
2126 652 2291 746 pulli,
2322 682 2415 750 qui
2457 652 3114 752 puerostrepraasealant,
3141 687 3390 742 rmlestia
3425 700 3632 754 corpo-

369 756 452 842 ξέιο
483 755 549 794 ει
584 755 825 842 αιιοξιίηξ
852 743 1075 842 dit-genii
1107 748 1309 805 Ordine
1347 755 1533 822 opifex
1585 760 1964 828 cognoscitur,
1998 779 2027 817 a
2070 769 2233 823 nobis
2268 769 2519 839 seiuncta
2564 773 2787 842 assequi
2822 772 3037 835 fuotitia
3076 783 3359 842 nequeunt
3407 784 3626 829 exacte.

368 828 557 929 Itaque
582 829 865 929 sacriﬁcia
898 833 1015 929 illa,
1045 838 1169 905 (ιιιὼ
1209 853 1236 891 a
1287 841 1451 897 nobis
1484 844 1867 914 immolantur,
1906 851 1981 905 ita
2016 828 2393 925 accipiuntur,
2433 867 2494 911 ut
2535 874 2658 929 qum
2683 828 2725 912 au
2757 862 2943 928 pueris
2988 828 3313 914 onerantur.
3358 860 3629 915 Cmternm

368 915 805 1018 anilitas-magis
837 928 924 974 est
955 920 1302 982 dedicandus
1334 926 1468 996 Deo,
1497 946 1662 1000 quant
1688 935 1863 992 visus.
1900 939 1998 994 llic
2022 944 2168 998 enim
2198 946 2252 1001 in
2288 946 2480 1001 futuro
2510 915 2717 1003 saeculo
2751 949 2913 1004 nobis
2947 949 3082 1003 nulli
3121 950 3244 1003 usui
3276 951 3405 1003 erit.
3435 949 3628 1018 S‘qui-

367 1008 489 1056 ""m
528 1006 681 1107 ⁸ξξ¹¹¹²
718 1015 851 1107 ίίξξτε
883 1023 986 1064 τοί
1022 1013 1153 1075 πίεν
1187 1028 1311 1083 (illa?
1345 1029 1609 1072 "880mm
1634 1035 1697 1073 ex
1736 1021 1975 1093 impulsu
2003 1033 2148 1086 aeris
2185 1051 2197 1087 :
2225 1050 2404 1104 neque
2442 1050 2505 1091 ea
2533 1036 2696 1093 etiam
2731 1035 2889 1093 nobis
2924 1053 3066 1107 uptts
3099 1037 3229 1092 erit.
3261 1035 3495 1090 Peccata
3523 1053 3629 1090 au—

369 1107 476 1143 Icm
510 1092 671 1191 alit-er
700 1094 891 1191 tollere
927 1098 1243 1166 nequlmtw.
1288 1102 1395 1159 nisi
1422 1119 1623 1161 SClISlIS
1666 1119 1886 1167 nostros
1916 1116 2229 1191 pinguiorcs
2257 1092 2622 1181 extenuemus
2650 1134 2705 1180 et
2736 1092 3059 1182 subtiliores
3086 1128 3392 1180 reddamus
3425 1126 3621 1181 divino

365 338 469 425 (sit.

318 1204 321 1209 “
368 1197 511 1239 “‘"c'
556 1180 614 1235 ω
649 1183 1117 1283 θηῘω-δοθθφυῖν
1152 1189 1283 1244 dm“
1328 1207 1477 1249 nunc
1522 1194 1787 1264 iubemur
1830 1180 2181 1272 holocaus'a.
2235 1226 2383 1268 nunc
2419 1220 2607 1283 partes
2641 1214 2858 1282 aliquas
2889 1214 3213 1268 animalium
3253 1214 3534 1283 conjicere
3570 1213 3627 1269 in

365 1282 581 1368 sacram
605 1284 786 1368 aram.
812 1270 1094 1331 Interdum
1135 1277 1453 1347 signiﬁcant
1486 1280 1806 1354 frequentes
1843 1290 1948 1345 ill.c
1977 1294 2213 1351 victimae
2236 1270 2432 1366 mpera.
2463 1307 2674 1364 nostra,
2713 1270 2841 1353 dum
2879 1314 3037 1352 nnns-
3068 1309 3233 1368 atque
3268 1300 3410 1353 Idem
3440 1298 3630 1368 plures

367 1356 536 1411 boves
567 1358 864 1431 pluresque
898 1362 1128 1430 v‘ltulos,
1158 1364 1398 1423 diversis
1423 1381 1587 1437 atque
1625 1374 1750 1429 aliis
1780 1380 1964 1433 causis
1993 1390 2199 1446 motus,
2233 1356 2415 1441 (sedit.
2449 1386 2586 1440 Cum
2619 1395 2802 1439 autent
2843 1387 3036 1441 umbra
3069 1356 3385 1440 futurorum
3420 1387 3492 1439 sit
3534 1387 3629 1441 ilia

363 1446 556 1518 sedula
587 1448 696 1503 cibi
747 1460 1019 1522 potusque
1064 1455 1439 1526 praescriptio,
1474 1462 1896 1522 meminerimus
1929 1466 2087 1522 ﬁdem
2122 1470 2436 1526 habendam
2482 1488 2607 1528 esse
2640 1472 2946 1537 Salomoni,
2980 1474 3073 1543 qui
3107 1477 3270 1527 docet
3294 1473 3336 1504 "
3376 1473 3629 1526 divinum

363 1548 487 1631 ξ’δδθ
520 1550 747 1591 “elisum
783 1539 1253 1631 {Biﬁpi'ilua'em’
1284 1560 1397 1615 quo
1424 1549 1781 1619 eaploramus
1805 1562 1860 1611 et
1893 1556 2285 1625 cognoscimus
2331 1559 2659 1631 qualitatem
2692 1562 2809 1614 veri
2843 1539 3011 1630 panis
3027 1570 3082 1617 et
3118 1561 3253 1624 vini,
3287 1560 3435 1629 quod
3468 1560 3633 1616 exhi-

365 1622 502 1720 liﬂ‘al
524 1637 622 1720 (εος
656 1624 899 1720 hominis
949 1626 1184 1720 “.Hunc
1205 1631 1374 1702 igitur
1406 1649 1629 1695 sensum
1654 1641 1899 1713 appelles
1925 1622 2112 1701 licebit
2134 1622 2487 1719 spiritualent
2523 1657 2773 1720 gustum.
2811 1622 3089 1706 dilactum
3122 1622 3466 1717 existimato,
3498 1667 3628 1707 eum

364 1708 568 1814 Falli"?
599 1710 781 1814 ill‘lllil
829 1709 891 1777 ⁸⁸,
907 1729 966 1770 se
992 1729 1116 1772 esse
1154 1717 1360 1777 bonum
1403 1721 1629 1780 odorem
1675 1708 1883 1783 Christi
1922 1731 2051 1800 illis,
2077 1708 2179 1808 qui.
2205 1738 2440 1794 salutem
2475 1708 2923 1809 cdnsoqunntnr,
2972 1750 3022 1798 et
3068 1741 3180 1807 his,
3216 1742 3310 1813 qui
3366 1751 3625 1814 pereunt.

362 1801 600 1902 Proinde
634 1805 761 1876 quis
787 1808 1015 1863 audebit
1039 1811 1247 1878 dicere,
1281 1814 1433 1884 quod
1470 1817 1753 1886 possimus
1782 1822 2017 1876 odoratu
2052 1801 2145 1879 illo
2179 1826 2461 1894 spirituali
2495 1828 2721 1882 odorari
2771 1828 2941 1884 Deum
2985 1829 3165 1900 ipsum
3203 1801 3341 1884 niire
3367 1801 3629 1902 lragran-

362 1899 471 1988 tem
545 1888 658 1947 ilac
685 1894 893 1951 caelesti
924 1895 1226 1967 fragrantia
1244 1900 1554 1960 oblectatns
1592 1904 1782 1974 David,
1810 1909 2081 1964 exclamat
2111 1929 2124 1965 :
2162 1931 2180 1963 ι
2209 1888 2383 1984 Quam
2420 1914 2623 1970 bonum
2652 1930 2930 1987 quamque
2951 1888 3257 1988 jucundum
3289 1927 3374 1973 est
3423 1888 3627 1975 fratres

360 1978 684 2070 :ohabitare
713 1984 768 2041 in
798 2001 993 2043 unum.
1025 1986 1095 2043 Ut
1125 2000 1469 2065 unguentum
1505 2011 1672 2067 supra
1704 2010 1870 2069 caput
1899 1994 2244 2056 descendens
2276 2002 2330 2057 in
2369 2001 2620 2070 barbam,
2652 2005 2869 2060 scilicet
2896 2006 2949 2059 in
2978 2005 3207 2059 barbam
3231 2005 3471 2062 Aaronis
3503 2006 3567 2062 ¹⁸.
3600 2025 3622 2060 δ

361 2067 565 2124 Tactus
595 2069 686 2128 ille
714 2080 1003 2144 reputatur
1028 2077 1274 2135 caelestis
1318 2089 1373 2135 et
1416 2083 1749 2152 spiritualis.
1775 2067 1865 2143 de
1910 2102 2020 2158 quo
2053 2088 2296 2157 loquitur
2332 2087 2573 2146 Joannes
2607 2067 2627 2146 ἐ
2671 2111 2689 2143 ι
2728 2090 2795 2145 Et
2822 2107 3018 2146 manus
3064 2103 3268 2148 nostra:
3307 2103 3626 2149 contrecta-

363 2167 566 2252 verunt
594 2158 953 2252 d_e_sermone
984 2164 1111 2221 vita;
1163 2166 1261 2221 ίδοι
1298 2166 1467 2227 Visus
1497 2172 1589 2230 ille
1618 2177 1941 2247 perhibetur
1965 2178 2293 2247 spiritualis,
2322 2180 2417 2251 qui
2450 2180 2774 2236 attribuitur
2800 2181 2907 2247 his,
2959 2183 3054 2252 qui
3094 2184 3463 2237 mundosnnt
3494 2198 3625 2237 cor-

358 2246 448 2312 de,
475 2247 645 2341 etqui
667 2247 834 2305 Deum
867 2260 997 2308 sunt
1026 2253 1220 2311 visuri.
1248 2257 1439 2314 Omnis
1464 2270 1670 2328 autem,
1701 2264 1793 2333 qui
1826 2246 2060 2333 diligens
2091 2277 2145 2320 et
2174 2246 2406 2321 sedulus
2432 2277 2515 2322 est
2548 2268 2895 2324 auscultator
2914 2246 3266 2339 eloquiorum
3294 2270 3408 2335 Dei,
3436 2272 3625 2341 potio-

362 2348 487 2427 rem
513 2334 634 2391 visu
660 2336 815 2393 ducit
840 2339 1112 2397 auditum.
1148 2342 1578 2418 Victimquuat
1612 2360 1928 2406 mactentur
1963 2351 2030 2407 ad
2080 2368 2234 2407 aram
2264 2354 2536 2418 divinam,
2585 2356 2656 2409 ab
2687 2356 2774 2410 his
2802 2334 3192 2426 spiritualibus
3217 2334 3472 2412 sensibus
3523 2372 3625 2427 pe-

357 2422 539 2478 tenda:
564 2432 694 2479 sunt
724 2425 781 2481 in
816 2430 968 2482 omni
998 2430 1224 2487 natione
1255 2441 1310 2487 et
1339 2444 1525 2504 gente,
1574 2446 1635 2491 ut
1663 2453 1857 2494 omnes
1891 2440 2092 2495 decora
2121 2456 2336 2495 morum
2372 2444 2811 2497 cohonestentur
2835 2422 3128 2513 varietate
3156 2482 3172 2505 .
3221 2444 3385 2499 sicuti
3436 2422 3624 2500 monet

357 2512 564 2577 t'ratio,
596 2528 730 2584 quae
761 2515 830 2571 de
859 2516 1198 2575 animalibus
1228 2519 1320 2575 hic
1348 2521 1604 2578 habetur.
1643 2525 2014 2581 llliuscemodi
2051 2528 2389 2583 animalibus
2426 2530 2745 2584 abundabat
2770 2537 2821 2584 et
2858 2530 3016 2597 quasi
3059 2512 3310 2585 seatebat
3357 2546 3453 2586 vas
3488 2532 3623 2585 illud

357 2598 585 2655 linteum
619 2617 650 2658 e
675 2604 817 2659 coelo
846 2603 1172 2673 demissum,
1195 2608 1344 2679 quod
1374 2612 1733 2681 conspicatus
1758 2622 1844 2668 est
1875 2613 2072 2670 Petrus
2094 2614 2171 2680 ¹⁸;
2202 2630 2313 2683 quo
2340 2616 2690 2681 monebatur,
2723 2631 2831 2670 non
2863 2617 2931 2671 de
2969 2617 3109 2672 solis
3140 2618 3477 2674 animalibus
3509 2619 3622 2675 illis

356 2687 564 2755 brutis,
596 2705 722 2760 qua:
771 2691 827 2747 in
866 2706 1000 2750 vase
1049 2696 1505 2764 continebantur,
1540 2700 1645 2754 ista
1688 2700 2076 2769 intelligenda;
2126 2701 2222 2758 sed
2258 2717 2380 2756 eam
2432 2703 2705 2757 visionem
2735 2703 3185 2765 transferendam
3227 2705 3307 2773 ad.
3339 2705 3615 2771 homines.

355 2791 497 2840 quos
525 2774 737 2834 Numen
764 2793 862 2849 per
889 2780 981 2836 illa
1013 2783 1350 2840 ostentabat.
1385 2785 1541 2852 Quod
1571 2802 1701 2843 vero
1729 2804 1909 2845 mores
1924 2791 2027 2845 sub
2052 2791 2388 2845 animalibus
2423 2791 2630 2845 indicet
2670 2790 2963 2859 Scriptura
3029 2808 3186 2847 sacra
3239 2795 3320 2848 vel
3373 2796 3502 2850 hinc
3534 2798 3583 2850 vi
3607 2826 3620 2835 -

358 2862 486 2916 dere
511 2871 614 2928 est,
643 2865 794 2933 quod
844 2864 1164 2937 hypocritas
1188 2878 1347 2925 vocat
1380 2871 1544 2942 lupos
1569 2887 1822 2945 rapaces,
1872 2878 2300 2933 obambulantes
2349 2880 2586 2935 amictos
2630 2879 2928 2935 velleribus
2979 2881 3163 2936 ovillis
3218 2883 3287 2934 “.
3314 2883 3516 2937 Eadem
3563 2893 3619 2939 et

358 2946 528 3005 Isaias
556 2951 847 3017 praedixit,
878 2953 1137 3023 inquiens
1172 2972 1185 3010 :
1232 2975 1251 3008 ι
1291 2955 1428 3028 Lupi
1459 2968 1515 3015 et
1541 2962 1667 3030 agni
1704 2978 1810 3018 una
1853 2973 2082 3033 pascent
2137 2967 2231 3018 ⁸⁷.»
2268 2975 2378 3021 etc.
2414 2965 2534 3021 Hoc
2566 2966 2792 3035 quidem
2826 2970 3090 3023 vol'nunc
3122 2970 3241 3024 sole
3270 2971 3480 3025 clarius
3509 2982 3613 3038 est,

357 3038 488 3090 dum
525 3037 581 3093 in
610 3038 863 3095 Ecclesia
894 3040 1121 3098 aluntur
1150 3053 1208 3100 et
1239 3043 1501 3101 foventur
1529 3048 1731 3105 divinis
1758 3053 2001 3109 oraculis
2031 3055 2254 3125 plurimi
2288 3064 2342 3110 et
2375 3055 2624 3125 moribus
2649 3054 2856 3112 diversi
2885 3057 3032 3112 inter
3061 3073 3120 3111 se
3151 3060 3439 3115 mortales.
3473 3037 3614 3115 Ideni

360 3125 539 3194 magis
568 3126 827 3190 cnitebit,
859 3127 952 3183 ubi
982 3131 1386 3200 magniﬁcentia
1435 3134 1672 3206 stipatus
1704 3138 1947 3194 mirabili
1973 3140 2229 3197 Christus
2259 3143 2542 3197 advenerit
2566 3142 2875 3213 iudicatum
2908 3145 3065 3199 vivos
3090 3154 3143 3200 et
3168 3154 3437 3201 mortuos.
3480 3144 3613 3202 Nam

361 3214 474 3283 lupi
515 3222 650 3269 tunc
686 3216 870 3285 posita
906 3215 1126 3274 l'eritate
1163 3230 1573 3278 mansuescent.
1600 3222 1756 3282 Oves
1782 3229 2019 3285 naturali
2049 3244 2152 3284 suo
2194 3230 2390 3284 timore
2428 3229 2658 3299 exploso
2685 3230 3172 3286 conﬁrmabuntur
3203 3241 3257 3286 et
3286 3233 3615 3287 animalium

358 3312 472 3362 tur.
504 3310 564 3357 ut
595 3302 845 3373 jucunde
866 3316 1267 3364 conversentur
1299 3325 1425 3365 cum
1454 3311 1619 3383 lupis.
1655 3313 1772 3370 Sub
1804 3315 1947 3371 idem
1969 3324 2188 3386 tempus
2210 3317 2305 3385 qui
2339 3316 2544 3370 l'uerint
2576 3318 2846 3371 immundi
2881 3318 3067 3373 illuvie
3083 3319 3319 3388 peccati,
3352 3320 3617 3390 puriﬁcao

359 3391 567 3446 buntur
593 3394 647 3447 e't
671 3393 1017 3471 apparebunt
1048 3396 1241 3452 mundi
1263 3397 1317 3452 in
1350 3407 1649 3469 conspectu
1686 3400 1902 3457 Domini
1941 3404 1996 3458 in
2023 3418 2164 3457 nova
2187 3401 2517 3458 Jerusalem.
2545 3402 2613 3457 Et
2645 3404 2751 3459 hoc
2785 3405 2976 3474 procul
3007 3406 3179 3461 dubio
3200 3406 3619 3461 demonstratur

360 3498 458 3548 per
483 3482 589 3538 ista
615 3483 803 3539 verba.
838 3503 859 3536 ι
886 3483 1122 3541 Benel‘ac
1156 3485 1289 3542 Sion
1325 3488 1633 3545 secundum
1667 3490 2074 3562 beneplacitum
2104 3499 2287 3555 tuum,
2327 3498 2383 3545 et
2404 3498 2766 3546 exstrnantur
2795 3493 2938 3546 muri
2972 3491 3302 3549 Jerusalem.
3335 3491 3492 3548 Tunc
3518 3509 3617 3550 ac-

360 3570 610 3640 ceptahis
645 3571 982 3629 sacriﬁcium
1014 3573 1249 3645 iustitia:
1307 3576 1403 3627 ⁸⁸η
1431 3584 1540 3632 etc.
1573 3576 1768 3632 Mirum
1787 3588 1873 3634 est
1911 3578 2060 3649 quod
2091 3578 2183 3633 hic
2216 3579 2371 3633 docet
2404 3578 2472 3635 de
2502 3579 2795 3634 sacriﬁciis
2817 3577 3138 3648 oll'crendis,
3169 3588 3498 3635 cumtamen
3524 3597 3619 3636 su-

364 3675 461 3729 pra
496 3659 704 3716 dixerit
742 3680 758 3717 :
801 3680 822 3713 ι
868 3662 928 3717 Si
958 3662 1234 3719 voluisses
1265 3662 1566 3729 victimam,
1600 3666 1911 3723 dedissem:
1949 3680 2050 3721 nec
2082 3678 2237 3735 grata
2271 3666 2371 3721 tibi
2406 3665 2562 3721 fuere
2614 3665 2939 3720 holocausta
3000 3668 3098 3721 η.»
3135 3666 3252 3721 Alia
3302 3667 3470 3737 igitur
3507 3668 3617 3723 hoc

361 3749 488 3802 loco
517 3758 925 3808 commonstrat
956 3751 1257 3818 sacriﬁcia,
1302 3751 1519 3813 scilicet
1550 3750 1712 3829 337
1742 3765 1996 3819 mortem,
2027 3768 2151 3827 qua:
2194 3752 2494 3825 respondet
2535 3750 2868 3808 beatissima:
2901 3753 3091 3819 morti,
3123 3768 3247 3825 qua:
3279 3768 3377 3824 per
3407 3748 3615 3828 marty-

360 3835 506 3891 rium
527 3837 783 3907 obtingit.

435 3931 637 3993 Verum
672 3934 936 3991 animalia
973 3936 1291 4008 signiﬁcant
1320 3946 1516 4010 gentes
1542 3948 1596 3994 et
1633 3940 1892 4012 populos,
1917 3940 2387 4012 quemadmodum
2426 3941 2584 3997 canis
2615 3950 2744 3997 nota
2779 3940 3229 3997 eratChananea‘,
3260 3938 3529 4003 mulieris,
3550 3944 3613 3991 ιιι

363 4024 618 4097 perhibet
652 4026 971 4097 evangelica
1000 4027 1255 4084 historia.
1290 4026 1568 4086 Praeterea
1601 4031 1869 4102 pardalis,
1898 4038 2041 4086 teste
2075 4028 2301 4085 Daniele
2329 4029 2398 4087 “.
2438 4029 2772 4085 ostendebat
2811 4028 3102 4101 Assyrios,
3151 4028 3240 4084 leo
3286 4028 3509 4083 Persas.
3544 4025 3618 4078 At

364 4112 706 4184 investigare
749 4129 850 4169 nos
884 4124 1128 4185 oportet,
1161 4131 1414 4187 quaenam
1448 4117 1713 4173 animalia
1750 4116 2153 4173 admoveantur
2190 4116 2327 4171 aris.
2363 4113 2645 4173 Fortassis
2677 4116 2772 4171 illa
2824 4116 3112 4181 animalia,
3146 4116 3353 4186 quibus
3395 4115 3621 4177 litatur,

364 4200 683 4271 signiﬁcant
713 4200 865 4268 illos,
900 4202 969 4258 de
1002 4204 1209 4274 quibus
1236 4204 1433 4260 scribit
1455 4203 1664 4261 Paulus
1703 4222 1718 4260 :
1757 4224 1776 4258 ι
1816 4204 1997 4261 Veluti
2039 4209 2397 4258 excrementa
2438 4201 2631 4257 mundi
2677 4201 2810 4257 lacti
2856 4217 3074 4269 sumus,
3105 4211 3161 4257 et
3194 4201 3442 4257 omnium
3480 4199 3623 4279 reje-

360 4296 701 4344 etamcntum
734 4291 800 4356 ἰ,
833 4308 852 4342 ι
892 4289 961 4344 ad
995 4292 1308 4361 exemplum
1344 4291 1684 4358 Servatoris,
1719 4291 1880 4362 cujus
1926 4291 2109 4347 vibice
2153 4290 2334 4347 sanati
2380 4304 2597 4347 sumus.
2631 4289 2902 4345 Dominus
2951 4290 3099 4345 enim
3145 4288 3373 4343 tradidit
3408 4292 3619 4341 semet-

361 4376 544 4445 ipsum
580 4392 680 4446 pro
716 4378 967 4448 peccatis
1009 4379 1244 4444 nostris,
1280 4385 1336 4433 et
1372 4378 1493 4450 ipse
1524 4379 1878 4434 inﬁrmitates
1900 4387 2127 4434 nostras
2157 4378 2394 4450 accepit,
2422 4388 2477 4435 et
2518 4378 2744 4434 morbos
2777 4386 2997 4434 nostros
3018 4377 3280 4449 portavit,
3305 4382 3361 4430 et
3394 4385 3620 4447 propter

361 4477 465 4516 nos
494 4463 860 4536 gravissimos
886 4463 1110 4520 dolores
1137 4464 1389 4534 pertulit.
1425 4464 1566 4521 lluic
1588 4465 1954 4522 succedentes
1985 4466 2246 4536 apostoli,
2267 4480 2391 4536 quae
2416 4464 2647 4522 deerant
2670 4465 3068 4520 afﬂictionibus
3099 4464 3309 4520 Christi
3338 4463 3621 4531 complent

362 4549 419 4601 in
455 4550 577 4605 suis
616 4550 951 4621 corporibus
998 4565 1238 4621 quorum
1270 4552 1397 4623 quis
1427 4551 1550 4608 ovis
1598 4560 1695 4607 aut
1728 4553 1881 4608 aliud
1925 4553 2282 4609 existimetur
2318 4553 2547 4618 animal,
2582 4553 2687 4609 soli
2722 4553 2831 4608 Deo
2861 4552 3146 4623 cognitum
3183 4560 3239 4608 et
3271 4562 3616 4619 compertum

362 4645 470 4690 est.
503 4636 560 4689 Si
587 4645 773 4691 autem
802 4636 931 4708 quis
966 4637 1102 4692 velit
1127 4637 1425 4708 exquirere
1452 4637 1703 4693 rationes
1737 4637 1960 4694 illarum
1993 4640 2373 4707 victimarum,
2407 4656 2530 4712 quae
2562 4655 2674 4696 non
2705 4646 2834 4695 tota;
2862 4648 3295 4696 concrcmantur
3328 4638 3382 4693 in
3409 4636 3573 4692 altari
3598 4674 3616 4701 ,

363 4722 460 4776 sed
496 4721 700 4778 cedunt
732 4725 788 4781 in
822 4725 1007 4781 cibum
1030 4724 1415 4789 offerentibus,
1438 4724 1626 4781 audiat
1658 4726 1981 4797 loquentem
2015 4724 2305 4784 Christum
2343 4735 2399 4783 et
2435 4742 2550 4784 rem
2583 4727 2902 4797 intelliget:
2937 4743 2957 4778 ι
2992 4726 3104 4782 Nisi
3143 4724 3618 4781 manducaveritis

364 4826 542 4865 mmm
572 4826 825 4877 carnem,
857 4821 913 4869 et
950 4812 1209 4869 biberitis
1235 4828 1418 4869 meum
1453 4813 1803 4884 sanguinem,
1838 4829 1948 4869 non
1980 4814 2194 4872 habetis
2223 4818 2393 4871 vitam
2420 4816 2475 4870 in
2501 4814 2920 4885 vobismetipsis
2948 4815 3017 4867 ".
3061 4832 3080 4866 ι
3123 4812 3257 4868 Nam
3292 4810 3486 4867 eadem
3523 4826 3612 4864 ra-

363 4904 542 4961 tione.
570 4915 679 4971 qna
718 4902 985 4961 carnibus
1005 4902 1237 4969 Christi,
1269 4902 1553 4958 vescimur
1575 4901 1741 4956 etiam
1781 4904 1990 4959 nostris
2019 4904 2295 4959 victimis.
2328 4903 2605 4960 Caeterum
2635 4905 2942 4975 quaestione
2980 4902 3208 4974 dignum
3238 4909 3348 4966 est,
3372 4900 3466 4971 qui
3497 4900 3612 4964 ﬁat,

363 4989 514 5057 quod
547 5000 691 5046 cum‘
712 4992 764 5046 in
795 4992 915 5063 lege
944 4992 1315 5049 interdicatur
1350 4989 1641 5063 sanguinis
1679 5006 1837 5058 esus,
1873 5005 2020 5045 nunc
2055 4991 2316 5046 Christus
2350 4990 2641 5062 pracipiat
2696 5005 2861 5046 suum
2895 4989 3222 5060 sanguinem
3262 5002 3387 5041 esse
3421 4986 3616 5041 hiben-

362 5081 516 5134 dnm.
558 5080 626 5133 At
679 5082 999 5137 meminisse
1050 5097 1154 5137 nos
1189 5089 1410 5151 oportet
1442 5094 1703 5135 cruorem
1744 5080 2095 5135 victimarum
2122 5077 2350 5143 aﬁ‘undi,
2384 5085 2496 5131 tam
2534 5092 2645 5131 ara:
2688 5077 3067 5143 victimarum,
3100 5090 3263 5145 quam
3310 5088 3420 5129 ara:
3464 5072 3614 5128 snﬁi-

364 5178 701 5226 mentorum.
736 5168 839 5237 Qui
870 5184 1001 5227 vero
1029 5179 1111 5225 est
1148 5170 1287 5239 lapis
1308 5170 1542 5224 collatus
1573 5168 1626 5223 in
1652 5168 1944 5223 aediﬁcium
1980 5179 2110 5231 arte,
2128 5173 2183 5220 et
2218 5163 2354 5218 illud
2380 5163 2672 5218 aedilicium
2701 5164 2775 5218 sit
2803 5170 3187 5219 constructum
3228 5176 3295 5218 ex
3336 5159 3614 5230 lapidibus

364 5256 531 5317 vivis,
565 5257 885 5313 necessario
915 5258 962 5314 si
994 5256 1312 5311 aﬁ‘nmlatur
1344 5256 1596 5327 sanguis,
1632 5255 1751 5324 ejus
1802 5269 2021 5324 quoque
2057 5255 2331 5325 particeps
2365 5254 2621 5311 cﬁicitur.
2655 5253 2951 5322 Sanguinis
2991 5261 3045 5308 et
3076 5252 3264 5308 carnis
3301 5247 3615 5305 diﬁ‘erentia

360 5345 628 5414 rapienda
661 5355 746 5401 est
779 5362 846 5401 cx
874 5356 1069 5401 natura
1099 5345 1511 5401 esculentornm
1536 5351 1591 5397 et
1626 5344 2068 5412 poeulentorum,
2094 5357 2160 5397 ex
2187 5342 2393 5412 quibus
2416 5349 2655 5411 utraque
2685 5336 3309 5395 conﬁantur.Victimas
3341 5336 3619 5389 adducere

357 5432 513 5509 jubet
543 5449 663 5500 eos,
696 5434 790 5505 qui
841 5434 910 5490 ad
952 5435 1004 5489 id
1043 5434 1358 5489 faciendum
1403 5431 1621 5502 propria
1662 5438 1941 5502 coguntur
1976 5429 2281 5484 voluntate.
2314 5427 2457 5483 Nulli
2491 5427 2599 5481 vim
2635 5426 2787 5483 facit.
2820 5424 3145 5482 Ultronenm
3176 5433 3455 5496 exspectat
3489 5420 3612 5477 cnl-

359 5529 560 5577 lorezn.
593 5519 705 5577 Nec
738 5536 843 5578 nos
874 5519 925 5576 vi
956 5522 1192 5591 impellit
1225 5520 1292 5575 ad
1336 5519 1785 5575 sacrilicamlum.
1842 5516 2070 5572 Interim
2110 5526 2290 5571 tamen
2326 5514 2678 5571 commendat
2701 5524 2756 5570 et
2803 5519 3035 5569 exornat
3077 5525 3352 5584 praecepto
3391 5520 3445 5566 et
3495 5509 3615 5593 lege

2928 5672 2971 5703 ³³
3024 5671 3167 5726 Psal.
3202 5687 3409 5731 cvxvtt,
3460 5668 3508 5722 Ι.
3552 5668 3610 5723 ’1.

2928 5782 2959 5798 ..
2993 5744 3082 5798 20.
3123 5744 3211 5798 ει.
3289 5740 3330 5771 ¹⁹
3364 5738 3495 5798 ibid.
3522 5740 3609 5792 ιε.

3404 5757 3495 5793 ιιτι.
3522 5757 3609 5792 ιῦ.

2204 5676 2245 5706 ¹¹
2273 5674 2310 5727 ll
2342 5674 2469 5729 Cor.
2513 5691 2573 5735 ιι,
2625 5673 2811 5733 “dii.

430 5683 475 5713 ⁴⁰
509 5681 669 5736 Prov.
721 5697 797 5746 ix,
859 5682 946 5736 l7.
1052 5681 1092 5715 ¹¹
1132 5680 1274 5735 l‘sal.
1322 5694 1441 5741 ctu,
1495 5673 1609 5741 lii;'
1644 5677 1811 5731 liccli.
1854 5692 1953 5733 an.
1997 5675 2013 5726 ε

437 5751 633 5801 !.ln:tn.
680 5768 718 5801 l-
776 5755 825 5801 Ι.
906 5755 946 5785 ⁸⁸
980 5753 1100 5801 Δι’ῑ.
1142 5767 1196 5801 x-
1250 5751 1437 5801 H-lti.
1520 5749 1561 5779 "
1611 5747 1798 5799 Malllt.
1831 5763 1922 5801 ιιι.
1956 5746 2013 5797 1ἶὶ

1600 5673 1811 5731 Ἰζιιςῑί.
1854 5692 1953 5733 λι.
1997 5674 2087 5729 20.
2204 5676 2245 5706 ”
2273 5674 2310 5727 ll
2342 5674 2469 5729 Cor.
2513 5691 2573 5735 tt,
2625 5673 2811 5733 “dii.
2928 5673 2971 5703 ⁸³
3024 5673 3167 5726 Psal.

1611 5747 1798 5799 Matth.
1831 5763 1922 5801 vn.
1956 5746 2042 5797 l3.
2123 5746 2161 5777 ¹⁷
2191 5745 2295 5798 lsa.
2331 5760 2455 5801 ιιι.
2494 5744 2583 5801 23.
2666 5745 2706 5776 ⁸⁸
2728 5742 2871 5801 Psal.
2909 5758 2959 5801 ι..
2993 5744 3082 5801 20,
3123 5744 3182 5798 ’21

2247 5780 2295 5798 ιι.
2331 5780 2455 5810 μιν,
2497 5780 2583 5801 βυ.
2730 5780 2747 5801 ρ
2774 5780 2871 5796 Jul-
2909 5780 2959 5806 Ia,
2997 5780 3082 5808 αν,
3128 5780 3211 5798 οι.

362 5750 401 5777 ⁶”
437 5751 633 5806 Uttan.
680 5768 719 5817 ι,
776 5755 825 5807 l.
906 5755 946 5785 ⁸⁸
980 5753 1100 5807 Art.
1142 5767 1196 5810 ι,
1250 5751 1437 5804 ll-lti.
1520 5749 1561 5779 ”
1611 5747 1798 5817 Matth.
1831 5763 1922 5801 ιιι.
1956 5746 2042 5817 lii.

357 5819 405 5855 ν
447 5824 578 5883 Diu"
614 5841 708 5897 ""t
747 5826 766 5876 ί
806 5840 957 5895 ⁸⁸⁸1⁸1·
1038 5826 1077 5853 ²¹
1112 5821 1280 5877 lCOl'.
1318 5838 1389 5884 tv.
1434 5820 1510 5875 15.
1590 5819 1634 5851 ³³
1663 5816 1819 5871 Jonu.
1863 5816 2055 5881 v1.5i.

3630 4628 3661 4651 η
