4010 6212
361 330 465 391 697
1462 338 1999 405 COMMENTARII
2038 345 2117 406 ΙΝ
2157 347 2593 435 LEl’ITlCUM.
3512 359 3618 424 598

346 437 704 535 rain-itivandi
732 439 1094 535 rituttt._l\'ant
1133 443 1500 513 dmutouibus,
1538 467 1638 505 nec
1675 452 1804 515 Deo,
1833 455 2097 509 convenit
2130 458 2376 526 praebere
2409 462 2663 516 victimas
2695 461 2964 531 impurus,
2993 463 3196 533 quibus
3229 465 3610 535 placabantur.

342 526 558 618 {Verum
604 527 748 583 Deus
780 530 982 585 animis
1030 532 1312 588 hominum
1358 536 1594 592 iusrillat
1645 543 2160 607 ntansuctudinem,
2211 555 2265 600 et
2318 548 2596 617 duplicem
2629 550 2754 603 vitae
2774 526 3066 605 rationein
3113 526 3351 618 inducit,
3380 554 3609 609 alteram

357 614 591 711 civLIem.
628 626 679 669 et
710 632 879 711 porro
905 619 1135 711 alteram
1172 624 1541 693 spiritualem,
1582 628 1743 697 cujus
1771 631 1861 684 rei
1887 632 2106 702 signum
2140 640 2227 687 est
2259 614 2461 688 fissura
2494 637 2855 707 ungularum.
2881 637 3074 694 Caedes
3107 614 3458 705 animalium,
3490 657 3614 711 quat

356 704 417 795 ad
446 717 581 795 aras
613 706 988 769 trucidantur,
1026 709 1238 765 indicat
1268 721 1323 765 et
1356 715 1516 783 quasi
1555 715 1733 785 digito
1776 729 2053 773 monstrat
2078 736 2180 776 nos
2211 736 2277 776 ex
2315 724 2417 776 hac
2449 724 2559 776 vita
2578 704 2833 795 vmigrare
2872 726 2929 779 in
2970 737 3175 781 eterna
3227 704 3608 783 tabernacula.

358 793 420 841 At
446 790 499 842 itt
521 789 643 883 haec
678 809 784 883 non
821 795 1275 854 transcendimus
1304 799 1624 856 interventu
1668 819 1813 859 vera:
1847 807 2064 872 mortis,
2107 809 2203 863 sed
2244 809 2408 864 ntodo
2441 789 2694 878 quodaut
2722 812 2988 879 mirabili,
3018 814 3112 883 qui
3152 814 3408 868 imitatur
3460 830 3611 868 mor-

358 887 480 942 tem,
521 878 577 933 in
609 881 840 937 cmleste
868 885 1283 942 transvolautus
1318 903 1570 959 regnum.
1600 889 1737 945 Nam
1763 893 1812 948 si
1848 907 2006 961 aqua
2032 904 2216 950 mente
2239 896 2565 954 consideres
2597 899 2682 954 vel
2721 900 2892 954 vitam
2922 878 3008 955 vel
3036 878 3276 955 “mortem
3319 901 3611 955 hominum

355 966 404 1017 in
438 966 821 1057 hocmsaeculo,
846 973 1096 1038 reperies
1134 982 1365 1029 mortem
1413 977 1497 1032 vel
1530 978 1699 1033 vitam
1731 996 1832 1035 nec
1871 982 2016 1036 inter
2046 982 2186 1037 bona
2228 984 2312 1039 vel
2353 984 2496 1038 ntala
2527 986 2679 1054 poni,
2708 986 2806 1040 sed
2843 987 3078 1042 mediam
3132 986 3289 1057 sequi
3327 986 3608 1042 conditio-

353 1068 496 1106 nent.
528 1051 586 1107 Si
623 1052 768 1110 Deus
810 1055 1125 1127 imperavit,
1159 1068 1216 1113 ιιι
1251 1061 1357 1130 ipsi
1393 1063 1753 1120 immolarent
1790 1068 2068 1135 victimas,
2100 1087 2169 1126 ne
2215 1072 2297 1127 eis
2335 1051 2678 1129 honorarent
2707 1075 3009 1139 daemones,
3039 1078 3132 1145 qui
3175 1051 3235 1130 lit
3269 1076 3418 1147 quod
3447 1077 3611 1132 victi-

351 1157 470 1198 mas
497 1153 816 1200 mactarunt
843 1155 970 1202 ante
997 1148 1182 1203 datam
1219 1151 1390 1221 legent
1419 1152 1726 1219 Abraham,
1759 1155 2018 1214 Noachus
2049 1170 2101 1215 et
2130 1160 2307 1215 Abel?
2336 1159 2482 1217 Deus
2527 1163 2644 1219 haee
2683 1165 2868 1218 omnia
2899 1174 3266 1234 praenoverat.
3307 1165 3449 1234 Quia
3475 1181 3611 1221 vero

349 1248 517 1301 super
549 1234 760 1289 eisdem
794 1236 961 1291 rebus
1002 1238 1177 1306 legem
1225 1242 1684 1312 promulgaturus
1712 1257 1885 1311 esset,
1938 1248 2144 1318 priscis
2196 1248 2448 1318 patribus
2491 1251 2744 1319 permisit
2776 1250 2919 1305 haud
2951 1252 3220 1321 gravatim
3252 1251 3607 1308 sacriﬁcandi

350 1323 536 1410 ritum,
572 1332 633 1377 ut
656 1324 875 1379 tandem
907 1322 1171 1383 Israelita
1217 1329 1605 1388 existimarent
1635 1349 1696 1389 se
1727 1349 1755 1387 a
1784 1335 2037 1406 patribus
2061 1337 2349 1407 accepisse
2381 1340 2662 1401 eumdem,
2695 1354 2797 1394 nec
2829 1355 2859 1393 a
2891 1336 3022 1394 er.
3054 1339 3213 1407 Quod
3245 1353 3374 1393 vero
3406 1356 3600 1410 parum

348 1408 622 1465 delectent
660 1410 831 1466 Deum
866 1414 1107 1469 victimae
1148 1415 1342 1472 multis
1382 1433 1449 1473 ex
1486 1418 1787 1492 Scriptura
1830 1424 1969 1478 locis
2003 1422 2189 1494 eolligi
2225 1431 2427 1492 potest.
2462 1424 2637 1479 Etiam
2686 1426 2943 1482 Ezechiel
2985 1427 3062 1480 alt
3091 1445 3104 1481 :
3137 1445 3156 1477 ι
3191 1425 3314 1481 Vidi
3367 1408 3421 1482 te
3461 1441 3603 1481 con-

342 1506 661 1565 spurcatam
691 1505 744 1553 et
771 1498 1116 1555 sordidatam
1155 1502 1209 1557 in
1257 1506 1531 1577 sanguine
1571 1515 1704 1575 tuo;
1741 1520 1794 1563 et
1834 1509 1947 1565 dixi
1981 1509 2048 1565 ad
2094 1519 2188 1565 te:
2235 1508 2371 1567 Vive
2422 1509 2477 1565 itt
2513 1512 2883 1581 sanguinibus
2909 1513 3020 1567 tttis
3040 1512 3105 1566 ".
3137 1530 3156 1564 t
3205 1511 3417 1567 Docent
3456 1513 3606 1568 inter

339 1593 538 1643 cetera
561 1585 794 1641 victima
816 1588 994 1643 nostri
1021 1605 1144 1645 csso
1167 1590 1359 1656 oﬂicii,
1389 1604 1451 1648 ut
1470 1596 1669 1667 singuli
1705 1612 1840 1653 suas
1868 1598 2082 1652 animas
2105 1596 2401 1655 incendant
2430 1605 2487 1652 et
2515 1598 2675 1668 quasi
2705 1614 2904 1653 munus
2936 1599 3171 1654 oﬂ‘crant
3192 1606 3246 1653 et
3268 1610 3603 1655 consecrent

343 1671 495 1737 Deo;
524 1682 912 1730 verumtamen
943 1677 1250 1732 secundum
1280 1696 1618 1748 mensuram,
1656 1699 1779 1754 qua:
1810 1684 2039 1739 cuilibet
2061 1692 2146 1738 est
2172 1683 2326 1746 data,
2367 1695 2420 1739 et
2447 1694 2505 1737 ttt
2540 1685 2781 1755 singulis
2812 1684 3084 1745 divinitus
3122 1694 3209 1741 est
3244 1685 3596 1747 attrib‘utum.

339 1757 440 1815 llic
470 1761 616 1815 enint
651 1761 756 1829 sic,
791 1762 934 1818 alius
966 1778 1135 1833 porro
1166 1765 1275 1831 sic,
1323 1775 1614 1838 proprium
1649 1786 1678 1824 ιι
1709 1769 1820 1826 1)ρο
1857 1772 2066 1826 habens
2093 1771 2320 1824 donum.
2341 1769 2660 1841 Magnitudo
2687 1771 3036 1838 animalium,
3066 1787 3187 1842 quae
3217 1773 3601 1838 immolantur,

335 1863 665 1918 eorumque,
694 1850 882 1918 quoad
917 1847 1182 1915 formant,
1221 1856 1482 1920 varietas,
1516 1856 1759 1911 declarat
1782 1856 2020 1912 maxime
2045 1856 2317 1927 cujusque
2347 1857 2702 1913 oﬂ‘erentiunt
2733 1860 2977 1913 animum
3023 1868 3085 1914 ιιι
3117 1860 3191 1915 sit
3234 1873 3363 1930 erga
3391 1858 3596 1915 Deum.

338 1932 399 1988 Si
432 1934 562 2005 quis
596 1950 797 2004 magno
823 1936 1011 1991 animo
1045 1937 1213 1993 inerit
1233 1951 1288 1996 et
1319 1941 1497 2009 furtis,
1523 1944 1840 1999 ostenditur
1872 1958 1968 2014 per
1996 1942 2269 2011 vitulum;
2299 1943 2343 1998 si
2366 1944 2493 2015 quis
2514 1942 2681 1998 fuerit
2707 1944 3078 2013 pusillanimis
3108 1954 3164 2001 et
3190 1943 3376 1999 minus
3400 1944 3601 2000 robore

334 2023 508 2086 valet,
537 2032 895 2094 comparatur
921 2026 1033 2082 ovi.

417 2131 483 2184 Ἦ
513 2130 884 2196 ὀλοκαύτωσις
927 2131 1042 2201 (99)
1075 2132 1176 2202 τὴν
1213 2133 1513 2207 ὁλόκληρον
1541 2136 1800 2191 ἀνάθεσιν
1831 2140 1913 2202 εἰς
1942 2102 1990 2159 Α

2086 2142 2191 2209 Qui
2224 2132 2571 2200 holocaustis
2597 2143 3051 2206 honoratl)eunt,
3074 2143 3286 2198 iudicat
3316 2159 3376 2200 se
3408 2150 3585 2198 totum

334 2223 470 2277 Θεδν
493 2222 665 2295 δηλοῖ.
702 2223 794 2278 Διὸ
822 2223 894 2281 τὰ
921 2223 1035 2281 τῶν
1061 2224 1254 2297 ἱερέων
1284 2229 1350 2287 ὲκ
1382 2228 1726 2299 σεμιδάλεως
1755 2230 1908 2301 δῶρα

2016 2247 2142 2288 esse
2171 2232 2436 2288 devotum
2480 2240 2535 2288 et
2586 2240 2977 2288 consecratum
3018 2231 3274 2294 Domino,
3330 2244 3432 2284 nec
3488 2229 3593 2285 sibi

330 2316 623 2377 ὀλόκαυτᾳ.

2015 2323 2321 2394 quidquam
2375 2325 2456 2379 rei
2499 2339 2624 2381 esse
2676 2339 2803 2380 cum
2864 2323 3057 2378 mundi
3115 2323 3396 2393 contagio.
3446 2322 3597 2386 Qua-

2016 2424 2248 2485 propter
2308 2413 2565 2471 videmus
2630 2416 2982 2472 sacerdotum
3041 2429 3274 2471 munera
3310 2457 3325 2482 ,
3391 2413 3595 2485 quibus

2014 2506 2240 2575 placant
2271 2504 2508 2573 Numen,
2543 2506 2889 2577 similaginea
2917 2506 3134 2562 incendi
3173 2514 3309 2561 tota.

405 2601 823 2695 Formauautem
868 2621 966 2663 seu
1014 2608 1219 2669 modus
1266 2609 1525 2665 sacriﬁcii
1558 2610 1687 2667 talis
1737 2614 1832 2670 sit.
1872 2635 1892 2669 ι
1919 2617 2204 2679 Masculus
2233 2632 2288 2678 et
2317 2622 2542 2695 quidem
2578 2624 2731 2683 omni
2772 2622 2911 2678 vitio
2951 2637 3148 2678 carens
3183 2627 3456 2677 mactetur
3487 2618 3595 2675 Do-

334 2691 510 2750 mino.
549 2712 569 2747 t
602 2690 739 2748 Nam
768 2695 947 2751 sancti
981 2697 1393 2766 quodammodo
1427 2699 1745 2757 conformes
1773 2714 1906 2759 sunt
1935 2706 2068 2770 Deo,

410 2827 637 2901 'Apssv,
665 2828 729 2882 τὸ
758 2829 980 2884 πάντων
1020 2830 1281 2902 Ἥγεμὸνι
1319 2832 1556 2899 πρέπον,
1587 2834 1671 2888 ὅτι
1704 2837 1914 2908 ἡγεμο-

2086 2849 2156 2903 At
2187 2848 2471 2905 masculus
2499 2847 2776 2915 imprimis
2808 2847 3067 2917 congruit
3096 2859 3361 2916 supremo
3383 2843 3596 2900 Guber-

335 2920 487 2974 νικδν
515 2921 576 2975 τὸ
604 2921 794 2995 ἄρσεν.
829 2923 1117 2994 Ἀμωμον,
1142 2924 1226 2980 ὅτι
1255 2924 1317 2979 τὸ
1347 2925 1532 2990 ἀσινὲς
1556 2927 1818 2998 ἁρμόττει
1844 2931 1909 3000 τῇ

2016 2944 2197 2999 natori
2223 2943 2494 2999 omnium.
2521 2942 2799 2997 Masculus
2821 2940 2967 2996 enim
2993 2946 3353 3009 repraesentat
3382 2937 3592 3007 regiam

335 3011 459 3092 Θείᾳ
487 3012 673 3089 οὐσίᾳ.

2016 3037 2183 3107 328
2215 3043 2569 3106 potestatem,
2599 3048 2764 3105 quam
2800 3032 2943 3087 Deus
2976 3032 3030 3085 in
3080 3045 3295 3092 omnes,
3320 3038 3596 3099 quatenus

2017 3123 2203 3177 omnia
2264 3122 2618 3185 moderatur,
2666 3121 2850 3175 habet.
2902 3118 3418 3189 Irrepreltensibilis,
3460 3127 3594 3180 etc..

2015 3207 2147 3277 quia
2182 3208 2237 3261 ltt
2275 3206 2444 3262 Deum
2479 3207 2630 3264 nulla
2660 3207 2813 3263 cadit
2846 3206 3057 3277 culpa-

404 3313 666 3372 Christus
703 3323 886 3372 autem
918 3325 1002 3372 est
1034 3318 1317 3373 masculus
1356 3318 1450 3374 ille
1480 3320 1630 3374 omni
1657 3317 2049 3387 vacans'culpa
2081 3325 2136 3371 et
2161 3318 2296 3371 vitio
2333 3332 2442 3372 non
2477 3318 2658 3373 solum
2692 3316 2894 3371 divinae
2928 3323 3143 3373 natura:
3189 3324 3466 3384 respectu,
3498 3314 3595 3371 sed

334 3409 498 3458 etiam
531 3402 785 3459 humana:
819 3413 1034 3458 naturae
1072 3406 1302 3460 intuitu.
1342 3407 1436 3460 Sic
1484 3408 1854 3478 corporaliter
1876 3416 1928 3462 et
1955 3406 2313 3475 spiritualiter
2329 3404 2480 3458 omni
2513 3404 2647 3457 vitio
2677 3411 2732 3457 et
2764 3403 2925 3472 culpa
2957 3411 3129 3466 caret,
3189 3417 3509 3470 uterumque
3539 3402 3594 3454 itt

334 3505 525 3545 omnes
564 3490 727 3545 habet
753 3492 1062 3561 imperium.
1094 3492 1174 3545 Ad
1213 3492 1359 3549 hunc
1393 3495 1614 3548 modum
1648 3495 1782 3549 nihil
1813 3495 2058 3551 enervati
2091 3504 2144 3548 et
2172 3492 2471 3568 cll‘eminati
2501 3493 2554 3546 in
2585 3493 2669 3548 his
2690 3491 3028 3562 deprehendi
3068 3500 3307 3561 oportet,
3345 3492 3440 3561 qui
3476 3491 3598 3560 ejus

336 3580 594 3649 dogmata
625 3588 914 3634 sectantur
945 3587 1001 3634 et
1035 3592 1388 3639 venerantur.
1411 3579 1572 3635 Virili
1610 3583 1798 3636 animo
1831 3580 2044 3652 praediti
2078 3580 2187 3634 sint
2214 3586 2432 3649 oportet
2459 3596 2471 3630 :
2501 3593 2672 3648 seque
2700 3578 3014 3648 inculpatos
3035 3586 3294 3646 prtestent
3324 3585 3598 3646 quatenus

335 3668 575 3721 humana
613 3665 881 3738 fragilitas
908 3668 1183 3722 concedit.
1205 3666 1555 3736 Quapropter
1575 3670 1726 3722 canit
1753 3668 1919 3723 David
1948 3686 1962 3723 :
1992 3666 2229 3721 «Judica
2257 3681 2364 3732 me,
2392 3665 2639 3732 Domine,
2669 3666 2971 3731 secundum
3006 3665 3280 3735 justitiam
3314 3679 3512 3727 nteant,
3542 3671 3598 3717 et

336 3753 638 3809 secundum
681 3754 1081 3818 innocentiam,
1111 3770 1235 3824 quae
1278 3754 1330 3807 in
1381 3772 1466 3809 me
1502 3755 1675 3809 est“.
1711 3774 1731 3808 ι
1773 3756 2032 3811 Defertur
2060 3763 2244 3808 autent
2298 3752 2636 3807 sacriﬁcium
2689 3751 2755 3805 ad
2792 3751 2996 3821 jztnuas
3045 3750 3414 3805 tabernaculi.
3457 3747 3594 3803 Nam

343 3841 743 3912 perfectionem
779 3843 1181 3912 consequimur
1212 3844 1266 3899 in
1298 3843 1458 3897 unica
1483 3850 1537 3897 et
1570 3843 1688 3898 sola
1714 3842 1806 3898 Dei
1847 3842 2097 3896 Ecclesia
2127 3838 2352 3895 Chrism
2382 3854 2513 3895 vero
2542 3837 2827 3893 sacerdote
2863 3854 2965 3893 nos
2994 3837 3264 3892 oderenle
3302 3836 3470 3899 Patri,
3500 3853 3597 3905 per

338 3945 502 3997 quem
541 3929 822 3985 Christum
857 3928 910 3983 in
960 3930 1105 3988 hanc
1135 3931 1367 4001 gratiam
1402 3929 1625 3985 adducti
1673 3946 1887 3986 sumus.
1932 3928 2064 3983 Nam
2110 3942 2236 3981 cum
2269 3927 2342 3982 sit
2374 3941 2708 3996 prmcursor,
2754 3926 2968 3980 aditum
3000 3924 3067 3979 ad
3111 3924 3384 3979 interiora
3434 3924 3595 3979 nobis

338 4016 553 4086 paravit
584 4031 812 4070 novum.
852 4034 871 4069 ι
900 4015 965 4071 Et
998 4017 1244 4085 imponet
1274 4032 1516 4081 tuauuut,
1542 4035 1562 4069 ι
1597 4019 1693 4085 ait,
1728 4018 1780 4072 id
1813 4027 1917 4085 est,
1944 4031 2042 4088 pro
2082 4031 2143 4071 se
2177 4015 2412 4069 adducet
2446 4028 2566 4069 eam
2607 4013 2869 4076 hostiam,
2906 4013 3092 4081 utqui
3143 4013 3341 4066 haheat
3382 4027 3444 4066 ea
3472 4028 3596 4081 quae

339 4105 427 4159 hic
458 4118 820 4175 peraguntur,
848 4106 1007 4174 quasi
1039 4104 1324 4174 exemplar
1352 4103 1418 4157 ad
1453 4105 1598 4174 quod
1631 4105 1800 4159 vitam
1831 4121 1988 4161 suam
2045 4106 2323 4167 instituat,
2353 4111 2409 4158 et
2439 4103 2529 4173 pie
2558 4110 2861 4171 sancteque
2894 4100 3065 4153 vitam
3090 4101 3293 4170 exigat.
3332 4097 3594 4154 Ostendit

337 4194 484 4247 enim
522 4209 581 4247 se
628 4192 976 4246 renuntiasse
1018 4191 1249 4255 mundo,
1281 4190 1635 4260 penitusque,
1661 4195 1842 4263 quoad
1893 4208 2061 4263 opera
2109 4193 2320 4255 mundi,
2353 4206 2512 4262 quem
2547 4189 2793 4259 exagitat
2824 4187 3109 4252 diabolus,
3138 4194 3444 4242 mortuum.
3481 4185 3595 4243 Nec

342 4298 398 4334 se
429 4296 552 4333 esse
588 4278 1132 4348 irreprchensibileut
1190 4278 1368 4333 instar
1399 4278 1648 4348 pecudis,
1681 4293 1804 4349 qua:
1847 4282 2189 4347 immolatur,
2218 4290 2271 4337 et
2308 4280 2516 4352 peccati
2566 4294 2678 4333 non
2726 4277 3005 4348 particeps
3054 4285 3140 4333 est
3185 4278 3335 4347 quod
3380 4277 3596 4332 ratione

341 4373 527 4422 careat
560 4384 573 4419 :
608 4366 701 4420 sed
735 4373 971 4421 testatur
1005 4380 1064 4420 se
1094 4380 1219 4421 esse
1254 4380 1283 4418 a
1318 4375 1545 4435 peccato
1583 4368 1882 4423 immunem
1919 4355 2225 4426 secundum
2253 4370 2497 4425 divinam
2532 4367 2908 4422 sanctitatem.
2938 4366 3053 4421 lloc
3084 4368 3304 4436 quidem
3334 4365 3594 4435 gratissi-

341 4471 487 4506 munt
535 4446 914 4524 spectaculum
960 4460 1046 4508 est
1073 4452 1200 4510 Deo.
1231 4452 1575 4525 Quapropter
1611 4456 1665 4510 in
1709 4463 1861 4512 textu
1896 4460 2127 4528 ponitur
2160 4477 2173 4514 :
2207 4478 2225 4511 ι
2258 4456 2459 4513 Coram
2504 4455 2759 4510 Domino.
2792 4473 2812 4505 ι
2867 4454 2925 4508 Si
2967 4453 3192 4521 quidem
3238 4455 3479 4522 pretiosa
3510 4460 3596 4508 est

341 4558 491 4597 mors
521 4550 840 4597 sanctorum
882 4540 1005 4610 ejus
1052 4541 1106 4596 in
1139 4552 1440 4613 conspectu
1478 4542 1600 4612 ejus
1624 4543 1690 4599 ⁸⁵.
1730 4543 1808 4600 lta
1842 4546 1910 4601 de
1938 4546 2164 4602 Christo
2198 4547 2364 4601 verba
2397 4545 2611 4599 faciens
2658 4542 2889 4611 Paulus,
2924 4542 3142 4612 inquit:
3182 4558 3202 4592 ι
3238 4540 3341 4607 Qui
3371 4547 3594 4611 peccata

346 4640 537 4683 Iter-tta
561 4630 764 4683 obtulit
790 4630 844 4682 in
875 4643 1112 4699 corpore
1144 4644 1246 4685 suo
1278 4644 1447 4699 super
1471 4630 1644 4701 ligno,
1674 4639 1735 4686 ιιι
1766 4633 1987 4690 liberati
2027 4636 2296 4706 peccatis,
2332 4633 2561 4703 justitia:
2589 4645 2738 4685 nunc
2780 4631 3034 4685 vivamus
3054 4629 3121 4683 ".
3154 4649 3172 4681 ι
3198 4626 3357 4696 Quod
3405 4634 3594 4682 autem

340 4720 450 4770 v'ta
487 4722 848 4776 consecretur
892 4724 946 4769 et
998 4717 1335 4771 devoveatur
1390 4718 1535 4783 Deo,
1587 4720 1725 4775 satis
1757 4724 2070 4791 argumenti
2107 4732 2190 4777 cst
2221 4721 2450 4790 sanguis
2507 4731 2772 4787 aspersus
2821 4730 2950 4769 arte.
2988 4732 3006 4767 ι
3041 4714 3208 4771 Deliis
3252 4714 3535 4784 diripitur.
3570 4730 3590 4763 ι

338 4804 666 4859 Ostenditur
698 4805 845 4858 enim
884 4819 985 4859 nos
1018 4820 1141 4860 esse
1174 4805 1374 4870 nudos,
1414 4816 1469 4861 et
1500 4807 1769 4878 quidquid
1824 4810 1878 4864 in
1919 4810 2080 4866 nobis
2116 4811 2278 4865 fuerit
2312 4810 2416 4864 sub
2456 4806 2647 4860 divum
2694 4804 3131 4875 protrahendum
3169 4813 3276 4859 est.
3321 4803 3593 4858 Praeterea

339 4895 560 4946 victima
591 4893 905 4947 conciditur
935 4892 989 4947 iu
1031 4893 1295 4947 membra.
1340 4891 1474 4949 Nam
1508 4895 1803 4966 diligenter
1827 4897 2125 4968 inspicitur
2168 4892 2607 4964 unumquodque
2648 4891 2960 4946 ntetnbruut
2995 4890 3141 4960 ejus,
3172 4889 3267 4958 qui
3306 4889 3597 4943 dedicatus

338 4991 420 5033 t-sl
447 4979 577 5042 Deo,
619 4995 647 5032 a
682 4994 938 5035 sermone
962 4979 1079 5044 Dei,
1112 4981 1205 5050 qui
1234 4982 1495 5052 pertingit
1530 4999 1710 5052 usque
1746 4983 1814 5037 ad
1842 4983 2171 5040 divisionem
2208 4983 2408 5036 anima:
2436 4989 2493 5036 et
2528 4978 3208 5050 spiritus,.compaginum
3240 4987 3292 5033 et
3326 4976 3599 5032 medulla-

342 5084 487 5131 rum,
524 5068 612 5122 cui
647 5068 827 5122 Omnia
856 5077 986 5122 sunt
1035 5068 1178 5122 nuda
1205 5077 1259 5123 et
1286 5078 1475 5138 aperta
1501 5071 1567 5124 ".
1599 5069 1825 5126 Viscera
1853 5083 1907 5127 et
1935 5074 2101 5142 pedes
2145 5072 2449 5126 abluuntur
2483 5083 2665 5138 aqua;
2706 5068 2837 5136 quia
2869 5067 2989 5121 istae
3021 5066 3213 5121 sordes
3263 5064 3600 5119 naturaliter

341 5166 649 5223 Sequuntur
678 5170 882 5224 cut-pus
936 5156 1263 5210 ltumauum.
1310 5157 1597 5227 Siquidem
1631 5169 1984 5215 excrementa
2026 5159 2266 5214 naturali
2304 5157 2524 5212 ratione
2554 5155 2900 5210 contitantnr
2941 5154 3229 5209 alimenta.
3274 5153 3488 5207 Carnes
3522 5151 3597 5205 si-

342 5244 605 5312 gniﬁcant
661 5251 979 5297 sant-torum
1020 5244 1208 5309 vitam,
1243 5261 1408 5314 quam
1441 5246 1495 5298 iu
1540 5246 1644 5301 hoc
1700 5247 1905 5301 mundo
1938 5247 2169 5318 degunt,
2202 5247 2369 5317 paulo
2394 5245 2744 5316 pinguiorem
2800 5250 2992 5313 utpote
3045 5242 3379 5312 corporibus
3407 5237 3596 5294 velati.

342 5332 614 5384 Caeterum
645 5344 709 5384 ca
744 5330 853 5383 vita
885 5333 1113 5385 honesta
1163 5341 1217 5386 et
1249 5340 1439 5390 sancta
1475 5348 1601 5389 esse
1639 5332 1970 5392 advertitur.
2003 5336 2182 5406 Caput
2207 5335 2429 5405 signum
2473 5342 2558 5388 est
2591 5331 2820 5397 utentis,
2851 5345 3013 5402 quam
3043 5328 3330 5385 evidenter
3363 5327 3598 5383 demon-

415 5502 461 5535 ”
490 5501 690 5558 Elech-
726 5518 833 5565 XVI.
876 5501 930 5556 6ο
1005 5501 1054 5533 ’⁵
1082 5500 1229 5557 1³5³1.
1262 5521 1449 5569 XXXIV.
1481 5505 1572 5565 2³.
1650 5507 1697 5540 ⁸⁸
1737 5506 1877 5563 l‘sal.
1910 5524 2042 5574 etv,
2086 5510 2170 5569 15.
2249 5510 2293 5541 ¹⁶
2323 5510 2459 5575 lttto,
2495 5506 2686 5563 IPctr.
2726 5524 2787 5573 ιι,
2814 5506 2906 5561 24.
2985 5507 3031 5538 ’ν
3062 5505 3228 5561 llehr.
3256 5520 3329 5566 tv,
3368 5504 3455 5557 12.

1855 5601 1980 5658 NU'I
2007 5605 2093 5660 ιε.
2336 5587 2345 5597 ’

348 5689 530 5816 Δέδο)
575 5690 641 5774 15.!
693 5687 1101 5809 ῷοκιῗΫτθῦτῗξν
1164 5692 1458 5763 ὀλόκληρον
1514 5693 1623 5763 ἔχει
1691 5694 1787 5759 τὴν
1851 5697 2173 5770 ἀἰ⁵εέρ‹·›σι“)’,
2227 5698 2321 5755 καὶ
2373 5696 2448 5775 μὴ
2502 5692 2639 5769 πρδῖ
2666 5692 2734 5748 τὰ
2787 5690 2846 5744 δν
2895 5687 3085 5758 κόσμῳ
3164 5677 3604 5756 μ⁸μ⁹Ρ¹⁸μίνην⁸

394 5777 461 5816 ιο,
498 5777 579 5811 κτ.
609 5776 635 5814 ο
676 5776 772 5816 της
812 5792 824 5805 ι
974 5776 1105 5814 κωθ.

394 5777 461 5823 ιο,
498 5777 579 5811 κτ.
609 5776 635 5814 ο
676 5776 772 5831 της
812 5776 941 5827 δατ.
974 5776 1105 5833 toto.
