  <div class='ocr_page' id='page_1' title='image "/cluster/home/n/w/nwhite01/storage/ocr_20150623/87:1/hvd.32044073502353/355.png"; bbox 0 0 4010 6212; ppageno 0'>
   <div class='ocr_carea' id='block_1_1' title="bbox 340 343 3602 429">
    <p class='ocr_par' dir='ltr' id='par_1_1' title="bbox 340 343 3602 429">
     <span class='ocr_line' id='line_1_1' title="bbox 340 343 3602 429; baseline -0.008 0"><span class='ocrx_word' id='word_1_1' title='bbox 340 365 445 429; x_wconf 69' lang='lat'><strong>€39</strong></span> <span class='ocrx_word' id='word_1_2' title='bbox 1647 356 2002 418; x_wconf 80' lang='lat' dir='ltr'><strong>PROCOPII</strong></span> <span class='ocrx_word' id='word_1_3' title='bbox 2040 354 2285 415; x_wconf 61' lang='lat' dir='ltr'><strong>GAZZEI</strong></span> <span class='ocrx_word' id='word_1_4' title='bbox 3496 343 3602 406; x_wconf 72' lang='lat'><strong>700</strong></span> 
     </span>
    </p>
   </div>
   <div class='ocr_carea' id='block_1_2' title="bbox 341 456 3600 545">
    <p class='ocr_par' dir='ltr' id='par_1_2' title="bbox 341 456 3600 545">
     <span class='ocr_line' id='line_1_2' title="bbox 341 456 3600 545; baseline -0.008 -13"><span class='ocrx_word' id='word_1_5' title='bbox 341 475 925 545; x_wconf 60' lang='lat' dir='ltr'><strong>atrat.~Cogitationes</strong></span> <span class='ocrx_word' id='word_1_6' title='bbox 952 478 1398 527; x_wconf 82' lang='lat' dir='ltr'><strong>commonstrant</strong></span> <span class='ocrx_word' id='word_1_7' title='bbox 1428 469 1716 525; x_wconf 86' lang='lat' dir='ltr'><strong>intestina.</strong></span> <span class='ocrx_word' id='word_1_8' title='bbox 1756 469 1931 523; x_wconf 80' lang='lat' dir='ltr'><strong>Vitam</strong></span> <span class='ocrx_word' id='word_1_9' title='bbox 1978 469 2303 539; x_wconf 89' lang='lat' dir='ltr'><strong>practicam,</strong></span> <span class='ocrx_word' id='word_1_10' title='bbox 2331 482 2440 535; x_wconf 89' lang='lat' dir='ltr'><strong>qua</strong></span> <span class='ocrx_word' id='word_1_11' title='bbox 2483 464 2539 518; x_wconf 91' lang='lat' dir='ltr'><strong>in</strong></span> <span class='ocrx_word' id='word_1_12' title='bbox 2573 461 2678 517; x_wconf 83' lang='lat' dir='ltr'><strong>hoc</strong></span> <span class='ocrx_word' id='word_1_13' title='bbox 2728 459 2931 516; x_wconf 76' lang='lat' dir='ltr'><strong>szrculo</strong></span> <span class='ocrx_word' id='word_1_14' title='bbox 2986 457 3266 520; x_wconf 69' lang='lat' dir='ltr'><strong>&quot;oremus,</strong></span> <span class='ocrx_word' id='word_1_15' title='bbox 3300 456 3600 510; x_wconf 75' lang='lat' dir='ltr'><strong>ostendunt</strong></span> 
     </span>
    </p>
   </div>
   <div class='ocr_carea' id='block_1_3' title="bbox 338 544 3599 634">
    <p class='ocr_par' dir='ltr' id='par_1_3' title="bbox 338 544 3599 634">
     <span class='ocr_line' id='line_1_3' title="bbox 338 544 3599 634; baseline -0.007 -15"><span class='ocrx_word' id='word_1_16' title='bbox 338 565 526 634; x_wconf 83' lang='lat' dir='ltr'><strong>pedes.</strong></span> <span class='ocrx_word' id='word_1_17' title='bbox 557 544 782 616; x_wconf 59' lang='lat' dir='ltr'><strong>Viscera</strong></span> <span class='ocrx_word' id='word_1_18' title='bbox 814 569 869 614; x_wconf 91' lang='lat' dir='ltr'><strong>et</strong></span> <span class='ocrx_word' id='word_1_19' title='bbox 899 559 1069 629; x_wconf 86' lang='lat' dir='ltr'><strong>pedes</strong></span> <span class='ocrx_word' id='word_1_20' title='bbox 1126 558 1335 613; x_wconf 82' lang='lat' dir='ltr'><strong>Christi</strong></span> <span class='ocrx_word' id='word_1_21' title='bbox 1391 559 1601 612; x_wconf 86' lang='lat' dir='ltr'><strong>nullam</strong></span> <span class='ocrx_word' id='word_1_22' title='bbox 1634 558 1958 613; x_wconf 84' lang='lat' dir='ltr'><strong>desiderant</strong></span> <span class='ocrx_word' id='word_1_23' title='bbox 2006 556 2467 627; x_wconf 87' lang='lat' dir='ltr'><strong>purilicationem.</strong></span> <span class='ocrx_word' id='word_1_24' title='bbox 2506 550 2677 605; x_wconf 80' lang='lat' dir='ltr'><strong>Nobis</strong></span> <span class='ocrx_word' id='word_1_25' title='bbox 2726 564 2856 602; x_wconf 84' lang='lat' dir='ltr'><strong>vero</strong></span> <span class='ocrx_word' id='word_1_26' title='bbox 2902 562 3126 601; x_wconf 76' lang='lat' dir='ltr'><strong>necesse</strong></span> <span class='ocrx_word' id='word_1_27' title='bbox 3170 552 3273 609; x_wconf 77' lang='lat' dir='ltr'><strong>est,</strong></span> <span class='ocrx_word' id='word_1_28' title='bbox 3305 552 3361 597; x_wconf 90' lang='lat' dir='ltr'><strong>ut</strong></span> <span class='ocrx_word' id='word_1_29' title='bbox 3403 544 3491 596; x_wconf 85' lang='lat' dir='ltr'><strong>illa</strong></span> <span class='ocrx_word' id='word_1_30' title='bbox 3543 545 3599 597; x_wconf 86' lang='lat' dir='ltr'><strong>in</strong></span> 
     </span>
    </p>
   </div>
   <div class='ocr_carea' id='block_1_4' title="bbox 340 632 3601 716">
    <p class='ocr_par' dir='ltr' id='par_1_4' title="bbox 340 632 3601 716">
     <span class='ocr_line' id='line_1_4' title="bbox 340 632 3601 716; baseline -0.006 -14"><span class='ocrx_word' id='word_1_31' title='bbox 340 632 498 704; x_wconf 83' lang='lat' dir='ltr'><strong>nobis</strong></span> <span class='ocrx_word' id='word_1_32' title='bbox 531 651 814 702; x_wconf 68' lang='lat' dir='ltr'><strong>eluuntur.</strong></span> <span class='ocrx_word' id='word_1_33' title='bbox 850 644 1138 716; x_wconf 82' lang='lat' dir='ltr'><strong>Siquidem</strong></span> <span class='ocrx_word' id='word_1_34' title='bbox 1170 644 1584 701; x_wconf 81' lang='lat' dir='ltr'><strong>Cbristuslavit</strong></span> <span class='ocrx_word' id='word_1_35' title='bbox 1620 645 1787 715; x_wconf 89' lang='lat' dir='ltr'><strong>pedes</strong></span> <span class='ocrx_word' id='word_1_36' title='bbox 1827 660 2060 700; x_wconf 88' lang='lat' dir='ltr'><strong>suorum</strong></span> <span class='ocrx_word' id='word_1_37' title='bbox 2112 642 2536 712; x_wconf 88' lang='lat' dir='ltr'><strong>discipulorum,</strong></span> <span class='ocrx_word' id='word_1_38' title='bbox 2578 645 2633 690; x_wconf 86' lang='lat' dir='ltr'><strong>at</strong></span> <span class='ocrx_word' id='word_1_39' title='bbox 2661 638 2781 707; x_wconf 89' lang='lat' dir='ltr'><strong>ipse</strong></span> <span class='ocrx_word' id='word_1_40' title='bbox 2813 649 2920 689; x_wconf 91' lang='lat' dir='ltr'><strong>non</strong></span> <span class='ocrx_word' id='word_1_41' title='bbox 2948 649 3085 704; x_wconf 88' lang='lat' dir='ltr'><strong>opus</strong></span> <span class='ocrx_word' id='word_1_42' title='bbox 3115 632 3375 696; x_wconf 82' lang='lat' dir='ltr'><strong>habebat,</strong></span> <span class='ocrx_word' id='word_1_43' title='bbox 3417 638 3474 683; x_wconf 92' lang='lat' dir='ltr'><strong>ut</strong></span> <span class='ocrx_word' id='word_1_44' title='bbox 3504 632 3601 699; x_wconf 83' lang='lat' dir='ltr'><strong>qui</strong></span> 
     </span>
    </p>
   </div>
   <div class='ocr_carea' id='block_1_5' title="bbox 340 717 3113 799">
    <p class='ocr_par' dir='ltr' id='par_1_5' title="bbox 340 717 3113 799">
     <span class='ocr_line' id='line_1_5' title="bbox 340 717 3113 799; baseline -0.002 -9"><span class='ocrx_word' id='word_1_45' title='bbox 340 737 746 791; x_wconf 67' lang='lat' dir='ltr'><strong>mundis&lt;imus</strong></span> <span class='ocrx_word' id='word_1_46' title='bbox 774 743 917 799; x_wconf 88' lang='lat' dir='ltr'><strong>erat,</strong></span> <span class='ocrx_word' id='word_1_47' title='bbox 961 735 1051 788; x_wconf 89' lang='lat' dir='ltr'><strong>illa</strong></span> <span class='ocrx_word' id='word_1_48' title='bbox 1083 732 1377 788; x_wconf 87' lang='lat' dir='ltr'><strong>tnunditie.</strong></span> <span class='ocrx_word' id='word_1_49' title='bbox 3104 717 3113 724; x_wconf 60' lang='grc'><strong>’</strong></span> 
     </span>
    </p>
   </div>
   <div class='ocr_carea' id='block_1_6' title="bbox 406 828 1989 913">
    <p class='ocr_par' dir='ltr' id='par_1_6' title="bbox 406 828 1989 913">
     <span class='ocr_line' id='line_1_6' title="bbox 406 828 1989 913; baseline -0.003 -14"><span class='ocrx_word' id='word_1_50' title='bbox 406 846 469 899; x_wconf 82' lang='grc' dir='ltr'><strong>1η</strong></span> <span class='ocrx_word' id='word_1_51' title='bbox 494 845 706 898; x_wconf 87' lang='lat' dir='ltr'><strong>odorem</strong></span> <span class='ocrx_word' id='word_1_52' title='bbox 730 844 876 897; x_wconf 77' lang='lat' dir='ltr'><strong>bona:</strong></span> <span class='ocrx_word' id='word_1_53' title='bbox 898 843 1214 913; x_wconf 71' lang='lat' dir='ltr'><strong>fragrantia:</strong></span> <span class='ocrx_word' id='word_1_54' title='bbox 1236 841 1478 907; x_wconf 85' lang='lat' dir='ltr'><strong>Domino,</strong></span> <span class='ocrx_word' id='word_1_55' title='bbox 1512 850 1617 896; x_wconf 88' lang='lat' dir='ltr'><strong>etc.</strong></span> <span class='ocrx_word' id='word_1_56' title='bbox 1638 839 1702 913; x_wconf 85' lang='lat' dir='ltr'><strong>[l,</strong></span> <span class='ocrx_word' id='word_1_57' title='bbox 1729 839 1841 911; x_wconf 71' lang='lat'><strong>19.]</strong></span> <span class='ocrx_word' id='word_1_58' title='bbox 1866 838 1923 895; x_wconf 89' lang='lat' dir='ltr'><strong>Si</strong></span> <span class='ocrx_word' id='word_1_59' title='bbox 1955 828 1989 886; x_wconf 74' lang='grc' dir='ltr'><strong><em>Α</em></strong></span> 
     </span>
    </p>
   </div>
   <div class='ocr_carea' id='block_1_7' title="bbox 2019 828 3602 913">
    <p class='ocr_par' dir='ltr' id='par_1_7' title="bbox 2101 831 3602 905">
     <span class='ocr_line' id='line_1_7' title="bbox 2101 831 3602 905; baseline -0.009 -12"><span class='ocrx_word' id='word_1_60' title='bbox 2101 838 2343 898; x_wconf 73' lang='grc' dir='ltr'><strong>Εὐωδίας</strong></span> <span class='ocrx_word' id='word_1_61' title='bbox 2365 837 2421 890; x_wconf 82' lang='grc' dir='ltr'><strong>δὲ</strong></span> <span class='ocrx_word' id='word_1_62' title='bbox 2448 835 2618 905; x_wconf 79' lang='grc' dir='ltr'>ὀσμὴ,</span> <span class='ocrx_word' id='word_1_63' title='bbox 2660 833 2817 903; x_wconf 61' lang='grc' dir='ltr'><strong>φησι,</strong></span> <span class='ocrx_word' id='word_1_64' title='bbox 2840 831 2920 902; x_wconf 84' lang='grc' dir='ltr'><strong>τῷ</strong></span> <span class='ocrx_word' id='word_1_65' title='bbox 2965 832 3179 904; x_wconf 76' lang='grc' dir='ltr'><strong>Κυρίῳ,</strong></span> <span class='ocrx_word' id='word_1_66' title='bbox 3208 833 3353 887; x_wconf 64' lang='grc' dir='ltr'><strong>κατὰ</strong></span> <span class='ocrx_word' id='word_1_67' title='bbox 3387 835 3486 904; x_wconf 74' lang='grc' dir='ltr'><strong>τὴν</strong></span> <span class='ocrx_word' id='word_1_68' title='bbox 3511 833 3602 886; x_wconf 78' lang='grc' dir='ltr'><strong>εὑ.</strong></span> 
     </span>
    </p>
   </div>
   <div class='ocr_carea' id='block_1_8' title="bbox 339 922 1922 1005">
    <p class='ocr_par' dir='ltr' id='par_1_8' title="bbox 339 933 1921 1005">
     <span class='ocr_line' id='line_1_8' title="bbox 339 933 1921 1005; baseline -0.002 -16"><span class='ocrx_word' id='word_1_69' title='bbox 339 938 599 1004; x_wconf 77' lang='lat' dir='ltr'><strong>pietatem</strong></span> <span class='ocrx_word' id='word_1_70' title='bbox 625 934 913 1005; x_wconf 71' lang='lat' dir='ltr'><strong>amplexus</strong></span> <span class='ocrx_word' id='word_1_71' title='bbox 939 933 1138 996; x_wconf 83' lang='lat' dir='ltr'><strong>fueris,</strong></span> <span class='ocrx_word' id='word_1_72' title='bbox 1170 934 1290 988; x_wconf 88' lang='lat' dir='ltr'><strong>sine</strong></span> <span class='ocrx_word' id='word_1_73' title='bbox 1312 949 1419 1002; x_wconf 85' lang='lat' dir='ltr'><strong>qua</strong></span> <span class='ocrx_word' id='word_1_74' title='bbox 1454 934 1679 1003; x_wconf 80' lang='lat' dir='ltr'><strong>penitus</strong></span> <span class='ocrx_word' id='word_1_75' title='bbox 1702 933 1921 1000; x_wconf 74' lang='lat' dir='ltr'><strong>ingrata</strong></span> 
     </span>
    </p>
   </div>
   <div class='ocr_carea' id='block_1_9' title="bbox 2019 922 3602 1005">
    <p class='ocr_par' dir='ltr' id='par_1_9' title="bbox 2028 922 3602 996">
     <span class='ocr_line' id='line_1_9' title="bbox 2028 922 3602 996; baseline -0.003 -12"><span class='ocrx_word' id='word_1_76' title='bbox 2028 925 2268 984; x_wconf 71' lang='grc' dir='ltr'><strong>σέϐειαν.</strong></span> <span class='ocrx_word' id='word_1_77' title='bbox 2300 928 2508 989; x_wconf 73' lang='grc' dir='ltr'><strong>’Ἄλλως</strong></span> <span class='ocrx_word' id='word_1_78' title='bbox 2545 925 2657 996; x_wconf 75' lang='grc' dir='ltr'><strong>γὰρ</strong></span> <span class='ocrx_word' id='word_1_79' title='bbox 2695 922 2908 993; x_wconf 82' lang='grc' dir='ltr'><strong>δυσώδη</strong></span> <span class='ocrx_word' id='word_1_80' title='bbox 2936 923 3007 977; x_wconf 80' lang='grc' dir='ltr'><strong>τὰ</strong></span> <span class='ocrx_word' id='word_1_81' title='bbox 3038 925 3309 993; x_wconf 75' lang='grc' dir='ltr'><strong>καιόμενα</strong></span> <span class='ocrx_word' id='word_1_82' title='bbox 3349 926 3602 992; x_wconf 77' lang='grc' dir='ltr'><strong>σώματα.</strong></span> 
     </span>
    </p>
   </div>
   <div class='ocr_carea' id='block_1_10' title="bbox 340 1018 1923 1097">
    <p class='ocr_par' dir='ltr' id='par_1_10' title="bbox 340 1025 1922 1097">
     <span class='ocr_line' id='line_1_10' title="bbox 340 1025 1922 1097; baseline -0.003 -16"><span class='ocrx_word' id='word_1_83' title='bbox 340 1037 396 1081; x_wconf 84' lang='lat' dir='ltr'><strong>et</strong></span> <span class='ocrx_word' id='word_1_84' title='bbox 453 1028 621 1083; x_wconf 79' lang='lat' dir='ltr'><strong>fetida</strong></span> <span class='ocrx_word' id='word_1_85' title='bbox 658 1028 958 1097; x_wconf 84' lang='lat' dir='ltr'><strong>putidaque</strong></span> <span class='ocrx_word' id='word_1_86' title='bbox 1016 1034 1147 1081; x_wconf 90' lang='lat' dir='ltr'><strong>sunt</strong></span> <span class='ocrx_word' id='word_1_87' title='bbox 1199 1025 1435 1078; x_wconf 89' lang='lat' dir='ltr'><strong>Domino</strong></span> <span class='ocrx_word' id='word_1_88' title='bbox 1471 1025 1765 1089; x_wconf 76' lang='lat' dir='ltr'><strong>cadavera,</strong></span> <span class='ocrx_word' id='word_1_89' title='bbox 1800 1037 1922 1093; x_wconf 73' lang='lat' dir='ltr'><strong>quas</strong></span> 
     </span>
    </p>
   </div>
   <div class='ocr_carea' id='block_1_11' title="bbox 2021 1018 3604 1097">
    <p class='ocr_par' dir='ltr' id='par_1_11' title="bbox 2028 1018 3604 1090">
     <span class='ocr_line' id='line_1_11' title="bbox 2028 1018 3604 1090; baseline -0.004 -10"><span class='ocrx_word' id='word_1_90' title='bbox 2028 1026 2198 1080; x_wconf 82' lang='grc' dir='ltr'><strong>Ὅθεν</strong></span> <span class='ocrx_word' id='word_1_91' title='bbox 2230 1023 2357 1083; x_wconf 71' lang='grc' dir='ltr'><strong>ἀντὶ</strong></span> <span class='ocrx_word' id='word_1_92' title='bbox 2402 1020 2654 1085; x_wconf 77' lang='grc' dir='ltr'><strong>εὐωδίας,</strong></span> <span class='ocrx_word' id='word_1_93' title='bbox 2686 1018 2937 1082; x_wconf 75' lang='grc' dir='ltr'><strong>εὐδοκίας</strong></span> <span class='ocrx_word' id='word_1_94' title='bbox 2986 1019 3343 1090; x_wconf 74' lang='grc' dir='ltr'><strong>ἡρμήνευσαν</strong></span> <span class='ocrx_word' id='word_1_95' title='bbox 3389 1019 3440 1071; x_wconf 81' lang='lat' dir='ltr'><strong>oi.</strong></span> <span class='ocrx_word' id='word_1_96' title='bbox 3488 1018 3604 1073; x_wconf 78' lang='grc' dir='ltr'><strong>λοι·-</strong></span> 
     </span>
    </p>
   </div>
   <div class='ocr_carea' id='block_1_12' title="bbox 342 1114 2567 1185">
    <p class='ocr_par' dir='ltr' id='par_1_12' title="bbox 342 1114 2567 1185">
     <span class='ocr_line' id='line_1_12' title="bbox 342 1114 2567 1185; baseline 0 -14"><span class='ocrx_word' id='word_1_97' title='bbox 342 1120 396 1171; x_wconf 91' lang='lat' dir='ltr'><strong>in</strong></span> <span class='ocrx_word' id='word_1_98' title='bbox 436 1134 531 1172; x_wconf 88' lang='lat' dir='ltr'><strong>ara</strong></span> <span class='ocrx_word' id='word_1_99' title='bbox 591 1118 901 1171; x_wconf 74' lang='lat' dir='ltr'><strong>adolentur.</strong></span> <span class='ocrx_word' id='word_1_100' title='bbox 953 1115 1095 1170; x_wconf 83' lang='lat' dir='ltr'><strong>Hinc</strong></span> <span class='ocrx_word' id='word_1_101' title='bbox 1143 1117 1365 1185; x_wconf 88' lang='lat' dir='ltr'><strong>quidam</strong></span> <span class='ocrx_word' id='word_1_102' title='bbox 1415 1130 1563 1185; x_wconf 91' lang='lat' dir='ltr'><strong>pro:</strong></span> <span class='ocrx_word' id='word_1_103' title='bbox 1611 1114 1680 1168; x_wconf 90' lang='lat' dir='ltr'><strong>In</strong></span> <span class='ocrx_word' id='word_1_104' title='bbox 1707 1114 1923 1169; x_wconf 72' lang='lat' dir='ltr'><strong>odorem</strong></span> <span class='ocrx_word' id='word_1_105' title='bbox 2029 1118 2141 1172; x_wconf 70' lang='grc' dir='ltr'><strong>ποί.</strong></span> <span class='ocrx_word' id='word_1_106' title='bbox 2560 1122 2567 1129; x_wconf 83' lang='grc'><strong>’</strong></span> 
     </span>
    </p>
   </div>
   <div class='ocr_carea' id='block_1_13' title="bbox 340 1203 1922 1277">
    <p class='ocr_par' dir='ltr' id='par_1_13' title="bbox 340 1203 1922 1277">
     <span class='ocr_line' id='line_1_13' title="bbox 340 1203 1922 1277; baseline 0 -16"><span class='ocrx_word' id='word_1_107' title='bbox 340 1211 488 1263; x_wconf 62' lang='lat' dir='ltr'><strong>bam:</strong></span> <span class='ocrx_word' id='word_1_108' title='bbox 527 1210 871 1277; x_wconf 64' lang='lat' dir='ltr'><strong>fragrantia,</strong></span> <span class='ocrx_word' id='word_1_109' title='bbox 918 1216 1052 1271; x_wconf 87' lang='lat' dir='ltr'><strong>etc.,</strong></span> <span class='ocrx_word' id='word_1_110' title='bbox 1087 1207 1432 1274; x_wconf 87' lang='lat' dir='ltr'><strong>interpretati</strong></span> <span class='ocrx_word' id='word_1_111' title='bbox 1492 1215 1663 1261; x_wconf 90' lang='lat' dir='ltr'><strong>sunt:</strong></span> <span class='ocrx_word' id='word_1_112' title='bbox 1714 1203 1782 1258; x_wconf 88' lang='lat' dir='ltr'><strong>Ut</strong></span> <span class='ocrx_word' id='word_1_113' title='bbox 1813 1205 1922 1261; x_wconf 80' lang='lat' dir='ltr'><strong>sint</strong></span> 
     </span>
    </p>
   </div>
   <div class='ocr_carea' id='block_1_14' title="bbox 338 1295 1371 1370">
    <p class='ocr_par' dir='ltr' id='par_1_14' title="bbox 338 1295 1371 1370">
     <span class='ocr_line' id='line_1_14' title="bbox 338 1295 1371 1370; baseline -0.004 -17"><span class='ocrx_word' id='word_1_114' title='bbox 338 1311 494 1370; x_wconf 86' lang='lat' dir='ltr'><strong>grata</strong></span> <span class='ocrx_word' id='word_1_115' title='bbox 531 1309 848 1369; x_wconf 80' lang='lat' dir='ltr'><strong>acceptaque</strong></span> <span class='ocrx_word' id='word_1_116' title='bbox 870 1299 920 1350; x_wconf 81' lang='lat' dir='ltr'><strong>in</strong></span> <span class='ocrx_word' id='word_1_117' title='bbox 941 1307 1224 1366; x_wconf 70' lang='lat' dir='ltr'><strong>Conspectu</strong></span> <span class='ocrx_word' id='word_1_118' title='bbox 1254 1295 1371 1350; x_wconf 85' lang='lat' dir='ltr'><strong>Dei.</strong></span> 
     </span>
    </p>
   </div>
   <div class='ocr_carea' id='block_1_15' title="bbox 412 1400 3603 1482">
    <p class='ocr_par' dir='ltr' id='par_1_15' title="bbox 412 1400 3603 1482">
     <span class='ocr_line' id='line_1_15' title="bbox 412 1400 3603 1482; baseline -0.004 -15"><span class='ocrx_word' id='word_1_119' title='bbox 412 1413 479 1468; x_wconf 88' lang='lat' dir='ltr'><strong>Et</strong></span> <span class='ocrx_word' id='word_1_120' title='bbox 504 1413 812 1468; x_wconf 84' lang='lat' dir='ltr'><strong>mactabunt</strong></span> <span class='ocrx_word' id='word_1_121' title='bbox 838 1415 1008 1482; x_wconf 71' lang='lat' dir='ltr'><strong>ipsam</strong></span> <span class='ocrx_word' id='word_1_122' title='bbox 1040 1412 1094 1466; x_wconf 85' lang='lat' dir='ltr'><strong>in</strong></span> <span class='ocrx_word' id='word_1_123' title='bbox 1119 1412 1286 1467; x_wconf 83' lang='lat' dir='ltr'><strong>latere</strong></span> <span class='ocrx_word' id='word_1_124' title='bbox 1316 1413 1511 1468; x_wconf 80' lang='lat' dir='ltr'><strong>altaris</strong></span> <span class='ocrx_word' id='word_1_125' title='bbox 1533 1430 1712 1468; x_wconf 75' lang='lat' dir='ltr'><strong>versus</strong></span> <span class='ocrx_word' id='word_1_126' title='bbox 1746 1412 2161 1481; x_wconf 79' lang='lat' dir='ltr'><strong>septentrionem</strong></span> <span class='ocrx_word' id='word_1_127' title='bbox 2185 1424 2369 1464; x_wconf 78' lang='lat' dir='ltr'><strong>eorum</strong></span> <span class='ocrx_word' id='word_1_128' title='bbox 2395 1405 2644 1466; x_wconf 79' lang='lat' dir='ltr'><strong>Domino,</strong></span> <span class='ocrx_word' id='word_1_129' title='bbox 2680 1412 2790 1459; x_wconf 92' lang='lat' dir='ltr'><strong>etc.</strong></span> <span class='ocrx_word' id='word_1_130' title='bbox 2826 1401 2967 1476; x_wconf 75' lang='lat' dir='ltr'><strong>[IL]</strong></span> <span class='ocrx_word' id='word_1_131' title='bbox 3016 1400 3236 1472; x_wconf 71' lang='lat' dir='ltr'><strong>Stepius</strong></span> <span class='ocrx_word' id='word_1_132' title='bbox 3263 1401 3603 1455; x_wconf 80' lang='lat' dir='ltr'><strong>mentionem</strong></span> 
     </span>
    </p>
   </div>
   <div class='ocr_carea' id='block_1_16' title="bbox 344 1490 3605 1571">
    <p class='ocr_par' dir='ltr' id='par_1_16' title="bbox 344 1490 3605 1571">
     <span class='ocr_line' id='line_1_16' title="bbox 344 1490 3605 1571; baseline -0.005 -14"><span class='ocrx_word' id='word_1_133' title='bbox 344 1503 475 1557; x_wconf 83' lang='lat' dir='ltr'><strong>facit</strong></span> <span class='ocrx_word' id='word_1_134' title='bbox 509 1511 561 1556; x_wconf 88' lang='lat' dir='ltr'><strong>et</strong></span> <span class='ocrx_word' id='word_1_135' title='bbox 589 1502 885 1557; x_wconf 82' lang='lat' dir='ltr'><strong>admodum</strong></span> <span class='ocrx_word' id='word_1_136' title='bbox 935 1503 1284 1557; x_wconf 80' lang='lat' dir='ltr'><strong>familiariter</strong></span> <span class='ocrx_word' id='word_1_137' title='bbox 1320 1502 1460 1559; x_wconf 87' lang='lat' dir='ltr'><strong>Deus</strong></span> <span class='ocrx_word' id='word_1_138' title='bbox 1504 1503 1686 1566; x_wconf 85' lang='lat' dir='ltr'><strong>bovis,</strong></span> <span class='ocrx_word' id='word_1_139' title='bbox 1716 1504 1880 1571; x_wconf 89' lang='lat' dir='ltr'><strong>cujus</strong></span> <span class='ocrx_word' id='word_1_140' title='bbox 1912 1515 2049 1555; x_wconf 90' lang='lat' dir='ltr'><strong>usus</strong></span> <span class='ocrx_word' id='word_1_141' title='bbox 2091 1500 2144 1554; x_wconf 92' lang='lat' dir='ltr'><strong>in</strong></span> <span class='ocrx_word' id='word_1_142' title='bbox 2200 1496 2542 1567; x_wconf 79' lang='lat' dir='ltr'><strong>agricultura</strong></span> <span class='ocrx_word' id='word_1_143' title='bbox 2590 1493 2864 1563; x_wconf 88' lang='lat' dir='ltr'><strong>plurimus</strong></span> <span class='ocrx_word' id='word_1_144' title='bbox 2911 1490 3134 1551; x_wconf 74' lang='lat' dir='ltr'><strong>visitur.</strong></span> <span class='ocrx_word' id='word_1_145' title='bbox 3170 1490 3309 1544; x_wconf 90' lang='lat' dir='ltr'><strong>llinc</strong></span> <span class='ocrx_word' id='word_1_146' title='bbox 3352 1490 3605 1543; x_wconf 86' lang='lat' dir='ltr'><strong>doctores</strong></span> 
     </span>
    </p>
   </div>
   <div class='ocr_carea' id='block_1_17' title="bbox 344 1576 3605 1661">
    <p class='ocr_par' dir='ltr' id='par_1_17' title="bbox 344 1576 3605 1661">
     <span class='ocr_line' id='line_1_17' title="bbox 344 1576 3605 1661; baseline -0.005 -18"><span class='ocrx_word' id='word_1_147' title='bbox 344 1589 517 1644; x_wconf 78' lang='lat' dir='ltr'><strong>divini</strong></span> <span class='ocrx_word' id='word_1_148' title='bbox 547 1589 699 1644; x_wconf 82' lang='lat' dir='ltr'><strong>verbi</strong></span> <span class='ocrx_word' id='word_1_149' title='bbox 729 1589 1038 1658; x_wconf 82' lang='lat' dir='ltr'><strong>saepissime</strong></span> <span class='ocrx_word' id='word_1_150' title='bbox 1067 1590 1235 1645; x_wconf 81' lang='lat' dir='ltr'><strong>boves</strong></span> <span class='ocrx_word' id='word_1_151' title='bbox 1268 1590 1533 1661; x_wconf 84' lang='lat' dir='ltr'><strong>appellat,</strong></span> <span class='ocrx_word' id='word_1_152' title='bbox 1567 1605 1778 1660; x_wconf 88' lang='lat' dir='ltr'><strong>eosque</strong></span> <span class='ocrx_word' id='word_1_153' title='bbox 1805 1590 1982 1645; x_wconf 91' lang='lat' dir='ltr'><strong>bobus</strong></span> <span class='ocrx_word' id='word_1_154' title='bbox 2015 1585 2416 1643; x_wconf 88' lang='lat' dir='ltr'><strong>triturantibus</strong></span> <span class='ocrx_word' id='word_1_155' title='bbox 2448 1582 2689 1645; x_wconf 80' lang='lat' dir='ltr'><strong>confert,</strong></span> <span class='ocrx_word' id='word_1_156' title='bbox 2725 1588 2865 1634; x_wconf 85' lang='lat' dir='ltr'><strong>teste</strong></span> <span class='ocrx_word' id='word_1_157' title='bbox 2897 1578 3090 1642; x_wconf 88' lang='lat' dir='ltr'><strong>Paulo,</strong></span> <span class='ocrx_word' id='word_1_158' title='bbox 3126 1578 3220 1648; x_wconf 88' lang='lat' dir='ltr'><strong>qui</strong></span> <span class='ocrx_word' id='word_1_159' title='bbox 3264 1578 3342 1630; x_wconf 87' lang='lat' dir='ltr'><strong>ait</strong></span> <span class='ocrx_word' id='word_1_160' title='bbox 3372 1595 3386 1629; x_wconf 71' lang='grc' dir='ltr'><em>τ</em></span> <span class='ocrx_word' id='word_1_161' title='bbox 3426 1595 3444 1627; x_wconf 89' lang='grc' dir='ltr'><strong>ι</strong></span> <span class='ocrx_word' id='word_1_162' title='bbox 3472 1576 3605 1631; x_wconf 84' lang='lat' dir='ltr'><strong>Bovi</strong></span> 
     </span>
    </p>
   </div>
   <div class='ocr_carea' id='block_1_18' title="bbox 347 1665 3605 1747">
    <p class='ocr_par' dir='ltr' id='par_1_18' title="bbox 347 1665 3605 1747">
     <span class='ocr_line' id='line_1_18' title="bbox 347 1665 3605 1747; baseline -0.004 -18"><span class='ocrx_word' id='word_1_163' title='bbox 347 1677 629 1731; x_wconf 68' lang='lat' dir='ltr'><strong>triturauti</strong></span> <span class='ocrx_word' id='word_1_164' title='bbox 667 1691 776 1729; x_wconf 90' lang='lat' dir='ltr'><strong>non</strong></span> <span class='ocrx_word' id='word_1_165' title='bbox 810 1676 1080 1745; x_wconf 81' lang='lat' dir='ltr'><strong>obligabis</strong></span> <span class='ocrx_word' id='word_1_166' title='bbox 1105 1692 1170 1733; x_wconf 86' lang='lat' dir='ltr'><strong>os</strong></span> <span class='ocrx_word' id='word_1_167' title='bbox 1198 1677 1267 1733; x_wconf 79' lang='grc'><strong>³⁸.</strong></span> <span class='ocrx_word' id='word_1_168' title='bbox 1310 1696 1329 1730; x_wconf 77' lang='grc' dir='ltr'><strong>ι</strong></span> <span class='ocrx_word' id='word_1_169' title='bbox 1386 1677 1606 1733; x_wconf 80' lang='lat' dir='ltr'><strong>Vitulus</strong></span> <span class='ocrx_word' id='word_1_170' title='bbox 1641 1689 1906 1747; x_wconf 75' lang='lat' dir='ltr'><strong>praeterea</strong></span> <span class='ocrx_word' id='word_1_171' title='bbox 1961 1677 2100 1731; x_wconf 87' lang='lat' dir='ltr'><strong>bene</strong></span> <span class='ocrx_word' id='word_1_172' title='bbox 2138 1673 2424 1743; x_wconf 85' lang='lat' dir='ltr'><strong>saginatus</strong></span> <span class='ocrx_word' id='word_1_173' title='bbox 2483 1677 2652 1741; x_wconf 87' lang='lat' dir='ltr'><strong>typus</strong></span> <span class='ocrx_word' id='word_1_174' title='bbox 2699 1676 2786 1724; x_wconf 82' lang='lat' dir='ltr'><strong>est</strong></span> <span class='ocrx_word' id='word_1_175' title='bbox 2820 1665 3032 1721; x_wconf 90' lang='lat' dir='ltr'><strong>Christi</strong></span> <span class='ocrx_word' id='word_1_176' title='bbox 3088 1674 3315 1735; x_wconf 85' lang='lat' dir='ltr'><strong>propter</strong></span> <span class='ocrx_word' id='word_1_177' title='bbox 3356 1665 3605 1719; x_wconf 84' lang='lat' dir='ltr'><strong>divinam</strong></span> 
     </span>
    </p>
   </div>
   <div class='ocr_carea' id='block_1_19' title="bbox 349 1752 3607 1835">
    <p class='ocr_par' dir='ltr' id='par_1_19' title="bbox 349 1752 3607 1835">
     <span class='ocr_line' id='line_1_19' title="bbox 349 1752 3607 1835; baseline -0.004 -19"><span class='ocrx_word' id='word_1_178' title='bbox 349 1764 468 1832; x_wconf 72' lang='lat' dir='ltr'><strong>ejus</strong></span> <span class='ocrx_word' id='word_1_179' title='bbox 500 1765 553 1817; x_wconf 90' lang='lat' dir='ltr'><strong>in</strong></span> <span class='ocrx_word' id='word_1_180' title='bbox 596 1764 838 1818; x_wconf 89' lang='lat' dir='ltr'><strong>humano</strong></span> <span class='ocrx_word' id='word_1_181' title='bbox 868 1779 1103 1834; x_wconf 89' lang='lat' dir='ltr'><strong>corpore</strong></span> <span class='ocrx_word' id='word_1_182' title='bbox 1135 1765 1551 1835; x_wconf 82' lang='lat' dir='ltr'><strong>pinguedinem.</strong></span> <span class='ocrx_word' id='word_1_183' title='bbox 1581 1765 1711 1820; x_wconf 91' lang='lat' dir='ltr'><strong>Ovis</strong></span> <span class='ocrx_word' id='word_1_184' title='bbox 1735 1780 1863 1819; x_wconf 86' lang='lat' dir='ltr'><strong>vero</strong></span> <span class='ocrx_word' id='word_1_185' title='bbox 1897 1765 1953 1818; x_wconf 90' lang='lat' dir='ltr'><strong>in</strong></span> <span class='ocrx_word' id='word_1_186' title='bbox 1993 1768 2351 1829; x_wconf 83' lang='lat' dir='ltr'><strong>conspectum</strong></span> <span class='ocrx_word' id='word_1_187' title='bbox 2378 1758 2470 1812; x_wconf 89' lang='lat' dir='ltr'><strong>dat</strong></span> <span class='ocrx_word' id='word_1_188' title='bbox 2499 1757 2706 1811; x_wconf 87' lang='lat' dir='ltr'><strong>Christi</strong></span> <span class='ocrx_word' id='word_1_189' title='bbox 2750 1754 3266 1812; x_wconf 72' lang='lat' dir='ltr'><strong>mansuetudinem.</strong></span> <span class='ocrx_word' id='word_1_190' title='bbox 3310 1761 3369 1805; x_wconf 92' lang='lat' dir='ltr'><strong>nt</strong></span> <span class='ocrx_word' id='word_1_191' title='bbox 3403 1752 3458 1806; x_wconf 94' lang='lat' dir='ltr'><strong>in</strong></span> <span class='ocrx_word' id='word_1_192' title='bbox 3493 1766 3607 1820; x_wconf 84' lang='lat' dir='ltr'><strong>quo</strong></span> 
     </span>
    </p>
   </div>
   <div class='ocr_carea' id='block_1_20' title="bbox 349 1840 3608 1908">
    <p class='ocr_par' dir='ltr' id='par_1_20' title="bbox 349 1840 3608 1908">
     <span class='ocr_line' id='line_1_20' title="bbox 349 1840 3608 1908; baseline -0.004 -3"><span class='ocrx_word' id='word_1_193' title='bbox 349 1854 502 1905; x_wconf 67' lang='lat' dir='ltr'><strong>milia</strong></span> <span class='ocrx_word' id='word_1_194' title='bbox 548 1851 768 1906; x_wconf 82' lang='lat' dir='ltr'><strong>licentia</strong></span> <span class='ocrx_word' id='word_1_195' title='bbox 829 1850 999 1905; x_wconf 77' lang='lat' dir='ltr'><strong>fuerit</strong></span> <span class='ocrx_word' id='word_1_196' title='bbox 1049 1852 1166 1907; x_wconf 71' lang='lat' dir='ltr'><strong>irae.</strong></span> <span class='ocrx_word' id='word_1_197' title='bbox 1205 1850 1447 1907; x_wconf 84' lang='lat' dir='ltr'><strong>Proinde</strong></span> <span class='ocrx_word' id='word_1_198' title='bbox 1501 1852 1752 1907; x_wconf 89' lang='lat' dir='ltr'><strong>dicitur:</strong></span> <span class='ocrx_word' id='word_1_199' title='bbox 1794 1871 1813 1903; x_wconf 83' lang='grc' dir='ltr'><strong>ι</strong></span> <span class='ocrx_word' id='word_1_200' title='bbox 1857 1852 1926 1908; x_wconf 89' lang='lat' dir='ltr'><strong>Ut</strong></span> <span class='ocrx_word' id='word_1_201' title='bbox 1978 1850 2099 1906; x_wconf 92' lang='lat' dir='ltr'><strong>ovis</strong></span> <span class='ocrx_word' id='word_1_202' title='bbox 2149 1849 2353 1902; x_wconf 86' lang='lat' dir='ltr'><strong>ductus</strong></span> <span class='ocrx_word' id='word_1_203' title='bbox 2403 1852 2487 1899; x_wconf 86' lang='lat' dir='ltr'><strong>est</strong></span> <span class='ocrx_word' id='word_1_204' title='bbox 2528 1843 2794 1898; x_wconf 84' lang='lat' dir='ltr'><strong>Dominus</strong></span> <span class='ocrx_word' id='word_1_205' title='bbox 2849 1843 2915 1896; x_wconf 89' lang='lat' dir='ltr'><strong>ad</strong></span> <span class='ocrx_word' id='word_1_206' title='bbox 2970 1841 3172 1896; x_wconf 61' lang='lat' dir='ltr'><strong>caulem</strong></span> <span class='ocrx_word' id='word_1_207' title='bbox 3203 1841 3269 1894; x_wconf 82' lang='lat'><strong>&quot;.</strong></span> <span class='ocrx_word' id='word_1_208' title='bbox 3319 1857 3340 1891; x_wconf 78' lang='grc' dir='ltr'><strong>ι</strong></span> <span class='ocrx_word' id='word_1_209' title='bbox 3377 1840 3608 1907; x_wconf 84' lang='lat' dir='ltr'><strong>Insuper</strong></span> 
     </span>
    </p>
   </div>
   <div class='ocr_carea' id='block_1_21' title="bbox 345 1924 3607 2010">
    <p class='ocr_par' dir='ltr' id='par_1_21' title="bbox 345 1924 3607 2010">
     <span class='ocr_line' id='line_1_21' title="bbox 345 1924 3607 2010; baseline -0.003 -19"><span class='ocrx_word' id='word_1_210' title='bbox 345 1937 637 2002; x_wconf 83' lang='lat' dir='ltr'><strong>Jeremias,</strong></span> <span class='ocrx_word' id='word_1_211' title='bbox 680 1946 741 1993; x_wconf 91' lang='lat' dir='ltr'><strong>ut</strong></span> <span class='ocrx_word' id='word_1_212' title='bbox 778 1937 1099 1994; x_wconf 85' lang='lat' dir='ltr'><strong>ostenderet</strong></span> <span class='ocrx_word' id='word_1_213' title='bbox 1151 1954 1212 1994; x_wconf 88' lang='lat' dir='ltr'><strong>se</strong></span> <span class='ocrx_word' id='word_1_214' title='bbox 1256 1953 1381 1994; x_wconf 86' lang='lat' dir='ltr'><strong>esse</strong></span> <span class='ocrx_word' id='word_1_215' title='bbox 1419 1947 1606 2010; x_wconf 82' lang='lat' dir='ltr'><strong>typum</strong></span> <span class='ocrx_word' id='word_1_216' title='bbox 1647 1938 1877 2004; x_wconf 86' lang='lat' dir='ltr'><strong>Christi,</strong></span> <span class='ocrx_word' id='word_1_217' title='bbox 1922 1938 2056 1993; x_wconf 86' lang='lat' dir='ltr'><strong>dicit</strong></span> <span class='ocrx_word' id='word_1_218' title='bbox 2088 1950 2147 1991; x_wconf 89' lang='lat' dir='ltr'><strong>se</strong></span> <span class='ocrx_word' id='word_1_219' title='bbox 2194 1947 2316 1988; x_wconf 81' lang='lat' dir='ltr'><strong>esse</strong></span> <span class='ocrx_word' id='word_1_220' title='bbox 2376 1944 2580 2001; x_wconf 84' lang='lat' dir='ltr'><strong>agnum</strong></span> <span class='ocrx_word' id='word_1_221' title='bbox 2627 1928 2906 1999; x_wconf 88' lang='lat' dir='ltr'><strong>placidum</strong></span> <span class='ocrx_word' id='word_1_222' title='bbox 2935 1928 3004 1981; x_wconf 86' lang='grc'><strong>³⁰.</strong></span> <span class='ocrx_word' id='word_1_223' title='bbox 3063 1926 3220 1992; x_wconf 86' lang='lat' dir='ltr'><strong>Quod</strong></span> <span class='ocrx_word' id='word_1_224' title='bbox 3276 1935 3460 1981; x_wconf 88' lang='lat' dir='ltr'><strong>autem</strong></span> <span class='ocrx_word' id='word_1_225' title='bbox 3518 1924 3607 1980; x_wconf 79' lang='lat' dir='ltr'><strong>di-</strong></span> 
     </span>
    </p>
   </div>
   <div class='ocr_carea' id='block_1_22' title="bbox 345 2026 514 2087">
    <p class='ocr_par' dir='ltr' id='par_1_22' title="bbox 345 2026 514 2087">
     <span class='ocr_line' id='line_1_22' title="bbox 345 2026 514 2087; baseline -0.006 -7"><span class='ocrx_word' id='word_1_226' title='bbox 345 2026 514 2087; x_wconf 81' lang='lat' dir='ltr'><strong>citur,</strong></span> 
     </span>
    </p>
   </div>
   <div class='ocr_carea' id='block_1_23' title="bbox 415 2116 1998 2206">
    <p class='ocr_par' dir='ltr' id='par_1_23' title="bbox 415 2116 1998 2206">
     <span class='ocr_line' id='line_1_23' title="bbox 415 2116 1998 2206; baseline -0.001 -16"><span class='ocrx_word' id='word_1_227' title='bbox 415 2133 580 2190; x_wconf 86' lang='lat' dir='ltr'><strong>Ovem</strong></span> <span class='ocrx_word' id='word_1_228' title='bbox 603 2137 948 2190; x_wconf 85' lang='lat' dir='ltr'><strong>mactandam</strong></span> <span class='ocrx_word' id='word_1_229' title='bbox 970 2151 1093 2191; x_wconf 87' lang='lat' dir='ltr'><strong>esse</strong></span> <span class='ocrx_word' id='word_1_230' title='bbox 1109 2151 1304 2193; x_wconf 85' lang='lat' dir='ltr'><strong>versus</strong></span> <span class='ocrx_word' id='word_1_231' title='bbox 1320 2145 1554 2206; x_wconf 81' lang='lat' dir='ltr'><strong>septentt</strong></span> <span class='ocrx_word' id='word_1_232' title='bbox 1571 2136 1776 2201; x_wconf 87' lang='lat' dir='ltr'><strong>ionem,</strong></span> <span class='ocrx_word' id='word_1_233' title='bbox 1792 2145 1898 2191; x_wconf 86' lang='lat' dir='ltr'><strong>etc.</strong></span> <span class='ocrx_word' id='word_1_234' title='bbox 1911 2180 1926 2201; x_wconf 94' lang='lat'><strong>,</strong></span> <span class='ocrx_word' id='word_1_235' title='bbox 1961 2116 1998 2173; x_wconf 73' lang='grc' dir='ltr'><strong>θ</strong></span> 
     </span>
    </p>
   </div>
   <div class='ocr_carea' id='block_1_24' title="bbox 2035 2116 3618 2206">
    <p class='ocr_par' dir='ltr' id='par_1_24' title="bbox 2103 2121 3618 2204">
     <span class='ocr_line' id='line_1_24' title="bbox 2103 2121 3618 2204; baseline -0.006 -20"><span class='ocrx_word' id='word_1_236' title='bbox 2103 2131 2177 2184; x_wconf 73' lang='grc' dir='ltr'>Τὸ</span> <span class='ocrx_word' id='word_1_237' title='bbox 2217 2129 2353 2200; x_wconf 74' lang='grc' dir='ltr'>πρὸς</span> <span class='ocrx_word' id='word_1_238' title='bbox 2413 2127 2615 2200; x_wconf 73' lang='grc' dir='ltr'>βορῤᾶν</span> <span class='ocrx_word' id='word_1_239' title='bbox 2652 2124 2796 2196; x_wconf 83' lang='grc' dir='ltr'><strong>ὁρῶν</strong></span> <span class='ocrx_word' id='word_1_240' title='bbox 2842 2125 2902 2177; x_wconf 78' lang='grc' dir='ltr'><strong>τὸ</strong></span> <span class='ocrx_word' id='word_1_241' title='bbox 2949 2123 3220 2195; x_wconf 69' lang='grc' dir='ltr'>πρόϐατον</span> <span class='ocrx_word' id='word_1_242' title='bbox 3259 2121 3618 2204; x_wconf 68' lang='lat' dir='ltr'><strong>Odeaoatﬂ),</strong></span> 
     </span>
    </p>
   </div>
   <div class='ocr_carea' id='block_1_25' title="bbox 346 2212 1929 2298">
    <p class='ocr_par' dir='ltr' id='par_1_25' title="bbox 346 2225 1929 2298">
     <span class='ocr_line' id='line_1_25' title="bbox 346 2225 1929 2298; baseline 0.003 -19"><span class='ocrx_word' id='word_1_243' title='bbox 346 2225 610 2282; x_wconf 87' lang='lat' dir='ltr'><strong>nimirum</strong></span> <span class='ocrx_word' id='word_1_244' title='bbox 650 2227 811 2281; x_wconf 86' lang='lat' dir='ltr'><strong>docet</strong></span> <span class='ocrx_word' id='word_1_245' title='bbox 855 2225 1136 2284; x_wconf 72' lang='lat' dir='ltr'><strong>Christum</strong></span> <span class='ocrx_word' id='word_1_246' title='bbox 1190 2241 1552 2297; x_wconf 87' lang='lat' dir='ltr'><strong>egressurum</strong></span> <span class='ocrx_word' id='word_1_247' title='bbox 1599 2243 1668 2283; x_wconf 80' lang='lat' dir='ltr'><strong>ex</strong></span> <span class='ocrx_word' id='word_1_248' title='bbox 1725 2229 1929 2298; x_wconf 82' lang='lat' dir='ltr'><strong>Oppido</strong></span> 
     </span>
    </p>
   </div>
   <div class='ocr_carea' id='block_1_26' title="bbox 2025 2212 3608 2298">
    <p class='ocr_par' dir='ltr' id='par_1_26' title="bbox 2030 2212 3608 2290">
     <span class='ocr_line' id='line_1_26' title="bbox 2030 2212 3608 2290; baseline -0.009 -14"><span class='ocrx_word' id='word_1_249' title='bbox 2030 2222 2256 2276; x_wconf 78' lang='grc' dir='ltr'><strong>δύναται</strong></span> <span class='ocrx_word' id='word_1_250' title='bbox 2314 2219 2604 2290; x_wconf 81' lang='grc' dir='ltr'>σημαίνειν</span> <span class='ocrx_word' id='word_1_251' title='bbox 2647 2217 2740 2269; x_wconf 77' lang='grc' dir='ltr'>τὸν</span> <span class='ocrx_word' id='word_1_252' title='bbox 2781 2217 2839 2268; x_wconf 79' lang='grc' dir='ltr'><strong>ἐν</strong></span> <span class='ocrx_word' id='word_1_253' title='bbox 2872 2212 3231 2285; x_wconf 75' lang='grc' dir='ltr'><strong>Ἰερουσαλὴμ</strong></span> <span class='ocrx_word' id='word_1_254' title='bbox 3268 2212 3345 2283; x_wconf 73' lang='grc'><strong>(2)</strong></span> <span class='ocrx_word' id='word_1_255' title='bbox 3394 2228 3608 2281; x_wconf 63' lang='grc' dir='ltr'><strong>σφαττ-</strong></span> 
     </span>
    </p>
   </div>
   <div class='ocr_carea' id='block_1_27' title="bbox 343 2300 1926 2388">
    <p class='ocr_par' dir='ltr' id='par_1_27' title="bbox 343 2313 1926 2388">
     <span class='ocr_line' id='line_1_27' title="bbox 343 2313 1926 2388; baseline 0.003 -20"><span class='ocrx_word' id='word_1_256' title='bbox 343 2313 649 2372; x_wconf 84' lang='lat' dir='ltr'><strong>Jerusalem</strong></span> <span class='ocrx_word' id='word_1_257' title='bbox 682 2323 739 2372; x_wconf 84' lang='lat' dir='ltr'><strong>et</strong></span> <span class='ocrx_word' id='word_1_258' title='bbox 763 2323 919 2371; x_wconf 82' lang='lat' dir='ltr'><strong>extra</strong></span> <span class='ocrx_word' id='word_1_259' title='bbox 950 2331 1072 2370; x_wconf 87' lang='lat' dir='ltr'><strong>eam</strong></span> <span class='ocrx_word' id='word_1_260' title='bbox 1109 2318 1299 2373; x_wconf 89' lang='lat' dir='ltr'><strong>urbem</strong></span> <span class='ocrx_word' id='word_1_261' title='bbox 1345 2318 1713 2388; x_wconf 86' lang='lat' dir='ltr'><strong>pascendum,</strong></span> <span class='ocrx_word' id='word_1_262' title='bbox 1745 2319 1926 2374; x_wconf 87' lang='lat' dir='ltr'><strong>donec</strong></span> 
     </span>
    </p>
   </div>
   <div class='ocr_carea' id='block_1_28' title="bbox 2029 2300 3612 2388">
    <p class='ocr_par' dir='ltr' id='par_1_28' title="bbox 2031 2300 3612 2380">
     <span class='ocr_line' id='line_1_28' title="bbox 2031 2300 3612 2380; baseline -0.008 -16"><span class='ocrx_word' id='word_1_263' title='bbox 2031 2311 2258 2380; x_wconf 74' lang='grc' dir='ltr'><strong>σύμενον</strong></span> <span class='ocrx_word' id='word_1_264' title='bbox 2292 2306 2560 2379; x_wconf 57' lang='grc' dir='ltr'><strong>Χριστόν</strong></span> <span class='ocrx_word' id='word_1_265' title='bbox 2593 2306 2675 2358; x_wconf 81' lang='grc' dir='ltr'><strong>ὅτι</strong></span> <span class='ocrx_word' id='word_1_266' title='bbox 2726 2302 3031 2357; x_wconf 81' lang='grc' dir='ltr'>ἀντίκειται</span> <span class='ocrx_word' id='word_1_267' title='bbox 3074 2305 3144 2373; x_wconf 78' lang='grc' dir='ltr'><strong>τῇ</strong></span> <span class='ocrx_word' id='word_1_268' title='bbox 3187 2300 3543 2372; x_wconf 78' lang='grc' dir='ltr'><strong>Ἰερουσαλὴμ</strong></span> <span class='ocrx_word' id='word_1_269' title='bbox 3583 2302 3612 2353; x_wconf 75' lang='grc' dir='ltr'><strong><em>ὁ</em></strong></span> 
     </span>
    </p>
   </div>
   <div class='ocr_carea' id='block_1_29' title="bbox 347 2392 1930 2483">
    <p class='ocr_par' dir='ltr' id='par_1_29' title="bbox 347 2407 1926 2483">
     <span class='ocr_line' id='line_1_29' title="bbox 347 2407 1926 2483; baseline 0.002 -21"><span class='ocrx_word' id='word_1_270' title='bbox 347 2409 654 2478; x_wconf 82' lang='lat' dir='ltr'><strong>saginetur,</strong></span> <span class='ocrx_word' id='word_1_271' title='bbox 683 2418 737 2464; x_wconf 81' lang='lat' dir='ltr'><strong>et</strong></span> <span class='ocrx_word' id='word_1_272' title='bbox 781 2407 983 2473; x_wconf 87' lang='lat' dir='ltr'><strong>deinde</strong></span> <span class='ocrx_word' id='word_1_273' title='bbox 1021 2417 1294 2464; x_wconf 86' lang='lat' dir='ltr'><strong>mactetur</strong></span> <span class='ocrx_word' id='word_1_274' title='bbox 1324 2424 1423 2464; x_wconf 81' lang='lat' dir='ltr'><strong>ceu</strong></span> <span class='ocrx_word' id='word_1_275' title='bbox 1461 2409 1686 2483; x_wconf 78' lang='lat' dir='ltr'><strong>pinguis</strong></span> <span class='ocrx_word' id='word_1_276' title='bbox 1716 2409 1836 2465; x_wconf 86' lang='lat' dir='ltr'><strong>ovis</strong></span> <span class='ocrx_word' id='word_1_277' title='bbox 1872 2410 1926 2465; x_wconf 80' lang='lat' dir='ltr'><strong>in</strong></span> 
     </span>
    </p>
   </div>
   <div class='ocr_carea' id='block_1_30' title="bbox 2029 2392 3612 2483">
    <p class='ocr_par' dir='ltr' id='par_1_30' title="bbox 2030 2392 3612 2479">
     <span class='ocr_line' id='line_1_30' title="bbox 2030 2392 3612 2479; baseline -0.008 -23"><span class='ocrx_word' id='word_1_278' title='bbox 2030 2403 2232 2475; x_wconf 72' lang='grc' dir='ltr'><strong>βορῤἄς</strong></span> <span class='ocrx_word' id='word_1_279' title='bbox 2254 2441 2270 2465; x_wconf 82' lang='grc'>,</span> <span class='ocrx_word' id='word_1_280' title='bbox 2301 2418 2389 2454; x_wconf 81' lang='grc' dir='ltr'><strong>νοτ</strong></span> <span class='ocrx_word' id='word_1_281' title='bbox 2403 2398 2603 2468; x_wconf 68' lang='grc' dir='ltr'><strong>ιωτέρᾳ⁵</strong></span> <span class='ocrx_word' id='word_1_282' title='bbox 2625 2394 2763 2469; x_wconf 65' lang='grc' dir='ltr'><strong>οὔσῃ</strong></span> <span class='ocrx_word' id='word_1_283' title='bbox 2783 2435 2798 2460; x_wconf 88' lang='lat'><strong>,</strong></span> <span class='ocrx_word' id='word_1_284' title='bbox 2836 2395 2979 2449; x_wconf 75' lang='grc' dir='ltr'><strong>κατὰ</strong></span> <span class='ocrx_word' id='word_1_285' title='bbox 3005 2394 3099 2479; x_wconf 59' lang='lat' dir='ltr'><strong>1o,</strong></span> <span class='ocrx_word' id='word_1_286' title='bbox 3140 2413 3161 2446; x_wconf 80' lang='grc' dir='ltr'><strong>ι</strong></span> <span class='ocrx_word' id='word_1_287' title='bbox 3193 2395 3331 2463; x_wconf 67' lang='grc' dir='ltr'><strong>’τορη</strong></span> <span class='ocrx_word' id='word_1_288' title='bbox 3373 2392 3512 2445; x_wconf 81' lang='grc' dir='ltr'><strong>Σιὼν</strong></span> <span class='ocrx_word' id='word_1_289' title='bbox 3540 2393 3612 2445; x_wconf 80' lang='grc' dir='ltr'>τὰ</span> 
     </span>
    </p>
   </div>
   <div class='ocr_carea' id='block_1_31' title="bbox 345 2484 1928 2571">
    <p class='ocr_par' dir='ltr' id='par_1_31' title="bbox 345 2496 1921 2571">
     <span class='ocr_line' id='line_1_31' title="bbox 345 2496 1921 2571; baseline 0.004 -21"><span class='ocrx_word' id='word_1_290' title='bbox 345 2497 549 2567; x_wconf 78' lang='lat' dir='ltr'><strong>oppido</strong></span> <span class='ocrx_word' id='word_1_291' title='bbox 587 2496 915 2554; x_wconf 79' lang='lat' dir='ltr'><strong>Jerusalem.</strong></span> <span class='ocrx_word' id='word_1_292' title='bbox 958 2497 1095 2552; x_wconf 79' lang='lat' dir='ltr'><strong>Nam</strong></span> <span class='ocrx_word' id='word_1_293' title='bbox 1142 2497 1449 2568; x_wconf 80' lang='lat' dir='ltr'><strong>Jerusalem</strong></span> <span class='ocrx_word' id='word_1_294' title='bbox 1500 2502 1762 2571; x_wconf 90' lang='lat' dir='ltr'><strong>oppidum</strong></span> <span class='ocrx_word' id='word_1_295' title='bbox 1797 2518 1921 2556; x_wconf 90' lang='lat' dir='ltr'><strong>cum</strong></span> 
     </span>
    </p>
   </div>
   <div class='ocr_carea' id='block_1_32' title="bbox 2028 2484 3611 2571">
    <p class='ocr_par' dir='ltr' id='par_1_32' title="bbox 2032 2484 3611 2567">
     <span class='ocr_line' id='line_1_32' title="bbox 2032 2484 3611 2567; baseline -0.009 -17"><span class='ocrx_word' id='word_1_296' title='bbox 2032 2494 2245 2567; x_wconf 68' lang='grc' dir='ltr'>πλευρὰ</span> <span class='ocrx_word' id='word_1_297' title='bbox 2286 2492 2379 2546; x_wconf 76' lang='grc' dir='ltr'><strong>τοῦ</strong></span> <span class='ocrx_word' id='word_1_298' title='bbox 2429 2491 2603 2562; x_wconf 56' lang='lat' dir='ltr'><strong>saepe</strong></span> <span class='ocrx_word' id='word_1_299' title='bbox 2634 2489 2733 2556; x_wconf 79' lang='grc'><strong>(5).</strong></span> <span class='ocrx_word' id='word_1_300' title='bbox 2777 2507 2794 2539; x_wconf 78' lang='grc' dir='ltr'><strong>ι</strong></span> <span class='ocrx_word' id='word_1_301' title='bbox 2827 2487 2885 2540; x_wconf 83' lang='lat'><strong>&#39;0</strong></span> <span class='ocrx_word' id='word_1_302' title='bbox 2929 2487 2974 2540; x_wconf 76' lang='grc' dir='ltr'><strong>δ’</strong></span> <span class='ocrx_word' id='word_1_303' title='bbox 3023 2487 3185 2549; x_wconf 75' lang='grc' dir='ltr'>αὐτὸς</span> <span class='ocrx_word' id='word_1_304' title='bbox 3232 2484 3334 2554; x_wconf 79' lang='grc' dir='ltr'><strong>τῆς</strong></span> <span class='ocrx_word' id='word_1_305' title='bbox 3373 2484 3611 2554; x_wconf 67' lang='grc' dir='ltr'><strong>Θεωρίας</strong></span> 
     </span>
    </p>
   </div>
   <div class='ocr_carea' id='block_1_33' title="bbox 344 2574 1927 2659">
    <p class='ocr_par' dir='ltr' id='par_1_33' title="bbox 344 2587 1923 2658">
     <span class='ocr_line' id='line_1_33' title="bbox 344 2587 1923 2658; baseline 0.004 -19"><span class='ocrx_word' id='word_1_306' title='bbox 344 2587 518 2658; x_wconf 81' lang='lat' dir='ltr'><strong>magis</strong></span> <span class='ocrx_word' id='word_1_307' title='bbox 554 2602 885 2644; x_wconf 78' lang='lat' dir='ltr'><strong>conversum</strong></span> <span class='ocrx_word' id='word_1_308' title='bbox 919 2590 990 2644; x_wconf 89' lang='lat' dir='ltr'><strong>sit</strong></span> <span class='ocrx_word' id='word_1_309' title='bbox 1025 2589 1081 2643; x_wconf 91' lang='lat' dir='ltr'><strong>in</strong></span> <span class='ocrx_word' id='word_1_310' title='bbox 1126 2589 1413 2645; x_wconf 87' lang='lat' dir='ltr'><strong>meridiem</strong></span> <span class='ocrx_word' id='word_1_311' title='bbox 1446 2606 1511 2645; x_wconf 81' lang='lat' dir='ltr'><strong>ex</strong></span> <span class='ocrx_word' id='word_1_312' title='bbox 1553 2590 1789 2646; x_wconf 84' lang='lat' dir='ltr'><strong>adverso</strong></span> <span class='ocrx_word' id='word_1_313' title='bbox 1825 2592 1923 2646; x_wconf 89' lang='lat' dir='ltr'><strong>ba-</strong></span> 
     </span>
    </p>
   </div>
   <div class='ocr_carea' id='block_1_34' title="bbox 2028 2574 3611 2659">
    <p class='ocr_par' dir='ltr' id='par_1_34' title="bbox 2032 2574 3611 2659">
     <span class='ocr_line' id='line_1_34' title="bbox 2032 2574 3611 2659; baseline -0.014 -15"><span class='ocrx_word' id='word_1_314' title='bbox 2032 2591 2192 2659; x_wconf 80' lang='grc' dir='ltr'>λόγος</span> <span class='ocrx_word' id='word_1_315' title='bbox 2218 2588 2308 2640; x_wconf 71' lang='grc' dir='ltr'><strong>ἐπὶ</strong></span> <span class='ocrx_word' id='word_1_316' title='bbox 2339 2583 2431 2638; x_wconf 82' lang='grc' dir='ltr'><strong>τοῦ</strong></span> <span class='ocrx_word' id='word_1_317' title='bbox 2459 2579 2727 2652; x_wconf 77' lang='grc' dir='ltr'>μελισμοῦ</span> <span class='ocrx_word' id='word_1_318' title='bbox 2763 2578 2860 2633; x_wconf 81' lang='grc' dir='ltr'><strong>τοῦ</strong></span> <span class='ocrx_word' id='word_1_319' title='bbox 2897 2580 3099 2650; x_wconf 75' lang='grc' dir='ltr'>μόσχου</span> <span class='ocrx_word' id='word_1_320' title='bbox 3140 2578 3226 2650; x_wconf 75' lang='grc' dir='ltr'><strong>εἴη</strong></span> <span class='ocrx_word' id='word_1_321' title='bbox 3261 2578 3329 2632; x_wconf 77' lang='grc' dir='ltr'>ἂν</span> <span class='ocrx_word' id='word_1_322' title='bbox 3372 2576 3467 2631; x_wconf 78' lang='grc' dir='ltr'><strong>καί</strong></span> <span class='ocrx_word' id='word_1_323' title='bbox 3513 2574 3611 2629; x_wconf 70' lang='grc' dir='ltr'><strong>ἐπὶ</strong></span> 
     </span>
    </p>
   </div>
   <div class='ocr_carea' id='block_1_35' title="bbox 343 2676 1926 2751">
    <p class='ocr_par' dir='ltr' id='par_1_35' title="bbox 343 2676 1924 2749">
     <span class='ocr_line' id='line_1_35' title="bbox 343 2676 1924 2749; baseline 0.003 -18"><span class='ocrx_word' id='word_1_324' title='bbox 343 2676 435 2731; x_wconf 88' lang='lat' dir='ltr'><strong>bet</strong></span> <span class='ocrx_word' id='word_1_325' title='bbox 466 2678 955 2747; x_wconf 77' lang='lat' dir='ltr'><strong>septentrionalem</strong></span> <span class='ocrx_word' id='word_1_326' title='bbox 990 2679 1222 2748; x_wconf 81' lang='lat' dir='ltr'><strong>plagam,</strong></span> <span class='ocrx_word' id='word_1_327' title='bbox 1261 2680 1734 2749; x_wconf 86' lang='lat' dir='ltr'><strong>quemadmodum</strong></span> <span class='ocrx_word' id='word_1_328' title='bbox 1779 2682 1924 2736; x_wconf 86' lang='lat' dir='ltr'><strong>scri-</strong></span> 
     </span>
    </p>
   </div>
   <div class='ocr_carea' id='block_1_36' title="bbox 866 2676 2449 2751">
    <p class='ocr_par' dir='ltr' id='par_1_36' title="bbox 870 2679 2449 2751">
     <span class='ocr_line' id='line_1_36' title="bbox 870 2679 2449 2751; baseline -0.003 -18"><span class='ocrx_word' id='word_1_329' title='bbox 870 2694 955 2733; x_wconf 90' lang='lat' dir='ltr'><strong>em</strong></span> <span class='ocrx_word' id='word_1_330' title='bbox 990 2679 1222 2748; x_wconf 81' lang='lat' dir='ltr'><strong>plagam,</strong></span> <span class='ocrx_word' id='word_1_331' title='bbox 1261 2680 1734 2749; x_wconf 86' lang='lat' dir='ltr'><strong>quemadmodum</strong></span> <span class='ocrx_word' id='word_1_332' title='bbox 1779 2682 1924 2736; x_wconf 87' lang='lat' dir='ltr'><strong>scri-</strong></span> <span class='ocrx_word' id='word_1_333' title='bbox 2033 2683 2128 2736; x_wconf 76' lang='grc' dir='ltr'><strong>τοῦ</strong></span> <span class='ocrx_word' id='word_1_334' title='bbox 2156 2679 2449 2751; x_wconf 70' lang='grc' dir='ltr'><strong>προϐάτου.</strong></span> 
     </span>
    </p>
   </div>
   <div class='ocr_carea' id='block_1_37' title="bbox 343 2760 3677 2840">
    <p class='ocr_par' dir='ltr' id='par_1_37' title="bbox 343 2760 3677 2840">
     <span class='ocr_line' id='line_1_37' title="bbox 343 2760 3677 2840; baseline -0.002 -19"><span class='ocrx_word' id='word_1_335' title='bbox 343 2777 497 2839; x_wconf 88' lang='lat' dir='ltr'><strong>ptum</strong></span> <span class='ocrx_word' id='word_1_336' title='bbox 526 2778 611 2823; x_wconf 87' lang='lat' dir='ltr'><strong>est</strong></span> <span class='ocrx_word' id='word_1_337' title='bbox 643 2786 656 2822; x_wconf 91' lang='lat'><strong>:</strong></span> <span class='ocrx_word' id='word_1_338' title='bbox 705 2789 723 2820; x_wconf 84' lang='grc' dir='ltr'><strong>ι</strong></span> <span class='ocrx_word' id='word_1_339' title='bbox 757 2768 969 2825; x_wconf 79' lang='lat' dir='ltr'><strong>Montes</strong></span> <span class='ocrx_word' id='word_1_340' title='bbox 1000 2771 1134 2825; x_wconf 88' lang='lat' dir='ltr'><strong>Sion</strong></span> <span class='ocrx_word' id='word_1_341' title='bbox 1160 2811 1174 2835; x_wconf 95' lang='lat'><strong>,</strong></span> <span class='ocrx_word' id='word_1_342' title='bbox 1217 2772 1392 2826; x_wconf 86' lang='lat' dir='ltr'><strong>latera</strong></span> <span class='ocrx_word' id='word_1_343' title='bbox 1430 2771 1715 2828; x_wconf 63' lang='grc' dir='ltr'><strong>Βοιρωη.»</strong></span> <span class='ocrx_word' id='word_1_344' title='bbox 1736 2773 1942 2829; x_wconf 86' lang='lat' dir='ltr'><strong>Eadem</strong></span> <span class='ocrx_word' id='word_1_345' title='bbox 1985 2775 2053 2829; x_wconf 87' lang='lat' dir='ltr'><strong>de</strong></span> <span class='ocrx_word' id='word_1_346' title='bbox 2088 2775 2459 2828; x_wconf 81' lang='lat' dir='ltr'><strong>membturttut</strong></span> <span class='ocrx_word' id='word_1_347' title='bbox 2498 2771 2775 2840; x_wconf 73' lang='lat' dir='ltr'><strong>divisione</strong></span> <span class='ocrx_word' id='word_1_348' title='bbox 2814 2768 2967 2823; x_wconf 78' lang='lat' dir='ltr'><strong>vitali</strong></span> <span class='ocrx_word' id='word_1_349' title='bbox 3008 2782 3073 2821; x_wconf 89' lang='lat' dir='ltr'><strong>ac</strong></span> <span class='ocrx_word' id='word_1_350' title='bbox 3112 2766 3183 2820; x_wconf 86' lang='lat' dir='ltr'><strong>de</strong></span> <span class='ocrx_word' id='word_1_351' title='bbox 3255 2763 3375 2819; x_wconf 86' lang='lat' dir='ltr'><strong>ovis</strong></span> <span class='ocrx_word' id='word_1_352' title='bbox 3430 2760 3611 2818; x_wconf 83' lang='lat' dir='ltr'><strong>sacri-</strong></span> <span class='ocrx_word' id='word_1_353' title='bbox 3668 2768 3677 2773; x_wconf 86' lang='lat'><em>‘</em></span> 
     </span>
    </p>
   </div>
   <div class='ocr_carea' id='block_1_38' title="bbox 342 2861 899 2931">
    <p class='ocr_par' dir='ltr' id='par_1_38' title="bbox 342 2861 899 2931">
     <span class='ocr_line' id='line_1_38' title="bbox 342 2861 899 2931; baseline 0 -16"><span class='ocrx_word' id='word_1_354' title='bbox 342 2861 470 2916; x_wconf 81' lang='lat' dir='ltr'><strong>ﬂcio</strong></span> <span class='ocrx_word' id='word_1_355' title='bbox 500 2861 609 2915; x_wconf 86' lang='lat' dir='ltr'><strong>dici</strong></span> <span class='ocrx_word' id='word_1_356' title='bbox 640 2870 899 2931; x_wconf 88' lang='lat' dir='ltr'><strong>possunt.</strong></span> 
     </span>
    </p>
   </div>
   <div class='ocr_carea' id='block_1_39' title="bbox 416 2964 3625 3050">
    <p class='ocr_par' dir='ltr' id='par_1_39' title="bbox 416 2964 3625 3050">
     <span class='ocr_line' id='line_1_39' title="bbox 416 2964 3625 3050; baseline -0.003 -21"><span class='ocrx_word' id='word_1_357' title='bbox 416 2976 496 3029; x_wconf 80' lang='lat' dir='ltr'><strong>Ad</strong></span> <span class='ocrx_word' id='word_1_358' title='bbox 528 2992 651 3031; x_wconf 90' lang='lat' dir='ltr'><strong>eum</strong></span> <span class='ocrx_word' id='word_1_359' title='bbox 682 2976 905 3030; x_wconf 89' lang='lat' dir='ltr'><strong>modum</strong></span> <span class='ocrx_word' id='word_1_360' title='bbox 953 2991 1142 3031; x_wconf 86' lang='lat' dir='ltr'><strong>mensa</strong></span> <span class='ocrx_word' id='word_1_361' title='bbox 1179 2979 1602 3048; x_wconf 86' lang='lat' dir='ltr'><strong>propositionis.</strong></span> <span class='ocrx_word' id='word_1_362' title='bbox 1637 2980 1804 3050; x_wconf 78' lang='lat'><strong>329</strong></span> <span class='ocrx_word' id='word_1_363' title='bbox 1845 2979 1933 3034; x_wconf 89' lang='lat' dir='ltr'><strong>cui</strong></span> <span class='ocrx_word' id='word_1_364' title='bbox 1981 2976 2379 3033; x_wconf 86' lang='lat' dir='ltr'><strong>incumbebant</strong></span> <span class='ocrx_word' id='word_1_365' title='bbox 2430 2990 2622 3043; x_wconf 78' lang='lat' dir='ltr'><strong>panes.</strong></span> <span class='ocrx_word' id='word_1_366' title='bbox 2663 2974 2759 3041; x_wconf 89' lang='lat' dir='ltr'><strong>qui</strong></span> <span class='ocrx_word' id='word_1_367' title='bbox 2799 2979 2962 3042; x_wconf 85' lang='lat' dir='ltr'><strong>typus</strong></span> <span class='ocrx_word' id='word_1_368' title='bbox 2997 2978 3155 3024; x_wconf 88' lang='lat' dir='ltr'><strong>erant</strong></span> <span class='ocrx_word' id='word_1_369' title='bbox 3212 2966 3370 3036; x_wconf 83' lang='lat' dir='ltr'><strong>panis</strong></span> <span class='ocrx_word' id='word_1_370' title='bbox 3403 2982 3434 3021; x_wconf 90' lang='lat' dir='ltr'><strong>e</strong></span> <span class='ocrx_word' id='word_1_371' title='bbox 3462 2964 3625 3020; x_wconf 69' lang='lat' dir='ltr'><strong>caelo</strong></span> 
     </span>
    </p>
   </div>
   <div class='ocr_carea' id='block_1_40' title="bbox 342 3054 3610 3136">
    <p class='ocr_par' dir='ltr' id='par_1_40' title="bbox 342 3054 3610 3136">
     <span class='ocr_line' id='line_1_40' title="bbox 342 3054 3610 3136; baseline -0.002 -21"><span class='ocrx_word' id='word_1_372' title='bbox 342 3064 760 3126; x_wconf 85' lang='lat' dir='ltr'><strong>descendentis,</strong></span> <span class='ocrx_word' id='word_1_373' title='bbox 808 3064 1081 3118; x_wconf 87' lang='lat' dir='ltr'><strong>collocata</strong></span> <span class='ocrx_word' id='word_1_374' title='bbox 1123 3072 1231 3128; x_wconf 89' lang='lat' dir='ltr'><strong>est,</strong></span> <span class='ocrx_word' id='word_1_375' title='bbox 1262 3073 1323 3120; x_wconf 90' lang='lat' dir='ltr'><strong>ut</strong></span> <span class='ocrx_word' id='word_1_376' title='bbox 1352 3076 1545 3135; x_wconf 81' lang='lat' dir='ltr'><strong>vergat</strong></span> <span class='ocrx_word' id='word_1_377' title='bbox 1594 3067 1648 3121; x_wconf 91' lang='lat' dir='ltr'><strong>in</strong></span> <span class='ocrx_word' id='word_1_378' title='bbox 1697 3065 2191 3136; x_wconf 82' lang='lat' dir='ltr'><strong>septentrionalem</strong></span> <span class='ocrx_word' id='word_1_379' title='bbox 2234 3064 2518 3132; x_wconf 74' lang='lat' dir='ltr'><strong>regionem</strong></span> <span class='ocrx_word' id='word_1_380' title='bbox 2557 3079 2570 3115; x_wconf 89' lang='lat'><strong>:</strong></span> <span class='ocrx_word' id='word_1_381' title='bbox 2612 3061 2705 3130; x_wconf 89' lang='lat' dir='ltr'><strong>qui</strong></span> <span class='ocrx_word' id='word_1_382' title='bbox 2739 3075 2876 3116; x_wconf 88' lang='lat' dir='ltr'><strong>sane</strong></span> <span class='ocrx_word' id='word_1_383' title='bbox 2911 3069 3073 3129; x_wconf 84' lang='lat' dir='ltr'><strong>typus</strong></span> <span class='ocrx_word' id='word_1_384' title='bbox 3116 3057 3426 3110; x_wconf 79' lang='lat' dir='ltr'><strong>luculenter</strong></span> <span class='ocrx_word' id='word_1_385' title='bbox 3473 3054 3610 3108; x_wconf 84' lang='lat' dir='ltr'><strong>edo-</strong></span> 
     </span>
    </p>
   </div>
   <div class='ocr_carea' id='block_1_41' title="bbox 341 3141 3608 3226">
    <p class='ocr_par' dir='ltr' id='par_1_41' title="bbox 341 3141 3608 3226">
     <span class='ocr_line' id='line_1_41' title="bbox 341 3141 3608 3226; baseline -0.004 -20"><span class='ocrx_word' id='word_1_386' title='bbox 341 3153 457 3206; x_wconf 85' lang='lat' dir='ltr'><strong>cuit</strong></span> <span class='ocrx_word' id='word_1_387' title='bbox 478 3149 646 3207; x_wconf 90' lang='lat' dir='ltr'><strong>Deum</strong></span> <span class='ocrx_word' id='word_1_388' title='bbox 680 3154 747 3207; x_wconf 81' lang='lat' dir='ltr'><strong>ab</strong></span> <span class='ocrx_word' id='word_1_389' title='bbox 779 3151 938 3206; x_wconf 88' lang='lat' dir='ltr'><strong>initio</strong></span> <span class='ocrx_word' id='word_1_390' title='bbox 966 3153 1295 3222; x_wconf 64' lang='lat' dir='ltr'><strong>praedixisse</strong></span> <span class='ocrx_word' id='word_1_391' title='bbox 1328 3157 1576 3226; x_wconf 84' lang='lat' dir='ltr'><strong>gentium</strong></span> <span class='ocrx_word' id='word_1_392' title='bbox 1611 3156 1976 3211; x_wconf 89' lang='lat' dir='ltr'><strong>vocationem.</strong></span> <span class='ocrx_word' id='word_1_393' title='bbox 2006 3152 2123 3208; x_wconf 88' lang='lat' dir='ltr'><strong>lluc</strong></span> <span class='ocrx_word' id='word_1_394' title='bbox 2166 3152 2366 3205; x_wconf 88' lang='lat' dir='ltr'><strong>mentis</strong></span> <span class='ocrx_word' id='word_1_395' title='bbox 2399 3150 2573 3204; x_wconf 84' lang='lat' dir='ltr'><strong>aciem</strong></span> <span class='ocrx_word' id='word_1_396' title='bbox 2631 3150 2925 3203; x_wconf 86' lang='lat' dir='ltr'><strong>intendens</strong></span> <span class='ocrx_word' id='word_1_397' title='bbox 2964 3145 3103 3200; x_wconf 82' lang='lat' dir='ltr'><strong>dixit</strong></span> <span class='ocrx_word' id='word_1_398' title='bbox 3124 3143 3261 3199; x_wconf 78' lang='lat' dir='ltr'><strong>Mosi</strong></span> <span class='ocrx_word' id='word_1_399' title='bbox 3292 3162 3304 3197; x_wconf 91' lang='lat'><strong>:</strong></span> <span class='ocrx_word' id='word_1_400' title='bbox 3338 3161 3356 3194; x_wconf 84' lang='grc' dir='ltr'><strong>ι</strong></span> <span class='ocrx_word' id='word_1_401' title='bbox 3387 3141 3608 3196; x_wconf 81' lang='lat' dir='ltr'><strong>Faciam</strong></span> 
     </span>
    </p>
   </div>
   <div class='ocr_carea' id='block_1_42' title="bbox 341 3230 3608 3314">
    <p class='ocr_par' dir='ltr' id='par_1_42' title="bbox 341 3230 3608 3314">
     <span class='ocr_line' id='line_1_42' title="bbox 341 3230 3608 3314; baseline -0.003 -21"><span class='ocrx_word' id='word_1_402' title='bbox 341 3248 397 3295; x_wconf 90' lang='lat' dir='ltr'><strong>te</strong></span> <span class='ocrx_word' id='word_1_403' title='bbox 421 3248 475 3293; x_wconf 89' lang='lat' dir='ltr'><strong>et</strong></span> <span class='ocrx_word' id='word_1_404' title='bbox 499 3238 726 3293; x_wconf 84' lang='lat' dir='ltr'><strong>domum</strong></span> <span class='ocrx_word' id='word_1_405' title='bbox 754 3238 934 3309; x_wconf 86' lang='lat' dir='ltr'><strong>patris</strong></span> <span class='ocrx_word' id='word_1_406' title='bbox 965 3240 1045 3293; x_wconf 91' lang='lat' dir='ltr'><strong>tui</strong></span> <span class='ocrx_word' id='word_1_407' title='bbox 1081 3242 1134 3296; x_wconf 91' lang='lat' dir='ltr'><strong>in</strong></span> <span class='ocrx_word' id='word_1_408' title='bbox 1162 3253 1378 3313; x_wconf 79' lang='lat' dir='ltr'><strong>gentem</strong></span> <span class='ocrx_word' id='word_1_409' title='bbox 1404 3258 1658 3314; x_wconf 82' lang='lat' dir='ltr'><strong>magnam</strong></span> <span class='ocrx_word' id='word_1_410' title='bbox 1680 3245 1785 3296; x_wconf 69' lang='grc' dir='ltr'><strong>δ’.)</strong></span> <span class='ocrx_word' id='word_1_411' title='bbox 1808 3243 2077 3298; x_wconf 72' lang='lat' dir='ltr'><strong>Caeterum</strong></span> <span class='ocrx_word' id='word_1_412' title='bbox 2106 3240 2286 3310; x_wconf 88' lang='lat' dir='ltr'><strong>reipsa</strong></span> <span class='ocrx_word' id='word_1_413' title='bbox 2312 3241 2468 3308; x_wconf 85' lang='lat' dir='ltr'><strong>plura</strong></span> <span class='ocrx_word' id='word_1_414' title='bbox 2494 3239 2754 3309; x_wconf 62' lang='lat' dir='ltr'><strong>prmstitit</strong></span> <span class='ocrx_word' id='word_1_415' title='bbox 2784 3250 2950 3306; x_wconf 89' lang='lat' dir='ltr'><strong>quam</strong></span> <span class='ocrx_word' id='word_1_416' title='bbox 2982 3230 3410 3304; x_wconf 77' lang='lat' dir='ltr'><strong>promisit.Nam</strong></span> <span class='ocrx_word' id='word_1_417' title='bbox 3441 3231 3608 3284; x_wconf 88' lang='lat' dir='ltr'><strong>inuu-</strong></span> 
     </span>
    </p>
   </div>
   <div class='ocr_carea' id='block_1_43' title="bbox 344 3319 3613 3401">
    <p class='ocr_par' dir='ltr' id='par_1_43' title="bbox 344 3319 3613 3401">
     <span class='ocr_line' id='line_1_43' title="bbox 344 3319 3613 3401; baseline -0.003 -20"><span class='ocrx_word' id='word_1_418' title='bbox 344 3343 508 3384; x_wconf 46' lang='lat' dir='ltr'><strong>nreras</strong></span> <span class='ocrx_word' id='word_1_419' title='bbox 548 3335 743 3397; x_wconf 88' lang='lat' dir='ltr'><strong>gentes</strong></span> <span class='ocrx_word' id='word_1_420' title='bbox 788 3326 908 3382; x_wconf 62' lang='lat' dir='ltr'><strong>sita?</strong></span> <span class='ocrx_word' id='word_1_421' title='bbox 957 3328 1206 3394; x_wconf 78' lang='lat' dir='ltr'><strong>fuerunt,</strong></span> <span class='ocrx_word' id='word_1_422' title='bbox 1240 3321 1490 3401; x_wconf 78' lang='lat' dir='ltr'><strong>respectu</strong></span> <span class='ocrx_word' id='word_1_423' title='bbox 1541 3331 1730 3386; x_wconf 88' lang='lat' dir='ltr'><strong>habito</strong></span> <span class='ocrx_word' id='word_1_424' title='bbox 1760 3330 2067 3385; x_wconf 82' lang='lat' dir='ltr'><strong>Jerusalem</strong></span> <span class='ocrx_word' id='word_1_425' title='bbox 2103 3327 2314 3398; x_wconf 84' lang='lat' dir='ltr'><strong>oppidi.</strong></span> <span class='ocrx_word' id='word_1_426' title='bbox 2372 3327 2426 3380; x_wconf 93' lang='lat' dir='ltr'><strong>in</strong></span> <span class='ocrx_word' id='word_1_427' title='bbox 2464 3323 2888 3395; x_wconf 85' lang='lat' dir='ltr'><strong>septentrionali</strong></span> <span class='ocrx_word' id='word_1_428' title='bbox 2933 3331 3142 3387; x_wconf 84' lang='lat' dir='ltr'><strong>tractu,</strong></span> <span class='ocrx_word' id='word_1_429' title='bbox 3181 3320 3248 3374; x_wconf 87' lang='lat' dir='ltr'><strong>de</strong></span> <span class='ocrx_word' id='word_1_430' title='bbox 3290 3319 3494 3389; x_wconf 81' lang='lat' dir='ltr'><strong>quibus</strong></span> <span class='ocrx_word' id='word_1_431' title='bbox 3527 3319 3613 3371; x_wconf 83' lang='lat' dir='ltr'><strong>lo-</strong></span> 
     </span>
    </p>
   </div>
   <div class='ocr_carea' id='block_1_44' title="bbox 341 3408 3617 3489">
    <p class='ocr_par' dir='ltr' id='par_1_44' title="bbox 341 3408 3617 3489">
     <span class='ocr_line' id='line_1_44' title="bbox 341 3408 3617 3489; baseline -0.002 -21"><span class='ocrx_word' id='word_1_432' title='bbox 341 3416 529 3483; x_wconf 88' lang='lat' dir='ltr'><strong>quitur</strong></span> <span class='ocrx_word' id='word_1_433' title='bbox 556 3414 850 3468; x_wconf 81' lang='lat' dir='ltr'><strong>Christus:</strong></span> <span class='ocrx_word' id='word_1_434' title='bbox 903 3433 923 3465; x_wconf 79' lang='lat'><strong>¢</strong></span> <span class='ocrx_word' id='word_1_435' title='bbox 956 3415 1022 3471; x_wconf 85' lang='lat' dir='ltr'><strong>Et</strong></span> <span class='ocrx_word' id='word_1_436' title='bbox 1068 3418 1209 3474; x_wconf 86' lang='lat' dir='ltr'><strong>alias</strong></span> <span class='ocrx_word' id='word_1_437' title='bbox 1258 3433 1392 3473; x_wconf 90' lang='lat' dir='ltr'><strong>oves</strong></span> <span class='ocrx_word' id='word_1_438' title='bbox 1436 3418 1635 3484; x_wconf 84' lang='lat' dir='ltr'><strong>habeo,</strong></span> <span class='ocrx_word' id='word_1_439' title='bbox 1687 3434 1810 3489; x_wconf 64' lang='lat' dir='ltr'><strong>qua;</strong></span> <span class='ocrx_word' id='word_1_440' title='bbox 1848 3434 1958 3473; x_wconf 91' lang='lat' dir='ltr'><strong>non</strong></span> <span class='ocrx_word' id='word_1_441' title='bbox 2004 3425 2137 3473; x_wconf 87' lang='lat' dir='ltr'><strong>sunt</strong></span> <span class='ocrx_word' id='word_1_442' title='bbox 2186 3415 2254 3472; x_wconf 89' lang='lat' dir='ltr'><strong>de</strong></span> <span class='ocrx_word' id='word_1_443' title='bbox 2300 3416 2430 3472; x_wconf 87' lang='lat' dir='ltr'><strong>ovili</strong></span> <span class='ocrx_word' id='word_1_444' title='bbox 2488 3416 2596 3470; x_wconf 87' lang='lat' dir='ltr'><strong>isto</strong></span> <span class='ocrx_word' id='word_1_445' title='bbox 2632 3415 2696 3468; x_wconf 80' lang='grc'><strong>³³.</strong></span> <span class='ocrx_word' id='word_1_446' title='bbox 2738 3432 2756 3465; x_wconf 74' lang='grc' dir='ltr'><strong>ι</strong></span> <span class='ocrx_word' id='word_1_447' title='bbox 2795 3412 3066 3467; x_wconf 70' lang='lat' dir='ltr'><strong>Praeterea</strong></span> <span class='ocrx_word' id='word_1_448' title='bbox 3115 3410 3406 3464; x_wconf 86' lang='lat' dir='ltr'><strong>orientalis</strong></span> <span class='ocrx_word' id='word_1_449' title='bbox 3448 3408 3617 3478; x_wconf 76' lang='lat' dir='ltr'><strong>plaga</strong></span> 
     </span>
    </p>
   </div>
   <div class='ocr_carea' id='block_1_45' title="bbox 342 3498 3611 3575">
    <p class='ocr_par' dir='ltr' id='par_1_45' title="bbox 342 3498 3611 3575">
     <span class='ocr_line' id='line_1_45' title="bbox 342 3498 3611 3575; baseline -0.002 -19"><span class='ocrx_word' id='word_1_450' title='bbox 342 3503 593 3571; x_wconf 83' lang='lat' dir='ltr'><strong>opposita</strong></span> <span class='ocrx_word' id='word_1_451' title='bbox 632 3514 717 3557; x_wconf 88' lang='lat' dir='ltr'><strong>est</strong></span> <span class='ocrx_word' id='word_1_452' title='bbox 736 3501 1047 3558; x_wconf 60' lang='lat' dir='ltr'><strong>Jerusalem</strong></span> <span class='ocrx_word' id='word_1_453' title='bbox 1068 3505 1294 3575; x_wconf 89' lang='lat' dir='ltr'><strong>oppido.</strong></span> <span class='ocrx_word' id='word_1_454' title='bbox 1324 3505 1431 3561; x_wconf 89' lang='lat' dir='ltr'><strong>Sed</strong></span> <span class='ocrx_word' id='word_1_455' title='bbox 1457 3522 1564 3561; x_wconf 92' lang='lat' dir='ltr'><strong>non</strong></span> <span class='ocrx_word' id='word_1_456' title='bbox 1600 3508 1803 3563; x_wconf 89' lang='lat' dir='ltr'><strong>licebat</strong></span> <span class='ocrx_word' id='word_1_457' title='bbox 1834 3507 2147 3563; x_wconf 81' lang='lat' dir='ltr'><strong>sacriﬁcare</strong></span> <span class='ocrx_word' id='word_1_458' title='bbox 2173 3519 2342 3560; x_wconf 86' lang='lat' dir='ltr'><strong>verso</strong></span> <span class='ocrx_word' id='word_1_459' title='bbox 2370 3504 2524 3558; x_wconf 87' lang='lat' dir='ltr'><strong>vultu</strong></span> <span class='ocrx_word' id='word_1_460' title='bbox 2556 3504 2610 3555; x_wconf 90' lang='lat' dir='ltr'><strong>in</strong></span> <span class='ocrx_word' id='word_1_461' title='bbox 2643 3503 2942 3557; x_wconf 85' lang='lat' dir='ltr'><strong>orientem.</strong></span> <span class='ocrx_word' id='word_1_462' title='bbox 2975 3498 3111 3553; x_wconf 86' lang='lat' dir='ltr'><strong>Nam</strong></span> <span class='ocrx_word' id='word_1_463' title='bbox 3145 3498 3351 3553; x_wconf 89' lang='lat' dir='ltr'><strong>Sancta</strong></span> <span class='ocrx_word' id='word_1_464' title='bbox 3386 3506 3611 3550; x_wconf 73' lang='lat' dir='ltr'><strong>sancto-</strong></span> 
     </span>
    </p>
   </div>
   <div class='ocr_carea' id='block_1_46' title="bbox 345 3576 3607 3664">
    <p class='ocr_par' dir='ltr' id='par_1_46' title="bbox 345 3576 3607 3664">
     <span class='ocr_line' id='line_1_46' title="bbox 345 3576 3607 3664; baseline 0.001 -23"><span class='ocrx_word' id='word_1_465' title='bbox 345 3604 465 3641; x_wconf 85' lang='lat' dir='ltr'><strong>rnm</strong></span> <span class='ocrx_word' id='word_1_466' title='bbox 502 3589 607 3642; x_wconf 88' lang='lat' dir='ltr'><strong>sita</strong></span> <span class='ocrx_word' id='word_1_467' title='bbox 651 3599 810 3644; x_wconf 79' lang='lat' dir='ltr'><strong>erant</strong></span> <span class='ocrx_word' id='word_1_468' title='bbox 852 3606 1048 3646; x_wconf 79' lang='lat' dir='ltr'><strong>versus</strong></span> <span class='ocrx_word' id='word_1_469' title='bbox 1081 3606 1368 3648; x_wconf 84' lang='lat' dir='ltr'><strong>occasum.</strong></span> <span class='ocrx_word' id='word_1_470' title='bbox 1400 3593 1504 3658; x_wconf 87' lang='lat' dir='ltr'><strong>Qui</strong></span> <span class='ocrx_word' id='word_1_471' title='bbox 1542 3593 1705 3664; x_wconf 87' lang='lat' dir='ltr'><strong>igitur</strong></span> <span class='ocrx_word' id='word_1_472' title='bbox 1741 3609 1802 3650; x_wconf 92' lang='lat' dir='ltr'><strong>se</strong></span> <span class='ocrx_word' id='word_1_473' title='bbox 1831 3598 1995 3650; x_wconf 84' lang='lat' dir='ltr'><strong>vertit</strong></span> <span class='ocrx_word' id='word_1_474' title='bbox 2036 3598 2090 3650; x_wconf 87' lang='lat' dir='ltr'><strong>in</strong></span> <span class='ocrx_word' id='word_1_475' title='bbox 2131 3595 2406 3661; x_wconf 78' lang='lat' dir='ltr'><strong>orientem</strong></span> <span class='ocrx_word' id='word_1_476' title='bbox 2455 3592 2679 3648; x_wconf 88' lang='lat' dir='ltr'><strong>Sanctis</strong></span> <span class='ocrx_word' id='word_1_477' title='bbox 2728 3576 3053 3646; x_wconf 82' lang='lat' dir='ltr'><strong>sanctorum</strong></span> <span class='ocrx_word' id='word_1_478' title='bbox 3092 3601 3308 3658; x_wconf 85' lang='lat' dir='ltr'><strong>tergum</strong></span> <span class='ocrx_word' id='word_1_479' title='bbox 3344 3586 3607 3644; x_wconf 76' lang='lat' dir='ltr'><strong>ulnertit.</strong></span> 
     </span>
    </p>
   </div>
   <div class='ocr_carea' id='block_1_47' title="bbox 342 3674 3608 3751">
    <p class='ocr_par' dir='ltr' id='par_1_47' title="bbox 342 3674 3608 3751">
     <span class='ocr_line' id='line_1_47' title="bbox 342 3674 3608 3751; baseline 0 -24"><span class='ocrx_word' id='word_1_480' title='bbox 342 3674 485 3746; x_wconf 81' lang='lat' dir='ltr'><strong>quod</strong></span> <span class='ocrx_word' id='word_1_481' title='bbox 516 3676 739 3751; x_wconf 86' lang='lat' dir='ltr'><strong>quidem</strong></span> <span class='ocrx_word' id='word_1_482' title='bbox 794 3692 989 3747; x_wconf 85' lang='lat' dir='ltr'><strong>parum</strong></span> <span class='ocrx_word' id='word_1_483' title='bbox 1024 3678 1287 3733; x_wconf 82' lang='lat' dir='ltr'><strong>decorum</strong></span> <span class='ocrx_word' id='word_1_484' title='bbox 1332 3686 1388 3733; x_wconf 89' lang='lat' dir='ltr'><strong>et</strong></span> <span class='ocrx_word' id='word_1_485' title='bbox 1420 3679 1714 3737; x_wconf 85' lang='lat' dir='ltr'><strong>honestum</strong></span> <span class='ocrx_word' id='word_1_486' title='bbox 1754 3691 1895 3737; x_wconf 87' lang='lat' dir='ltr'><strong>erat.</strong></span> <span class='ocrx_word' id='word_1_487' title='bbox 1935 3682 2215 3740; x_wconf 80' lang='lat' dir='ltr'><strong>Fortassis</strong></span> <span class='ocrx_word' id='word_1_488' title='bbox 2263 3681 2564 3750; x_wconf 84' lang='lat' dir='ltr'><strong>allegorice</strong></span> <span class='ocrx_word' id='word_1_489' title='bbox 2595 3680 2685 3734; x_wconf 89' lang='lat' dir='ltr'><strong>hic</strong></span> <span class='ocrx_word' id='word_1_490' title='bbox 2721 3679 2877 3734; x_wconf 88' lang='lat' dir='ltr'><strong>locus</strong></span> <span class='ocrx_word' id='word_1_491' title='bbox 2907 3676 3215 3748; x_wconf 87' lang='lat' dir='ltr'><strong>capiendus</strong></span> <span class='ocrx_word' id='word_1_492' title='bbox 3261 3683 3367 3735; x_wconf 87' lang='lat' dir='ltr'><strong>est,</strong></span> <span class='ocrx_word' id='word_1_493' title='bbox 3427 3684 3484 3728; x_wconf 92' lang='lat' dir='ltr'><strong>ut</strong></span> <span class='ocrx_word' id='word_1_494' title='bbox 3531 3675 3608 3729; x_wconf 86' lang='lat' dir='ltr'><strong>sit</strong></span> 
     </span>
    </p>
   </div>
   <div class='ocr_carea' id='block_1_48' title="bbox 343 3762 3609 3840">
    <p class='ocr_par' dir='ltr' id='par_1_48' title="bbox 343 3762 3609 3840">
     <span class='ocr_line' id='line_1_48' title="bbox 343 3762 3609 3840; baseline 0 -23"><span class='ocrx_word' id='word_1_495' title='bbox 343 3778 561 3828; x_wconf 88' lang='lat' dir='ltr'><strong>sensus,</strong></span> <span class='ocrx_word' id='word_1_496' title='bbox 609 3763 874 3834; x_wconf 79' lang='lat' dir='ltr'><strong>Oppidum</strong></span> <span class='ocrx_word' id='word_1_497' title='bbox 923 3763 1232 3821; x_wconf 80' lang='lat' dir='ltr'><strong>Jerusalem</strong></span> <span class='ocrx_word' id='word_1_498' title='bbox 1276 3768 1595 3837; x_wconf 79' lang='lat' dir='ltr'><strong>appositum</strong></span> <span class='ocrx_word' id='word_1_499' title='bbox 1651 3784 1778 3825; x_wconf 89' lang='lat' dir='ltr'><strong>esse</strong></span> <span class='ocrx_word' id='word_1_500' title='bbox 1810 3770 2198 3840; x_wconf 86' lang='lat' dir='ltr'><strong>septentrioni,</strong></span> <span class='ocrx_word' id='word_1_501' title='bbox 2229 3785 2295 3824; x_wconf 78' lang='lat' dir='ltr'><strong>ex</strong></span> <span class='ocrx_word' id='word_1_502' title='bbox 2328 3782 2440 3838; x_wconf 87' lang='lat' dir='ltr'><strong>quo</strong></span> <span class='ocrx_word' id='word_1_503' title='bbox 2477 3767 2666 3823; x_wconf 88' lang='lat' dir='ltr'><strong>omnia</strong></span> <span class='ocrx_word' id='word_1_504' title='bbox 2712 3767 2767 3819; x_wconf 88' lang='lat' dir='ltr'><strong>in</strong></span> <span class='ocrx_word' id='word_1_505' title='bbox 2808 3767 2953 3820; x_wconf 81' lang='lat' dir='ltr'><strong>hunc</strong></span> <span class='ocrx_word' id='word_1_506' title='bbox 3000 3764 3270 3819; x_wconf 88' lang='lat' dir='ltr'><strong>mundmn</strong></span> <span class='ocrx_word' id='word_1_507' title='bbox 3299 3762 3609 3832; x_wconf 82' lang='lat' dir='ltr'><strong>deﬂagrant</strong></span> 
     </span>
    </p>
   </div>
   <div class='ocr_carea' id='block_1_49' title="bbox 344 3853 508 3905">
    <p class='ocr_par' dir='ltr' id='par_1_49' title="bbox 344 3853 508 3905">
     <span class='ocr_line' id='line_1_49' title="bbox 344 3853 508 3905; baseline -0.006 0"><span class='ocrx_word' id='word_1_508' title='bbox 344 3853 508 3905; x_wconf 72' lang='lat' dir='ltr'><strong>mala.</strong></span> 
     </span>
    </p>
   </div>
   <div class='ocr_carea' id='block_1_50' title="bbox 414 3938 3608 4024">
    <p class='ocr_par' dir='ltr' id='par_1_50' title="bbox 414 3938 3608 4024">
     <span class='ocr_line' id='line_1_50' title="bbox 414 3938 3608 4024; baseline -0.001 -26"><span class='ocrx_word' id='word_1_509' title='bbox 414 3941 475 3998; x_wconf 88' lang='lat' dir='ltr'><strong>Si</strong></span> <span class='ocrx_word' id='word_1_510' title='bbox 508 3952 685 3996; x_wconf 83' lang='lat' dir='ltr'><strong>autem</strong></span> <span class='ocrx_word' id='word_1_511' title='bbox 722 3961 753 3997; x_wconf 88' lang='lat' dir='ltr'><strong><em>a</em></strong></span> <span class='ocrx_word' id='word_1_512' title='bbox 787 3946 1127 4008; x_wconf 70' lang='lat' dir='ltr'><strong>volatilibus,</strong></span> <span class='ocrx_word' id='word_1_513' title='bbox 1162 3955 1270 4001; x_wconf 90' lang='lat' dir='ltr'><strong>etc.</strong></span> <span class='ocrx_word' id='word_1_514' title='bbox 1308 3962 1487 4017; x_wconf 87' lang='lat' dir='ltr'><strong>usque</strong></span> <span class='ocrx_word' id='word_1_515' title='bbox 1520 3948 1588 4004; x_wconf 89' lang='lat' dir='ltr'><strong>ad</strong></span> <span class='ocrx_word' id='word_1_516' title='bbox 1628 3949 1776 4005; x_wconf 89' lang='lat' dir='ltr'><strong>hunc</strong></span> <span class='ocrx_word' id='word_1_517' title='bbox 1813 3950 1994 4004; x_wconf 88' lang='lat' dir='ltr'><strong>locum</strong></span> <span class='ocrx_word' id='word_1_518' title='bbox 2035 3967 2050 4004; x_wconf 87' lang='lat'><strong>:</strong></span> <span class='ocrx_word' id='word_1_519' title='bbox 2088 3947 2238 4004; x_wconf 86' lang='lat' dir='ltr'><strong>Odor</strong></span> <span class='ocrx_word' id='word_1_520' title='bbox 2271 3939 2422 4002; x_wconf 70' lang='lat' dir='ltr'><strong>bomé</strong></span> <span class='ocrx_word' id='word_1_521' title='bbox 2449 3944 2781 4024; x_wconf 63' lang='lat' dir='ltr'><strong>Traqrantia.r</strong></span> <span class='ocrx_word' id='word_1_522' title='bbox 2813 3942 3078 4009; x_wconf 85' lang='lat' dir='ltr'><strong>Domino,</strong></span> <span class='ocrx_word' id='word_1_523' title='bbox 3110 3948 3218 3996; x_wconf 91' lang='lat' dir='ltr'><strong>etc.</strong></span> <span class='ocrx_word' id='word_1_524' title='bbox 3258 3939 3499 4013; x_wconf 68' lang='grc' dir='ltr'>[ιι-ιη</span> <span class='ocrx_word' id='word_1_525' title='bbox 3536 3938 3608 3995; x_wconf 87' lang='lat' dir='ltr'><strong>Ut</strong></span> 
     </span>
    </p>
   </div>
   <div class='ocr_carea' id='block_1_51' title="bbox 255 4027 3603 4103">
    <p class='ocr_par' dir='ltr' id='par_1_51' title="bbox 255 4027 3603 4103">
     <span class='ocr_line' id='line_1_51' title="bbox 255 4027 3603 4103; baseline -0.001 -18"><span class='ocrx_word' id='word_1_526' title='bbox 255 4092 263 4100; x_wconf 45' lang='grc'><em>,</em></span> <span class='ocrx_word' id='word_1_527' title='bbox 340 4027 560 4085; x_wconf 70' lang='lat' dir='ltr'><strong>Judteos</strong></span> <span class='ocrx_word' id='word_1_528' title='bbox 602 4032 972 4101; x_wconf 82' lang='lat' dir='ltr'><strong>promptiores</strong></span> <span class='ocrx_word' id='word_1_529' title='bbox 1019 4031 1213 4088; x_wconf 75' lang='lat' dir='ltr'><strong>reddat</strong></span> <span class='ocrx_word' id='word_1_530' title='bbox 1256 4034 1323 4087; x_wconf 88' lang='lat' dir='ltr'><strong>ad</strong></span> <span class='ocrx_word' id='word_1_531' title='bbox 1372 4035 1595 4103; x_wconf 87' lang='lat' dir='ltr'><strong>pietatis</strong></span> <span class='ocrx_word' id='word_1_532' title='bbox 1638 4035 1821 4091; x_wconf 88' lang='lat' dir='ltr'><strong>studia</strong></span> <span class='ocrx_word' id='word_1_533' title='bbox 1866 4035 2175 4092; x_wconf 88' lang='lat' dir='ltr'><strong>minoribus</strong></span> <span class='ocrx_word' id='word_1_534' title='bbox 2221 4034 2423 4093; x_wconf 88' lang='lat' dir='ltr'><strong>hostiis</strong></span> <span class='ocrx_word' id='word_1_535' title='bbox 2467 4033 2737 4088; x_wconf 74' lang='lat' dir='ltr'><strong>litandum</strong></span> <span class='ocrx_word' id='word_1_536' title='bbox 2784 4029 3054 4100; x_wconf 60' lang='lat' dir='ltr'><strong>praecipit.</strong></span> <span class='ocrx_word' id='word_1_537' title='bbox 3092 4029 3266 4100; x_wconf 82' lang='lat' dir='ltr'><strong>Elegit</strong></span> <span class='ocrx_word' id='word_1_538' title='bbox 3312 4039 3494 4084; x_wconf 87' lang='lat' dir='ltr'><strong>autem</strong></span> <span class='ocrx_word' id='word_1_539' title='bbox 3537 4045 3603 4085; x_wconf 79' lang='lat' dir='ltr'><strong>rx</strong></span> 
     </span>
    </p>
   </div>
   <div class='ocr_carea' id='block_1_52' title="bbox 345 4116 3608 4191">
    <p class='ocr_par' dir='ltr' id='par_1_52' title="bbox 345 4116 3608 4191">
     <span class='ocr_line' id='line_1_52' title="bbox 345 4116 3608 4191; baseline -0.001 -21"><span class='ocrx_word' id='word_1_540' title='bbox 345 4118 528 4172; x_wconf 85' lang='lat' dir='ltr'><strong>avium</strong></span> <span class='ocrx_word' id='word_1_541' title='bbox 564 4133 764 4185; x_wconf 87' lang='lat' dir='ltr'><strong>genere</strong></span> <span class='ocrx_word' id='word_1_542' title='bbox 800 4119 1169 4175; x_wconf 89' lang='lat' dir='ltr'><strong>modestiores</strong></span> <span class='ocrx_word' id='word_1_543' title='bbox 1203 4130 1257 4175; x_wconf 86' lang='lat' dir='ltr'><strong>et</strong></span> <span class='ocrx_word' id='word_1_544' title='bbox 1294 4123 1753 4191; x_wconf 82' lang='lat' dir='ltr'><strong>tctnperantiores</strong></span> <span class='ocrx_word' id='word_1_545' title='bbox 1786 4139 1939 4190; x_wconf 86' lang='lat' dir='ltr'><strong>aves,</strong></span> <span class='ocrx_word' id='word_1_546' title='bbox 1972 4124 2185 4180; x_wconf 88' lang='lat' dir='ltr'><strong>scilicet</strong></span> <span class='ocrx_word' id='word_1_547' title='bbox 2222 4131 2495 4179; x_wconf 86' lang='lat' dir='ltr'><strong>turturem</strong></span> <span class='ocrx_word' id='word_1_548' title='bbox 2531 4128 2585 4176; x_wconf 87' lang='lat' dir='ltr'><strong>et</strong></span> <span class='ocrx_word' id='word_1_549' title='bbox 2623 4120 2804 4191; x_wconf 90' lang='lat' dir='ltr'><strong>pullos</strong></span> <span class='ocrx_word' id='word_1_550' title='bbox 2837 4116 3194 4171; x_wconf 88' lang='lat' dir='ltr'><strong>columbinos</strong></span> <span class='ocrx_word' id='word_1_551' title='bbox 3225 4126 3449 4188; x_wconf 85' lang='lat' dir='ltr'><strong>propter</strong></span> <span class='ocrx_word' id='word_1_552' title='bbox 3480 4118 3608 4173; x_wconf 70' lang='lat' dir='ltr'><strong>vitae</strong></span> 
     </span>
    </p>
   </div>
   <div class='ocr_carea' id='block_1_53' title="bbox 345 4205 3604 4277">
    <p class='ocr_par' dir='ltr' id='par_1_53' title="bbox 345 4205 3604 4277">
     <span class='ocr_line' id='line_1_53' title="bbox 345 4205 3604 4277; baseline -0.001 -17"><span class='ocrx_word' id='word_1_553' title='bbox 345 4205 740 4260; x_wconf 82' lang='lat' dir='ltr'><strong>innocentiam.</strong></span> <span class='ocrx_word' id='word_1_554' title='bbox 775 4205 915 4272; x_wconf 86' lang='lat' dir='ltr'><strong>Quia</strong></span> <span class='ocrx_word' id='word_1_555' title='bbox 952 4210 1178 4276; x_wconf 80' lang='lat' dir='ltr'><strong>propter</strong></span> <span class='ocrx_word' id='word_1_556' title='bbox 1209 4209 1541 4264; x_wconf 89' lang='lat' dir='ltr'><strong>teneriorem</strong></span> <span class='ocrx_word' id='word_1_557' title='bbox 1577 4211 1856 4265; x_wconf 62' lang='lat' dir='ltr'><strong>aetatulam</strong></span> <span class='ocrx_word' id='word_1_558' title='bbox 1891 4211 2165 4269; x_wconf 82' lang='lat' dir='ltr'><strong>inhabiles</strong></span> <span class='ocrx_word' id='word_1_559' title='bbox 2195 4221 2320 4269; x_wconf 88' lang='lat' dir='ltr'><strong>sunt</strong></span> <span class='ocrx_word' id='word_1_560' title='bbox 2357 4211 2426 4266; x_wconf 87' lang='lat' dir='ltr'><strong>ad</strong></span> <span class='ocrx_word' id='word_1_561' title='bbox 2456 4224 2753 4274; x_wconf 87' lang='lat' dir='ltr'><strong>venerem,</strong></span> <span class='ocrx_word' id='word_1_562' title='bbox 2785 4205 2930 4277; x_wconf 89' lang='lat' dir='ltr'><strong>quod</strong></span> <span class='ocrx_word' id='word_1_563' title='bbox 2965 4205 3190 4276; x_wconf 90' lang='lat' dir='ltr'><strong>quidem</strong></span> <span class='ocrx_word' id='word_1_564' title='bbox 3222 4207 3386 4260; x_wconf 88' lang='lat' dir='ltr'><strong>etiam</strong></span> <span class='ocrx_word' id='word_1_565' title='bbox 3422 4206 3604 4260; x_wconf 86' lang='lat' dir='ltr'><strong>conti-</strong></span> 
     </span>
    </p>
   </div>
   <div class='ocr_carea' id='block_1_54' title="bbox 350 4293 3605 4369">
    <p class='ocr_par' dir='ltr' id='par_1_54' title="bbox 350 4293 3605 4369">
     <span class='ocr_line' id='line_1_54' title="bbox 350 4293 3605 4369; baseline -0.001 -21"><span class='ocrx_word' id='word_1_566' title='bbox 350 4295 551 4349; x_wconf 66' lang='lat' dir='ltr'><strong>nentize</strong></span> <span class='ocrx_word' id='word_1_567' title='bbox 583 4304 968 4364; x_wconf 73' lang='lat' dir='ltr'><strong>augumentmn</strong></span> <span class='ocrx_word' id='word_1_568' title='bbox 1001 4303 1106 4351; x_wconf 83' lang='lat' dir='ltr'><strong>est.</strong></span> <span class='ocrx_word' id='word_1_569' title='bbox 1137 4294 1261 4351; x_wconf 66' lang='lat' dir='ltr'><strong>Haec</strong></span> <span class='ocrx_word' id='word_1_570' title='bbox 1292 4312 1422 4352; x_wconf 68' lang='lat' dir='ltr'><strong>vero</strong></span> <span class='ocrx_word' id='word_1_571' title='bbox 1447 4298 1693 4353; x_wconf 89' lang='lat' dir='ltr'><strong>volatilia</strong></span> <span class='ocrx_word' id='word_1_572' title='bbox 1727 4299 1889 4354; x_wconf 89' lang='lat' dir='ltr'><strong>nobis</strong></span> <span class='ocrx_word' id='word_1_573' title='bbox 1920 4300 1978 4355; x_wconf 88' lang='lat' dir='ltr'><strong>in</strong></span> <span class='ocrx_word' id='word_1_574' title='bbox 2008 4300 2330 4355; x_wconf 79' lang='lat' dir='ltr'><strong>memoriam</strong></span> <span class='ocrx_word' id='word_1_575' title='bbox 2366 4298 2624 4369; x_wconf 88' lang='lat' dir='ltr'><strong>redigunt</strong></span> <span class='ocrx_word' id='word_1_576' title='bbox 2655 4296 2963 4351; x_wconf 88' lang='lat' dir='ltr'><strong>Christum.</strong></span> <span class='ocrx_word' id='word_1_577' title='bbox 2998 4293 3158 4364; x_wconf 82' lang='lat' dir='ltr'><strong>Ipsus</strong></span> <span class='ocrx_word' id='word_1_578' title='bbox 3189 4293 3338 4346; x_wconf 88' lang='lat' dir='ltr'><strong>enim</strong></span> <span class='ocrx_word' id='word_1_579' title='bbox 3362 4303 3454 4348; x_wconf 77' lang='lat' dir='ltr'><strong>est</strong></span> <span class='ocrx_word' id='word_1_580' title='bbox 3484 4301 3605 4347; x_wconf 84' lang='lat' dir='ltr'><strong>tur-</strong></span> 
     </span>
    </p>
   </div>
   <div class='ocr_carea' id='block_1_55' title="bbox 349 4379 3608 4458">
    <p class='ocr_par' dir='ltr' id='par_1_55' title="bbox 349 4379 3608 4458">
     <span class='ocr_line' id='line_1_55' title="bbox 349 4379 3608 4458; baseline -0 -24"><span class='ocrx_word' id='word_1_581' title='bbox 349 4389 455 4444; x_wconf 91' lang='lat' dir='ltr'><strong>lur,</strong></span> <span class='ocrx_word' id='word_1_582' title='bbox 492 4396 615 4449; x_wconf 74' lang='lat' dir='ltr'><strong>qua:</strong></span> <span class='ocrx_word' id='word_1_583' title='bbox 654 4382 975 4437; x_wconf 85' lang='lat' dir='ltr'><strong>universum</strong></span> <span class='ocrx_word' id='word_1_584' title='bbox 1013 4383 1206 4437; x_wconf 88' lang='lat' dir='ltr'><strong>orbem</strong></span> <span class='ocrx_word' id='word_1_585' title='bbox 1243 4398 1343 4438; x_wconf 86' lang='lat' dir='ltr'><strong>sua</strong></span> <span class='ocrx_word' id='word_1_586' title='bbox 1377 4399 1509 4440; x_wconf 87' lang='lat' dir='ltr'><strong>voce</strong></span> <span class='ocrx_word' id='word_1_587' title='bbox 1547 4386 1870 4455; x_wconf 88' lang='lat' dir='ltr'><strong>complevit,</strong></span> <span class='ocrx_word' id='word_1_588' title='bbox 1906 4386 2071 4442; x_wconf 87' lang='lat' dir='ltr'><strong>sicuti</strong></span> <span class='ocrx_word' id='word_1_589' title='bbox 2108 4386 2311 4458; x_wconf 88' lang='lat' dir='ltr'><strong>legitur</strong></span> <span class='ocrx_word' id='word_1_590' title='bbox 2345 4386 2398 4440; x_wconf 91' lang='lat' dir='ltr'><strong>in</strong></span> <span class='ocrx_word' id='word_1_591' title='bbox 2434 4383 2684 4440; x_wconf 87' lang='lat' dir='ltr'><strong>Canticis</strong></span> <span class='ocrx_word' id='word_1_592' title='bbox 2720 4383 3068 4437; x_wconf 86' lang='lat' dir='ltr'><strong>canticorum</strong></span> <span class='ocrx_word' id='word_1_593' title='bbox 3106 4398 3120 4434; x_wconf 87' lang='lat'><strong>:</strong></span> <span class='ocrx_word' id='word_1_594' title='bbox 3158 4398 3176 4433; x_wconf 83' lang='grc' dir='ltr'><strong>ι</strong></span> <span class='ocrx_word' id='word_1_595' title='bbox 3209 4379 3328 4435; x_wconf 79' lang='lat' dir='ltr'><strong>Vox</strong></span> <span class='ocrx_word' id='word_1_596' title='bbox 3368 4384 3608 4438; x_wconf 85' lang='lat' dir='ltr'><strong>turturis</strong></span> 
     </span>
    </p>
   </div>
   <div class='ocr_carea' id='block_1_56' title="bbox 346 4467 3603 4543">
    <p class='ocr_par' dir='ltr' id='par_1_56' title="bbox 346 4467 3603 4543">
     <span class='ocr_line' id='line_1_56' title="bbox 346 4467 3603 4543; baseline 0.001 -21"><span class='ocrx_word' id='word_1_597' title='bbox 346 4469 535 4522; x_wconf 84' lang='lat' dir='ltr'><strong>audita</strong></span> <span class='ocrx_word' id='word_1_598' title='bbox 563 4476 649 4522; x_wconf 90' lang='lat' dir='ltr'><strong>est</strong></span> <span class='ocrx_word' id='word_1_599' title='bbox 676 4467 729 4520; x_wconf 89' lang='lat' dir='ltr'><strong>in</strong></span> <span class='ocrx_word' id='word_1_600' title='bbox 757 4475 903 4522; x_wconf 88' lang='lat' dir='ltr'><strong>terra</strong></span> <span class='ocrx_word' id='word_1_601' title='bbox 935 4475 1128 4522; x_wconf 89' lang='lat' dir='ltr'><strong>nostra</strong></span> <span class='ocrx_word' id='word_1_602' title='bbox 1149 4469 1214 4523; x_wconf 76' lang='lat'><strong>&quot;.</strong></span> <span class='ocrx_word' id='word_1_603' title='bbox 1251 4489 1270 4521; x_wconf 76' lang='grc' dir='ltr'><strong>ι</strong></span> <span class='ocrx_word' id='word_1_604' title='bbox 1302 4468 1456 4538; x_wconf 89' lang='lat' dir='ltr'><strong>Ipsus</strong></span> <span class='ocrx_word' id='word_1_605' title='bbox 1486 4484 1710 4541; x_wconf 89' lang='lat' dir='ltr'><strong>quoque</strong></span> <span class='ocrx_word' id='word_1_606' title='bbox 1739 4480 1825 4528; x_wconf 90' lang='lat' dir='ltr'><strong>est</strong></span> <span class='ocrx_word' id='word_1_607' title='bbox 1855 4473 2082 4528; x_wconf 79' lang='lat' dir='ltr'><strong>innoxia</strong></span> <span class='ocrx_word' id='word_1_608' title='bbox 2111 4482 2164 4528; x_wconf 89' lang='lat' dir='ltr'><strong>et</strong></span> <span class='ocrx_word' id='word_1_609' title='bbox 2194 4474 2644 4530; x_wconf 82' lang='lat' dir='ltr'><strong>mansuetissima</strong></span> <span class='ocrx_word' id='word_1_610' title='bbox 2675 4471 2935 4526; x_wconf 88' lang='lat' dir='ltr'><strong>columba</strong></span> <span class='ocrx_word' id='word_1_611' title='bbox 2963 4470 3272 4530; x_wconf 81' lang='lat' dir='ltr'><strong>secundum</strong></span> <span class='ocrx_word' id='word_1_612' title='bbox 3310 4470 3441 4525; x_wconf 88' lang='lat' dir='ltr'><strong>illud</strong></span> <span class='ocrx_word' id='word_1_613' title='bbox 3473 4487 3603 4543; x_wconf 86' lang='lat' dir='ltr'><strong>pro-</strong></span> 
     </span>
    </p>
   </div>
   <div class='ocr_carea' id='block_1_57' title="bbox 350 4553 3604 4631">
    <p class='ocr_par' dir='ltr' id='par_1_57' title="bbox 350 4553 3604 4631">
     <span class='ocr_line' id='line_1_57' title="bbox 350 4553 3604 4631; baseline 0.002 -23"><span class='ocrx_word' id='word_1_614' title='bbox 350 4555 598 4623; x_wconf 88' lang='lat' dir='ltr'><strong>loquium</strong></span> <span class='ocrx_word' id='word_1_615' title='bbox 632 4572 644 4607; x_wconf 87' lang='lat'><strong>:</strong></span> <span class='ocrx_word' id='word_1_616' title='bbox 685 4572 705 4604; x_wconf 78' lang='grc' dir='ltr'><strong>ι</strong></span> <span class='ocrx_word' id='word_1_617' title='bbox 746 4553 952 4608; x_wconf 84' lang='lat' dir='ltr'><strong>Discite</strong></span> <span class='ocrx_word' id='word_1_618' title='bbox 980 4570 1010 4608; x_wconf 89' lang='lat' dir='ltr'><strong>a</strong></span> <span class='ocrx_word' id='word_1_619' title='bbox 1044 4569 1162 4618; x_wconf 87' lang='lat' dir='ltr'><strong>me,</strong></span> <span class='ocrx_word' id='word_1_620' title='bbox 1195 4557 1325 4625; x_wconf 89' lang='lat' dir='ltr'><strong>quia</strong></span> <span class='ocrx_word' id='word_1_621' title='bbox 1360 4556 1612 4627; x_wconf 86' lang='lat' dir='ltr'><strong>placidus</strong></span> <span class='ocrx_word' id='word_1_622' title='bbox 1644 4557 1800 4629; x_wconf 87' lang='lat' dir='ltr'><strong>(sive</strong></span> <span class='ocrx_word' id='word_1_623' title='bbox 1830 4561 1977 4616; x_wconf 89' lang='lat' dir='ltr'><strong>mitis</strong></span> <span class='ocrx_word' id='word_1_624' title='bbox 2009 4563 2201 4631; x_wconf 84' lang='lat' dir='ltr'><strong>sum),</strong></span> <span class='ocrx_word' id='word_1_625' title='bbox 2232 4571 2288 4619; x_wconf 91' lang='lat' dir='ltr'><strong>ct</strong></span> <span class='ocrx_word' id='word_1_626' title='bbox 2327 4562 2557 4618; x_wconf 88' lang='lat' dir='ltr'><strong>humilis</strong></span> <span class='ocrx_word' id='word_1_627' title='bbox 2591 4561 2757 4616; x_wconf 89' lang='lat' dir='ltr'><strong>corde</strong></span> <span class='ocrx_word' id='word_1_628' title='bbox 2783 4560 2850 4613; x_wconf 84' lang='grc'><strong>³⁸.</strong></span> <span class='ocrx_word' id='word_1_629' title='bbox 2892 4579 2910 4611; x_wconf 75' lang='grc' dir='ltr'><strong>ι</strong></span> <span class='ocrx_word' id='word_1_630' title='bbox 2945 4558 3106 4616; x_wconf 86' lang='lat' dir='ltr'><strong>Tales</strong></span> <span class='ocrx_word' id='word_1_631' title='bbox 3137 4569 3267 4616; x_wconf 91' lang='lat' dir='ltr'><strong>sunt</strong></span> <span class='ocrx_word' id='word_1_632' title='bbox 3296 4566 3352 4614; x_wconf 88' lang='lat' dir='ltr'><strong>et</strong></span> <span class='ocrx_word' id='word_1_633' title='bbox 3382 4561 3604 4623; x_wconf 89' lang='lat' dir='ltr'><strong>sancti,</strong></span> 
     </span>
    </p>
   </div>
   <div class='ocr_carea' id='block_1_58' title="bbox 347 4640 3606 4715">
    <p class='ocr_par' dir='ltr' id='par_1_58' title="bbox 347 4640 3606 4715">
     <span class='ocr_line' id='line_1_58' title="bbox 347 4640 3606 4715; baseline 0.002 -21"><span class='ocrx_word' id='word_1_634' title='bbox 347 4641 595 4695; x_wconf 85' lang='lat' dir='ltr'><strong>dicentes</strong></span> <span class='ocrx_word' id='word_1_635' title='bbox 627 4658 641 4695; x_wconf 91' lang='lat'><strong>:</strong></span> <span class='ocrx_word' id='word_1_636' title='bbox 683 4659 701 4694; x_wconf 82' lang='grc' dir='ltr'><strong>ι</strong></span> <span class='ocrx_word' id='word_1_637' title='bbox 743 4640 954 4711; x_wconf 82' lang='lat' dir='ltr'><strong>Lingua</strong></span> <span class='ocrx_word' id='word_1_638' title='bbox 987 4656 1107 4697; x_wconf 88' lang='lat' dir='ltr'><strong>mea</strong></span> <span class='ocrx_word' id='word_1_639' title='bbox 1138 4643 1495 4698; x_wconf 86' lang='lat' dir='ltr'><strong>meditabitur</strong></span> <span class='ocrx_word' id='word_1_640' title='bbox 1520 4646 1820 4714; x_wconf 87' lang='lat' dir='ltr'><strong>justitiam,</strong></span> <span class='ocrx_word' id='word_1_641' title='bbox 1854 4657 1907 4703; x_wconf 84' lang='lat' dir='ltr'><strong>et</strong></span> <span class='ocrx_word' id='word_1_642' title='bbox 1937 4658 2050 4705; x_wconf 87' lang='lat' dir='ltr'><strong>toto</strong></span> <span class='ocrx_word' id='word_1_643' title='bbox 2079 4649 2168 4706; x_wconf 89' lang='lat' dir='ltr'><strong>die</strong></span> <span class='ocrx_word' id='word_1_644' title='bbox 2196 4650 2419 4704; x_wconf 86' lang='lat' dir='ltr'><strong>laudem</strong></span> <span class='ocrx_word' id='word_1_645' title='bbox 2455 4660 2608 4704; x_wconf 89' lang='lat' dir='ltr'><strong>tuam</strong></span> <span class='ocrx_word' id='word_1_646' title='bbox 2632 4648 2712 4715; x_wconf 80' lang='grc'><strong>⁸⁸;</strong></span> <span class='ocrx_word' id='word_1_647' title='bbox 2750 4668 2768 4700; x_wconf 74' lang='grc' dir='ltr'><strong>ι</strong></span> <span class='ocrx_word' id='word_1_648' title='bbox 2806 4657 2861 4704; x_wconf 91' lang='lat' dir='ltr'><strong>et</strong></span> <span class='ocrx_word' id='word_1_649' title='bbox 2884 4648 3193 4704; x_wconf 86' lang='lat' dir='ltr'><strong>volentibus</strong></span> <span class='ocrx_word' id='word_1_650' title='bbox 3226 4649 3439 4703; x_wconf 68' lang='lat' dir='ltr'><strong>caedere</strong></span> <span class='ocrx_word' id='word_1_651' title='bbox 3470 4647 3606 4703; x_wconf 78' lang='lat' dir='ltr'><strong>dex-</strong></span> 
     </span>
    </p>
   </div>
   <div class='ocr_carea' id='block_1_59' title="bbox 350 4727 3609 4807">
    <p class='ocr_par' dir='ltr' id='par_1_59' title="bbox 350 4727 3609 4807">
     <span class='ocr_line' id='line_1_59' title="bbox 350 4727 3609 4807; baseline 0.003 -26"><span class='ocrx_word' id='word_1_652' title='bbox 350 4735 492 4781; x_wconf 87' lang='lat' dir='ltr'><strong>tram</strong></span> <span class='ocrx_word' id='word_1_653' title='bbox 526 4730 771 4799; x_wconf 84' lang='lat' dir='ltr'><strong>praebent</strong></span> <span class='ocrx_word' id='word_1_654' title='bbox 802 4730 1085 4785; x_wconf 88' lang='lat' dir='ltr'><strong>sinistram</strong></span> <span class='ocrx_word' id='word_1_655' title='bbox 1119 4727 1377 4802; x_wconf 79' lang='lat' dir='ltr'><strong>queque;</strong></span> <span class='ocrx_word' id='word_1_656' title='bbox 1410 4733 1456 4786; x_wconf 91' lang='lat' dir='ltr'><strong>si</strong></span> <span class='ocrx_word' id='word_1_657' title='bbox 1485 4733 1611 4802; x_wconf 91' lang='lat' dir='ltr'><strong>quis</strong></span> <span class='ocrx_word' id='word_1_658' title='bbox 1641 4733 1794 4803; x_wconf 91' lang='lat' dir='ltr'><strong>ipsos</strong></span> <span class='ocrx_word' id='word_1_659' title='bbox 1824 4736 2077 4807; x_wconf 80' lang='lat' dir='ltr'><strong>adegerit</strong></span> <span class='ocrx_word' id='word_1_660' title='bbox 2102 4738 2170 4794; x_wconf 86' lang='lat' dir='ltr'><strong>ad</strong></span> <span class='ocrx_word' id='word_1_661' title='bbox 2204 4739 2443 4795; x_wconf 89' lang='lat' dir='ltr'><strong>milliare</strong></span> <span class='ocrx_word' id='word_1_662' title='bbox 2474 4753 2671 4799; x_wconf 88' lang='lat' dir='ltr'><strong>unum,</strong></span> <span class='ocrx_word' id='word_1_663' title='bbox 2699 4736 2906 4792; x_wconf 87' lang='lat' dir='ltr'><strong>abeunt</strong></span> <span class='ocrx_word' id='word_1_664' title='bbox 2936 4752 3059 4790; x_wconf 91' lang='lat' dir='ltr'><strong>cum</strong></span> <span class='ocrx_word' id='word_1_665' title='bbox 3095 4737 3190 4791; x_wconf 91' lang='lat' dir='ltr'><strong>illo</strong></span> <span class='ocrx_word' id='word_1_666' title='bbox 3217 4736 3349 4791; x_wconf 90' lang='lat' dir='ltr'><strong>duo.</strong></span> <span class='ocrx_word' id='word_1_667' title='bbox 3379 4736 3461 4791; x_wconf 83' lang='lat' dir='ltr'><strong>Ad</strong></span> <span class='ocrx_word' id='word_1_668' title='bbox 3493 4737 3609 4791; x_wconf 72' lang='lat' dir='ltr'><strong>haec</strong></span> 
     </span>
    </p>
   </div>
   <div class='ocr_carea' id='block_1_60' title="bbox 356 4818 3607 4897">
    <p class='ocr_par' dir='ltr' id='par_1_60' title="bbox 356 4818 3607 4897">
     <span class='ocr_line' id='line_1_60' title="bbox 356 4818 3607 4897; baseline 0.004 -28"><span class='ocrx_word' id='word_1_669' title='bbox 356 4826 571 4885; x_wconf 88' lang='lat' dir='ltr'><strong>ponunt</strong></span> <span class='ocrx_word' id='word_1_670' title='bbox 603 4826 771 4889; x_wconf 89' lang='lat' dir='ltr'><strong>caput</strong></span> <span class='ocrx_word' id='word_1_671' title='bbox 802 4828 1094 4874; x_wconf 89' lang='lat' dir='ltr'><strong>contusum</strong></span> <span class='ocrx_word' id='word_1_672' title='bbox 1128 4818 1185 4872; x_wconf 91' lang='lat' dir='ltr'><strong>in</strong></span> <span class='ocrx_word' id='word_1_673' title='bbox 1218 4833 1369 4874; x_wconf 87' lang='lat' dir='ltr'><strong>aram</strong></span> <span class='ocrx_word' id='word_1_674' title='bbox 1401 4819 1642 4875; x_wconf 89' lang='lat' dir='ltr'><strong>Domini.</strong></span> <span class='ocrx_word' id='word_1_675' title='bbox 1678 4822 1962 4894; x_wconf 88' lang='lat' dir='ltr'><strong>Siquidem</strong></span> <span class='ocrx_word' id='word_1_676' title='bbox 1999 4827 2158 4882; x_wconf 87' lang='lat' dir='ltr'><strong>bovis</strong></span> <span class='ocrx_word' id='word_1_677' title='bbox 2188 4834 2243 4884; x_wconf 90' lang='lat' dir='ltr'><strong>et</strong></span> <span class='ocrx_word' id='word_1_678' title='bbox 2275 4828 2401 4887; x_wconf 59' lang='lat' dir='ltr'><strong>ovis,</strong></span> <span class='ocrx_word' id='word_1_679' title='bbox 2432 4835 2611 4896; x_wconf 64' lang='lat' dir='ltr'><strong>caput</strong></span> <span class='ocrx_word' id='word_1_680' title='bbox 2630 4833 2682 4880; x_wconf 89' lang='lat' dir='ltr'><strong>et</strong></span> <span class='ocrx_word' id='word_1_681' title='bbox 2717 4825 2993 4897; x_wconf 89' lang='lat' dir='ltr'><strong>pinguedo</strong></span> <span class='ocrx_word' id='word_1_682' title='bbox 3023 4826 3391 4880; x_wconf 73' lang='lat' dir='ltr'><strong>committitur</strong></span> <span class='ocrx_word' id='word_1_683' title='bbox 3422 4826 3607 4882; x_wconf 85' lang='lat' dir='ltr'><strong>altari.</strong></span> 
     </span>
    </p>
   </div>
   <div class='ocr_carea' id='block_1_61' title="bbox 350 4902 3606 4985">
    <p class='ocr_par' dir='ltr' id='par_1_61' title="bbox 350 4902 3606 4985">
     <span class='ocr_line' id='line_1_61' title="bbox 350 4902 3606 4985; baseline 0.003 -28"><span class='ocrx_word' id='word_1_684' title='bbox 350 4902 625 4959; x_wconf 71' lang='lat' dir='ltr'><strong>Caeterum</strong></span> <span class='ocrx_word' id='word_1_685' title='bbox 659 4919 1004 4976; x_wconf 73' lang='lat' dir='ltr'><strong>quaecunque</strong></span> <span class='ocrx_word' id='word_1_686' title='bbox 1032 4909 1086 4961; x_wconf 89' lang='lat' dir='ltr'><strong>in</strong></span> <span class='ocrx_word' id='word_1_687' title='bbox 1116 4907 1277 4962; x_wconf 85' lang='lat' dir='ltr'><strong>nobis</strong></span> <span class='ocrx_word' id='word_1_688' title='bbox 1305 4922 1432 4977; x_wconf 88' lang='lat' dir='ltr'><strong>pars</strong></span> <span class='ocrx_word' id='word_1_689' title='bbox 1462 4910 1930 4979; x_wconf 88' lang='lat' dir='ltr'><strong>principalissima</strong></span> <span class='ocrx_word' id='word_1_690' title='bbox 1963 4922 2050 4969; x_wconf 88' lang='lat' dir='ltr'><strong>est</strong></span> <span class='ocrx_word' id='word_1_691' title='bbox 2076 4921 2132 4969; x_wconf 86' lang='lat' dir='ltr'><strong>et</strong></span> <span class='ocrx_word' id='word_1_692' title='bbox 2163 4915 2394 4985; x_wconf 87' lang='lat' dir='ltr'><strong>reliquis</strong></span> <span class='ocrx_word' id='word_1_693' title='bbox 2429 4914 2712 4983; x_wconf 89' lang='lat' dir='ltr'><strong>imperitat</strong></span> <span class='ocrx_word' id='word_1_694' title='bbox 2732 4928 2842 4976; x_wconf 71' lang='lat' dir='ltr'><strong>,~ea</strong></span> <span class='ocrx_word' id='word_1_695' title='bbox 2872 4913 2958 4967; x_wconf 89' lang='lat' dir='ltr'><strong>vel</strong></span> <span class='ocrx_word' id='word_1_696' title='bbox 2992 4913 3267 4983; x_wconf 86' lang='lat' dir='ltr'><strong>imprimis</strong></span> <span class='ocrx_word' id='word_1_697' title='bbox 3303 4914 3606 4968; x_wconf 80' lang='lat' dir='ltr'><strong>dedicanda</strong></span> 
     </span>
    </p>
   </div>
   <div class='ocr_carea' id='block_1_62' title="bbox 350 4992 3606 5071">
    <p class='ocr_par' dir='ltr' id='par_1_62' title="bbox 350 4992 3606 5071">
     <span class='ocr_line' id='line_1_62' title="bbox 350 4992 3606 5071; baseline 0.003 -23"><span class='ocrx_word' id='word_1_698' title='bbox 350 5002 437 5048; x_wconf 88' lang='lat' dir='ltr'><strong>est</strong></span> <span class='ocrx_word' id='word_1_699' title='bbox 473 4992 605 5048; x_wconf 91' lang='lat' dir='ltr'><strong>Deo.</strong></span> <span class='ocrx_word' id='word_1_700' title='bbox 643 4992 778 5047; x_wconf 86' lang='lat' dir='ltr'><strong>Nam</strong></span> <span class='ocrx_word' id='word_1_701' title='bbox 820 4996 1189 5066; x_wconf 80' lang='lat' dir='ltr'><strong>cogitationes</strong></span> <span class='ocrx_word' id='word_1_702' title='bbox 1218 4996 1494 5066; x_wconf 89' lang='lat' dir='ltr'><strong>justorum</strong></span> <span class='ocrx_word' id='word_1_703' title='bbox 1532 5007 1661 5053; x_wconf 90' lang='lat' dir='ltr'><strong>sunt</strong></span> <span class='ocrx_word' id='word_1_704' title='bbox 1691 4998 1898 5069; x_wconf 79' lang='lat' dir='ltr'><strong>judicia</strong></span> <span class='ocrx_word' id='word_1_705' title='bbox 1925 5000 1968 5032; x_wconf 85' lang='grc'><strong>³⁷</strong></span> <span class='ocrx_word' id='word_1_706' title='bbox 2006 5019 2018 5054; x_wconf 91' lang='lat'><strong>:</strong></span> <span class='ocrx_word' id='word_1_707' title='bbox 2056 5010 2110 5058; x_wconf 88' lang='lat' dir='ltr'><strong>et</strong></span> <span class='ocrx_word' id='word_1_708' title='bbox 2154 5000 2454 5071; x_wconf 85' lang='lat' dir='ltr'><strong>pinguedo,</strong></span> <span class='ocrx_word' id='word_1_709' title='bbox 2489 5014 2612 5070; x_wconf 85' lang='lat' dir='ltr'><strong>quae</strong></span> <span class='ocrx_word' id='word_1_710' title='bbox 2648 5000 2878 5054; x_wconf 87' lang='lat' dir='ltr'><strong>virtutis</strong></span> <span class='ocrx_word' id='word_1_711' title='bbox 2915 5008 3077 5070; x_wconf 84' lang='lat' dir='ltr'><strong>typus</strong></span> <span class='ocrx_word' id='word_1_712' title='bbox 3111 5010 3216 5065; x_wconf 81' lang='lat' dir='ltr'><strong>est,</strong></span> <span class='ocrx_word' id='word_1_713' title='bbox 3258 5002 3509 5055; x_wconf 87' lang='lat' dir='ltr'><strong>nascitur</strong></span> <span class='ocrx_word' id='word_1_714' title='bbox 3542 5018 3606 5057; x_wconf 70' lang='lat' dir='ltr'><strong>ex</strong></span> 
     </span>
    </p>
   </div>
   <div class='ocr_carea' id='block_1_63' title="bbox 348 5079 3609 5157">
    <p class='ocr_par' dir='ltr' id='par_1_63' title="bbox 348 5079 3609 5157">
     <span class='ocr_line' id='line_1_63' title="bbox 348 5079 3609 5157; baseline 0.003 -23"><span class='ocrx_word' id='word_1_715' title='bbox 348 5079 581 5149; x_wconf 84' lang='lat' dir='ltr'><strong>Optimo,</strong></span> <span class='ocrx_word' id='word_1_716' title='bbox 606 5094 720 5151; x_wconf 90' lang='lat' dir='ltr'><strong>quo</strong></span> <span class='ocrx_word' id='word_1_717' title='bbox 745 5084 1047 5152; x_wconf 87' lang='lat' dir='ltr'><strong>pascimur,</strong></span> <span class='ocrx_word' id='word_1_718' title='bbox 1077 5084 1363 5140; x_wconf 86' lang='lat' dir='ltr'><strong>alimento.</strong></span> <span class='ocrx_word' id='word_1_719' title='bbox 1393 5084 1675 5154; x_wconf 76' lang='lat' dir='ltr'><strong>l&#39;inguedo</strong></span> <span class='ocrx_word' id='word_1_720' title='bbox 1700 5086 1972 5155; x_wconf 88' lang='lat' dir='ltr'><strong>siquidem</strong></span> <span class='ocrx_word' id='word_1_721' title='bbox 1997 5088 2225 5144; x_wconf 68' lang='lat' dir='ltr'><strong>effectus</strong></span> <span class='ocrx_word' id='word_1_722' title='bbox 2247 5095 2333 5142; x_wconf 90' lang='lat' dir='ltr'><strong>est</strong></span> <span class='ocrx_word' id='word_1_723' title='bbox 2353 5086 2549 5157; x_wconf 89' lang='lat' dir='ltr'><strong>optimi</strong></span> <span class='ocrx_word' id='word_1_724' title='bbox 2577 5086 2847 5141; x_wconf 86' lang='lat' dir='ltr'><strong>alimenti.</strong></span> <span class='ocrx_word' id='word_1_725' title='bbox 2876 5084 3083 5141; x_wconf 84' lang='lat' dir='ltr'><strong>Horum</strong></span> <span class='ocrx_word' id='word_1_726' title='bbox 3112 5085 3281 5157; x_wconf 82' lang='lat' dir='ltr'><strong>igitur</strong></span> <span class='ocrx_word' id='word_1_727' title='bbox 3305 5088 3413 5141; x_wconf 85' lang='lat' dir='ltr'><strong>vita</strong></span> <span class='ocrx_word' id='word_1_728' title='bbox 3441 5089 3609 5144; x_wconf 85' lang='lat' dir='ltr'><strong>etiam</strong></span> 
     </span>
    </p>
   </div>
   <div class='ocr_carea' id='block_1_64' title="bbox 349 5169 2015 5244">
    <p class='ocr_par' dir='ltr' id='par_1_64' title="bbox 349 5169 2015 5244">
     <span class='ocr_line' id='line_1_64' title="bbox 349 5169 2015 5244; baseline 0.005 -21"><span class='ocrx_word' id='word_1_729' title='bbox 349 5178 541 5223; x_wconf 84' lang='lat' dir='ltr'><strong>sancta</strong></span> <span class='ocrx_word' id='word_1_730' title='bbox 572 5169 917 5239; x_wconf 85' lang='lat' dir='ltr'><strong>perhibetur,</strong></span> <span class='ocrx_word' id='word_1_731' title='bbox 947 5179 1006 5225; x_wconf 91' lang='lat' dir='ltr'><strong>ut</strong></span> <span class='ocrx_word' id='word_1_732' title='bbox 1038 5173 1293 5242; x_wconf 87' lang='lat' dir='ltr'><strong>perhibet</strong></span> <span class='ocrx_word' id='word_1_733' title='bbox 1324 5174 1553 5244; x_wconf 84' lang='lat' dir='ltr'><strong>sanguis</strong></span> <span class='ocrx_word' id='word_1_734' title='bbox 1587 5174 1748 5228; x_wconf 86' lang='lat' dir='ltr'><strong>altari</strong></span> <span class='ocrx_word' id='word_1_735' title='bbox 1784 5175 2015 5231; x_wconf 76' lang='lat' dir='ltr'><strong>all‘usus.</strong></span> 
     </span>
    </p>
   </div>
   <div class='ocr_carea' id='block_1_65' title="bbox 420 5342 2003 5411">
    <p class='ocr_par' dir='ltr' id='par_1_65' title="bbox 420 5342 1987 5411">
     <span class='ocr_line' id='line_1_65' title="bbox 420 5342 1987 5411; baseline 0.003 -13"><span class='ocrx_word' id='word_1_736' title='bbox 420 5342 467 5375; x_wconf 74' lang='lat'><strong>&quot;</strong></span> <span class='ocrx_word' id='word_1_737' title='bbox 496 5343 514 5398; x_wconf 92' lang='grc'><strong>1</strong></span> <span class='ocrx_word' id='word_1_738' title='bbox 543 5344 671 5400; x_wconf 91' lang='lat' dir='ltr'><strong>Cor.</strong></span> <span class='ocrx_word' id='word_1_739' title='bbox 700 5345 849 5405; x_wconf 79' lang='lat' dir='ltr'><strong>tx.9.</strong></span> <span class='ocrx_word' id='word_1_740' title='bbox 905 5348 950 5380; x_wconf 81' lang='lat'><strong>”</strong></span> <span class='ocrx_word' id='word_1_741' title='bbox 981 5346 1085 5403; x_wconf 83' lang='lat' dir='ltr'><strong>lsa.</strong></span> <span class='ocrx_word' id='word_1_742' title='bbox 1120 5362 1237 5409; x_wconf 83' lang='lat' dir='ltr'><strong>thl,</strong></span> <span class='ocrx_word' id='word_1_743' title='bbox 1263 5347 1313 5401; x_wconf 83' lang='lat'><strong>7.</strong></span> <span class='ocrx_word' id='word_1_744' title='bbox 1370 5348 1414 5379; x_wconf 86' lang='grc'>³⁰</span> <span class='ocrx_word' id='word_1_745' title='bbox 1446 5346 1647 5401; x_wconf 70' lang='lat' dir='ltr'><strong>tet-em.</strong></span> <span class='ocrx_word' id='word_1_746' title='bbox 1679 5364 1753 5411; x_wconf 77' lang='lat' dir='ltr'><strong>xi,</strong></span> <span class='ocrx_word' id='word_1_747' title='bbox 1791 5348 1876 5403; x_wconf 84' lang='lat' dir='ltr'><strong>l9.</strong></span> <span class='ocrx_word' id='word_1_748' title='bbox 1943 5349 1987 5380; x_wconf 79' lang='grc'>⁸¹</span> 
     </span>
    </p>
   </div>
   <div class='ocr_carea' id='block_1_66' title="bbox 2020 5342 3603 5411">
    <p class='ocr_par' dir='ltr' id='par_1_66' title="bbox 2020 5345 3603 5409">
     <span class='ocr_line' id='line_1_66' title="bbox 2020 5345 3603 5409; baseline 0.001 -10"><span class='ocrx_word' id='word_1_749' title='bbox 2020 5348 2160 5402; x_wconf 78' lang='lat' dir='ltr'><strong>Psal.</strong></span> <span class='ocrx_word' id='word_1_750' title='bbox 2200 5365 2363 5406; x_wconf 67' lang='lat' dir='ltr'><strong>mut.</strong></span> <span class='ocrx_word' id='word_1_751' title='bbox 2390 5353 2438 5403; x_wconf 68' lang='grc' dir='ltr'><strong>τε.</strong></span> <span class='ocrx_word' id='word_1_752' title='bbox 2524 5349 2573 5380; x_wconf 71' lang='grc'><strong>³⁸</strong></span> <span class='ocrx_word' id='word_1_753' title='bbox 2605 5346 2776 5402; x_wconf 74' lang='lat' dir='ltr'><strong>Exod.</strong></span> <span class='ocrx_word' id='word_1_754' title='bbox 2803 5364 2972 5409; x_wconf 67' lang='grc' dir='ltr'>χχχιι,</span> <span class='ocrx_word' id='word_1_755' title='bbox 3003 5345 3088 5401; x_wconf 72' lang='lat' dir='ltr'><strong>lt).</strong></span> <span class='ocrx_word' id='word_1_756' title='bbox 3148 5348 3193 5379; x_wconf 83' lang='grc'>³³</span> <span class='ocrx_word' id='word_1_757' title='bbox 3226 5346 3390 5404; x_wconf 79' lang='lat' dir='ltr'><strong>Joan.</strong></span> <span class='ocrx_word' id='word_1_758' title='bbox 3424 5364 3479 5408; x_wconf 70' lang='grc' dir='ltr'><strong>κ.</strong></span> <span class='ocrx_word' id='word_1_759' title='bbox 3520 5349 3603 5401; x_wconf 77' lang='lat' dir='ltr'><strong>l6.</strong></span> 
     </span>
    </p>
   </div>
   <div class='ocr_carea' id='block_1_67' title="bbox 351 5411 1934 5483">
    <p class='ocr_par' dir='ltr' id='par_1_67' title="bbox 351 5411 1929 5483">
     <span class='ocr_line' id='line_1_67' title="bbox 351 5411 1929 5483; baseline -0.001 -11"><span class='ocrx_word' id='word_1_760' title='bbox 351 5411 404 5450; x_wconf 70' lang='grc'><strong>³⁸</strong></span> <span class='ocrx_word' id='word_1_761' title='bbox 434 5411 596 5472; x_wconf 87' lang='lat' dir='ltr'><strong>Cant.</strong></span> <span class='ocrx_word' id='word_1_762' title='bbox 624 5432 686 5480; x_wconf 85' lang='lat' dir='ltr'><strong>tl,</strong></span> <span class='ocrx_word' id='word_1_763' title='bbox 720 5416 810 5472; x_wconf 76' lang='grc'><strong>12.</strong></span> <span class='ocrx_word' id='word_1_764' title='bbox 886 5417 930 5450; x_wconf 83' lang='grc'>³⁸</span> <span class='ocrx_word' id='word_1_765' title='bbox 969 5417 1162 5472; x_wconf 76' lang='lat' dir='ltr'><strong>Matth.</strong></span> <span class='ocrx_word' id='word_1_766' title='bbox 1195 5433 1271 5482; x_wconf 72' lang='lat' dir='ltr'><strong>XI,</strong></span> <span class='ocrx_word' id='word_1_767' title='bbox 1304 5417 1394 5473; x_wconf 69' lang='lat'><strong>29.</strong></span> <span class='ocrx_word' id='word_1_768' title='bbox 1474 5418 1517 5448; x_wconf 68' lang='grc'><strong>³⁵</strong></span> <span class='ocrx_word' id='word_1_769' title='bbox 1560 5419 1707 5474; x_wconf 80' lang='lat' dir='ltr'><strong>l’sal.</strong></span> <span class='ocrx_word' id='word_1_770' title='bbox 1742 5435 1866 5483; x_wconf 71' lang='lat' dir='ltr'><strong>ixx,</strong></span> <span class='ocrx_word' id='word_1_771' title='bbox 1895 5419 1929 5470; x_wconf 74' lang='lat'><strong>9.</strong></span> 
     </span>
    </p>
   </div>
   <div class='ocr_carea' id='block_1_68' title="bbox 1401 5411 2984 5483">
    <p class='ocr_par' dir='ltr' id='par_1_68' title="bbox 1474 5416 2529 5483">
     <span class='ocr_line' id='line_1_68' title="bbox 1474 5416 2529 5483; baseline 0.003 -13"><span class='ocrx_word' id='word_1_772' title='bbox 1474 5418 1517 5448; x_wconf 68' lang='grc'><strong>³⁵</strong></span> <span class='ocrx_word' id='word_1_773' title='bbox 1560 5419 1707 5474; x_wconf 80' lang='lat' dir='ltr'><strong>l’sal.</strong></span> <span class='ocrx_word' id='word_1_774' title='bbox 1742 5435 1866 5483; x_wconf 71' lang='lat' dir='ltr'><strong>ixx,</strong></span> <span class='ocrx_word' id='word_1_775' title='bbox 1895 5416 1989 5471; x_wconf 59' lang='lat'><strong>2-5.</strong></span> <span class='ocrx_word' id='word_1_776' title='bbox 2065 5420 2108 5450; x_wconf 88' lang='grc'><strong>³⁷</strong></span> <span class='ocrx_word' id='word_1_777' title='bbox 2154 5419 2313 5472; x_wconf 61' lang='lat' dir='ltr'><strong>Prov.</strong></span> <span class='ocrx_word' id='word_1_778' title='bbox 2349 5435 2442 5483; x_wconf 84' lang='lat' dir='ltr'><strong>xu,</strong></span> <span class='ocrx_word' id='word_1_779' title='bbox 2476 5419 2529 5473; x_wconf 82' lang='grc'><strong>5.</strong></span> 
     </span>
    </p>
   </div>
   <div class='ocr_carea' id='block_1_69' title="bbox 1866 5531 2098 5585">
    <p class='ocr_par' dir='ltr' id='par_1_69' title="bbox 1866 5531 2098 5585">
     <span class='ocr_line' id='line_1_69' title="bbox 1866 5531 2098 5585; baseline 0 0"><span class='ocrx_word' id='word_1_780' title='bbox 1866 5531 2098 5585; x_wconf 65' lang='lat' dir='ltr'><strong>NOTAE.</strong></span> 
     </span>
    </p>
   </div>
   <div class='ocr_carea' id='block_1_70' title="bbox 421 5622 3603 5708">
    <p class='ocr_par' dir='ltr' id='par_1_70' title="bbox 421 5622 3603 5708">
     <span class='ocr_line' id='line_1_70' title="bbox 421 5622 3603 5708; baseline 0 0"><span class='ocrx_word' id='word_1_781' title='bbox 421 5627 1088 5708; x_wconf 58' lang='lat' dir='ltr'><strong>(!l_§9d§€°°_at-.f01=ﬁ=</strong></span> <span class='ocrx_word' id='word_1_782' title='bbox 1118 5626 1414 5708; x_wconf 56' lang='grc' dir='ltr'><strong>ἐκέδγορειτξδ-</strong></span> <span class='ocrx_word' id='word_1_783' title='bbox 1605 5698 1615 5708; x_wconf 86' lang='grc'>.</span> <span class='ocrx_word' id='word_1_784' title='bbox 1683 5693 1708 5708; x_wconf 82' lang='lat'><strong>..</strong></span> <span class='ocrx_word' id='word_1_785' title='bbox 1820 5695 1873 5708; x_wconf 79' lang='lat'><strong>.-</strong></span> <span class='ocrx_word' id='word_1_786' title='bbox 2043 5626 2283 5708; x_wconf 50' lang='grc' dir='ltr'><strong>...(³)Τά</strong></span> <span class='ocrx_word' id='word_1_787' title='bbox 2319 5626 2545 5708; x_wconf 46' lang='lat' dir='ltr'><strong>sese);</strong></span> <span class='ocrx_word' id='word_1_788' title='bbox 2580 5627 2639 5708; x_wconf 61' lang='grc' dir='ltr'><strong>ἐς(</strong></span> <span class='ocrx_word' id='word_1_789' title='bbox 2806 5626 2904 5695; x_wconf 78' lang='grc' dir='ltr'><strong>τῆς</strong></span> <span class='ocrx_word' id='word_1_790' title='bbox 2938 5624 3075 5708; x_wconf 54' lang='grc' dir='ltr'><strong>ἑὺγς</strong></span> <span class='ocrx_word' id='word_1_791' title='bbox 3133 5622 3363 5708; x_wconf 48' lang='lat' dir='ltr'><strong>reis?</strong></span> <span class='ocrx_word' id='word_1_792' title='bbox 3407 5624 3603 5708; x_wconf 61' lang='grc' dir='ltr'><strong>κεῖτῖιο</strong></span> 
     </span>
    </p>
   </div>
   <div class='ocr_carea' id='block_1_71' title="bbox 423 5692 2006 5769">
    <p class='ocr_par' dir='ltr' id='par_1_71' title="bbox 423 5692 1921 5769">
     <span class='ocr_line' id='line_1_71' title="bbox 423 5692 1921 5769; baseline -0.003 -17"><span class='ocrx_word' id='word_1_793' title='bbox 423 5692 629 5769; x_wconf 63' lang='grc' dir='ltr'><strong>(ἓγΤὸν</strong></span> <span class='ocrx_word' id='word_1_794' title='bbox 652 5692 713 5754; x_wconf 67' lang='grc' dir='ltr'><em>ἐκ</em></span> <span class='ocrx_word' id='word_1_795' title='bbox 740 5701 840 5768; x_wconf 68' lang='grc' dir='ltr'><strong>τῆς</strong></span> <span class='ocrx_word' id='word_1_796' title='bbox 881 5692 1235 5769; x_wconf 58' lang='grc' dir='ltr'><strong>Ἱερσόσαλὴίὶ.</strong></span> <span class='ocrx_word' id='word_1_797' title='bbox 1267 5697 1483 5760; x_wconf 70' lang='grc' dir='ltr'><strong>ἐξιέναι,</strong></span> <span class='ocrx_word' id='word_1_798' title='bbox 1532 5698 1625 5749; x_wconf 64' lang='grc' dir='ltr'><strong>καὶ</strong></span> <span class='ocrx_word' id='word_1_799' title='bbox 1653 5693 1765 5749; x_wconf 64' lang='grc' dir='ltr'>οῗον</span> <span class='ocrx_word' id='word_1_800' title='bbox 1820 5695 1921 5761; x_wconf 76' lang='grc' dir='ltr'><strong>ἔξω</strong></span> 
     </span>
    </p>
   </div>
   <div class='ocr_carea' id='block_1_72' title="bbox 2025 5692 3608 5769">
    <p class='ocr_par' dir='ltr' id='par_1_72' title="bbox 2043 5692 3608 5769">
     <span class='ocr_line' id='line_1_72' title="bbox 2043 5692 3608 5769; baseline 0.001 -22"><span class='ocrx_word' id='word_1_801' title='bbox 2043 5697 2130 5769; x_wconf 69' lang='grc' dir='ltr'><strong>ζιςν</strong></span> <span class='ocrx_word' id='word_1_802' title='bbox 2160 5695 2348 5769; x_wconf 55' lang='grc' dir='ltr'><strong>ῖῴςοῦ</strong></span> <span class='ocrx_word' id='word_1_803' title='bbox 2369 5696 2567 5767; x_wconf 74' lang='grc' dir='ltr'><strong>Κυρίΰ.</strong></span> <span class='ocrx_word' id='word_1_804' title='bbox 2596 5696 2647 5747; x_wconf 76' lang='grc' dir='ltr'><strong>δὲ</strong></span> <span class='ocrx_word' id='word_1_805' title='bbox 2673 5692 3024 5761; x_wconf 41' lang='lat' dir='ltr'><strong>sgittas-.362»:</strong></span> <span class='ocrx_word' id='word_1_806' title='bbox 3052 5696 3108 5746; x_wconf 80' lang='grc' dir='ltr'><strong>ὲν</strong></span> <span class='ocrx_word' id='word_1_807' title='bbox 3134 5692 3210 5764; x_wconf 79' lang='grc' dir='ltr'><strong>τῷ</strong></span> <span class='ocrx_word' id='word_1_808' title='bbox 3232 5709 3269 5747; x_wconf 91' lang='lat' dir='ltr'><strong>t.</strong></span> <span class='ocrx_word' id='word_1_809' title='bbox 3291 5692 3429 5763; x_wconf 72' lang='grc' dir='ltr'><strong>Τόμ.</strong></span> <span class='ocrx_word' id='word_1_810' title='bbox 3479 5695 3608 5766; x_wconf 56' lang='lat' dir='ltr'><strong>pip.</strong></span> 
     </span>
    </p>
   </div>
   <div class='ocr_carea' id='block_1_73' title="bbox 349 5764 2367 5841">
    <p class='ocr_par' dir='ltr' id='par_1_73' title="bbox 349 5764 2367 5841">
     <span class='ocr_line' id='line_1_73' title="bbox 349 5764 2367 5841; baseline -0 -22"><span class='ocrx_word' id='word_1_811' title='bbox 349 5764 674 5841; x_wconf 67' lang='grc' dir='ltr'><strong>τεὲρᾶφθειι,</strong></span> <span class='ocrx_word' id='word_1_812' title='bbox 705 5764 876 5822; x_wconf 57' lang='lat' dir='ltr'><strong>tiu/sv</strong></span> <span class='ocrx_word' id='word_1_813' title='bbox 926 5764 1305 5837; x_wconf 63' lang='grc' dir='ltr'><strong>Ἱερςυςαλὴμ,</strong></span> <span class='ocrx_word' id='word_1_814' title='bbox 1342 5786 1424 5818; x_wconf 77' lang='grc' dir='ltr'><strong>κτ.</strong></span> <span class='ocrx_word' id='word_1_815' title='bbox 1461 5769 1484 5818; x_wconf 68' lang='grc' dir='ltr'>ὁ</span> <span class='ocrx_word' id='word_1_816' title='bbox 1518 5769 1635 5820; x_wconf 68' lang='grc' dir='ltr'><strong>αὐτ.</strong></span> <span class='ocrx_word' id='word_1_817' title='bbox 2028 5766 2062 5817; x_wconf 69' lang='grc' dir='ltr'><strong>τ’.</strong></span> <span class='ocrx_word' id='word_1_818' title='bbox 2103 5764 2367 5818; x_wconf 58' lang='grc' dir='ltr'><strong>ςελξῦϋὲ.</strong></span> 
     </span>
    </p>
   </div>
  </div>
