4010 6212
318 284 423 348 701
468 294 471 299 '

1440 288 1973 350 COMMENTARII
2014 289 2098 350 IN
2136 288 2578 349 LEVITICUTJ.

3468 282 3574 346 702

394 398 501 451 Kal
531 398 774 467 ἀφαιρεῖ
807 396 916 451 τὸν
957 380 1262 466 auxiliator
1288 400 1364 471 (4)
1412 402 1537 455 σὺν
1582 404 1708 469 τοῖς
1764 421 1901 457 πτε-

2075 402 2146 456 Et
2212 403 2415 472 auferet
2464 401 2749 457 resiculam
2797 400 3033 471 gutturis
3089 414 3209 452 cum
3265 396 3484 464 plumis,
3521 406 3570 449 et

311 489 466 559 [οἷς.
515 490 619 542 καὶ
671 488 922 542 ἐκϐαλεῖ
954 490 1109 543 αὐτὰ
1147 490 1305 557 παρὰ
1356 490 1421 544 τὸ
1470 493 1901 559 θυσιαστήριον

322 579 472 633 κατὰ
504 579 811 644 ἀνατολὰς
854 582 942 645 εἰς
969 578 1077 633 τὸν
1102 581 1290 634 τόπον
1321 580 1430 649 τῆς
1457 559 1713 639 ἀποδοῦ.
1765 584 1899 636 Οὐδὲ

321 672 387 724 τὰ
419 671 766 741 ῥιπτούμενα
804 670 990 734 ἁπλῶς
1024 673 1088 742 te;
1120 670 1431 741 ῥίπτεσθαι,
1475 673 1588 726 ἀλλ’
1615 676 1695 737 εἰς
1735 675 1900 728 τόπον

331 761 545 828 ἔνδηλον
579 762 676 814 καὶ
699 762 1102 831 ἀφωρισμένον,
1136 762 1388 833 Σύμϐολα
1417 763 1471 817 δὲ
1496 764 1668 817 ταῦτα
1701 766 1809 818 τῶν
1839 767 1898 819 οὐ

324 854 388 903 δι’
416 851 611 914 ἑαυτὰ,
639 852 776 907 ἀλλὰ
796 853 865 904 δι’
890 852 1055 924 ἔτερα
1086 853 1410 922 γεγονότων.
1435 855 1507 906 Ἤ
1531 872 1589 907 τε
1618 856 1727 923 γὰρ
1755 857 1915 925 φύσα

327 939 457 1007 πρὶς
489 939 587 1009 τὴν
612 938 705 991 τοῦ
730 938 918 992 λοιποῦ
948 938 1200 1010 σώματος
1227 944 1461 1013 τροφήν·
1490 944 1555 1015 ἢν
1578 945 1898 1007 σιτίζουσαν

340 1028 570 1091 Ἀκύλας
595 1030 1007 1099 ὴρμήνευσεν,
1026 1032 1120 1085 καὶ
1151 1034 1198 1084 οἱ
1230 1032 1636 1104 Ἑϐδομήκοντα
1670 1037 1902 1104 Πρόλο-

325 1119 454 1181 dior,
485 1119 552 1172 τὸ
581 1121 1014 1190 προλαμϐάνον
1044 1122 1158 1190 τὴν
1198 1124 1436 1193 τροφήν
1455 1142 1469 1157 ⁸
1506 1130 1602 1181 καὶ
1632 1129 1700 1182 τὰ
1739 1129 1902 1183 πτίλα

326 1210 466 1278 πρὸς
480 1211 578 1280 τὴν
595 1212 692 1266 τοῦ
719 1210 972 1283 σώματος
995 1214 1346 1285 ὲπικάλυψιν.
1374 1218 1614 1273 Τοιαῦτα
1635 1222 1702 1273 τὰ
1724 1222 1896 1289 ἄλογα

326 1300 463 1363 ζῶα,
489 1303 550 1354 ού
585 1303 653 1356 δι’
690 1304 857 1358 ἑαυτὰ
888 1304 1171 1373 γεγονότα,
1210 1308 1346 1362 ἀλλὰ
1374 1310 1442 1362 δι’
1496 1311 1803 1382 ἄνθρωπον.
1834 1315 1902 1366 Ἀ

331 1390 467 1462 μηδὲ
492 1393 803 1464 παραμένει
835 1396 973 1464 μετὰ
1002 1396 1313 1467 ἀνθρώπων
1342 1400 1749 1472 ἀνατιθεμένων
1782 1402 1901 1472 Θεῷ

329 1484 387 1535 ἐν
409 1485 478 1552 τῇ
527 1483 797 1555 μελλούσῃ
831 1485 968 1557 ζωῇ.
1018 1488 1178 1559 Δηλοῖ
1215 1489 1269 1543 δὲ
1301 1492 1394 1543 καὶ
1439 1493 1539 1562 τὴν
1600 1492 1710 1545 τῶν
1760 1492 1902 1546 κατὰ

326 1572 461 1626 Θεὸν
489 1574 843 1645 ἀσκουμένων
873 1578 1223 1649 ἐγκράτειαν,
1251 1583 1346 1634 καὶ
1370 1581 1477 1635 τῶν
1502 1584 1772 1653 περιττῶν
1800 1585 1901 1652 τὴν

328 1663 626 1716 ἀπόθεσιν·
675 1666 998 1739 ἀπαλλαγὴν
1052 1669 1108 1722 δὲ
1138 1670 1351 1724 τελείαν
1396 1674 1453 1725 ὲν
1508 1676 1574 1744 τῇ
1631 1672 1901 1750 μελλούσῃ

2001 496 2247 565 projiciet
2269 511 2428 565 prope
2457 494 2630 547 altare
2665 491 2735 545 ad
2764 491 3081 544 orientalem
3121 489 3335 558 plagam
3362 486 3573 548 inloco,

2002 589 2053 640 io
2076 603 2177 657 quo
2204 588 2402 641 cineres
2432 585 2632 654 eﬂundi
2657 583 2850 647 solent,
2887 590 2994 635 ete.
3055 577 3197 651 [16.I
3255 579 3388 644 Quae
3446 577 3577 645 reji-

2001 678 2197 732 cienda
2229 687 2388 733 erant
2424 695 2532 732 non
2588 684 2795 731 temere
2838 675 2953 729 vult
2981 671 3169 741 ahjiei,
3208 668 3300 726 sed
3331 668 3578 738 praecipit

2001 784 2063 823 ea
2099 768 2448 838 porricicnda
2511 768 2566 822 in
2635 768 2819 821 locum
2882 762 3176 834 quemdam
3239 760 3576 830 peculiarem

2001 870 2169 932 atque
2203 861 2333 916 huic
2367 862 2443 915 rei
2492 860 2851 915 destinatum.
2879 857 2977 911 Illa
3016 863 3198 910 autem
3245 858 3378 907 sunt
3428 859 3580 906 certa

2000 951 2250 1021 quaedam
2322 953 2499 1022 signa,
2559 952 2662 1005 ista
2701 948 2969 1003 animalia
3040 961 3153 1000 non
3220 942 3581 1012 peculiariter

2001 1056 2223 1113 propter
2251 1057 2331 1105 se,
2364 1042 2455 1097 sed
2492 1049 2716 1112 propter
2740 1041 2847 1094 alia
2879 1052 3005 1094 esse
3036 1033 3395 1092 ereata.Nam
3430 1040 3582 1088 stru-

2002 1147 2091 1187 ma
2126 1134 2308 1186 avium
2370 1143 2692 1202 comparata
2748 1140 2833 1187 est
2889 1130 2955 1183 ad
3008 1129 3084 1194 id,
3147 1135 3206 1181 ut
3258 1125 3580 1179 alimentum

2002 1226 2304 1294 praeripiat.
2364 1224 2516 1279 llauc
2554 1225 2609 1278 in
2643 1238 2741 1278 sua
2797 1222 3055 1277 versione
3100 1218 3340 1289 appellat
3384 1213 3580 1284 Aquila

2001 1316 2279 1381 edentem;
2317 1315 2673 1386 Septuaginta
2703 1313 3048 1384 interpretati
3083 1318 3235 1375 sunt,
3291 1305 3581 1362 vesicutam

2003 1405 2057 1459 in
2089 1415 2311 1475 gutture
2343 1406 2674 1469 eminentem,
2710 1418 2828 1474 qua:
2861 1402 3000 1470 capit
3024 1416 3191 1455 escas.
3237 1398 3443 1452 Pluma:
3486 1395 3584 1449 ad-

2002 1497 2131 1551 dita:
2156 1504 2284 1552 sunt
2314 1498 2495 1551 avium
2520 1495 3011 1565 corpusculisloco
3041 1491 3357 1547 velamenti.
3389 1487 3448 1542 In
3475 1487 3581 1540 hac

2003 1588 2314 1643 conditione
2338 1595 2469 1643 sunt
2494 1588 2655 1641 bruta
2690 1586 2971 1649 animalia,
3005 1599 3127 1653 quae
3152 1597 3260 1635 non
3299 1577 3583 1650 principa-

2002 1679 2130 1735 liter
2158 1688 2383 1750 propter
2451 1693 2532 1745 se,
2586 1677 2682 1734 sed
2729 1686 2955 1747 propter
3023 1674 3299 1728 hominem
3357 1667 3581 1724 condita

327 1754 466 1825 ζωῇ.
494 1754 607 1809 Νῦν
637 1756 745 1828 γὰρ
781 1757 931 1812 δοκεῖ
958 1778 1074 1823 πως
1102 1759 1240 1815 εἶναι
1271 1740 1643 1833 χρειώδη,
1665 1766 1760 1819 καὶ
1786 1740 1901 1832 rei;

2003 1740 2306 1826 sunt.-llae'c
2344 1740 2573 1839 penitus
2610 1740 2998 1832 abolebantur,
3035 1763 3259 1835 quando
3300 1762 3465 1815 homo
3495 1768 3583 1812 to-

326 1844 536 1914 ὀρνέοις
563 1848 723 1900 πτίλα
755 1848 846 1901 καὶ
881 1849 1169 1920 πρόλοϐος.

2003 1867 2092 1915 tus
2122 1860 2411 1916 addicetur
2472 1859 2723 1920 Domino.
2750 1866 2803 1913 et
2845 1857 3233 1929 proficiscetur
3280 1854 3335 1908 in
3377 1860 3583 1908 aeterna

329 1936 707 2029 tabernacula.
746 1936 892 1992 Idem
942 1940 1293 1995 sacrificandi
1332 1943 1469 1998 ritus
1495 1943 1703 2000 indicat
1741 1946 1886 2013 illos,
1941 1951 2034 2021 qui
2065 1952 2305 2005 divinam
2348 1952 2682 2006 meditentur
2706 1948 3129 2010 continentiam,
3190 1960 3421 2017 prorsus
3488 1943 3586 1994 ah-

332 2028 504 2093 jieere
538 2029 836 2097 Supeillua,
877 2048 999 2102 qua:
1033 2035 1327 2105 voluptatis
1397 2047 1527 2092 sunt
1601 2040 1966 2099 irritamenta.
2010 2045 2315 2116 Superflnis
2379 2054 2562 2098 autem
2618 2044 2725 2100 illis
2761 2045 2813 2098 in
2861 2044 3048 2099 futuro
3106 2041 3315 2095 saeculo
3366 2037 3586 2105 penitus

332 2120 777 2261 fxotlerlabimur.
814 2122 970 2178 Nunc
1014 2125 1162 2179 cnim
1226 2127 1383 2182 nobis
1436 2130 1692 2185 videntur
1753 2138 2092 2201 necessaria,
2179 2136 2646 2206 quemadmodum
2707 2135 2903 2189 avibus
2958 2135 3156 2203 pluma:
3203 2139 3258 2184 et.
3341 2127 3582 2198 gutturis

332 2219 519 2261 ves'tcu
548 2227 575 2261 ,ι
618 2215 930 2261 necessaria
954 2223 1059 2261 est-

332 2215 575 2265 vesicula
618 2215 931 2270 necessaria
954 2223 1060 2273 est.

404 2318 515 2371 Kal
554 2321 843 2379 ἐκκλάσει
883 2327 1031 2382 αὐτὸ
1059 2329 1128 2383 ἐκ
1179 2330 1299 2385 τῶν
1326 2333 1655 2402 «teporem,
1701 2333 1797 2387 καὶ
1832 2336 1905 2388 οὐ

337 2407 539 2466 διελεῖ.
577 2411 655 2467 Ού
701 2415 996 2486 διαιρεῖται
1048 2420 1119 2479 τὰ
1152 2422 1373 2476 πετεινὰ
1414 2426 1481 2494 τῇ
1532 2424 1643 2476 τῶν
1702 2423 1907 2477 πτίλων

339 2499 600 2573 ἀποϐολῇ,
634 2509 860 2575 σημεῖον
891 2508 1021 2563 ὄντα
1068 2511 1177 2563 τῶν
1214 2514 1294 2575 εἰς
1323 2513 1456 2567 Θεὸν
1496 2514 1905 2586 ἅνιπταμένων.

342 2588 498 2643 Οὖτω
522 2592 618 2644 καὶ
641 2593 893 2667 Ἀϐραὰμ
920 2598 988 2650 τὰ
1013 2598 1179 2667 ὄρνεα
1201 2600 1262 2653 οὐ
1291 2601 1477 2656 διεῖλε.

2081 2329 2489 2400 Confringetque
2521 2329 2752 2384 aseeltas
2773 2328 2910 2398 ejus,
2942 2335 2989 2380 et
3028 2340 3132 2379 non
3184 2323 3402 2386 secabit,
3459 2331 3577 2378 etc.

2017 2419 2084 2493 [1.
2128 2420 2242 2494 17.)
2271 2419 2388 2474 Νοη
2422 2428 2676 2475 secantur
2718 2428 2771 2474 et
2804 2417 3124 2473 dividuntur
3149 2415 3416 2470 volatilia.
3448 2414 3588 2469 Sunt

2015 2514 2162 2568 enim
2192 2521 2356 2585 typus
2382 2514 2630 2577 illorum,
2659 2512 2753 2580 qui
2783 2512 2848 2563 ad
2880 2511 3058 2580 ipsum
3084 2509 3373 2563 evolarunt
3391 2507 3584 2562 Deum.

2021 2604 2115 2660 Sic
2145 2621 2251 2661 nec
2279 2604 2554 2660 Abraham
2595 2600 2867 2658 dissecuit
2888 2599 3159 2654 aviculas.

412 2707 566 2774 Quod
595 2726 727 2766 vero
755 2712 1161 2785 infringuntm,
1193 2726 1357 2787 typus
1383 2726 1467 2773 est
1495 2734 1563 2774 ne
1588 2720 1756 2773 altum
1789 2720 2092 2789 sapiamus,
2117 2736 2306 2774 verum
2335 2719 2561 2774 humilia
2591 2726 2871 2772 sectemur
2892 2715 3145 2785 deposito
3176 2704 3323 2767 fastu
3353 2719 3406 2766 et
3437 2711 3585 2765 inani

344 2801 678 2865 arr03antia.
705 2800 855 2856 Talis
885 2803 1092 2857 nullam
1123 2805 1317 2873 recipit
1344 2806 1695 2870 divisionem,
1727 2816 1782 2861 ut
1814 2810 1905 2875 qui
1936 2823 2044 2863 non
2076 2807 2358 2862 dividatur
2381 2820 2507 2861 cum
2540 2802 2727 2858 mundi
2761 2800 2913 2859 curis
2941 2809 2994 2857 et
3023 2801 3283 2871 negotiis.
3309 2798 3413 2865 Qui
3442 2797 3588 2852 enim

347 2884 682 2939 matrimonii
717 2888 913 2957 copula
944 2895 1186 2955 tenetur,
1218 2892 1292 2957 is,
1330 2902 1392 2947 ut
1420 2894 1583 2949 docet
1614 2895 1818 2950 Paulus
1844 2896 1913 2962 ⁸⁸,
1941 2896 2157 2950 divisus
2184 2903 2291 2948 est.
2322 2892 2421 2959 Qui
2457 2891 2668 2962 przediti
2701 2889 2908 2959 fuerint
2936 2889 3060 2944 istis
3088 2887 3418 2952 virtutibus,
3449 2900 3592 2956 quas

345 2969 509 3041 330
537 2972 810 3041 dedimus,
839 2977 1119 3041 omnibus,
1148 2993 1340 3034 revera
1370 2983 1684 3036 consecrati
1717 2991 1846 3038 sunt
1878 2984 1984 3038 Deo
2016 2991 2071 3036 et
2101 2981 2245 3035 Patri
2280 2982 2334 3035 in
2367 2979 2592 3036 odorem
2628 2978 2784 3033 bonae
2817 2975 3151 3048 fragrantia.

420 3057 482 3113 Si
518 3070 692 3114 autem
730 3063 909 3117 anima
946 3063 1201 3119 obtulerit
1236 3083 1429 3121 ntuuus
1465 3069 1828 3136 sacriﬁcium,
1863 3069 2113 3142 etc.‘[ll,
2151 3068 2228 3140 1.]
2260 3068 2398 3123 Vera
2436 3068 2609 3138 pietas
2649 3081 2761 3119 non
2800 3063 3080 3119 indicatur
3108 3079 3176 3118 ex
3210 3060 3594 3132 magnitudine

351 3161 658 3203 nmnerum.
686 3147 959 3208 Omnibus
987 3162 1136 3222 patet
1161 3161 1214 3207 et
1241 3152 1416 3208 facilis
1446 3154 1666 3224 pietatis
1690 3157 1796 3210 via.
1824 3156 1901 3211 Na

2033 3176 2052 3209 ι
2084 3157 2420 3226 Ριιαξροιηυηι
2449 3164 2602 3210 tuum
2630 3156 2801 3211 latum
2833 3166 2911 3205 est
2943 3150 3110 3206 nimis
3128 3149 3196 3202 ".
3231 3168 3251 3201 ι
3277 3147 3381 3214 Qui
3410 3148 3595 3217 parvis

352 3234 568 3290 iudiciis
605 3237 1067 3303 significationem
1106 3254 1247 3295 verae
1285 3244 1510 3312 pietatis
1550 3244 1703 3309 facit,
1740 3244 1875 3299 nihil
1914 3245 2095 3299 differt
2138 3248 2205 3299 ab
2242 3260 2328 3309 eo,
2365 3244 2458 3314 qui
2494 3243 2750 3298 maximis
2785 3239 3108 3295 muneribus
3146 3252 3302 3293 suam
3340 3237 3595 3307 pietatem

351 3331 770 3378 commonstrat.
795 3325 1048 3380 Animam
1080 3329 1225 3381 enim
1258 3330 1463 3399 expetit
1495 3329 1659 3394 Deus,
1690 3332 1816 3386 licet
1846 3333 1918 3388 sit
1946 3335 2183 3389 obscura
2211 3339 2268 3387 et
2300 3346 2528 3400 prorsus
2558 3329 2835 3402 ignobilis.
2864 3325 2999 3382 Nam
3032 3326 3180 3381 haud
3211 3332 3297 3381 est
3329 3337 3592 3394 persona-

357 3427 471 3464 mm
509 3421 789 3483 acceptor,
818 3414 914 3485 qui
946 3415 1085 3470 dicit
1114 3432 1128 3470 :
1162 3433 1183 3468 ι
1218 3416 1425 3474 Omnes
1457 3419 1656 3474 anima:
1690 3436 1821 3475 mea:
1850 3428 1982 3475 sunt
2004 3420 2070 3472 ⁵ο.
2112 3438 2129 3471 ι
2161 3417 2431 3473 Caeterum
2463 3417 2568 3473 sub
2598 3415 2786 3473 simila
2817 3414 3117 3476 ostentavit
3146 3413 3332 3467 varios
3368 3411 3596 3473 nmdos.

351 3500 551 3567 quibus
577 3502 702 3569 quis
732 3503 905 3572 possit
930 3518 990 3557 se
1012 3517 1346 3561 consecrare
1374 3506 1508 3562 Deo.
1537 3507 1767 3570 Similaa,
1795 3517 2089 3576 antequam
2121 3505 2475 3567 incendatur,
2504 3502 2719 3558 infundi
2744 3502 2925 3557 oleum
2950 3500 3129 3570 jubet,
3157 3497 3407 3554 eamdem
3438 3496 3601 3550 thure

352 3590 639 3658 conspergi
674 3591 944 3660 praecipit.
967 3591 1145 3648 Vitam
1180 3602 1539 3663 reprtesentat
1570 3596 1775 3651 simila.
1807 3596 1999 3649 Oleum
2038 3604 2202 3664 typus
2237 3600 2322 3648 est
2361 3592 2582 3655 laetitiae,
2615 3605 2781 3660 quam
2818 3604 2883 3644 ex
2922 3586 3110 3643 divina
3148 3585 3443 3639 haurimus
3479 3599 3598 3651 spe.

354 3672 504 3732 Tuus
532 3676 751 3746 signum
779 3687 865 3734 est
892 3680 1050 3735 bona
1078 3672 1422 3749 fragrantia,
1452 3697 1616 3752 quam
1647 3681 1881 3737 fundunt
1910 3682 2051 3736 bona
2078 3695 2262 3750 opera.
2293 3677 2620 3752 Quicunque
2648 3676 2814 3730 vitam
2849 3688 3004 3729 suam
3033 3672 3311 3727 dedicavit
3334 3668 3594 3730 Christo,

354 3762 400 3817 is
432 3765 803 3835 maximopere
832 3768 1095 3832 enitatur,
1125 3748 1194 3824 ne
1225 3748 1564 3840 infringatur
1590 3770 1894 3832 laboribus,
1951 3767 2044 3838 qui
2079 3748 2302 3837 propter
2327 3748 2587 3819 virtutem
2620 3770 2751 3818 sunt
2776 3758 3127 3831 capessendi.
3154 3756 3363 3811 Paulus
3395 3756 3599 3809 etenim

357 3866 456 3906 nos
488 3853 834 3918 cohortatur,
862 3855 1057 3914 dicens
1092 3876 1111 3909 «
1152 3875 1166 3911 :
1196 3857 1276 3913 Ne
1307 3856 1869 3911 murmuraveritis”.
1899 3873 1918 3907 ι
1951 3854 2254 3919 Oblationi,
2282 3867 2401 3922 quas
2432 3852 2593 3906 thure
2623 3849 3000 3905 consternitur
3028 3864 3042 3901 :
3074 3853 3127 3901 et
3157 3842 3449 3907 oblationi,
3480 3857 3601 3912 quae

356 3954 420 3991 ex
455 3941 739 4011 sartagine
774 3953 829 3996 et
865 3942 932 3998 de
974 3945 1245 4001 craticula
1286 3944 1492 4015 petitur
1524 3944 1726 4015 adjecit
1760 3945 1978 4010 oleum,
2014 3958 2137 4014 qua;
2174 3958 2261 3996 res
2294 3942 2511 4011 signum
2553 3946 2638 3993 est
2673 3938 2771 3992 citi
2810 3946 2865 3992 et
2901 3932 3142 4007 expediti
3187 3931 3501 3999 alaerisque
3536 3932 3601 3983 ad

361 4023 523 4081 Deum
564 4043 847 4085 accessus.
884 4029 1022 4086 Nam
1067 4032 1237 4087 facies
1277 4033 1620 4103 exhilaratur
1650 4032 1790 4087 oleo.
1826 4029 2119 4087 Fermento
2152 4036 2344 4083 carent
2376 4036 2431 4083 et
2464 4033 2890 4096 concoquuntur
2919 4032 2975 4078 et
3011 4021 3292 4092 friguntur
3328 4019 3383 4072 in
3422 4024 3603 4070 sarta-

358 4111 500 4178 gine,
538 4123 598 4166 ut
633 4114 745 4170 sint
781 4118 1085 4188 symbolum
1121 4120 1293 4174 animi
1330 4121 1529 4176 sinceri
1568 4118 1886 4190 fraudisque
1923 4118 2117 4172 nescii.
2150 4117 2435 4171 Adeuntes
2472 4121 2652 4168 autem
2693 4111 2761 4165 ad
2800 4110 3017 4164 Patrem
3052 4122 3221 4178 opera
3254 4104 3456 4160 Christi
3494 4103 3603 4157 veri

357 4201 661 4256 sacerdotis
702 4203 1060 4273 impetramus
1097 4213 1156 4259 ut
1189 4220 1287 4263 sua
1328 4207 1592 4261 memoria
1625 4221 1727 4262 nos
1757 4205 1952 4277 dignos
1984 4213 2228 4261 censeat.
2263 4202 2481 4257 Fornax
2503 4242 2517 4264 ,
2554 4200 2729 4271 ignis,
2765 4196 3033 4253 craticula
3056 4234 3072 4261 ,
3103 4202 3157 4250 et
3191 4203 3251 4249 ut
3287 4192 3379 4246 illa
3414 4201 3605 4246 conte-

362 4295 553 4341 tantur
578 4290 917 4356 molendiuo,
938 4301 1046 4351 etc.
1074 4292 1222 4350 Satis
1251 4295 1540 4350 manifesta
1566 4296 1721 4366 signa
1744 4301 1873 4350 sunt
1894 4291 2249 4350 contritionis
2274 4298 2327 4345 et
2354 4289 2581 4351 laboris,
2607 4287 2736 4341 dum
2766 4284 3066 4355 probamur
3093 4279 3251 4352 quasi
3280 4294 3377 4349 per
3396 4277 3599 4349 ignem.

363 4372 541 4444 lnquit
575 4378 722 4430 enim
763 4378 1052 4450 Scriptura
1089 4399 1102 4435 :
1146 4400 1166 4433 σ
1202 4381 1574 4437 incenderunt
1609 4364 1710 4438 nos
1746 4390 1805 4437 ut
1842 4381 2171 4436 conflatores
2207 4386 2490 4448 argentum
2510 4374 2577 4429 δ’.
2617 4392 2635 4427 ι
2671 4371 2942 4428 Praeterea
2984 4371 3185 4441 legitur
3217 4370 3273 4421 in
3314 4364 3605 4436 Scriptura

362 4478 515 4518 Sacra
552 4484 567 4521 :
612 4485 631 4518 ‹
673 4467 780 4522 Cor
810 4473 1107 4526 contritum
1145 4480 1197 4527 et
1236 4472 1581 4527 humiliatum
1619 4472 1761 4529 Deus
1796 4488 1904 4527 non
1939 4466 2351 4528 contemnes".
2394 4483 2412 4517 υ
2453 4462 2555 4529 Qui
2590 4459 2647 4516 in
2684 4461 2830 4519 hunc
2867 4460 3088 4514 modum
3124 4455 3411 4521 decertant
3444 4465 3607 4522 spar-

363 4561 513 4616 gunt,
541 4552 699 4621 quasi
734 4553 787 4608 in
821 4555 1103 4612 fornacem
1132 4558 1391 4627 conjecti,
1417 4559 1485 4613 de
1513 4574 1573 4613 se
1601 4560 1780 4614 bonos
1810 4558 2010 4614 odores
2040 4574 2056 4613 :
2087 4568 2140 4611 et
2169 4554 2331 4625 quasi
2360 4552 2482 4607 oleo
2510 4549 2679 4605 divini
2710 4548 2955 4619 Spiritus
2982 4545 3159 4618 gratia
3187 4540 3608 4611 conspiciuntur

363 4637 610 4695 delibuti.
648 4641 881 4707 Quidam
922 4644 1117 4700 dicunt
1156 4645 1324 4701 Deum
1349 4687 1363 4703 .
1400 4638 1461 4701 ut
1502 4661 1610 4702 non
1650 4648 1785 4702 nihil
1827 4647 2056 4703 deliniat
2098 4657 2405 4715 pauperes,
2440 4640 2603 4695 exilia
2641 4638 2749 4693 ista
2793 4636 3197 4693 sacrificiorum
3236 4627 3606 4699 appellatione

363 4725 598 4797 dignari.
632 4730 930 4803 Χειδράδες
971 4742 1155 4789 autem
1196 4742 1327 4790 sunt
1365 4734 1562 4803 spicae,
1600 4750 1721 4806 qua:
1756 4735 1901 4793 mani

2003 4750 2013 4788 ε
2047 4733 2415 4800 decerpuutur
2446 4728 2515 4781 de
2550 4721 3059 4785 maturescentibus
3093 4718 3319 4781 aristis,
3355 4721 3409 4770 et
3451 4728 3627 4769 com-x

364 4814 665 4869 tuolnntur.

433 4923 649 4981 Πᾶσαν
672 4927 783 4996 γὰρ
808 4927 996 4999 ζύμην
1026 4932 1122 4986 καὶ
1159 4931 1285 4987 πᾶν
1301 4934 1439 5002 μέλι
1473 4932 1547 4986 01"
1576 4934 1901 5001 προσοίσετ

2003 4942 2008 4999 ε
2113 4925 2235 4981 Non
2264 4926 2495 4996 o/feretis
2524 4924 2922 4992 feruzentatum.
2956 4916 3177 4971 Nullum
3200 4913 3342 4968 enim
3376 4911 3453 4967 vel
3490 4910 3607 4980 [rn-

363 5019 461 5072 ἀπ’
509 5018 718 5072 αὑτοῦ.
769 5020 879 5092 Τὴν
931 5022 1270 5092 παλαιότητα
1318 5025 1417 5093 τῆς
1470 5023 1693 5087 κακίας,
1724 5023 1900 5093 miri;

2041 5030 2276 5073 mentum
2312 5019 2388 5073 vel
2420 5016 2521 5071 mel
2548 5014 2801 5085 o/feretis,
2833 5023 2942 5067 etc.
3015 5006 3156 5082 [11.]
3201 5006 3368 5062 Hisce
3424 5001 3612 5058 verbis

366 5113 552 5184 ὴίονὴν
597 5113 957 5185 ἀπαγορεύει.
995 5117 1199 5184 ἸΙ-(ουν
1240 5115 1422 5186 ζύμην
1482 5116 1635 5169 καλεῖ
1690 5117 1787 5186 τὴν
1839 5118 1901 5169 ἔτι

2043 5113 2298 5183 prohibet
2353 5111 2640 5180 antiquam
2699 5107 2962 5162 malitiam
2994 5112 3047 5158 et
3097 5104 3472 5172 voluptatem.
3512 5095 3610 5152 Vel

367 5205 522 5276 κακῷ
544 5207 907 5278 πανουργίαν.
942 5208 1098 5261 Ἔστι
1130 5210 1237 5279 γὰρ
1258 5209 1353 5261 καὶ
1379 5207 1577 5277 ἀγαθὴ,
1603 5207 1670 5285 ἢν
1703 5209 1803 5278 τῆς
1849 5226 1901 5267 σε

2043 5205 2287 5263 nominat
2314 5204 2650 5260 fermentum
2680 5201 3047 5256 inveteratum
3077 5195 3330 5250 vitiorum
3358 5207 3455 5247 seu
3482 5190 3609 5244 mali

3096 5371 3142 5406 “
3179 5368 3325 5426 Psai.
3358 5383 3487 5431 uv,
3520 5361 3611 5418 ιθ.

2505 5377 2549 5410 ⁶¹
2594 5377 2614 5432 ι
2649 5376 2777 5434 Cor.
2809 5390 2863 5441 ι,
2899 5371 2984 5428 ω.

434 5379 478 5450 _"
515 5380 535 5433 l
569 5380 698 5435 Cor.
745 5397 854 5450 vn,
885 5384 979 5438 '53.
1088 5381 1131 5415 ³⁸
1171 5379 1315 5435 Psal.
1357 5397 1547 5448 cxvm,
1592 5381 1683 5439 96.
1796 5382 1840 5415 “
1880 5380 2079 5437 Ezech.
2132 5396 2287 5441 xvm,
2335 5380 2389 5434 4.

1088 5381 1131 5415 ³⁸
1171 5379 1315 5435 Psal.
1357 5397 1547 5448 cxvnt,
1592 5381 1683 5439 96.

368 5447 415 5484 ⁸³
428 5448 574 5506 Psal.
604 5468 657 5517 L,
692 5451 781 5508 19.

1894 5566 2123 5621 NOTAE.

440 5660 517 5725 (ἆ)
567 5660 859 5731 Πρόλοδον.
933 5658 996 5712 Ἦ
1055 5661 1109 5713 ἐν
1161 5660 1393 5730 Φρανεκ.
1445 5662 1536 5714 καὶ
1583 5661 1707 5731 ἡέν
1738 5662 2037 5733 Κανταριγ.
2077 5660 2254 5721 ἕκὸοῖ.
