4058 6202
436 266 539 328 τθγ
1637 262 1649 271 ·
1756 266 2103 329 Pnocorn
2139 271 2379 330 eam
3582 275 3681 339 703

440 380 660 428 nostras
692 377 955 442 portaret.
993 366 1228 424 Proinde
1250 385 1279 423 a
1314 369 1473 425 nobis
1505 379 1682 440 potest
1715 376 1911 444 accipi,
1952 384 2011 428 ut

2078 427 2082 442 _
2116 379 2279 430 αὐτοῦ
2313 380 2469 450 σῶμα
2509 381 2568 434 τὸ
2594 381 2876 449 ἀμίαντον·
2915 383 2978 437 ὲκ
3015 382 3329 453 Ili/stipato;
3364 384 3470 456 γὰρ
3499 386 3680 453 ἁγίουο

445 468 567 521 fons
613 465 925 527 abundans,
961 470 1014 517 et
1055 462 1251 517 iterum
1282 464 1439 532 quasi
1471 464 1796 520 exinanitus
1828 477 1882 521 et
1917 483 2011 521 va-

2116 465 2246 517 ὃδιὰ
2271 468 2364 518 τοῦ
2387 468 2618 538 ἀμώμου
2641 471 2912 538 δηλοῦται.
2947 464 3023 525 Οὗ
3048 476 3114 542 τῇ
3143 473 3353 543 κεφαλῇ
3395 475 3493 543 τὴν
3530 478 3686 544 χεῖρα

441 555 753 610 cuefactus.
793 553 1037 609 Vitulqu
1083 551 1409 617 immolavit,
1451 567 1577 606 cum
1618 569 1824 623 corpus
1849 570 2008 609 suum

2118 556 2407 628 ἐπέθηκεν,
2437 560 2524 612 ἵνα.
2554 562 2904 632 περικαθάρῃ
2940 564 3038 633 τὴν
3063 563 3203 635 ὑπὲρ
3237 564 3332 617 τοῦ
3374 565 3502 619 λαοῦ
3548 567 3686 634 ς)Θά⁴

443 655 744 710 terrenum,
784 644 854 700 ab
876 644 1025 698 omni
1051 640 1265 713 peccati
1317 642 1532 697 macula
1556 657 1755 712 purum
1784 641 2010 711 (conce-

1317 642 1532 697 macula
1556 657 1755 712 purum
1784 641 2010 711 (conce-
2120 663 2293 700 σασαν
2317 649 2397 712 εἰς
2431 650 2593 705 αὐτὸν
2610 653 2908 723 ἁμαρτίαν.

443 748 574 809 plus
608 751 852 807 namque
892 734 998 789 fuit
1048 733 1117 789 de
1142 732 1355 804 Spiritu
1393 742 1609 815 saneto,
1645 743 1705 788 ut
1746 731 2061 786 declaratur
2100 749 2198 803 per
2230 736 2551 805 dictionem,
2591 743 3108 815 irrepreheusibilis),
3139 746 3194 800 in
3242 746 3423 801 crucis
3462 759 3556 800 ara
3597 744 3692 801 ob-

448 830 593 884 tulit.
642 828 818 899 Capiti
871 827 1134 897 imposuit
1175 841 1420 890 manum,
1455 832 1516 880 ut
1560 824 1773 880 tolleret
1822 823 2008 895 populi
2049 836 2354 896 peccatum,
2391 834 2539 901 quod
2575 834 2627 887 iu
2663 835 2842 905 ipsum
2878 847 2997 892 erat
3023 838 3354 892 derivatum.

519 943 582 998 Si
630 950 807 995 autem
837 941 1113 994 universus
1146 948 1307 994 cretus
1348 939 1589 1009 ﬁliorum
1624 938 1815 1001 Israel,
1859 946 1969 995 etc.
2004 939 2320 1009 Ignorantia
2360 946 2689 1018 intelligitur
2732 951 2890 1023 legis.
2929 951 3037 1005 Aut
3075 953 3118 1007 si
3159 952 3301 1007 forte
3326 952 3454 1023 quis
3478 951 3688 1023 majore

430 1030 500 1085 .vi
535 1029 767 1083 adactus
835 1027 1083 1081 fueritin
1117 1027 1289 1096 legem
1324 1027 1700 1080 committere.
1750 1025 2093 1096 Quapropter
2142 1031 2482 1089 vociferatur
2532 1035 2742 1091 David:
2779 1057 2796 1089 ι
2835 1037 2913 1094 Ne
2964 1040 3287 1095 memineris
3332 1047 3690 1109 peccatorum

442 1115 764 1184 juventutis
787 1127 940 1178 meae,
974 1124 1027 1166 et
1049 1112 1120 1167 ab
1147 1113 1457 1181 ignorantia
1481 1127 1601 1167 mea
1627 1113 1853 1167 absolve
1871 1129 1955 1168 me
1977 1115 2360 1195 ".rSimiliter
2380 1131 2434 1175 et
2451 1119 2555 1176 Joh
2582 1123 2800 1179 incusat
2822 1126 3119 1195 benignum
3149 1125 3342 1190 Deum,
3363 1124 3690 1181 inferendo:

454 1220 472 1253 ι
511 1200 693 1268 Quare
720 1215 828 1253 non
868 1198 1142 1253 induxisti
1205 1198 1540 1253 oblivionem
1573 1199 1887 1269 iniquitatis
1922 1192 2081 1270 meae;
2119 1215 2174 1260 et
2204 1209 2436 1264 attulisti
2477 1212 2909 1279 puriﬁcationem
2942 1192 3153 1282 peccati
3182 1214 3286 1267 mei
3310 1213 3384 1266 "2
3423 1232 3440 1264 ι
3501 1212 3695 1269 Omnis

450 1304 727 1362 synagoga
762 1288 1076 1343 Iudaeorum
1114 1288 1438 1359 ignoranter
1466 1289 1722 1359 deliquit,
1756 1290 2003 1347 clamans
2036 1309 2051 1346 :
2084 1311 2101 1344 ι
2124 1292 2413 1367 Crucitige,
2447 1299 2706 1368 crucitlge
2736 1316 2914 1355 cum.)
2948 1299 3133 1355 Latuit
3167 1300 3308 1355 hanc
3345 1299 3692 1371 Synagogam

451 1396 637 1437 sermo
669 1379 765 1436 Dei
789 1394 920 1436 caro
954 1377 1156 1434 factus.
1184 1377 1460 1433 Fecerunt
1490 1380 1679 1451 igitur,
1708 1383 1854 1450 quod
1877 1381 2021 1435 haud
2053 1379 2361 1436 faciendum
2411 1393 2549 1447 erat,
2577 1386 2788 1441 scilicet
2830 1386 3181 1443 immolantes
3212 1390 3264 1441 in
3295 1387 3523 1442 Pascha:
3550 1389 3695 1443 festo

452 1484 635 1526 veram
663 1484 843 1525 ovem.
872 1465 1143 1523 Praeterea
1177 1467 1264 1522 lex
1297 1475 1688 1536 prmmoustrat
1720 1468 1825 1523 sub
1859 1468 1960 1522 hoc
1983 1478 2133 1540 typo,
2173 1488 2273 1529 nos
2298 1474 2349 1528 in
2382 1477 2501 1531 solo
2528 1476 2751 1533 Christo
2778 1495 2874 1550 per
2904 1480 3062 1535 [idem
3089 1481 3310 1551 assequi
3341 1491 3693 1552 peccatorum

452 1557 831 1612 abolitionem.
867 1553 967 1608 llic
982 1554 1184 1610 etenim
1215 1554 1394 1608 instar
1432 1553 1611 1619 vituli,
1643 1561 1701 1607 ut
1734 1552 1938 1609 habent
1985 1563 2259 1630 prephetae
2286 1569 2475 1634 verba,
2505 1580 2729 1638 peccata
2778 1580 2967 1625 nostra
3003 1571 3056 1625 in
3087 1586 3147 1626 se
3173 1573 3479 1626 ιηηςιυιῑι,
3509 1572 3568 1626 ιιι
3606 1573 3684 1626 εί-

455 1647 673 1717 quidem
704 1644 1024 1710 edocemur,
1049 1643 1180 1699 dum
1229 1642 1482 1698 videmus
1516 1651 1756 1698 mactato
1783 1643 1953 1698 vitulo
1987 1644 2056 1698 im

2078 1651 2193 1715 poni
2248 1669 2444 1709 manus
2470 1656 2536 1709 ad
2565 1657 3001 1721 tabernaculum,
3044 1666 3104 1711 ut
3144 1658 3357 1713 scilicet
3382 1659 3540 1713 nobis
3572 1659 3680 1710 adi-

454 1749 572 1793 tum
600 1752 696 1807 per
728 1751 888 1792 suum
920 1735 1244 1805 sanguinem
1272 1742 1564 1805 prmstrua'.
1601 1735 1669 1789 ad
1706 1733 1944 1800 Patrem,
1998 1736 2125 1791 dum
2184 1741 2437 1797 videlicet
2473 1743 2716 1797 introivit
2748 1744 2802 1796 in
2844 1743 3043 1797 Sancta
3079 1756 3416 1808 sanctorum,
3447 1754 3501 1799 et
3533 1745 3694 1800 unica

452 1829 743 1884 oblatione
768 1825 1049 1897 perfectos
1081 1824 1320 1880 reddidit
1349 1825 1404 1878 in
1440 1834 1767 1895 perpetuum
1800 1825 2195 1886 sanctiticatos.
2230 1829 2363 1884 Nam
2401 1834 2723 1903 aspersione
2760 1834 2844 1888 sui
2891 1834 3093 1888 sacrati
3140 1835 3359 1889 cruoris
3391 1834 3694 1904 Ecclesium

459 1919 804 1976 abundanter
838 1916 1228 1973 sanetiticavit.
1259 1913 1501 1971 Proinde
1530 1916 1853 1988 praecipitur
1881 1935 1893 1973 :
1937 1935 1956 1968 ι
1996 1917 2210 1989 Septies
2231 1934 2478 1989 asperge.
2513 1940 2531 1971 ι
2568 1918 2702 1974 Nam
2735 1922 2914 1991 inquit
2944 1938 2961 1975 :
2991 1938 3009 1972 ι
3052 1921 3405 1976 Accessimus
3441 1923 3506 1975 ad
3536 1921 3696 1976 Jeru-

456 2013 629 2069 salem
668 2012 977 2068 cmlestem.
1022 2016 1076 2064 et
1106 2006 1174 2063 ad
1209 2008 1505 2063 ecclesiam
1541 2009 2059 2079 primogenitorum,
2103 2007 2197 2078 qui
2228 2008 2525 2079 conscripti
2562 2018 2691 2063 sunt
2714 2009 2767 2063 in
2794 2010 2996 2064 cmlis:
3033 2018 3089 2063 et
3124 2009 3193 2063 ad
3232 2011 3558 2080 sanguinem
3607 2025 3699 2065 ass

458 2102 734 2173 persioois
782 2102 1009 2156 meliora
1055 2100 1393 2170 loquentem,
1440 2114 1603 2169 quam
1634 2098 1960 2168 loquebatur
1985 2094 2209 2167 sanguis
2246 2094 2379 2149 Abel
2412 2095 2477 2150 ⁸⁸.
2514 2093 2752 2165 Sanguis
2785 2095 2932 2150 enim
2964 2096 3116 2151 Abeli
3160 2096 3604 2150 debacchah..tur
3641 2096 3697 2149 in

456 2190 815 2246 homicidam.
844 2189 914 2242 At
931 2186 1159 2258 sanguis
1202 2185 1408 2241 Christi
1450 2200 1548 2255 pro
1583 2186 1744 2241 nobis
1772 2186 1915 2240 dixit
1953 2190 2096 2256 apud
2128 2183 2319 2239 Deum.
2377 2182 2617 2253 Sanguis
2652 2198 2786 2238 vero
2814 2182 3205 2239 ati‘uudehatur
3237 2184 3355 2239 basi
3396 2199 3526 2245 arae,
3568 2186 3698 2254 quia

457 2289 691 2337 sanctus
720 2280 1100 2351 reputabatur.
1154 2276 1412 2332 Christus
1446 2283 1594 2330 totus
1623 2275 1767 2329 intra
1802 2286 1858 2330 et
1889 2283 2038 2331 totus
2071 2280 2224 2329 extra
2247 2282 2469 2325 sanctus
2489 2279 2593 2326 est.
2623 2269 2859 2324 Proinde
2876 2278 3025 2324 totus
3052 2280 3100 2324 et
3135 2271 3362 2339 integer,
3397 2288 3495 2327 ceu
3524 2273 3697 2325 hostia

462 2369 827 2421 mactabatur.
860 2363 1156 2427 Caeterum,
1184 2370 1242 2417 ut
1269 2362 1430 2417 docet
1461 2362 1795 2431 Apostolus,
1836 2370 1990 2417 cntra
2010 2373 2224 2431 portam
2256 2376 2451 2431 passus
2472 2367 2558 2415 est
2583 2359 2622 2391 ⁶¹
2652 2378 2666 2414 :
2700 2359 3048 2430 imperatque
3078 2367 3136 2413 ut
3168 2362 3234 2413 ad
3271 2361 3701 2420 llttttthxctttnus

459 2465 750 2528 portantes
791 2455 914 2523 ejus
972 2454 1356 2525 opprobrium,
1415 2452 1470 2507 id
1508 2462 1593 2508 est
1628 2467 1877 2520 crucem,
1919 2466 2081 2523 quam
2129 2465 2232 2521 pro
2268 2449 2428 2504 nobis
2468 2457 2522 2503 et
2566 2457 2787 2517 propter
2827 2462 2927 2502 nos
2975 2463 3220 2501 amaram
3256 2450 3546 2503 SlISiintlil.
3603 2448 3697 2503 Sic

457 2549 716 2603 Christus
740 2562 960 2618 quoque
984 2546 1162 2615 jubet,
1185 2547 1316 2600 dum
1338 2545 1539 2615 inquit,
1566 2552 1627 2599 ut
1652 2546 1909 2599 tollamus
1940 2550 2163 2598 crucem
2198 2545 2469 2597 nostram,
2495 2546 2546 2589 et
2570 2536 2749 2606 ipsum
2786 2550 3197 2606 consequamur
3221 2537 3288 2589 θ’.
3312 2536 3466 2602 Quod
3494 2535 3703 2594 Pau‘us

460 2635 584 2690 ait:
658 2652 676 2685 ι
712 2633 880 2688 Extra
928 2642 1164 2703 portam,
1205 2652 1224 2685 ι
1261 2631 1573 2703 aequipollet
1619 2631 1786 2685 huic:
1820 2640 1974 2685 extra
1992 2625 2277 2683 mundum.
2317 2622 2450 2677 Nam
2502 2622 2547 2677 si
2582 2623 2832 2695 volumus
2915 2623 3072 2693 sequi
3133 2622 3327 2678 ducem
3396 2624 3705 2688 Clu-istum,

462 2719 1109 2790 repudium-mittendum
1141 2720 1247 2774 erit
1299 2723 1444 2785 vitm,
1520 2733 1684 2787 quam
1745 2718 1961 2785 agimus
2014 2715 2255 2786 peccatis
2334 2722 2755 2780 conspurcatam
2826 2711 2879 2763 in
2935 2711 3039 2764 lzoc
3096 2713 3323 2765 mundo.
3382 2710 3515 2765 Nam
3548 2713 3707 2785 333

465 2809 610 2862 haud
675 2809 743 2861 ab
794 2807 1050 2862 re-idem
1116 2806 1417 2876 Apostolus
1469 2805 1641 2859 dicit:
1709 2822 1727 2855 ι
1772 2803 2005 2858 Mundus
2056 2802 2189 2856 mihi
2240 2798 2538 2853 crucifixus
2600 2808 2703 2863 est,
2735 2804 2787 2852 et
2845 2811 2950 2866 ego
2989 2797 3336 2854 mundo‘M‘.
3366 2797 3547 2852 iNam
3577 2803 3708 2856 licet

467 2895 523 2949 in
558 2903 704 2949 terra
740 2893 914 2949 simus
939 2906 1190 2963 corpore,
1236 2899 1417 2946 tamen
1446 2893 1798 2946 conversatio
1831 2899 2016 2944 nostra
2053 2890 2104 2943 in
2137 2887 2292 2941 rmlis
2325 2893 2408 2939 est
2425 2885 2491 2936 ⁸⁵.
2524 2884 2697 2937 Divini
2724 2883 2870 2953 ignis
2898 2883 3206 2939 substantia
3242 2895 3415 2938 mutat
3445 2897 3500 2940 et
3528 2895 3707 2941 trans.

468 2982 672 3035 format
710 2994 810 3034 sua
839 2979 1038 3032 virtute
1066 2980 1152 3043 ea,
1183 2991 1307 3046 quae
1336 2978 1714 3033 conservanda
1759 2986 1918 3031 erant
1960 2976 2027 3030 de
2059 2976 2226 3030 vitulo
2264 2973 2559 3042 allegorice
2590 2991 2602 3025 :
2636 2970 2851 3024 interim
2894 2980 3072 3024 tamen
3111 2980 3403 3025 conservat
3450 2973 3527 3036 id,
3561 2976 3704 3042 quod

468 3066 754 3123 residuum
788 3072 911 3119 erat
952 3080 1017 3120 es
1063 3066 1388 3120 mutatione.
1439 3064 1540 3130 Qui
1592 3064 1863 3134 tnqninati
1904 3071 2062 3117 erant
2116 3060 2593 3128 consequebantur
2621 3058 2911 3127 puritatem
2952 3058 3274 3127 aspersione
3315 3074 3472 3128 aqum
3521 3063 3708 3117 cinere

464 3157 718 3225 juveuca:
752 3160 1092 3222 temperatm.
1128 3155 1197 3205 At
1233 3168 1339 3207 nos
1372 3161 1595 3207 sanctos
1636 3157 1858 3221 praestat
1893 3150 2078 3221 passio
2109 3146 2312 3203 Christi
2361 3147 2673 3199 interventu
2709 3158 2866 3215 aqua:
2900 3144 3299 3198 conscientiam
3336 3155 3582 3200 nostram
3617 3165 3705 3202 re-

470 3229 1224 3312 purgans,quemadmodum
1258 3236 1544 3308 Scriptura
1574 3246 1757 3291 monet
1789 3255 1802 3291 :
1855 3255 1872 3288 ι
1919 3235 2223 3299 Lavamini,
2260 3234 2383 3304 puri
2414 3242 2589 3289 estote
2621 3234 2689 3287 “.
2734 3252 2752 3284 ι
2788 3262 2855 3272 -
2886 3250 2905 3284 ι
2950 3233 3007 3287 Si
3049 3243 3234 3287 autem
3281 3238 3540 3304 princeps
3575 3253 3703 3306 pvc-
3739 3289 3747 3296 ,

468 3318 699 3391 caverit,
735 3346 754 3379 ι
791 3336 900 3381 etc.
932 3323 988 3380 Si
1038 3326 1292 3396 princeps
1339 3334 1395 3379 et
1447 3325 1680 3394 populus
1726 3324 1931 3394 pariter
1959 3323 2123 3394 culpa
2161 3320 2365 3376 fuerint
2405 3322 2616 3386 intecti,
2673 3329 2766 3375 aut
2794 3323 3049 3391 populus,
3085 3324 3177 3391 qui
3216 3323 3446 3392 imperio
3480 3329 3706 3393 regitur,

470 3417 660 3471 solus:
693 3416 855 3483 culpa
885 3414 1136 3468 aboletur
1162 3421 1402 3468 mactato
1425 3413 1617 3466 vitulo.
1650 3411 1745 3466 Sin
1782 3428 1912 3467 vero
1946 3413 2205 3482 princeps
2236 3411 2386 3465 solus
2417 3410 2520 3463 sibi
2559 3410 2776 3478 culpam
2819 3410 3098 3470 asciverit,
3140 3411 3500 3479 (‘tcsnjttvettc
3530 3415 3707 3474 hirco,

472 3518 581 3556 non
607 3503 773 3558 hmtlo
813 3512 907 3555 aut
930 3515 1122 3571 capro,
1156 3508 1439 3571 peccatqu
1470 3500 1628 3554 eluit.
1673 3497 1871 3553 Hircus
1900 3498 1991 3553 ille
2022 3497 2240 3568 juwnis
2276 3497 2548 3551 adultiore
2578 3499 2645 3551 sit
2675 3508 2832 3552 tetate
2874 3513 3038 3566 quam
3071 3498 3289 3563 hmdus,
3319 3510 3373 3554 et
3410 3502 3710 3559 ittiit'tttzurc

470 3606 634 3661 quam
664 3604 827 3658 caper
857 3588 1100 3643 adultus.
1135 3586 1336 3642 llircus
1369 3587 1461 3656 qui
1492 3586 1563 3640 ob
1603 3586 1864 3641 delictum
1901 3585 2167 3654 principis
2203 3585 2533 3647 inuuolatur,
2575 3585 2848 3654 signiticet
2874 3601 3172 3655 corporeos
3207 3586 3328 3657 ejus
3359 3588 3586 3643 allectus
3614 3608 3708 3658 pe-

472 3678 623 3732 nitus
653 3691 778 3731 esse
807 3677 1167 3745 exstirpatos.
1218 3674 1450 3739 Carnes,
1482 3688 1604 3744 quae
1634 3674 2050 3727 committentur
2104 3673 2239 3743 igni,
2292 3674 2499 3741 peccati
2565 3672 2948 3740 remissionem
2999 3685 3345 3743 operantur:
3392 3694 3489 3729 nec
3527 3689 3709 3733 tann-n

472 3764 626 3833 prius
660 3763 715 3818 id
743 3763 963 3826 accidit,
1002 3776 1166 3832 quam
1197 3761 1336 3815 hirci
1368 3770 1499 3825 vita,
1534 3776 1655 3828 quae
1686 3776 1782 3830 per
1810 3760 2129 3830 sanguinem
2170 3761 2500 3823 insinuatur,
2526 3759 2707 3813 oblata
2743 3759 2907 3812 fuerit
2943 3760 3072 3815 Deo.
3100 3760 3204 3826 Qui
3235 3762 3303 3817 de
3340 3767 3539 3833 populo
3569 3784 3711 3819 unus

474 3850 659 3914 fuerit,
686 3860 740 3906 et
774 3859 1060 3921 peccaturo
1095 3850 1201 3906 sibi
1232 3849 1593 3913 contraxerit,
1627 3865 1732 3903 non
1769 3849 2019 3903 masculo
2063 3847 2356 3908 sacriticio,
2387 3845 2482 3900 scd
2511 3845 2745 3900 tentineo
2777 3845 2989 3901 Numen
3028 3848 3226 3916 placat.
3259 3848 3395 3902 Nam
3426 3867 3522 3919 pro
3553 3856 3710 3906 nimie

471 3951 526 3995 et
553 3940 818 4009 qualitate
848 3938 1177 3993 delictorum
1211 3938 1407 3992 hostiae
1428 3936 1569 4011 caedi
1608 3937 1805 3991 solent.
1842 3934 1934 3990 Sic
1963 3935 2315 4002 semetipsum
2344 3934 2645 3987 immolavit
2666 3933 2924 3989 Christus
2951 3950 3050 4004 pro
3083 3939 3324 4005 peccatis
3355 3940 3560 3993 nostris
3586 3941 3618 3991 ii
3638 3942 3711 3992 ri-

475 4027 657 4081 tandis
684 4041 779 4081 ceu
814 4026 1045 4085 vitulus.
1065 4024 1157 4094 qui
1196 4024 1343 4079 inter
1373 4038 1570 4094 graves
1606 4032 1658 4077 et
1687 4038 1912 4094 magnas
1943 4029 2266 4076 numeratur
2293 4020 2568 4074 victimas.
2601 4019 2882 4090 Siquidem
2921 4022 3011 4075 ubi
3042 4025 3365 4078 exuberavit
3397 4038 3708 4095 peccatum,

475 4115 548 4168 ibi
582 4113 755 4182 magis
794 4112 1116 4167 exuberavit
1142 4112 1339 4181 gratia.
1374 4109 1480 4164 Pro
1511 4110 1743 4180 singulis
1775 4119 1957 4163 autem
1990 4108 2247 4161 occubuit
2277 4109 2450 4177 magis
2476 4117 2533 4159 ut
2563 4108 2761 4163 haedus
2790 4122 2953 4178 quant
2976 4100 3120 4173 ovis,
3146 4111 3291 4180 quod
3325 4115 3713 4181 peccatoribus

473 4213 527 4256 et
560 4201 766 4270 iniquis
801 4208 1026 4268 propter
1054 4212 1157 4252 nos
1189 4196 1614 4253 assimilaretur.
1647 4195 1824 4264 Iniqui
1864 4196 2064 4249 etenim
2103 4205 2260 4265 typus
2291 4203 2377 4249 est
2425 4194 2645 4258 hmdus,
2676 4196 2843 4251 sicuti
2904 4197 3112 4253 sterilis
3141 4209 3195 4253 et
3223 4200 3475 4268 proliﬁco
3504 4205 3713 4257 semine

477 4302 707 4343 vacuus.
747 4284 1092 4362 Quapropter
1138 4283 1400 4338 Christus
1435 4284 1722 4352 iniquos-a
1760 4281 2003 4336 sinistris
2041 4295 2140 4338 ceu
2179 4281 2369 4335 hmdos
2420 4281 2735 4337 collocabit.
2779 4281 3031 4340 Christus
3067 4301 3169 4354 pro
3203 4287 3362 4341 nobis
3394 4288 3569 4344 instar
3594 4292 3714 4343 ovis

475 4375 695 4431 occisus
721 4381 807 4426 est
847 4379 1073 4441 propter
1097 4383 1255 4423 suam
1288 4370 1611 4438 patientiam
1642 4377 1692 4423 et
1729 4368 2227 4424 mansuetudinem.
2261 4367 2397 4422 Nam
2431 4376 2489 4422 ut
2516 4384 2634 4425 ovis
2666 4371 2731 4424 ad
2764 4370 2965 4425 czedem
2992 4372 3194 4428 ductus
3233 4384 3316 4429 est
3342 4377 3408 4427 ⁸⁷.
3440 4374 3548 4429 Pro
3574 4379 3713 4432 deli~

477 4477 566 4518 cto
595 4459 860 4532 principis
893 4459 1138 4511 mascula
1168 4457 1372 4518 hostia,
1404 4465 1459 4509 at
1494 4471 1594 4526 pro
1624 4455 1823 4510 delicto
1855 4455 1997 4524 ejus,
2031 4457 2124 4526 qui
2157 4458 2387 4528 imperio
2412 4459 2774 4529 gubernatur,
2813 4459 3029 4517 l‘emella
3063 4465 3392 4520 trucidatur.
3426 4465 3711 4535 Siquidem

478 4565 595 4604 mas
626 4547 1060 4601 dominationem
1102 4551 1156 4598 et
1190 4542 1406 4597 femeila
1446 4544 1866 4610 subjectionem,
1907 4542 2215 4614 designant.
2257 4545 2381 4601 Pari
2414 4549 2628 4602 ratione
2657 4554 2951 4618 respondet
3003 4549 3456 4621 delinquentibus
3498 4554 3708 4610 Christi

476 4638 673 4711 gratia.
711 4633 926 4688 Alicubi
965 4632 1110 4687 enim
1152 4631 1289 4686 nihil
1318 4629 1577 4686 diﬂ‘ernut
1614 4631 1877 4700 principis
1925 4641 1979 4684 et
2009 4633 2212 4687 subditi
2265 4644 2507 4702 peccata.
2536 4635 2903 4703 Quamobrem
2944 4638 3160 4704 majore
3194 4644 3587 4710 propulsentur
3617 4646 3707 4697 ho.

479 4727 606 4781 Stia.
648 4722 915 4778 Caeterum
957 4719 1013 4774 in
1042 4719 1263 4775 Christo
1296 4725 1530 4789 utraque
1569 4718 1999 4788 perspiciuntur.
2048 4716 2183 4773 Nam
2222 4722 2479 4792 princeps
2509 4733 2717 4787 censet,
2762 4732 3038 4793 quatenus
3070 4737 3154 4781 est
3192 4727 3336 4783 Deus
3362 4745 3377 4783 :
3405 4738 3459 4783 et
3498 4730 3552 4784 in
3577 4734 3715 4786 sui»

476 4813 717 4865 diturum
751 4822 982 4864 numero
1015 4807 1260 4878 ponitur,
1293 4813 1885 4887 quatenusreputatur
1915 4805 2100 4860 homo.
2128 4805 2314 4877 itaque
2336 4818 2391 4863 et
2419 4825 2563 4865 nunc
2587 4810 2770 4865 minor
2808 4812 2982 4868 hostia
3007 4827 3106 4882 pro
3144 4814 3393 4887 principe
3421 4827 3711 4873 mactatur.

477 4898 758 4968 Siquidem
792 4910 956 4965 caper
986 4910 1085 4950 nec
1126 4904 1323 4949 taurus
1365 4909 1474 4949 ara:
1508 4894 1850 4949 admovetur.
1885 4892 2036 4948 Haud
2066 4895 2319 4948 dissimili
2352 4898 2567 4950 ratione
2602 4912 2704 4952 nec
2754 4900 2979 4968 sanguis
3015 4902 3243 4957 illinitur
3273 4904 3525 4959 interiori
3582 4923 3703 4961 arm.

475 4987 608 5042 Nam
644 5000 743 5056 pro
773 4986 1045 5055 cujusque
1073 4986 1341 5055 dignitate
1368 4984 1624 5040 Christus
1657 4983 1884 5037 oﬂ‘ertur
1914 5000 1929 5038 :
1970 4993 2023 5037 et
2055 4984 2439 5050 unusquisque
2483 4998 2583 5053 pro
2615 4987 2935 5056 semetipso.

545 5072 813 5126 Partiaria
863 5071 1135 5126 sacriﬁcia
1192 5070 1350 5126 nobis
1383 5070 1715 5126 subveniunt
1758 5085 1855 5139 per
1887 5070 2041 5123 holo-
2076 5095 2114 5146 Β

2110 5101 2114 5141 ι
2213 5067 2499 5138 Βοηθεϊται
2548 5070 2708 5126 πάλιν
2740 5072 2808 5126 τὰ
2870 5076 3075 5145 μερικὰ
3114 5078 3201 5132 διὰ
3245 5078 3355 5132 τῶν
3387 5080 3712 5135 αὐτοτελῶν.

472 5171 667 5218 causta
697 5180 711 5216 :
748 5161 987 5217 Necnon
1013 5163 1300 5225 caeduntur
1326 5162 1559 5216 victima:
1590 5161 1797 5231 peccati
1827 5161 1918 5214 ubi
1954 5159 2039 5213 of-

2148 5161 2258 5214 Καὶ
2301 5160 2563 5230 σφάζεται
2593 5166 2691 5233 μὲν
2734 5166 2803 5219 τὰ
2838 5169 2962 5236 περὶ
3008 5150 3283 5241 ἁμᾶρτίας
3326 5172 3459 5224 ὅπου
3505 5173 3573 5224 τὰ
3598 5173 3717 5224 ὁλο-

474 5255 727 5308 feruntur
755 5255 810 5310 et
834 5253 1179 5308 holocausta.
1206 5251 1424 5306 Illorum
1467 5252 1721 5322 primitia:
1752 5253 2043 5319 imponun-

2149 5252 2482 5322 καυτὼματα
2505 5271 2519 5286 ·
2558 5254 2764 5310 τίθεται
2796 5259 2852 5313 δὲ
2881 5261 2913 5330 ἡ
2951 5261 3047 5314 ἀπ’
3080 5262 3259 5316 αὐτῶν
3285 5264 3504 5335 ἀπαρχὴ
3534 5266 3720 5319 ἐπάνω

472 5353 563 5400 tur
595 5343 957 5400 holocaustis.
1002 5343 1139 5398 Nam
1181 5344 1273 5414 qui
1309 5343 1715 5414 particulariter
1768 5344 2043 5412 particeps

2147 5344 2255 5395 τῶν
2278 5345 2758 5416 ὁλοκαυτωμάτων.
2810 5351 2867 5404 Ὁ
2893 5353 2996 5423 γὰρ
3021 5353 3255 5425 Χριστοῦ
3293 5359 3535 5426 μετέχων
3564 5374 3627 5425 με
3638 5378 3720 5425 ρι-

469 5445 555 5492 cst
580 5435 813 5501 Christi,
846 5436 1024 5506 ipsum
1066 5444 1216 5491 tenet
1247 5444 1417 5489 totum
1448 5435 1910 5505 quemadmodum
1944 5448 2042 5501 pro

2150 5435 2280 5499 κῶς,
2314 5436 2402 5490 διὰ
2431 5439 2490 5491 τὸ
2528 5432 2747 5504 τελείαις
2780 5431 2918 5514 ὑπὲρ
2945 5446 3067 5498 ὅλου
3102 5446 3196 5499 τοῦ
3239 5447 3442 5518 κόσμον
3473 5449 3717 5501 δεδόσῦει

539 5573 585 5650 ες
614 5570 762 5650 ρεξιι.
804 5551 958 5650 sixty:
998 5574 1097 5650 7.__
1137 5571 1338 5650 ἐξίοι)
1373 5586 1427 5626 x.
1472 5558 1610 5650 ita.“
1697 5569 1756 5650 δέ,
1784 5568 1949 5650 ξιθῑιι.
2003 5585 2097 5650 sit,

2164 5570 2252 5650 2?:
2430 5574 2437 5583 ’
2502 5574 2545 5606 ⁸³
2583 5574 2748 5650 ιιαιηλ.
2782 5578 2897 5642 x’m,
2945 5581 3026 5635 12.
3136 5583 3181 5614 ⁸¹
3224 5582 3411 5636 Matth.
3475 5600 3583 5650 va,
3625 5585 3711 5639 24.

475 5641 786 5694 "°“Galat.
809 5644 984 5708 vn”.
1053 5644 1098 5675 "
1137 5641 1369 5713 Philipp.
1419 5656 1515 5704 ιιι,
1546 5640 1637 5694 ΞΟ.
1714 5639 1758 5668 ⁶⁶
1786 5640 1890 5692 lsi!-
1923 5656 1969 5707 1,.
2003 5641 2072 5692 ‘30

1060 5644 1098 5675 ⁵⁵
1137 5641 1369 5713 Philipp.
1419 5656 1515 5704 ιιι,
1546 5640 1637 5694 ΞΟ.
1714 5639 1758 5668 ⁶⁶
1786 5640 1890 5692 lsa.
1923 5656 1969 5707 t_,
2003 5641 2092 5694 ‘20.
2210 5642 2252 5671 ⁸⁷
2296 5642 2397 5697 lsa.
2436 5659 2560 5708 Lnt,
2606 5645 2662 5699 ,7.
