4050 6212
331 280 435 343 ’ῐῧθ

1374 280 1909 342 COMMENTARII
1950 283 2030 342 ΙΝ
2072 284 2511 347 LEVITICUM.

3481 283 3587 346 710

331 392 491 446 αὐτὸν
545 382 761 464 μετέχει
804 392 897 447 καὶ
953 391 1136 456 αὑτός.
1190 392 1447 463 Ἀμεινον
1494 393 1550 445 δὲ
1597 394 1798 462 λέγειν,
1836 392 1911 455 ὡς

2028 395 2259 461 peccatis
2292 396 2461 450 totius
2510 391 2698 447 mundi
2744 398 2989 480 mortem,
3014 390 3266 460 oppetiit.
3317 392 3589 447 (laterum

331 484 442 538 ἄνω
478 484 579 554 μὲν
614 484 746 555 περὶ
794 483 984 556 ἱερέως
1014 485 1053 553 ,ὁ
1106 485 1329 555 μόσχος,
1384 479 1484 538 ὧδε
1544 485 1725 555 μέντοι
1780 485 1908 555 περὶ

331 594 617 653 αρχοντοςπ

404 750 769 820 Σημειωτέον,
823 751 906 803 ὅτι
944 749 1034 804 οἵα
1080 749 1242 804 θυσία
1284 750 1493 817 γίνεται
1541 751 1681 819 ὑπὲρ
1722 750 1910 820 ἱερέως

335 839 690 910 ἁμαρτόντος,
717 841 941 911 τοιαύτη
986 842 1079 895 καὶ
1119 842 1259 911 ὑπὲρ
1285 841 1620 910 ἁμαρτόντος
1659 841 1809 905 λαοῦ,
1848 842 1908 894 οὐ

340 930 445 1000 μὴν
477 929 533 983 δὲ
570 933 666 982 καὶ
691 929 787 984 τοῦ
816 932 1077 1000 ἄρχοντος
1097 946 1110 961 ⁸
1154 932 1229 996 ὼς
1272 926 1410 986 εἶναι
1440 932 1616 1002 δῆλον,
1664 932 1746 985 ὅτι
1787 933 1911 1000 μεί-

337 1022 445 1086 ζων
494 1023 522 1075 6
579 1023 759 1092 ἱερεὺς
807 1023 902 1076 τοῦ
958 1023 1261 1094 ἄρχοντος,
1310 1023 1404 1076 καὶ
1462 1026 1490 1076 6
1528 1024 1653 1085 λαὸς
1689 1024 1910 1095 ομοίως.

338 1110 501 1167 Ὀοεν
546 1111 699 1183 παρὰ
746 1116 859 1176 τοῖς
907 1112 1155 1184 ἀρχαίοις
1197 1114 1328 1165 ἔνιοι
1358 1114 1466 1165 τῶν
1513 1112 1775 1182 {aoncilii-iv
1819 1112 1915 1164 καὶ

340 1201 532 1271 ίερέων
580 1199 867 1273 ἀξιώματα
916 1202 1297 1272 περιετίθεσαν
1348 1205 1598 1266 ἑαυτοῖςο
1657 1204 1730 1275 (5)
1764 1203 1824 1255 τὸ
1860 1203 1916 1256 δὲ

341 1292 469 1363 περὶ
503 1293 734 1346 ἑκάστου
767 1294 874 1346 τῶν
914 1295 980 1346 ἐκ
1029 1292 1122 1346 τοῦ
1156 1293 1312 1356 λαοῦ,
1353 1293 1509 1361 οῆλυ.
1554 1293 1709 1345 Ἐστι
1738 1292 1866 1360 γοῦν
1893 1293 1921 1345 6

339 1380 467 1444 λαὸς
508 1384 566 1434 ὲν
614 1384 855 1454 σχήματι
905 1382 1126 1449 θηλείας
1177 1383 1312 1453 πρός
1340 1383 1465 1445 τοὺς
1505 1384 1808 1452 ἄρχοντας·
1839 1385 1922 1436 ὅτι

342 1473 401 1526 τὸ
448 1474 614 1544 ἄρσεν
670 1474 1032 1544 ἡγεμονικὸν,
1082 1474 1145 1527 τὸ
1194 1475 1252 1527 δὲ
1307 1473 1438 1544 (θῆλυ
1481 1475 1739 1543 ὑπήκοον,
1780 1474 1922 1543 Πλὴν

340 1565 478 1634 ὁμοῦ
507 1583 571 1635 γε
599 1566 819 1637 σύμπας
853 1568 880 1617 6
914 1564 1042 1627 λαὸς
1070 1564 1147 1635 τῷ
1179 1566 1427 1634 ἀρχιερεῖ
1454 1563 1814 1632 ἐξομοιοῦται.

2017 484 2150 537 mihi
2194 485 2414 540 videtur
2442 484 2545 539 hoc
2577 485 2699 539 loco
2728 482 2919 538 eadem
2958 482 3102 537 ratio
3134 497 3259 537 csse
3308 483 3594 545 sacriﬁcii,

2017 587 2158 642 quos
2207 573 2369 629 olfert
2403 575 2684 643 princeps,
2728 587 2851 641 qua:
2905 586 3074 641 supra
3126 570 3230 626 fuit
3277 569 3348 624 de
3396 572 3591 638 vitulo,
3653 586 3656 591 ’

2033 664 2125 730 qui
2165 664 2469 717 necabatur
2496 677 2596 732 pro
2625 662 2939 717 sacerdote.

2092 753 2407 810 Notandum
2456 764 2637 810 tamen
2677 769 2902 817 censeo,
2953 752 3100 824 quod
3146 751 3360 808 eisdem
3399 753 3598 806 hostiis

2018 845 2182 899 litant
2215 846 2479 901 sacerdos
2512 855 2565 900 et
2602 847 2838 915 populus
2864 844 2910 901 si
2944 845 3104 915 culpa
3140 858 3198 897 se
3219 843 3595 905 oneraverint,

2020 946 2076 988 at
2112 938 2345 991 diversis
2380 952 2544 991 suum
2596 946 2880 1007 peccatum
2920 912 3086 988 diluit
3141 938 3418 1005 princeps.
3458 933 3598 999 Quia

2020 1028 2301 1097 princeps,
2331 1016 2514 1098 quam
2542 1030 2776 1098 primum
2818 1037 3042 1097 peceato
3077 1043 3136 1083 se
3176 1027 3597 1079 contaminavc‘

2023 1118 2093 1171 rit
2125 1117 2289 1172 desiit
2318 1133 2442 1172 esse
2477 1118 2734 1188 princeps
2785 1124 2841 1172 et
2897 1131 2998 1172 sua
3052 1116 3323 1185 dignitate
3373 1115 3597 1170 excidit.

2020 1208 2213 1278 Itaque
2248 1209 2377 1263 hinc
2424 1211 2683 1280 colligere
2716 1211 2865 1275 licet,
2906 1210 3249 1265 sacerdotem
3280 1222 3403 1261 esse
3428 1207 3602 1260 Itono-

2021 1300 2282 1353 ratiorem
2332 1299 2578 1369 principe
2612 1318 2627 1354 :
2664 1301 2828 1354 etiam
2880 1300 3139 1369 populum
3178 1298 3387 1367 majore
3418 1296 3603 1366 digni-

2022 1398 2157 1453 tate,
2219 1406 2381 1458 quam
2447 1391 2776 1460 principem,
2833 1391 3147 1462 splendere.
3204 1389 3314 1444 Pro
3376 1395 3605 1459 peccato

2030 1477 2475 1548 uniuscujusque
2543 1495 2607 1533 ex
2660 1480 2902 1549 populo,
2955 1478 3169 1533 femella
3228 1477 3602 1541 'trucidatur;

2029 1570 2157 1637 quia
2192 1571 2431 1640 populus
2463 1571 2609 1625 velut
2644 1570 2859 1625 femella
2896 1586 2955 1625 se
2978 1570 3143 1625 habet
3172 1572 3423 1641 respectu
3457 1570 3608 1640 prin-

345 1661 553 1728 c‘pum.
593 1656 877 1728 Siquidem
917 1671 1038 1710 mas
1068 1655 1479 1710 damnationem
1517 1665 1571 1709 et
1601 1654 1817 1710 feutella
1881 1656 2280 1727 subiectionem
2324 1662 2638 1735 designant.
2678 1665 2910 1735 Insuper
2941 1664 3093 1735 plebs
3127 1666 3311 1719 omnis
3356 1662 3604 1734 pontiﬁci

347 1749 718 1806 assimilatur.

424 1841 778 1911 Quapropter
804 1842 1007 1910 priscis
1034 1838 1396 1906 temporibus,
1441 1838 1661 1906 quidam
1692 1852 1850 1906 reges
1868 1807 2212 1891 .sacerdotali
2240 1835 2508 1906 dignitate
2543 1836 2873 1909 semctipsos
2898 1849 3253 1893 ornaverunt.

420 1975 440 2007 ι
479 1953 575 2009 Ἐκ
602 1951 694 2007 τοῦ
720 1952 852 2006 λαοῦ
881 1952 938 2006 δὲ
970 1953 1069 2022 τῆς
1097 1951 1223 2020 γῆς,
1256 1970 1275 2003 ι
1315 1953 1502 2022 φησιν,
1544 1952 1617 2015 ὡς
1644 1951 1795 2013 ὄντος
1825 1951 1917 2004 καὶ
1955 1959 1995 2025 β

340 2047 473 2102 λαοῦ
501 2045 755 2118 οὐρανοῦ,
786 2043 954 2098 αὐτοῦ
985 2043 1078 2097 τοῦ
1106 2042 1241 2099 λαοῦ
1269 2044 1365 2113 τῆς
1389 2043 1494 2111 γῆς
1522 2059 1536 2073 ο
1566 2044 1624 2095 ὲν
1656 2042 1925 2114 ἐλαχίστῳ

343 2139 637 2210 γενομίνου
671 2136 861 2192 πιστοῦ
903 2140 971 2210 τῇ
1016 2139 1110 2207 γῇ,
1155 2135 1670 2205 ἀναλαμϐανομένου
1709 2136 1791 2198 είς
1832 2135 1927 2187 οῦ-

347 2231 535 2303 ρανδν,
571 2212 659 2283 ἵνα
707 2231 935 2299 γένηται
984 2228 1111 2299 λαὸς
1152 2227 1406 2297 οὐρανοῦ.
1440 2226 1504 2278 Ἦ
1541 2227 1639 2297 μία
1687 2226 1744 2280 δὲ
1780 2226 1929 2299 ψυχὴ

351 2323 491 2394 μετὰ
535 2320 635 2392 τὴν
680 2321 1061 2391 πλημμέλειαν
1081 2318 1285 2387 γνοῦσα
1317 2317 1417 2388 τὴν
1446 2318 1723 2388 ἁμαρτίαν
1756 2335 1929 2389 προσ-

350 2416 509 2487 φέρει
555 2414 655 2483 τὴν
706 2412 918 2475 Θυσίαν,
980 2412 1072 2465 καὶ
1129 2412 1190 2464 οὐ
1237 2411 1500 2482 πρότερον
1538 2413 1639 2482 τῆς
1677 2408 1932 2477 γνώσεως

349 2506 562 2576 γίνεται
599 2506 627 2557 6
668 2502 895 2574 ἱλασμὸς
940 2502 1034 2556 καὶ
1080 2504 1112 2573 ἡ
1153 2503 1368 2571 ἄφεσις.
1416 2502 1595 2571 Ὅπερ
1625 2501 1716 2553 ἐπὶ
1765 2500 1930 2571 μόνον

350 2598 444 2654 τοῦ
483 2598 785 2669 ἀρχιερέως
814 2595 915 2661 οὐκ
949 2586 1187 2667 εἴρηται.
1225 2595 1299 2647 Οὺ
1337 2593 1445 2663 γὰρ
1475 2593 1684 2661 ἀγνοῶν
1712 2592 1929 2664 ἔρχεται

352 2691 431 2753 είς
452 2689 771 2757 ἐπίγνωσιν.
1192 2755 1198 2759 _

423 2778 517 2844 Τὸ,
555 2798 572 2831 ι
600 2778 693 2842 Εἰς
720 2776 897 2849 ὀσμὴν
928 2776 1179 2840 εὐωδίας,
1215 2793 1232 2826 ι
1291 2774 1383 2829 ἐπὶ
1417 2773 1580 2843 μόνου
1620 2772 1713 2825 τοῦ
1752 2774 1936 2843 ήμαρ-

353 2871 583 2942 τηκότος
634 2870 853 2940 λέγεται
891 2868 1105 2931 λαῖκοῦ,
1143 2865 1295 2938 παρὰ
1323 2865 1415 2919 τὸν
1476 2865 1644 2935 ἱερέα,
1698 2866 1790 2917 καὶ
1837 2865 1934 2935 τὴν

358 2964 705 3036 συναγωγὴν,
742 2963 957 3016 καὶτὸν
996 2960 1251 3032 ἄρχοντα.

2096 1949 2325 2020 lnquit:
2364 1968 2381 2000 ι
2430 1947 2508 2004 Ex
2542 1936 2746 2021 populo
2796 1958 2983 2015 terrae.
3023 1970 3043 2003 ι
3084 1961 3214 2016 etc.,
3261 1951 3418 2024 quasi
3472 1950 3611 2006 alius

2029 2043 2102 2097 sit
2146 2041 2406 2113 populus,
2461 2057 2658 2113 nempe
2689 2045 2959 2100 caelestis.
3020 2044 3306 2115 Siquidem
3371 2047 3613 2116 populus

2030 2133 2124 2201 qui
2173 2134 2226 2188 in
2262 2148 2455 2204 parvo,
2499 2135 2712 2191 scilicet
2767 2136 2824 2190 in
2880 2144 3028 2192 terra
3079 2137 3471 2206 promissionis
3510 2137 3613 2190 fuit

2034 2224 2212 2281 ﬁdelis
2251 2225 2304 2280 in
2333 2226 2533 2281 caelum
2574 2229 2880 2284 translatus
2920 2236 3007 2283 est
3032 2239 3085 2283 et
3120 2228 3362 2284 donatus
3391 2212 3616 2282 civitate

2034 2316 2269 2372 ctelesti.
2319 2316 2493 2372 llomo
2528 2330 2712 2374 autem
2762 2335 2907 2375 unus
2960 2321 3076 2379 sive
3127 2320 3307 2375 anima
3355 2335 3485 2385 una,
3524 2320 3615 2374 ubi

2039 2409 2299 2476 cognorit
2335 2424 2499 2463 suum
2559 2421 2871 2479 peccatum,
2909 2411 3134 2466 adduc-it
3183 2412 3463 2477 hostiam;
3516 2425 3617 2465 nec

2041 2496 2145 2550 nisi
2178 2496 2362 2551 oblata
2408 2498 2635 2553 victima
2678 2500 2890 2569 peccati
2929 2500 3187 2555 remissio
3218 2501 3477 2570 obtingit.
3508 2499 3618 2555 Vc-

2040 2602 2161 2640 rum
2194 2587 2299 2642 hoc
2332 2588 2469 2644 fallit
2513 2591 2567 2643 in
2609 2591 2728 2644 solo
2756 2591 3071 2645 sacerdote.
3116 2591 3234 2646 Non
3267 2592 3414 2646 enim
3461 2592 3618 2663 igno-

2040 2691 2229 2731 ranter
2263 2680 2414 2732 venit
2446 2680 2500 2733 in
2546 2681 2757 2750 peccati
2791 2672 3065 2734 notitiam.

2109 2767 2265 2833 Quod
2319 2769 2582 2824 scribitur
2626 2787 2641 2823 :
2682 2789 2701 2821 ι
2747 2769 2805 2823 ln
2872 2768 3096 2823 odorem
3159 2772 3315 2824 bona:
3367 2768 3622 2841 fragran-

2039 2858 2150 2922 tire,
2195 2879 2211 2911 ι
2248 2868 2382 2925 etc.,
2415 2860 2715 2935 adjectum.
2737 2870 2820 2917 cst
2856 2869 3081 2933 propter
3116 2862 3295 2918 solum
3341 2862 3617 2933 privatum

2038 2952 2315 3005 lmminem
2376 2963 2728 3022 peccantem;
2793 2970 2897 3010 nec
2950 2954 3171 3010 additur
3234 2955 3289 3009 in
3351 2956 3621 3009 relatione

2038 3041 2370 3103 sacerdotis,
2412 3056 2704 3111 synagoga:
2749 3044 2832 3098 vel
2888 3038 3164 3114 principis
3216 3044 3618 3115 delinquentis.

432 3136 493 3193 Si
544 3138 723 3191 anima
764 3135 1076 3206 peccaverit,
1109 3143 1155 3186 et
1199 3130 1457 3183 audiverit
1503 3144 1674 3181 rorem
1727 3127 2045 3196 jurameuti,
2081 3143 2185 3184 etc.
2225 3130 2316 3203 ιγ,
2349 3131 2427 3203 5.]
2457 3130 2642 3186 Primo
2661 3135 2794 3190 loco
2820 3136 2974 3205 ponit
3007 3138 3352 3206 negationem
3388 3139 3620 3207 peceati,

359 3224 523 3297 335.
553 3224 752 3281 deinde
784 3223 979 3279 subdit
1013 3222 1191 3292 ipsum
1225 3226 1532 3288 peccatum.
1571 3215 1831 3269 Bifariant
1868 3227 2046 3270 autem
2078 3218 2165 3272 hic
2199 3220 2349 3274 locus
2381 3220 2745 3292 intelligitur:
2775 3231 2872 3278 aut
2908 3225 2952 3279 si
2986 3225 3115 3295 quis
3142 3226 3382 3295 aliquem
3409 3238 3623 3296 cogno-

360 3314 499 3369 verit
533 3313 814 3382 pcjerasse
849 3320 901 3366 et
931 3310 1237 3380 productus
1273 3306 1454 3368 testis,
1500 3312 1559 3356 ut
1587 3302 1638 3356 id
1678 3315 1956 3372 peccatum
1998 3304 2220 3371 indicet,
2247 3315 2301 3359 ct
2324 3308 2374 3361 id
2410 3310 2590 3363 celare
2635 3310 2689 3364 in
2734 3312 2980 3365 animum
3031 3312 3335 3367 induxerit.
3370 3312 3484 3367 llac
3521 3324 3624 3367 ter-

364 3401 734 3471 giversatione
768 3404 1058 3469 peccatum
1119 3394 1222 3451 sibi
1262 3407 1371 3446 non
1423 3405 1651 3462 parvum
1688 3388 1923 3463 (ποιιίιιιι.χ
1948 3393 2056 3446 Aut
2089 3393 2134 3447 si
2163 3395 2292 3464 quis
2324 3395 2686 3464 jurejurando
2724 3399 2979 3464 adactus,
3024 3407 3084 3453 ut
3137 3400 3346 3469 aliqua,
3377 3416 3500 3469 quae
3529 3417 3627 3457 oc-

365 3488 509 3542 culta
543 3493 694 3551 sunt,
727 3484 992 3555 proferat,
1040 3490 1335 3541 cunctatur
1366 3495 1455 3543 ea,
1488 3479 1613 3532 licet
1642 3476 1780 3531 sciat
1828 3478 2003 3546 palam
2033 3478 2234 3547 facere,
2262 3496 2291 3534 a
2329 3490 2555 3552 peccato
2597 3486 2742 3538 haud
2790 3487 3056 3541 immunis
3090 3496 3200 3542 est.
3234 3486 3369 3541 Nam
3418 3490 3464 3542 si
3500 3490 3626 3556 quis

368 3592 476 3629 non
513 3574 722 3629 indicet
753 3572 1192 3642 delinquentem,
1240 3582 1343 3623 nec
1375 3566 1629 3623 observet
1656 3565 1891 3619 delatum
1933 3566 2262 3645 auctoritate
2317 3570 2936 3641 judicisjusjurandum
2995 3574 3307 3641 peccatoris
3336 3583 3622 3642 peccatum

370 3664 517 3719 iu'se
544 3660 834 3717 transfert.
865 3657 1021 3712 llaud
1064 3657 1211 3713 enim
1264 3654 1443 3710 solum
1487 3667 1586 3707 nos
1615 3666 1643 3704 a
1677 3653 1918 3720 peccatis
1949 3653 2227 3709 abstinere
2251 3664 2490 3724 oportet,
2529 3658 2623 3712 sed
2657 3657 3042 3729 redarguendo
3074 3669 3129 3713 et
3160 3659 3459 3714 indicando
3496 3675 3626 3729 pcc-

371 3750 479 3803 cui
518 3747 672 3802 radi;
710 3746 1003 3802 incidenda
1038 3752 1145 3799 est.
1178 3740 1469 3810 Srriptura
1499 3752 1738 3808 namque
1776 3738 1857 3792 sic
1890 3752 1992 3793 nos
2021 3741 2346 3795 cohortatur
2376 3760 2391 3798 :
2443 3761 2462 3793 ‹
2511 3742 2692 3800 Nolite
2724 3746 3144 3800 communicare
3186 3746 3446 3816 operibus
3477 3755 3629 3801 teuc-

372 3837 593 3892 brarum
644 3831 1020 3902 inlrugileris;
1050 3830 1160 3885 imo
1198 3827 1343 3899 quod
1380 3824 1633 3897 poteritis
1658 3825 1750 3879 illa
1782 3838 1947 3894 opera
1980 3825 2363 3895 reprehendite
2396 3838 2447 3882 et
2487 3829 2982 3889 refellile°'.iAlibi
3008 3832 3195 3886 cadem
3232 3830 3515 3902 Scriptura
3542 3834 3629 3886 in-

374 3927 529 3996 quit:
569 3943 587 3976 ι
638 3922 808 3977 Plane
837 3920 1031 3977 occide
1060 3925 1383 3989 peccatores
1418 3922 1606 3979 terrae,
1650 3921 1711 3967 ut
1750 3913 2023 3982 exstirpes
2083 3928 2151 3967 ex
2207 3914 2430 3970 civitate
2497 3917 2718 3973 Domini
2761 3932 2955 3974 omnes
3009 3925 3292 3988 patrantes
3352 3920 3635 3988 iniustitia:

377 4029 541 4084 opera
568 4011 638 4066 ".
682 4030 702 4064 ι
742 4010 1014 4065 Praeterea
1063 4005 1261 4076 legitur
1295 4022 1308 4058 :
1354 4023 1374 4057 ι
1414 4002 1634 4059 Judicio
1667 4002 1816 4072 justo
1840 4001 2089 4072 jndicate
2115 4009 2170 4055 et
2205 4004 2437 4059 asserite
2466 4005 2669 4073 injuria
2700 4007 3138 4061 circumventum
3172 4009 3242 4062 το.
3288 4027 3306 4060 ι
3338 4007 3497 4075 llinc,
3537 4011 3633 4081 qui

376 4101 569 4154 reticet
621 4104 904 4167 peccatum
967 4094 1201 4149 alterius
1238 4098 1556 4161 contempta
1606 4088 1866 4158 religione
1895 4087 2284 4157 jurisjurandi,
2326 4086 2619 4161 conjunxit
2642 4092 2819 4156 illum,
2868 4094 2961 4162 qui
3007 4094 3329 4163 inquinatur
3377 4106 3632 4153 contactu

379 4186 647 4242 immundi
691 4192 746 4240 et
784 4182 983 4252 impuri
1023 4181 1279 4237 hominis.
1318 4177 1785 4245 Quemadmodqu
1835 4191 1946 4230 non
1994 4185 2188 4246 suopte
2216 4177 2435 4248 ingenio
2475 4180 2568 4236 ille
2603 4190 3028 4251 conspurcatur,
3062 4184 3155 4237 sed
3188 4184 3420 4238 alterius
3455 4194 3641 4240 conla-

376 4276 485 4342 gio,
540 4273 622 4327 sic
653 4274 744 4342 qui
782 4270 990 4325 obticet
1023 4275 1309 4339 peccatum
1353 4265 1604 4329 alterius,
1654 4262 1799 4333 quod
1843 4264 2194 4335 retegendnm
2229 4273 2366 4330 erat,
2402 4268 2815 4322 contaminatur
2843 4268 3062 4335 illicito,
3098 4284 3195 4324 ceu
3226 4287 3282 4323 re
3326 4271 3509 4341 aliqua
3539 4273 3636 4324 im-

379 4362 610 4425 munda,
645 4360 893 4417 silentio.
922 4358 1041 4414 Una
1072 4356 1245 4426 igitur
1273 4368 1442 4425 opera
1470 4353 1631 4409 nobis
1660 4351 1749 4407 hic
1786 4359 2179 4406 commemorat
2217 4360 2271 4406 et
2305 4359 2497 4424 typum
2530 4362 2584 4410 et
2614 4355 2899 4411 veritatem
2938 4356 3043 4411 hoc
3069 4365 3199 4428 typo
3222 4358 3481 4413 velatam.
3520 4361 3641 4414 Cae-

381 4434 556 4503 terum
595 4456 880 4519 peccatum
914 4443 1048 4500 illud
1077 4442 1382 4508 evanescit,
1423 4442 1467 4496 si
1504 4438 1927 4495 intercesserint
1974 4438 2280 4493 enuntiatio
2313 4449 2367 4494 et
2398 4442 2643 4497 victima.
2704 4441 2885 4498 Monet
2925 4443 3200 4514 siquidem
3244 4445 3525 4514 SCI‘iplllta
3586 4448 3641 4500 in

383 4538 529 4592 hunc
551 4535 779 4590 modum
819 4551 833 4590 :
879 4551 899 4584 ι
932 4532 1032 4586 Dic
1062 4540 1118 4585 tu
1170 4530 1410 4600 primum
1453 4526 1776 4597 iniquitates
1831 4536 1975 4587 tuas,
2014 4525 2399 4594 utjnstiﬁcere
2444 4530 2511 4583 ⁷¹.
2561 4548 2580 4583 ι
2617 4531 2672 4584 In
2704 4530 2937 4601 psalmis
2960 4534 3227 4602 scriptum
3252 4541 3337 4588 est
3376 4551 3389 4586 :
3422 4551 3443 4585 ι
3480 4532 3641 4589 Dixi:

383 4621 695 4677 Eriimtiabo
717 4627 908 4676 contra
944 4633 1029 4673 me
1057 4622 1285 4688 peccata
1318 4627 1438 4669 mea
1469 4612 1724 4668 Domino.
1750 4609 1815 4665 Et
1843 4621 1901 4665 tu
1930 4611 2160 4681 gratiam
2183 4612 2365 4669 fecisti
2396 4615 2658 4685 impietati
2685 4617 2869 4674 cordis
2890 4610 3139 4674 Μεννά
3173 4618 3368 4674 Verum
3399 4621 3504 4676 hoc
3536 4638 3645 4675 non

384 4711 518 4779 satis
543 4709 742 4765 fuisset
773 4707 841 4761 ad
866 4705 1199 4759 oblationem
1231 4698 1469 4771 peccati,
1496 4698 1545 4757 si
1576 4712 1687 4753 non
1721 4712 1818 4766 pro
1848 4696 2009 4752 nobis
2040 4702 2236 4756 mortis
2266 4703 2568 4772 periculum
2592 4705 2820 4761 adiisset
2850 4706 3131 4763 Christus.
3165 4708 3383 4777 Septies
3420 4710 3647 4777 sangui-

386 4813 508 4853 nem
543 4809 838 4867 aspergere
861 4791 1110 4864 prtecipit
1143 4788 1323 4845 Moses
1358 4788 1523 4856 :quia
1550 4800 1614 4840 ex
1644 4795 1851 4854 septem
1878 4786 2112 4855 guttulis
2142 4788 2345 4844 virtute
2373 4798 2429 4844 et
2450 4792 2691 4846 ellicacia
2721 4792 3011 4863 sanguinis
3035 4810 3100 4848 ex
3143 4795 3404 4850 universo
3436 4798 3644 4850 srcculo

390 4886 491 4938 hoc
519 4897 742 4938 sursum
779 4881 902 4951 rapi
934 4878 1235 4934 liominem.
1267 4872 1542 4944 Immolati
1582 4874 1822 4942 passeris
1855 4879 2023 4941 caput
2051 4887 2157 4927 non
2188 4876 2405 4942 penitus
2445 4882 2677 4933 rese’cat.
2706 4876 2842 4932 Nam
2870 4894 3020 4934 mors
3042 4879 3244 4934 Christi
3276 4896 3384 4935 non
3420 4882 3651 4938 divisio.-

392 4987 512 5023 uem
538 4968 777 5039 perﬁcit,
814 4967 909 5023 sed
938 4952 1198 5041 unionem
1240 4961 1529 5018 charitatis
1558 4960 1785 5014 inducit.
1819 4958 2162 5028 Quapmpter
2192 4977 2291 5017 nec
2313 4963 2434 5034 agni
2459 4965 2732 5035 paschalis
2770 4980 2970 5020 carnes
3004 4965 3154 5023 l'oras
3186 4967 3556 5023 ell‘erebantur
3582 4983 3652 5025 cx

389 5073 450 5110 ea
472 5057 658 5123 domo,
694 5055 748 5109 in
790 5069 897 5125 qua
934 5052 1259 5109 edebantur.
1295 5046 1554 5103 Christus
1604 5060 1708 5101 non
1738 5043 1949 5099 divisus
1981 5053 2089 5110 est,
2124 5050 2216 5103 sed
2242 5065 2384 5105 unus
2413 5061 2466 5105 et
2492 5059 2641 5106 totus
2669 5053 2902 5122 singulis
2946 5061 3000 5109 et
3031 5055 3289 5109 omnibus
3336 5054 3499 5110 inest.
3531 5054 3652 5125 Ipse

392 5143 663 5214 siquidem
698 5149 783 5197 est
824 5158 930 5212 pax
982 5146 1172 5195 nostra
1217 5134 1563 5205 conjungens
1610 5148 1710 5186 nos
1762 5132 2019 5196 invicem,
2059 5140 2111 5185 et
2166 5130 2276 5187 Deo
2314 5135 2602 5203 copulans.
2638 5133 3075 5192 Tabernaculum
3124 5153 3343 5208 quoque
3380 5139 3656 5192 iz'roralur

394 5232 682 5301 sanguine,
715 5229 810 5300 qui
847 5237 1008 5300 typus
1043 5223 1316 5296 signiﬁcat
1356 5219 1678 5275 Ecclesiam.
1710 5215 1918 5272 Turtur
1955 5235 2097 5275 unus
2128 5235 2229 5291 pro
2271 5231 2497 5289 peccato
2522 5223 2795 5277 occiditur
2824 5242 2837 5279 :
2874 5227 3013 5280 alter
3052 5227 3105 5279 in
3136 5224 3521 5279 holocaustqu
3560 5240 3653 5280 ce-

390 5318 497 5372 dit.
526 5319 703 5373 Ambo
735 5316 1055 5388 signiﬁcant
1082 5311 1385 5372 Christum,
1413 5309 1509 5379 qui
1538 5322 1638 5377 pro
1668 5306 1828 5361 nobis
1865 5314 1950 5361 est
1989 5319 2322 5378 peremptus,
2362 5317 2416 5363 et
2443 5310 2495 5364 iu
2553 5309 2779 5366 odorem
2820 5311 2975 5368 bonte
3007 5313 3321 5384 ft'agrantia:
3359 5329 3458 5367 ceu
3499 5312 3655 5366 holo-

480 5451 527 5482 “
560 5449 764 5522 Ephes.
799 5464 852 5514 v,
896 5446 982 5499 ll.
1080 5444 1125 5475 ⁸³
1161 5440 1305 5497 Psal.
1346 5452 1397 5503 c,
1426 5438 1479 5492 8.
1675 5437 1721 5467 ⁷ο
1824 5431 1925 5485 Dcn

2094 5450 2131 5496 ι,
2244 5431 2333 5488 96.

1901 5550 2137 5608 ΝυΤΑἰ.

476 5660 549 5733 ιδ)
579 5661 660 5716 Τὰ
688 5659 928 5730 ἑπόμενα
976 5656 1034 5709 ὲν
1063 5653 1140 5724 τῷ
1165 5652 1265 5723 τῆς
1291 5650 1426 5718 Αὐγ.
1452 5648 1579 5702 κὼδ.
1617 5648 1674 5700 οὐ
1704 5649 1898 5699 κεῖται.

2558 5443 2600 5475 ⁷¹
2637 5443 2739 5498 lsa.
2791 5454 2953 5509 xutt‘,
3001 5443 3090 5504 26.
3168 5436 3652 5503 ⁷¹Τεε11οκκκιο5ο
