4050 6212
450 267 545 336 7:1
1747 257 2100 319 raecoru
2144 255 2388 314 eum
3609 251 3712 318 m

451 391 701 432 caustum
730 375 875 430 Patri
913 379 998 427 est
1029 373 1267 427 oblatus.
1324 361 1592 424 i‘rzeteiea
1632 370 1689 424 ut
1729 369 1982 437 pretium,
2017 377 2125 432 quo
2158 362 2404 415 omnium
2442 362 2549 414 vita
2583 353 2966 426 rediuerrlur,
3011 363 3251 431 seipsum
3285 363 3483 419 obtulit
3517 361 3713 414 admo-

454 477 542 518 tus
564 478 670 516 ara:
705 470 763 514 ut
794 458 1107 514 certissima
1131 457 1448 528 prOpltiatiO
1469 468 1521 510 et
1549 457 1789 525 expiatio
1807 462 2153 523 pecratorum
2195 460 2528 503 uestrorum.
2563 447 2768 502 Simihe
2789 468 2894 503 non
2921 449 3140 503 additur
3161 451 3243 504 vel
3266 451 3442 504 oleum
3463 449 3542 504 vel
3560 449 3713 502 thus.

453 550 592 618 Quia
628 562 724 616 pro
747 552 976 616 peccato
1012 543 1264 599 offertur.
1300 542 1594 598 Peccatum
1617 552 1796 596 autrm
1832 547 2007 608 tieque
2040 537 2281 590 laetitiam
2309 552 2487 605 neque
2520 537 2718 590 bonam
2752 537 3108 606 ﬂagrantiam
3144 552 3253 607 pra:
3277 553 3336 591 se
3365 539 3486 591 fert.
3522 536 3714 590 Simila

452 647 537 690 est
571 635 817 695 materia,
848 648 913 686 ex
945 647 1048 702 qua
1080 631 1238 701 panis
1269 643 1516 699 paratur.
1553 628 1692 683 Viue
1723 644 1848 680 vero
1886 637 2050 696 typus
2074 633 2157 678 est
2189 625 2364 692 panis.
2406 625 2670 678 CtBlCl'Ulli
2707 640 2801 693 per
2827 626 3104 680 Christum
3141 627 3304 678 etiam
3335 634 3621 694 peccatum
3657 623 3714 675 in

455 725 695 777 laetitiam
730 721 980 785 vertitur,
1008 720 1098 772 uhi
1133 719 1226 772 illo
1247 718 1449 770 fuerint
1478 717 1650 771 nostri
1686 715 1854 768 animi
1890 712 2126 768 liberati.
2157 711 2288 765 Nam
2324 713 2583 766 sacerdos
2608 715 2779 766 Vulam
2805 715 3036 782 impleas
3066 713 3272 779 simila,
3301 728 3418 767 eam
3449 713 3715 781 inspergit

453 807 810 868 holocaustis,
837 805 1032 860 iterum
1061 813 1268 874 partem
1289 818 1382 872 per
1407 811 1583 854 totum
1604 800 1996 853 corroborans.
2021 795 2317 852 Residuum
2344 800 2608 853 sacerdoti
2636 801 2888 862 traditur,
2916 801 2972 852 ut
2997 801 3119 854 inde
3137 800 3334 864 alatur,
3357 799 3519 854 sicuti
3543 799 3709 851 etiam

451 895 656 962 expetit
691 907 891 946 uulnus
923 890 1138 944 similae.
1196 890 1314 942 Illic
1349 888 1694 942 sacerdotem
1743 887 2066 954 participem
2098 901 2206 939 arm
2235 886 2447 952 reddit;
2483 887 2569 939 hic
2610 888 2774 941 eﬂicit
2801 900 2860 942 ut
2892 890 3148 944 sacerdos
3180 889 3422 958 peccauti
3451 887 3711 939 auxilium

455 978 612 1042 ferat,
645 996 710 1033 ne
744 979 952 1048 peccati
983 986 1240 1030 contactu
1275 975 1492 1043 penitus
1530 982 1735 1043 pereat.
1760 971 1871 1026 Hoc
1901 981 2082 1027 autem
2119 974 2248 1027 illud
2276 982 2380 1041 est,
2407 975 2550 1042 quod
2586 974 2790 1031 Paulus
2827 977 2869 1006 ⁷³
2905 986 3064 1031 vocat
3096 978 3285 1032 datum
3320 986 3373 1030 et
3405 982 3710 1044 acceptum.

522 1103 639 1164 Qua
702 1100 913 1154 ratione
946 1096 1120 1171 alIinis
1161 1105 1246 1151 est
1302 1111 1496 1167 pwnze,
1549 1097 1643 1167 qui
1705 1095 1913 1165 iuravit
1967 1107 2024 1151 se

2199 1099 2320 1162 Πῶς
2350 1101 2407 1153 δὲ
2441 1101 2744 1166 ὑπεύθυνος
2797 1106 2892 1158 καὶ
2939 1107 2967 1158 ὁ
3009 1105 3329 1157 κακοποιεῖν
3366 1103 3591 1173 ὀμόσας,
3619 1105 3712 1156 καὶ

454 1192 897 1252 maleiacturum,
953 1200 1004 1244 et
1059 1190 1262 1244 oblivio
1321 1191 1593 1258 obrepeus
1639 1190 1706 1240 ab
1754 1188 2026 1242 maleficio

451 1301 574 1336 eum
617 1281 934 1336 submovit?
985 1278 1102 1333 Non
1162 1280 1249 1334 hic
1301 1281 1580 1349 plectitur,
1630 1278 1774 1347 quod
1815 1281 2026 1332 nullum

453 1372 637 1425 scelus
675 1369 976 1441 patraverit
1015 1387 1027 1423 :
1074 1367 1168 1423 sed
1201 1368 1434 1422 crimine
1477 1377 1715 1428 tenetur,
1748 1369 1891 1436 quod
1947 1375 2026 1420 te-

452 1477 598 1516 mere
626 1461 913 1531 juraverit.
944 1460 1077 1513 Cum
1111 1471 1293 1512 autem
1345 1459 1510 1511 honio
1563 1459 1904 1527 compositus
1957 1458 2028 1511 sit

452 1571 516 1609 ex
550 1570 715 1608 carne
743 1562 796 1608 et
841 1554 1060 1622 spiritu,
1101 1561 1352 1606 neutrum
1401 1551 1689 1604 nominare
1740 1551 2024 1605 sustinuit.

453 1643 720 1702 Neutrum
763 1645 1034 1714 siquidem
1087 1658 1314 1714 peccare
1347 1644 1506 1697 solet.
1543 1661 1560 1693 ι
1612 1641 1746 1695 Nam
1792 1642 2027 1711 spiritus

455 1739 821 1806 concupiscit,
856 1751 977 1806 qua:
1029 1744 1157 1790 sunt
1201 1735 1478 1788 contraria
1529 1733 1706 1797 carui,
1759 1733 2028 1801 habetque

453 1829 555 1882 hos
587 1827 822 1888 fructus,
864 1827 1147 1898 gaudium,
1186 1826 1532 1889 charitatem,
1561 1837 1744 1891 pacem
1776 1823 1845 1886 ⁷³,
1870 1843 1887 1874 ι
1915 1831 2023 1877 ctc.

457 1919 661 1986 Suapte
692 1923 888 1969 natura
948 1916 1179 1984 Spiritus
1209 1914 1348 1968 bona
1399 1920 1662 1967 censetur
1709 1913 1895 1966 arbor.
1960 1917 2028 1965 At

454 2025 602 2074 caro,
635 2025 753 2079 quae
784 2009 1130 2078 concupiscit
1167 2007 1432 2062 adversus
1479 2006 1757 2074 spiritum,
1792 2005 1898 2075 legi
1936 2005 2026 2060 Dei

456 2116 562 2154 non
597 2099 912 2167 subjicitur,
949 2112 1126 2165 neque
1155 2097 1301 2150 enim
1331 2103 1532 2164 potest.
1562 2098 1694 2149 Cum
1736 2095 1904 2164 igitur
1937 2109 2028 2148 ca-

457 2206 519 2246 ro
552 2192 762 2261 nesciat
799 2204 976 2258 neque
1007 2186 1184 2257 possit
1223 2185 1384 2242 subdi
1411 2185 1539 2252 Deo,
1572 2201 1694 2256 qua:
1725 2187 1864 2239 ratio
1898 2202 2027 2240 con-

454 2283 601 2336 tri-dit
630 2284 799 2349 ipsam
846 2277 1114 2349 peccare?
1159 2276 1395 2331 Proinde
1446 2277 1664 2346 preprie
1697 2278 2026 2345 praedicatur

454 2372 521 2426 de
561 2372 784 2424 anima:
819 2387 838 2421 ι
870 2371 1065 2424 Anima
1097 2384 1221 2438 quas
1271 2367 1602 2438 peccaverit,
1657 2368 1774 2435 ipsa
1819 2369 2022 2423 morie-

456 2473 545 2516 tur
575 2464 641 2516 ’⁵.
683 2483 700 2514 ι
734 2461 848 2515 Non
892 2463 1033 2516 idem
1068 2461 1134 2515 de
1171 2460 1368 2529 spiritu
1421 2461 1834 2530 pronuntiatur.
1866 2459 2021 2526 Quod
2059 2445 2101 2500 Β

456 2569 582 2608 vero
617 2554 754 2606 Deus
793 2559 971 2620 potest
1002 2557 1234 2604 animam
1260 2558 1314 2604 et
1352 2565 1554 2619 corpus
1583 2549 1812 2619 perdere
1848 2549 1901 2604 in
1936 2567 2026 2620 ges

457 2647 635 2699 hcnna
666 2646 742 2711 ",
785 2663 804 2695 ι
863 2659 971 2698 non
1018 2643 1470 2713 intelligendum,
1517 2643 1672 2711 quasi
1708 2658 1913 2713 corpus
1949 2645 2021 2697 sit

454 2746 642 2792 natum
703 2745 890 2806 suapte
964 2743 1158 2790 natura
1231 2735 1298 2790 ad
1365 2736 1585 2790 virtutis
1643 2749 1806 2803 opera
1866 2734 2026 2805 335

453 2828 704 2882 edenda:
744 2827 838 2880 sed
879 2825 1030 2896 quod
1077 2826 1150 2881 sit
1203 2839 1370 2880 causa
1424 2826 1642 2887 animm,
1685 2834 1745 2878 ut
1796 2835 2029 2893 peccato

453 2920 905 2974 commaculetur.
926 2917 1197 2970 Caeterum
1213 2915 1419 2980 tua
1445 2913 1797 2968 considerare
1826 2923 2032 2968 utrum-

2132 1189 2302 1260 λήθην
2354 1190 2567 1256 λαϐώνς
2603 1193 2714 1260 Οὐχ
2759 1193 2841 1245 ὅτι
2897 1195 2972 1262 μὴ
3021 1186 3439 1264 ἐκακοποίησεν,
3472 1193 3586 1246 ἀλλ’
3630 1194 3713 1245 ὅτι

2131 1274 2336 1350 ὤμοσε.
2370 1280 2476 1332 Τοῦ
2506 1281 2562 1334 δὲ
2598 1271 2854 1336 συνθέτου
2887 1283 3203 1353 ἀνθρώπου,
3249 1283 3372 1337 οὔτε
3398 1284 3460 1336 τὸ
3496 1282 3713 1351 πνεῦμα

2130 1369 2304 1438 εἶπεν,
2369 1373 2491 1446 οὔτε
2544 1375 2642 1444 τὴν
2709 1376 2910 1446 σάρκα.
2962 1377 3256 1447 οὐδέτερον
3313 1377 3420 1446 γὰρ
3470 1376 3713 1443 πέξυκεν

2132 1465 2484 1535 ἁμαρτάνειν.
2530 1485 2548 1519 ι
2578 1467 2650 1519 Τὸ
2694 1469 2792 1537 μὲν
2820 1469 2948 1538 γὰρ,
2986 1468 3246 1538 ἐπιθυμεῖ
3284 1468 3425 1521 κατά
3449 1467 3548 1537 τῆς
3581 1484 3710 1537 σαρ·

2130 1542 2244 1616 κδς.
2283 1555 2526 1624 καρποὺς
2571 1555 2696 1625 ἔχον
2740 1557 2986 1624 ἀγάπην,
3024 1558 3218 1628 χαρὰν,
3269 1559 3508 1628 εἰρήνην,
3550 1576 3571 1609 ν
3616 1559 3714 1610 καὶ

2129 1644 2198 1696 τὰ
2251 1645 2396 1714 ἑξῆς.
2461 1646 2627 1698 Φύσει
2665 1647 2884 1718 δένδρον
2938 1649 3140 1716 ἀγαθὸν
3189 1649 3492 1718 τυγχάνον·
3537 1650 3569 1718 ἡ
3629 1649 3710 1712 δὲ,

2129 1736 2473 1806 ἐπιθυμοῦσα
2493 1739 2654 1791 ’κατά
2678 1739 2772 1792 τοῦ
2801 1740 3136 1810 Πνεῦματος,
3167 1741 3245 1812 τῷ
3273 1735 3420 1812 νόμῳ
3452 1741 3544 1793 τοῦ
3573 1740 3712 1793 Θεοῦ

2129 1830 2226 1898 οὺχ
2265 1831 2656 1885 ὑποτάσσεται.
2697 1832 2832 1885 Οὐδὲ
2876 1833 2985 1903 γὰρ
3031 1833 3274 1898 δύναται,
3338 1834 3568 1904 δύναμιν
3617 1831 3713 1888 οὖν

2128 1921 2229 1972 οὐκ
2259 1921 2457 1990 ἔχουσα
2491 1923 2772 1994 ὑποταγῆς
2805 1919 2940 1995 πρὸς
2964 1924 3057 1977 τὸν
3089 1916 3243 1991 Θεὸν,
3278 1926 3394 1989 πῶς
3425 1925 3488 1978 ἂν
3529 1927 3712 1995 ἀμάρ-

2128 2026 2242 2073 τοι;
2290 2010 2394 2081 ἰδίᾳ
2417 2011 2473 2062 δὲ
2506 2013 2638 2081 περῖ⁹
2661 2005 2844 2082 ψυχῆς
2873 2013 3109 2085 εἴρηται,
3148 2032 3167 2065 ι
3194 2017 3355 2086 Ψυχὴ
3391 2017 3422 2087 ἡ
3456 2017 3712 2086 ἀμαροάο

2129 2117 2315 2162 νουσα,
2363 2101 2504 2170 αὑτὴ
2549 2103 2926 2168 ἀποθανεῖται,
2963 2124 2980 2156 ι
3035 2107 3095 2158 οὐ
3147 2106 3208 2159 τὸ
3259 2107 3499 2176 πνεῦμα.
3551 2108 3611 2160 ΕΙ
3652 2104 3712 2161 δὲ

2135 2209 2152 2241 ι
2191 2191 2416 2245 δύναται
2450 2193 2546 2246 καὶ
2580 2193 2760 2265 ψυχὴν
2797 2198 2892 2249 καὶ
2947 2199 3106 2278 agitat:
3160 2199 3290 2263 Θεὸς
3336 2200 3599 2254 ἀπολέσαι
3651 2201 3711 2253 ἐν

2127 2281 2340 2354 γεέννῃ,
2378 2301 2396 2335 ι
2445 2284 2543 2354 οὐχ
2581 2285 2658 2347 ὡς
2690 2288 2936 2355 πεφυκὸς
2969 2290 3288 2360 κατορθοῦν,
3329 2290 3444 2345 ἀλλ’
3476 2291 3605 2354 ἴσως
3634 2288 3714 2354 ὡς

2128 2375 2299 2426 αἴτιον
2349 2376 2415 2444 τῇ
2444 2373 2588 2447 ψυχῇ
2637 2378 2934 2448 ἁμαρτίας.
2973 2381 3172 2434 Σκόπει
3223 2381 3279 2435 δὲ
3310 2383 3402 2435 καὶ
3433 2384 3522 2435 τὸν
3557 2377 3713 2435 σπεί-

2130 2482 2291 2536 ροντα
2319 2467 2398 2528 εἷς
2431 2483 2490 2519 τε
2519 2467 2576 2520 τὸ
2617 2469 2834 2538 πνεῦμα
2864 2471 2959 2523 καὶ
3011 2473 3110 2540 τὴν
3154 2473 3363 2544 σάρκα·
3405 2473 3479 2537 ὡς
3512 2475 3539 2526 6
3587 2473 3708 2543 μὲν,

2132 2556 2276 2627 ζωὴν
2319 2561 2481 2628 μόνον
2519 2559 2774 2613 αἰώνιονο
2833 2564 2861 2616 ὁ
2907 2563 2983 2629 δὲ,
3021 2565 3225 2636 θερίζει
3259 2566 3488 2637 φθοράν.
3537 2567 3600 2618 Ei
3653 2567 3710 2619 δὲ

2128 2648 2316 2718 ἕτερον
2355 2649 2414 2702 τὸ
2444 2653 2685 2722 σπεῖρον,
2715 2654 2808 2707 καὶ
2846 2657 2906 2707 τὸ
2935 2658 3164 2727 σπαρὲν,
3188 2658 3281 2711 καὶ
3314 2659 3378 2711 τὸ
3400 2660 3456 2710 ὲν
3479 2651 3522 2726 ᾧ
3558 2660 3710 2711 σπεί-
3763 2651 3774 2658 ’

2138 2753 2293 2806 ρεται
2323 2776 2336 2800 ,
2370 2741 2586 2810 ἀνάγκη
2619 2741 2794 2813 ψυχὴν
2824 2739 2964 2797 εἶναι
3013 2747 3114 2817 τὴν
3151 2751 3207 2802 ὲν
3263 2748 3506 2819 ἐκατέρῳ
3554 2751 3711 2802 σπεί-

2137 2843 2358 2895 ρουσιν,
2385 2831 2516 2901 περὶ
2553 2827 2621 2903 ἧς
2655 2837 2681 2886 ὁ
2707 2837 2814 2898 πᾶς
2849 2836 3018 2904 ἀγὼν,
3054 2839 3140 2892 ἵνα
3163 2839 3332 2912 σωθῇ.
3373 2840 3537 2894 Ὀθεν
3573 2851 3709 2894 πἀνο

2134 2919 2324 2988 ταχοῦ,
2354 2919 2504 2992 ψυχὴ
2538 2923 2633 2978 ὲάν
2661 2926 2904 3000 ἁμάρτῃ,
2942 2927 3182 2997 λέγεται.

454 3025 560 3080 que
613 3018 721 3062 tam
757 3006 1124 3061 seminantem
1185 3006 1240 3059 in
1281 3005 1558 3073 spiritum,
1609 3020 1772 3074 quam
1823 3013 2094 3061 serentem
2125 3008 2178 3064 in
2211 3025 2477 3082 carnem;
2513 3033 2636 3072 nam
2681 3019 2768 3072 ille
2831 3021 3000 3073 vitam
3050 3031 3333 3085 aeternam,
3401 3023 3490 3079 hic
3549 3031 3705 3079 atter-

457 3116 586 3155 num
619 3100 768 3152 metit
800 3099 1106 3151 interitum.
1141 3097 1198 3151 Si
1228 3105 1409 3151 autem
1453 3097 1710 3152 diﬂ‘erunt
1741 3098 2024 3154 seminans
2061 3111 2112 3154 et
2149 3118 2359 3172 semen,
2404 3115 2457 3162 et
2498 3109 2550 3163 id
2597 3111 2652 3164 in
2692 3127 2801 3181 quo
2833 3114 3053 3178 seritur,
3114 3116 3431 3170 necessario
3493 3117 3706 3172 videtur

456 3191 609 3260 sequi
645 3189 882 3242 animam
922 3203 1066 3253 esse,
1094 3203 1201 3258 qua
1243 3189 1297 3242 in
1329 3194 1625 3257 utrumque
1693 3204 1880 3244 semen
1949 3205 2192 3261 spargat.
2263 3195 2548 3268 Siquidem
2627 3217 2789 3258 omne
2840 3216 3115 3258 certamen
3178 3207 3347 3260 initur
3387 3207 3438 3259 in
3484 3207 3606 3273 hoc,
3648 3217 3705 3260 ut

469 3283 651 3334 anima
685 3281 1038 3335 nanciscatur
1062 3281 1314 3335 salutem.
1340 3277 1684 3350 Quapropter
1720 3280 1967 3353 undique
2009 3293 2064 3337 et
2117 3288 2319 3358 ubique
2365 3292 2472 3348 dici
2554 3295 2804 3349 videmus
2873 3298 2924 3350 in
2979 3296 3263 3368 Scriptura

461 3375 790 3450 peccaverit.
825 3393 843 3426 ι

3300 3315 3313 3351 :
3363 3316 3382 3349 ι
3426 3300 3617 3352 Anima
3657 3300 3702 3353 si

525 3513 582 3565 In
620 3511 892 3565 rationem
920 3520 1102 3564 autem
1131 3509 1486 3579 delinquunt,
1514 3511 1623 3573 imo
1657 3511 1900 3566 maximo
1934 3523 2163 3583 peccato
2193 3531 2252 3572 se
2282 3518 2659 3590 obstringunt,
2696 3530 2971 3592 quotquot
2996 3523 3350 3591 manifestam
3385 3523 3706 3579 iuliriantur

458 3599 766 3662 veritatem,
791 3597 1190 3665 Christumque
1220 3612 1325 3650 non
1357 3597 1690 3651 conlitentur
1715 3613 1902 3652 coram
1942 3605 2356 3671 magistratibus
2382 3617 2436 3660 et
2460 3608 2796 3666 Caesaribus.
2827 3613 3097 3667 Caeterum
3147 3614 3472 3683 singulatim
3523 3613 3700 3680 expli-

457 3701 644 3737 cemus
686 3694 1152 3738 counuemoratas
1185 3685 1586 3738 immundities.
1625 3684 2029 3741 Universaliter
2067 3690 2246 3759 primo
2282 3693 2525 3751 dicitur:
2567 3716 2584 3746 ι
2630 3697 2962 3768 Quicunque
3007 3701 3439 3754 centreetaverit
3483 3702 3703 3754 omnem

457 3788 571 3824 rem
610 3772 902 3841 impuram,
944 3789 963 3822 ι
1007 3782 1062 3824 et
1112 3771 1428 3840 quicunque,
1464 3779 1524 3824 ut
1572 3772 1733 3826 habet
1771 3773 1948 3827 versio
1989 3773 2404 3843 Theodotioiiis,
2430 3783 2783 3852 iuquiuarerit
2815 3803 2869 3840 se
2908 3787 3058 3840 verba
3083 3787 3310 3855 impuro,
3347 3796 3461 3852 aut,
3492 3795 3550 3840 ut
3582 3803 3704 3840 ver-

457 3862 520 3914 tit
553 3861 772 3928 Aquila,
805 3859 894 3927 qui
916 3861 1340 3926 couspurcarerit
1386 3873 1442 3912 se
1468 3860 1619 3912 verba
1650 3861 1830 3928 aliqua
1874 3861 2170 3929 inquinata,
2208 3877 2316 3922 etc.
2347 3869 2593 3925 Violatur
2633 3884 2890 3928 contactu
2927 3875 3190 3931 immundi
3245 3878 3398 3930 verbi
3440 3878 3523 3930 vel
3575 3876 3704 3930 lacti

453 3949 545 4017 qui
581 3948 746 3999 alium
777 3959 942 4014 quam
976 3943 1067 3998 Dei
1106 3952 1352 4000 sectatur
1385 3959 1728 4033 sermonem.
1796 3965 1814 3996 ι
1849 3945 2082 4016 Eloquia
2117 3956 2264 4010 enim
2310 3958 2526 4013 Domini
2553 3961 2771 4031 eloquia
2813 3971 2940 4017 sunt
2970 3980 3126 4033 pura,
3149 3965 3198 3998 "
3229 3984 3247 4016 ι
3289 3975 3395 4019 etc.
3461 3965 3531 4018 At
3588 3966 3706 4018 ειη-

453 4035 602 4104 quia,
644 4048 766 4103 quae
795 4046 906 4086 non
937 4039 1269 4100 promauaut
1291 4047 1356 4087 ex
1395 4033 1543 4086 fonte
1576 4031 1802 4087 Christo
1837 4041 1968 4088 sunt
2008 4036 2023 4089 i

2130 4058 2241 4096 ara.
2277 4044 2525 4101 Cadaver
2566 4048 2816 4121 hoeioco
2841 4031 3046 4103 vocitat
3078 4051 3376 4115 hoininem,
3415 4052 3507 4121 qui
3542 4053 3707 4121 plane

453 4134 708 4178 mortuus
739 4132 822 4176 est
861 4123 906 4178 si
935 4123 1144 4192 cogites
1170 4121 1414 4176 divinam
1439 4122 1710 4191 politiam.
1746 4122 1882 4176 Cum
1920 4124 2015 4177 tali
2041 4127 2206 4182 etiam
2235 4131 2415 4186 cibum
2458 4148 2656 4202 capere
2679 4117 3069 4204 prohibemur.
3099 4141 3141 4190 Α
3175 4139 3362 4193 bestiis
3403 4117 3705 4193 laceratum

454 4213 724 4284 intelligo,
758 4212 1026 4281 quidquid
1065 4212 1418 4267 adversarius
1446 4219 1638 4266 noster
1666 4212 1944 4274 diabolus,
1969 4215 2061 4281 qui
2091 4213 2442 4269 existimatur
2491 4217 2652 4272 fortis
2682 4227 2932 4286 venator,
2967 4221 3236 4275 violenter
3259 4221 3485 4291 ceperit.
3515 4239 3533 4272 ι
3567 4220 3703 4274 Nam

440 4304 766 4358 .ohambulat
798 4303 975 4356 instar
1003 4301 1180 4357 leonis
1217 4302 1506 4370 rugientis,
1535 4308 1587 4354 et
1615 4301 1914 4369 quaerentis
1941 4316 2042 4356 nos
2080 4301 2352 4370 deglutire
2377 4303 2446 4356 τ’.
2483 4316 2503 4349 ι

526 4460 629 4513 Sed
671 4459 797 4526 quia
837 4455 1113 4510 interdum
1156 4455 1378 4522 accidit,
1411 4463 1470 4508 ut
1518 4455 1587 4508 ab
1615 4454 1761 4508 bono
1801 4465 2022 4523 pastore

2211 4461 2336 4512 Ἐπὶ
2373 4461 2483 4514 τῶν
2524 4461 2879 4533 θηρια).ὠτων
2925 4463 3040 4516 ἐστί
3087 4480 3216 4516 ποτε
3261 4464 3342 4528 τὸ,
3375 4465 3475 4535 ἤδη
3505 4463 3705 4517 ἀλὸντα

453 4555 563 4607 duo
599 4566 762 4604 crura
797 4551 875 4604 vel
911 4549 1159 4602 auricula
1197 4549 1382 4618 aliqua
1413 4549 1742 4613 vindicetur,
1770 4563 1876 4602 nou
1928 4548 2026 4603 abs

457 4660 516 4698 re
559 4644 765 4696 dicitur
817 4659 830 4694 :
879 4659 900 4694 ι
946 4640 1288 4694 hmuundum
1326 4656 1356 4694 a
1397 4641 1574 4695 bestia
1624 4641 1952 4696 laceratum.
2005 4659 2022 4692 ι

457 4734 589 4788 Nam
632 4749 737 4787 non
777 4730 1141 4801 reputandum
1187 4741 1271 4786 est
1311 4746 1340 4784 a
1368 4731 1541 4786 bestia
1583 4743 1829 4801 captum,
1882 4734 2026 4803 (ιιιοά

457 4823 622 4879 fuerit
651 4825 994 4878 subtractum
1035 4833 1089 4876 et
1119 4831 1364 4892 ereptum
1393 4838 1489 4876 ore
1525 4823 1720 4878 leonis.

531 5023 802 5077 Mortuum
837 5038 964 5079 vero
996 5022 1187 5092 reptile
1210 5021 1352 5076 hami
1382 5021 1618 5077 absurde
1645 5021 1854 5077 dixeris
1885 5022 2028 5091 aspi-

457 5114 578 5168 dem
596 5116 822 5183 ejusque
841 5113 1248 5184 prolem.Aspis
1277 5113 1572 5168 adventum
1593 5115 1798 5167 Christi
1841 5113 2018 5182 (juxta

458 5208 737 5276 prophetae
783 5207 1124 5277 vaticinium)
1177 5209 1249 5261 ita
1303 5217 1674 5270 mansuescet,
1739 5215 1798 5259 ut
1848 5207 2026 5259 iui‘aus

459 5295 580 5350 sine
612 5295 860 5364 periculo
894 5310 1227 5349 accessurus
1259 5295 1332 5349 sit
1373 5295 1438 5347 ad
1471 5294 1590 5361 ejus
1620 5309 1939 5355 cavernam,
1965 5301 2019 5346 et

459 5389 577 5444 sine
601 5389 802 5441 damno
830 5395 1184 5458 porrecturus
1215 5401 1433 5438 manum
1459 5385 1524 5438 ad
1552 5385 1738 5438 nidum
1767 5393 2020 5437 natorum

530 5586 574 5616 "
615 5587 631 5639 l
675 5588 800 5640 Cur.
837 5605 928 5646 Iv,
992 5586 1068 5641 il.
1176 5582 1220 5612 ⁷³
1249 5580 1424 5636 Calai.
1468 5598 1518 5642 ι’.
1577 5584 1658 5644 i7,
1700 5581 1790 5636 ἓξ.

457 5658 498 5688 ⁷³
527 5654 544 5709 l
577 5652 716 5712 Petr.
751 5675 801 5722 ι’,
828 5661 879 5713 8.
955 5658 999 5687 ⁷³
1034 5655 1169 5710 l‘s.il.
1202 5665 1331 5716 Lvti,
1370 5650 1420 5704 Ei.

1903 5582 1947 5612 ’δ
1994 5578 2190 5635 Ezcch.
2247 5596 2421 5645 xvili,
2480 5583 2532 5636 4.

2128 4549 2238 4602 δύω
2272 4550 2498 4611 σκελῶν,
2533 4551 2564 4619 ἢ
2591 4550 2750 4603 λοϐοῦ
2771 4550 2956 4614 ὠτίου,
2985 4570 3004 4602 ι
3041 4551 3180 4604 Ὑπὸ
3202 4553 3296 4606 τοῦ
3322 4552 3486 4605 καλοῦ
3517 4556 3706 4623 ποιμέ-

2130 4658 2220 4704 νος
2269 4640 2626 4711 ἀνιμηθῆναι.
2669 4661 2686 4692 ι
2742 4640 2842 4694 Διὰ
2885 4640 3040 4694 τοῦτο
3084 4641 3212 4705 ἴσως
3263 4644 3476 4713 εἴρηται
3533 4645 3613 4708 τὸ,
3668 4645 3700 4712 ἧ

2130 4729 2465 4798 θηριαλὼτου
2514 4730 2846 4800 ἀκαθάρτου.
2895 4731 3007 4784 Οὐκ
3057 4731 3138 4784 ἔτι
3199 4733 3310 4801 γάρ
3366 4732 3704 4803 θηριάλωτον

2129 4821 2191 4874 τὸ
2222 4820 2326 4873 ὑπὸ
2368 4819 2464 4873 τοῦ
2505 4823 2758 4889 ποιμένος
2808 4822 3119 4876 ὲκσπασθὲν
3161 4825 3224 4876 ἐκ
3260 4825 3526 4894 στόματος
3560 4826 3705 4879 λέον-

2129 4927 2238 4973 τος.

2203 5021 2534 5088 Θνησιμαῖον
2559 5019 2614 5072 δὲ
2638 5021 2866 5091 ἑρπετὸν
2895 5022 3106 5090 λέγοιτο
3131 5021 3195 5076 ἄν
3217 5022 3522 5092 ἀκάθαρτον
3551 5025 3700 5077 πᾶσα

2133 5110 2320 5171 ἀσπὶς,
2362 5108 2394 5179 ἢ
2435 5108 2633 5177 ἔκγονα
2681 5111 2906 5174 ἀσπίδος
2954 5113 3092 5181 μετά
3129 5114 3190 5166 τὸ
3240 5113 3593 5185 ἡμερωθῆναι
3633 5117 3698 5182 τῇ

2132 5197 2403 5268 παρουσίᾳ
2434 5198 2668 5268 Χριστοῦ
2709 5199 2904 5264 οὕτως,
2958 5200 3096 5254 ὥστε
3141 5202 3350 5255 παιδίον
3387 5203 3580 5270 νήπιον
3606 5201 3700 5256 ἐπὶ

2128 5289 2380 5358 τρώγλην
2411 5291 2616 5354 αὐτῶν,
2663 5290 2695 5361 ἦ
2730 5293 2820 5343 ἐπὶ
2875 5293 3061 5362 κοίτην
3108 5295 3347 5362 ἐκγόνων
3381 5293 3563 5348 αῦτῶν
3602 5295 3703 5366 ’τὴν

2130 5379 2288 5449 χεῖρα
2329 5380 2629 5446 ἐπιϐαλεῖν,
2680 5383 2907 5436 κάκεῖνα
2933 5385 3287 5454 ἠμερωθὲντα
3328 5387 3402 5457 μὴ
3440 5386 3699 5456 λυμαίνε-

2646 5582 2691 5616 ⁷⁸
2728 5581 2920 5636 .\lattli.
2959 5599 3014 5650 ι,
3042 5583 3136 5640 28.
3241 5584 3286 5615 ’⁸
3325 5583 3470 5637 Psal.
3523 5599 3599 5647 ιι,
3648 5583 3698 5638 Ἰ.
