4050 6212
266 289 378 354 713
1337 273 1868 340 COMMENTARII
1897 272 1980 332 IN
2021 269 2457 332 LEVITICUM.
3411 261 3514 325 τις

271 401 406 453 σθαι
443 396 501 448 τὸ
552 391 784 458 παιδίον,
826 389 1338 460 παλινδρομήσιντα
1381 388 1474 440 ἐπὶ
1501 387 1598 456 τὴν
1629 383 1848 442 κακίαν,

1918 423 1926 438 ,
1954 377 2094 448 ejus.
2137 375 2431 443 Serpentes
2463 371 2538 426 illi
2571 370 2820 435 cicurati,
2853 381 2960 423 non
2996 370 3256 424 damnum
3293 370 3517 440 aliquod

269 493 365 544 καὶ
397 485 734 542 ἀποθανόντα
765 485 832 552 τῇ
861 485 1181 553 ἡμερότητι.

1953 467 2332 539 importabunt
2359 484 2376 518 :
2401 479 2500 518 nec
2517 465 2582 518 ad
2613 462 2904 534 pristinam
2921 469 3203 515 reeurrent
3223 457 3517 522 feritatem,

1953 566 2048 620 sed
2075 563 2310 634 quivitte
2343 560 2471 615 ﬁnis
2501 560 2643 615 idem
2670 565 2722 613 et
2747 553 3161 612 mansuetudini
3195 555 3412 608 illorum
3451 555 3522 608 sit

1957 655 2195 710 futurus.

362 766 443 826 Ὡς
470 763 614 816 ἔστιν
654 760 896 831 ἅψασθαι
936 759 1154 829 κτηνῶν
1197 761 1289 814 καὶ
1323 757 1568 829 ἑρπετῶν
1601 753 1846 824 ἀκαθάρ-

2025 739 2408 840 Itaquelicehit
2425 763 2712 835 aliquando
2736 771 2856 818 cont
2871 769 3076 816 rcetare
3091 759 3296 828 reptilia
3317 757 3527 826 impura

281 875 385 908 των
416 851 772 922 ονησιμαίων,
808 849 979 914 οὕτως
1005 849 1149 903 ἔστιν
1173 849 1413 919 ἅψασθαί
1443 865 1573 900 ποτε
1595 847 1690 900 καὶ
1712 846 1848 898 ἀκα-

1961 868 2016 914 et
2047 870 2280 914 mortua.
2305 858 2396 913 Sic
2415 854 2713 926 aliquando
2730 853 2964 917 eveniet,
2990 861 3044 906 ut
3079 851 3203 920 quis
3230 857 3531 904 contrectat

285 943 507 1010 Oapsia;
541 940 852 1012 ἀνθρώπου,
877 941 1005 993 ὃταν
1029 939 1172 1012 λάϐῃ
1201 957 1285 1004 τις
1321 939 1427 994 ἀπὸ
1463 937 1558 990 τοῦ
1591 937 1649 990 ὲν
1679 933 1848 1004 ἑτέρῳ

1961 948 2361 1004 immunditiem
2392 945 2654 1007 hominis,
2679 943 2893 999 scilicet
2924 943 2970 997 si
2995 943 3129 1012 quis
3165 943 3473 995 incestetur
3499 955 3526 992 a

287 1031 581 1104 μολυσμοῦ·
1953 1039 2275 1110 pollutione,
2311 1052 2431 1107 quae
2466 1035 2556 1088 alii
2593 1035 2753 1088 inest.
2781 1033 2980 1087 Verum
3023 1032 3110 1086 ubi
3147 1031 3373 1084 maculae
3427 1031 3531 1082 im-

1953 1128 2246 1200 puritatcm
2264 1125 2596 1197 cognoverit,
2615 1123 2796 1182 oblato
2813 1120 3085 1176 sacriﬁcio
3106 1134 3226 1174 eam
3247 1117 3500 1171 dissolvet
3516 1155 3529 1168 .

357 1284 422 1338 Et
455 1283 742 1348 peccaverit
773 1283 1133 1350 imprudenter
1165 1283 1216 1336 in
1235 1284 1438 1337 sanctis
1467 1284 1700 1351 Domini,
1733 1293 1838 1343 etc.
1871 1287 1960 1360 LV,
1985 1287 2096 1360 I7.]
2143 1285 2368 1342 Scilicet
2401 1286 2445 1341 si
2479 1285 2606 1356 quid
2628 1299 2692 1338 ex
2725 1284 2943 1338 illorum
2965 1285 3217 1348 numero,
3245 1297 3367 1351 qum
3397 1295 3535 1334 eon-

285 1384 500 1426 secrata
543 1369 748 1423 fuerint
777 1368 1008 1423 Domino
1055 1369 1373 1437 expilaverit
1403 1371 1686 1440 sacrilege,
1713 1381 1806 1426 aut
1836 1385 1954 1430 vota
1991 1390 2096 1429 non
2134 1375 2379 1429 solverit.
2415 1371 2596 1442 Inquit
2626 1371 2828 1426 ctenim
2861 1388 2874 1424 :
2908 1389 2928 1420 ι
2963 1369 3088 1432 Fili,
3118 1370 3162 1424 si
3195 1368 3408 1422 voveris
3441 1382 3537 1419 vo-

287 1471 398 1512 tum
445 1457 700 1521 Domino,
737 1470 805 1508 ne
837 1456 1118 1508 cuncteris
1145 1453 1197 1508 id
1237 1457 1572 1524 persolvere.
1605 1457 1802 1514 Melius
1827 1469 1912 1516 est
1939 1476 2046 1515 non
2081 1475 2305 1524 vovere,
2339 1473 2504 1528 quam
2565 1457 2804 1520 vovisse,
2856 1465 2910 1510 et
2963 1463 3088 1510 vota
3149 1470 3259 1509 non
3323 1454 3536 1524 persol-

285 1545 510 1598 visse".
548 1561 566 1593 ι
595 1539 771 1594 Etiam
801 1539 966 1592 David
993 1540 1142 1593 canit
1162 1561 1173 1595 :
1193 1538 1453 1605 «Vovete,
1493 1550 1548 1596 et
1581 1543 1796 1600 reddite
1826 1555 1948 1602 vota
1983 1547 2213 1600 Domino
2249 1545 2362 1599 Deo
2386 1553 2568 1599 vestro
2588 1543 2656 1596 '°.
2684 1562 2702 1594 ι
2736 1543 2807 1596 At
2839 1543 3006 1605 aries,
3035 1543 3126 1611 qui
3158 1541 3446 1596 emcbatur
3471 1541 3534 1592 ait

287 1629 642 1690 sacriﬁcium,
669 1635 832 1698 typus
853 1635 938 1681 est
960 1627 1190 1682 Christi.
1221 1625 1379 1682 Hunc
1412 1627 1728 1684 Iudaeorum
1789 1635 2066 1702 principes
2107 1632 2385 1702 proditum
2424 1636 2678 1685 emerunt
2713 1629 2936 1700 triginta
2974 1628 3268 1697 argenteis.
3301 1625 3401 1680 llic
3438 1643 3536 1680 nos

287 1717 524 1772 absolvit
555 1731 582 1768 a
621 1714 886 1785 peccatis,
927 1729 1048 1784 quae
1078 1715 1243 1770 etiam
1278 1715 1333 1768 in
1361 1715 1532 1770 Deum
1569 1719 1972 1774 commisimus.

362 1843 432 1898 Et
464 1843 712 1914 fefellerit
741 1841 1038 1910 depositum
1066 1841 1296 1910 proximi
1333 1842 1440 1906 sui,
1473 1853 1560 1898 etc
1623 1843 1736 1912 ΠΙ.
1769 1845 1852 1919 2.]
1876 1846 1980 1902 Per
2011 1843 2291 1900 Christum
2331 1842 2600 1898 tolluntur
2632 1840 2854 1906 delicta,
2891 1842 3096 1912 quibus
3129 1841 3316 1910 injurii
3338 1841 3540 1895 fuimus

291 1933 558 1988 fratribus
595 1930 824 1985 nostris.
861 1928 962 1983 llic
991 1930 1136 1982 enim
1181 1928 1422 1998 perfecte
1453 1938 1508 1984 et
1550 1931 1804 1988 absolute
1847 1948 1948 1988 nos
1979 1929 2328 1993 cmundavit,
2356 1929 2660 1984 secundum
2693 1939 2940 1984 tenorem
2985 1929 3268 1998 sequentis
3303 1928 3538 1997 eloquii,

291 2020 452 2088 cujus
481 2015 748 2071 Christus
777 2016 896 2086 ipse
931 2025 1124 2070 auctor
1152 2023 1277 2070 est:
1317 2034 1334 2067 ι
1371 2015 1477 2082 Qui
1519 2019 1699 2072 credit
1731 2021 1922 2085 inme,
1959 2017 2123 2072 habet
2164 2017 2330 2069 vitam
2375 2027 2657 2082 aeternam,
2687 2023 2742 2070 et
2781 2015 2834 2068 in
2873 2015 3386 2069 condemnationem
3435 2031 3540 2068 non

293 2107 462 2170 venit,
498 2105 592 2160 sed
629 2105 886 2159 transivit
925 2120 992 2158 ex
1029 2115 1204 2160 morte
1233 2105 1289 2159 in
1325 2105 1494 2159 vitam
1523 2107 1594 2161 ⁸¹.
1633 2127 1650 2160 ι
1679 2107 1886 2164 Fidelis
1917 2109 2085 2178 igitur
2114 2107 2319 2160 virtute
2351 2105 2473 2159 ﬁdei
2502 2103 2676 2158 evasit
2713 2119 2812 2158 sua
2845 2105 3093 2158 crimina.
3137 2121 3156 2154 ι
3187 2102 3334 2156 Deus
3371 2103 3544 2171 siqni-

295 2195 418 2249 dem
449 2202 552 2257 est,
577 2191 670 2262 qui
727 2191 996 2260 justiﬁeat
1027 2209 1040 2246 :
1071 2193 1196 2261 quis
1239 2191 1432 2261 igitur,
1469 2196 1560 2263 qui
1601 2197 1928 2250 condemnat
1963 2195 2009 2228 ⁸³
2041 2197 2064 2248 ?
2093 2212 2114 2246 ι
2146 2193 2536 2249 Verumtamen
2605 2191 3056 2248 satisfaciendum
3107 2192 3288 2258 reipsa
3341 2191 3538 2260 injuria

298 2280 506 2336 allectis
541 2279 832 2338 fratribus.
885 2286 945 2331 ut
981 2277 1262 2347 possimus
1288 2281 1510 2348 assequi
1540 2280 2016 2349 justiﬁeationcm,
2053 2295 2174 2351 qua:
2205 2297 2302 2350 per
2327 2280 2612 2335 Christum
2639 2280 2798 2333 nobis
2835 2279 3094 2348 obtingit.
3128 2279 3208 2332 Ad
3258 2293 3382 2332 eum
3427 2293 3518 2330 mo

297 2369 426 2422 dum
455 2365 806 2430 lactucas",
829 2379 956 2419 cum
995 2379 1054 2418 se
1079 2365 1251 2434 recipi
1283 2366 1449 2420 vellet
1485 2367 1540 2419 in
1572 2383 1794 2438 gregem
1823 2370 2218 2440 discipulorum
2251 2367 2484 2430 Christi,
2519 2365 2876 2434 promittebat
2903 2379 2966 2419 se
2996 2364 3362 2435 quadruplum
3411 2379 3548 2418 suo-

299 2471 420 2510 rum
467 2455 760 2516 bonorum,
787 2451 832 2506 si
883 2465 1048 2520 quem
1091 2449 1494 2517 defraudasset,
1555 2457 1889 2512 restiturum.
2003 2456 2095 2510 Sic
2128 2455 2250 2524 quis
2287 2453 2598 2508 exclamare
2642 2451 2762 2520 quit
2796 2467 2812 2504 :
2841 2469 2859 2502 ι
2899 2449 3157 2506 Paratum
3201 2465 3297 2506 cor
3341 2465 3542 2516 meum,

307 2547 450 2599 Deus
465 2543 564 2596 ".i
599 2541 712 2595 Iloc
741 2551 826 2596 est
857 2541 1420 2610 holocaustum,quod
1460 2542 1512 2594 in
1547 2541 1716 2596 corde
1739 2542 1953 2597 incendi
1975 2550 2029 2598 et
2061 2539 2256 2595 ardere
2287 2539 2424 2593 vult.
2460 2537 2794 2607 Perpetuam
2841 2537 3050 2606 ignem.
3073 2537 3164 2606 qui
3203 2553 3308 2592 non
3329 2539 3548 2592 exstin-

287 2631 528 2700 ‘guatnr,
554 2629 608 2682 in
637 2641 732 2681 ara
773 2625 1006 2694 ﬂagrare
1039 2624 1336 2680 desiderat.
1369 2625 1488 2680 lNon
1513 2635 1697 2682 autem
1740 2627 1997 2696 intelligit
2023 2627 2323 2697 quemlibet
2349 2626 2555 2697 ignem,
2589 2624 2682 2680 sed
2720 2639 2906 2688 suum,
2928 2625 3020 2694 qui
3047 2625 3268 2678 caelitus
3295 2623 3543 2678 aITCI‘lttl'.

301 2717 436 2771 Nam
463 2716 648 2770 divina
687 2723 884 2768 natura
912 2713 1016 2768 sub
1043 2712 1282 2783 imagine
1312 2713 1454 2783 ignis
1473 2714 1638 2786 336
1669 2715 1826 2770 nobis
1847 2717 2189 2787 proponitur.
2219 2714 2325 2767 Ara
2352 2723 2436 2766 est
2469 2711 2722 2766 Christus
2749 2711 2910 2780 cujus
2939 2725 3106 2781 opera
3145 2711 3456 2766 accedimus
3479 2713 3546 2764 ad

303 2804 472 2860 Deum
499 2802 738 2856 Patrem.
771 2801 1132 2871 Conspicatus
1169 2808 1254 2856 est
1291 2815 1511 2871 quoque
1533 2802 1770 2858 Joannes
1795 2803 2057 2874 Spiritum
2083 2801 2178 2857 Dei
2210 2799 2638 2855 descendentem
2680 2815 2712 2854 e
2743 2799 2886 2854 coelo
2915 2799 3020 2853 sub
3049 2797 3232 2868 specie
3262 2797 3548 2859 eolumbze,

305 2899 358 2944 et
384 2898 690 2945 manentem
735 2905 900 2959 super
931 2889 1050 2957 ipso
1073 2889 1140 2943 ⁸⁸.
1177 2887 1449 2944 Caeterum
1477 2905 1574 2958 per
1605 2890 1783 2958 ignem
1825 2890 1984 2944 nobis
2023 2887 2442 2943 demonstratur
2483 2885 2814 2962 Spiritus,ut
2859 2885 3002 2940 idem
3049 2883 3292 2940 Joannes
3339 2885 3540 2938 iterum

309 2986 540 3030 testatur
573 2993 587 3028 :
627 2991 646 3026 ι
685 2973 808 3045 Ipse
836 2989 935 3029 vos
965 2974 1266 3044 baptizabit
1323 2974 1376 3028 in
1417 2975 1626 3045 Spiritu
1658 2985 1852 3031 sancto
1891 2983 1944 3030 et
1974 2975 2099 3046 igne
2119 2975 2206 3040 ⁸⁶;
2241 2992 2260 3026 ι
2291 2975 2435 3043 igne,
2477 2973 2725 3043 inquam,
2751 2972 2843 3043 qui
2879 2987 3098 3026 onmem
3131 2983 3324 3026 vestrm
3357 2971 3552 3023 auium:
3589 2973 3596 2980 ‘

311 3064 576 3118 maculam
604 3063 877 3117 absumet.
911 3061 1044 3116 Nam
1069 3061 1136 3117 de
1155 3061 1376 3117 Christo
1411 3063 1676 3132 scriptum
1707 3072 1792 3118 est
1819 3081 1831 3118 :
1863 3081 1883 3115 ι
1921 3063 2062 3116 Ecce
2107 3061 2226 3131 ipsc
2261 3060 2362 3114 ibit
2409 3069 2468 3114 ut
2495 3061 2640 3131 ignis
2704 3059 3047 3124 conﬁatoris,
3077 3067 3132 3114 et
3155 3068 3216 3114 ut
3239 3059 3406 3114 herba
3444 3058 3553 3112 ful-

312 3153 494 3206 lonum
525 3152 572 3183 ⁸⁷
609 3168 623 3216 ;
663 3170 682 3203 ι
709 3149 1454 3221 veniet,inquam,conﬁans
1497 3159 1552 3205 et
1575 3165 1902 3221 repurgans,
1946 3149 2413 3220 quemadmodum
2448 3157 2735 3215 argentum
2757 3152 3293 3220 etquemadmodum
3335 3161 3552 3200 aurum.

313 3241 552 3309 Spiritus
587 3247 768 3293 autem
793 3239 938 3307 ejus,
967 3245 1242 3308 quatenus
1271 3236 1416 3294 Deus
1440 3246 1543 3304 est,
1579 3238 1878 3308 peculiaris
1899 3237 2271 3295 existimatur.
2304 3233 2770 3304 quemadmodum
2799 3243 2854 3290 et
2875 3236 3023 3306 ignis
3053 3249 3160 3289 ara:
3203 3233 3556 3302 adjudieatur

315 3329 529 3380 ratione
563 3327 718 3396 legis.
753 3325 954 3380 \‘erum
991 3325 1272 3395 particeps
1303 3325 1546 3395 Spiritus
1567 3325 1742 3380 sancti
1775 3333 2063 3395 reputatur
2089 3324 2257 3380 sicuti
2292 3325 2480 3378 homo.
2509 3323 2738 3380 Poteris
2761 3325 3064 3394 intelligere
3089 3339 3236 3379 aram
3262 3325 3356 3378 Dei
3387 3325 3552 3378 etiam

317 3415 456 3472 illus.
491 3413 584 3482 qui
619 3411 860 3467 dedicati
888 3418 1016 3466 sunt
1045 3411 1180 3476 Deo,
1205 3426 1438 3482 quorum
1469 3412 1650 3483 ignem
1687 3427 1793 3466 non
1821 3413 1937 3467 vult
1964 3412 2240 3480 exstingui
2269 3429 2282 3466 :
2313 3412 2426 3466 imo
2469 3419 2690 3482 exoptat
2725 3427 2824 3466 eos
2858 3427 3076 3482 semper
3117 3412 3304 3466 videre
3335 3413 3553 3479 spiritu

315 3501 608 3560 ferventes,
637 3513 738 3552 nec
763 3513 1004 3566 unquam
1047 3499 1310 3554 astrictos
1341 3497 1546 3568 frigore
1569 3498 1935 3568 voluptatum.
1970 3498 2098 3552 Ilaec
2131 3499 2276 3552 enim
2305 3507 2462 3552 certa
2495 3496 2669 3550 forma
2701 3507 2788 3552 est
2833 3499 3126 3552 rationalis
3153 3498 3356 3561 cultus,
3379 3513 3542 3564 quem

317 3587 460 3642 Deus
494 3587 598 3640 sibi
630 3585 876 3638 exhiberi
915 3585 1086 3654 cupit.
1111 3583 1368 3640 Cincrem
1400 3601 1512 3640 non
1542 3585 1660 3639 vult
1685 3585 1884 3654 projici
1909 3599 1939 3638 a
1973 3585 2322 3655 quibuslibet
2355 3586 2476 3640 sine
2497 3587 2714 3641 delectu
2752 3603 2766 3638 :
2801 3586 2929 3640 huic
2966 3587 3180 3641 muneri
3219 3585 3554 3654 deputantur

317 3673 496 3728 sacris
529 3671 751 3726 initiati.
779 3669 916 3724 Nam
945 3671 1108 3725 etiam
1137 3671 1270 3726 vilia
1291 3679 1346 3727 et
1367 3680 1686 3742 contempta
1707 3671 1881 3726 oﬁicia
1917 3683 2182 3742 praestare
2209 3671 2319 3726 Deo
2351 3687 2509 3726 nemo
2541 3673 2890 3743 dedignetur.
2921 3675 2990 3725 At
3029 3687 3178 3724 aram
3204 3681 3554 3726 contrectare

319 3761 530 3830 prot'ani
559 3773 670 3812 non
711 3757 936 3812 audent.
971 3756 1085 3813 Nec
1109 3765 1296 3814 tamen
1327 3759 1689 3828 permittitur,
1715 3769 1774 3812 ut
1817 3773 1975 3814 sacra
2015 3759 2162 3830 palla
2203 3759 2384 3812 vestiti
2417 3759 2660 3814 cinerem
2705 3767 3017 3828 exportant.
3057 3758 3372 3814 Periculum
3403 3761 3548 3811 enim

319 3845 474 3906 foret,
501 3861 568 3898 ne
597 3843 1124 3912 haecinquiuaretur
1146 3849 1410 3898 contactu
1437 3845 1738 3899 immundo.
1761 3843 2000 3900 Proinde
2025 3847 2201 3916 inquit
2229 3844 2518 3900 Ezechiel:
2547 3863 2566 3896 ι
2593 3845 2839 3900 Camerre
2871 3847 3218 3915 aquilonares
3241 3855 3290 3898 et
3323 3859 3556 3898 camerae

319 3931 609 3996 australes,
643 3945 764 4000 quae
797 3939 930 3985 sunt
968 3931 1020 3984 in
1051 3931 1280 4000 planitie
1305 3931 1706 3996 intercisionis,
1731 3943 1857 3987 sunt
1897 3947 2130 3987 camerae
2187 3941 2412 3995 sanctae,
2437 3931 2528 3985 ubi
2583 3931 2874 3985 comedent
2902 3931 3241 3989 sacerdotes,
3269 3931 3361 3999 qui
3396 3945 3554 3984 acce-

320 4019 454 4072 dunt
487 4019 558 4072 ad
593 4017 910 4082 Dominum,
954 4015 1158 4072 Sancta
1195 4023 1518 4072 sanctorum
1565 4033 1580 4072 :
1618 4017 1694 4071 ibi
1723 4019 2036 4088 relinquent
2075 4018 2278 4072 Sancta
2321 4026 2666 4081 sanctorum,
2697 4025 2752 4072 et
2794 4019 3124 4073 oblationem
3155 4017 3362 4078 Minha,
3391 4027 3554 4086 atque

322 4107 554 4160 nostiam
573 4119 673 4174 pro
691 4113 918 4174 peccato
933 4113 1098 4172 etpro
1115 4103 1345 4158 delicto:
1366 4105 1492 4173 quia
1510 4104 1667 4158 locus
1697 4111 1922 4158 sanctus
1945 4115 2047 4158 est.
2071 4105 2370 4176 thuaudo
2392 4103 2710 4159 sacerdotes
2729 4105 2834 4174 ipsi
2861 4105 3260 4174 ingrediuntur,
3278 4119 3385 4158 non
3405 4119 3557 4175 egre-

321 4191 540 4246 dientttr
553 4191 618 4245 de
637 4189 840 4244 Sancto
857 4190 920 4242 ad
937 4190 1137 4243 atrittm
1156 4189 1418 4254 exterius,
1433 4188 1526 4244 sed
1553 4189 1624 4244 ibi
1643 4199 1910 4259 reponant
1927 4204 2106 4247 vestes
2123 4207 2273 4256 suas,
2296 4193 2348 4246 in
2371 4189 2576 4260 quibus
2595 4191 3067 4246 ntinistravernnt.
3083 4193 3224 4246 Sunt
3245 4193 3388 4245 enim
3431 4209 3558 4245 san-

323 4289 452 4334 ctae:
473 4288 636 4349 atque
651 4279 776 4332 aliis
799 4279 1046 4333 vestibus
1077 4293 1200 4332 sese
1233 4279 1485 4341 induant,
1511 4285 1566 4332 et
1593 4280 1856 4332 accedant
1883 4277 1937 4331 in
1955 4279 2133 4332 locum
2157 4279 2246 4332 ubi
2271 4289 2358 4334 est
2379 4279 2614 4347 p0putus
2635 4278 2704 4331 ⁸⁵.
2721 4274 2882 4330 »Νιιηι
2905 4275 2986 4328 lex
3004 4286 3129 4330 avet
3154 4279 3208 4330 in
3235 4279 3413 4330 locum
3445 4279 3515 4330 ali
3537 4311 3552 4318 -

329 4383 492 4437 quem
549 4373 892 4436 segregatum
921 4365 1222 4420 recondere
1243 4365 1320 4430 id,
1352 4367 1499 4436 quod
1535 4365 1828 4436 insigniter
1851 4365 2016 4420 fuerit
2049 4373 2324 4420 sanctum.
2367 4365 2706 4434 Quapropter
2747 4364 2918 4419 edicit
2943 4381 2958 4416 :
2985 4383 3004 4414 ‹
3039 4365 3100 4417 In
3129 4365 3250 4419 loco
3281 4373 3478 4420 sancto
3503 4367 3556 4419 in

325 4457 468 4509 atrio
489 4454 828 4509 tabernaculi
859 4455 1166 4508 testimonii
1209 4455 1372 4508 edent
1421 4453 1744 4508 sacerdotes
1787 4453 2052 4522 reliquias
2085 4451 2356 4508 similseiu
2399 4467 2549 4506 aram
2600 4451 2851 4522 positam
2877 4449 2992 4505 Hoc
3043 4462 3206 4520 pacto
3242 4451 3562 4506 ostenditse

325 4558 514 4596 verum
548 4543 776 4606 cultum,
813 4557 924 4610 quo
949 4540 1087 4595 Deus
1104 4542 1208 4596 coli
1239 4540 1544 4606 desiderat,
1574 4541 1824 4611 mysticis
1849 4543 2030 4596 velare
2060 4543 2262 4596 verbis.
2289 4539 2460 4597 Nobis
2492 4552 2674 4597 autem
2710 4542 2884 4611 major
2927 4541 3126 4614 obtigit
3165 4543 3557 4614 sanctiﬁcatio,

329 4639 390 4684 ut
419 4631 516 4702 qui
545 4631 786 4685 arctiore
811 4639 866 4684 et
896 4630 1152 4701 propiore
1176 4629 1396 4684 vinculo
1427 4630 1668 4685 devincti
1703 4630 1879 4702 simus
1908 4628 2048 4684 Deo.

407 4761 876 4828 Quemadmodum
911 4763 1136 4818 adeunti
1165 4763 1220 4817 in
1251 4763 1430 4818 locum
1473 4778 1692 4818 sacrum
1751 4761 1931 4832 major
1955 4762 2180 4818 obvenit
2216 4762 2606 4827 sanctimonia,
2641 4778 2806 4832 quam
2841 4762 2948 4826 illi,
2977 4763 3068 4831 qui
3101 4764 3291 4833 procul
3341 4765 3408 4818 ab
3445 4765 3568 4818 loro

332 4857 528 4906 sancto
559 4850 716 4905 abest
753 4870 766 4904 :
799 4851 880 4906 sic
909 4867 1012 4905 nos
1061 4853 1268 4920 majore
1293 4852 1635 4907 abundamus
1677 4853 1993 4908 sanctitate.
2029 4851 2302 4907 Caeterum
2327 4861 2521 4906 natura
2550 4867 2848 4921 corporum
2886 4853 3002 4907 sive
3027 4866 3394 4922 personarum
3425 4871 3558 4924 quo-

333 4953 438 5006 que
462 4936 826 4992 diﬁ‘erentiam
865 4937 1203 4992 habet.Nam
1227 4939 1303 4992 ait
1331 4956 1342 4990 :
1371 4958 1388 4990 ι
1421 4939 1626 4994 Omnes
1665 4953 1872 5002 mares,
1905 4941 1997 5008 qui
2043 4939 2253 4994 fuerint
2284 4940 2395 4992 nati
2437 4955 2636 5010 genere
2676 4937 3035 5002 sacerdotali,
3064 4949 3365 4996 vescentur
3395 4948 3570 4996 saeri-
3613 4999 3616 5002 _

335 5025 457 5080 ficio
474 5024 695 5079 similae.
733 5045 750 5076 ι
789 5025 860 5078 At
883 5028 1044 5080 nobis
1075 5041 1184 5078 non
1217 5035 1303 5078 est
1335 5027 1421 5079 vel
1455 5027 1738 5080 masculus
1767 5027 1854 5080 vel
1885 5025 2102 5080 femella
2157 5026 2210 5078 in
2242 5027 2468 5080 Christo
2496 5025 2624 5081 .Iesu
2668 5046 2680 5080 :
2719 5041 2908 5080 verum
2945 5025 3268 5095 iudicamur
3305 5041 3560 5099 respectu
3611 5011 3619 5020 ’

333 5111 522 5166 habito
535 5111 777 5176 virtutis,
794 5113 1092 5168 secundum
1111 5128 1275 5182 quam
1299 5113 1381 5165 vel
1411 5113 1550 5166 firmi
1567 5113 1648 5166 vel
1677 5113 1877 5165 inﬁrmi
1908 5127 2255 5182 apparemus.
2290 5111 2480 5168 Omnis
2511 5115 2604 5184 qu‘i
2627 5113 2928 5184 attingebat.
2951 5129 3036 5168 res
3057 5114 3166 5168 Deo
3183 5126 3564 5182 consecratas,

335 5199 786 5254 sanctiﬁcabatur
807 5209 862 5254 et
893 5203 1030 5270 ipse.
1075 5198 1244 5254 Nobis
1279 5213 1410 5252 vero
1443 5200 1745 5268 porrigitur
1787 5200 2176 5264 sanctimonia,
2208 5203 2250 5254 si
2295 5200 2581 5254 Christum
2626 5201 3169 5256 contrectaverimus
3215 5219 3346 5258 vero
3397 5207 3568 5260 animi

337 5287 642 5356 preposito.
670 5288 750 5341 Ad
783 5303 907 5342 eunt
941 5289 1161 5340 modum
1207 5287 1578 5356 mulier,quze
1617 5285 1986 5340 infestabatur
2020 5287 2302 5357 sanguinis
2345 5287 2636 5355 proﬂuvio,
2671 5290 2854 5358 tetigit
2893 5288 3202 5350 Christum.
3227 5299 3284 5346 et
3333 5293 3568 5346 salutem

335 5382 418 5428 est
439 5383 760 5430 consecuta.
799 5375 1191 5428 Ilolocaustum
1213 5375 1487 5444 signiﬁcat
1522 5389 1668 5438 eum,
1691 5373 1784 5442 qui
1818 5389 1876 5426 se
1900 5381 2071 5427 totum
2101 5383 2390 5428 consecrat
2420 5386 2472 5430 et
2501 5375 2709 5429 addicit
2751 5375 2920 5428 cultui
2960 5375 3178 5432 divino.
3213 5377 3324 5434 Nec
3381 5387 3566 5433 tamen

439 5554 461 5586 '
487 5555 646 5610 Eecle
690 5573 744 5620 ν,
781 5556 836 5618 5.
862 5561 916 5614 4.
993 5559 1038 5591 ⁸⁸³
1067 5558 1209 5614 Psal.
1247 5575 1412 5622 Lxxv,
1447 5561 1533 5615 12.
1611 5560 1662 5592 ⁸¹
1691 5560 1846 5615 .Iuan.
1877 5577 1930 5624 v,
1966 5561 2037 5614 24

1994 5561 2059 5617 ιιι.
2132 5561 2178 5592 ⁸⁸
2218 5561 2372 5612 Ilum.
2409 5574 2530 5623 vttt,
2557 5559 2648 5622 55,
2684 5557 2774 5613 δι.
2849 5559 2898 5590 ⁸³
2929 5557 3208 5622 Luc.'xu,
3241 5555 3296 5610 8.
3371 5553 3416 5586 “
3453 5552 3593 5609 Psal.

343 5638 474 5690 cvtt,
500 5625 557 5678 2.
625 5629 675 5659 ⁸⁵
701 5625 863 5682 Joan.
893 5630 1036 5696 5'52.
1115 5630 1162 5662 ⁸⁸
1193 5631 1331 5684 lhid.
1363 5631 1452 5688 55.
1530 5633 1576 5662 ⁸⁷
1607 5632 1836 5686 Malach.
1877 5647 1961 5694 ιιι,
1994 5631 2050 5685 2.
2133 5631 2178 5664 ⁸⁸
2207 5629 2408 5684 Ezech.
2434 5645 2562 5696 xw,
2595 5631 2680 5694 I3,
2721 5631 2810 5684 I4.

625 5725 896 5787 ΡΑΤιιοι..
947 5727 1062 5788 Gn.
1123 5727 1492 5788 LXXXVII.

3193 5721 3271 5784 23
