4050 6212
505 256 620 325 7'15
1805 252 2159 315 raocorn
2195 252 2436 313 eam
3644 258 3757 322 vna

498 362 849 431 'rejiciendus
884 366 937 416 et
961 355 1399 414 contemnendus
1433 355 1604 419 estis,
1640 354 1734 425 qui
1768 353 1853 408 vel
1882 369 1947 410 ex
1980 361 2158 424 parte,
2194 364 2248 406 ut
2275 351 2524 408 ostendit
2556 351 2875 423 manipulus
2901 352 3227 418 sacerdotis,
3258 353 3491 409 devotus
3526 363 3609 410 est
3642 355 3751 409 Do-

513 449 698 504 mino.
722 445 837 501 Hoc
880 445 1218 501 sacrificium
1258 459 1384 499 esse
1414 452 1637 514 oportet
1670 441 1981 507 odoratum,
2016 452 2079 495 ιιι
2109 441 2199 496 cui
2228 440 2522 510 adjiciatur
2554 442 2680 496 thus
2720 449 2775 496 et
2813 441 2995 495 oleuzn
3035 460 3046 494 :
3088 456 3324 511 quorum
3365 442 3600 495 alterum
3646 442 3749 494 bo-

512 550 640 590 nam
682 534 888 588 indicat
920 548 1096 602 spem,
1130 531 1364 586 alterum
1401 531 1567 584 vitam
1603 544 1818 583 morum
1859 529 2127 599 gravitate
2170 529 2551 598 conspicuam,
2585 544 2707 598 quae
2742 543 3024 599 nunquam
3054 529 3418 609 obliviscitur
3467 528 3583 584 Dei.
3619 527 3755 586 ιιω

511 624 626 677 vita
665 629 751 676 est
774 620 980 675 munda
1009 620 1276 690 omnique
1309 618 1537 672 malitiae
1566 624 1719 671 caret
1751 616 2043 672 fermento.
2068 618 2256 689 Neque
2288 619 2436 674 enim
2465 618 2720 674 Salvator
2763 620 2959 689 prohat
2989 627 3043 671 et
3072 621 3331 672 mundam
3360 616 3577 687 judicat
3610 632 3751 671 ora-

511 712 749 777 tionem,
791 724 912 778 quas
942 710 996 762 in
1027 707 1148 763 foro
1174 705 1489 762 ostentandi
1528 706 1702 775 gratia
1742 703 2008 760 funditur.
2036 705 2151 760 Nec
2179 706 2376 778 recipit
2404 706 2675 777 jejunium
2702 706 3126 776 hypocriticum,
3193 719 3292 759 nec
3327 704 3608 758 collaudat
3644 706 3750 757 ιιιί-

496 797 836 853 ~sericordiae
868 811 1056 866 opera,
1093 795 1298 865 quibus
1320 794 1586 863 quaeritur
1615 800 1842 847 externa
1862 793 2006 849 laus.
2035 791 2329 849 Peccatum
2362 780 2466 848 h'oc
2495 794 2617 848 loco
2646 795 2903 848 nominat
2957 793 3002 848 si
3032 792 3283 847 scienter
3309 791 3702 861 tlclinquatnus
3735 809 3757 857 ;

512 884 778 939 delictum
804 893 985 945 vocat,
1015 882 1061 937 si
1094 882 1416 952 ignorauier
1446 894 1758 949 peccemus.

578 975 693 1027 Hoc
722 972 791 1025 sit
808 969 1005 1023 donum
1028 969 1210 1022 Aaron
1226 980 1275 1022 et
1306 968 1547 1036 ﬁliorum
1582 966 1719 1035 ejus,
1753 974 1865 1020 etc.
1890 963 2142 1037 [Vl,20.]
2160 963 2506 1020 Sacrificium
2533 962 2839 1019 sacerdotis
2874 964 3148 1033 integrum
3184 963 3256 1018 sit
3288 965 3617 1032 requiritur,
3644 978 3756 1018 nec

509 1074 576 1112 ex
602 1065 757 1129 parte
784 1057 1012 1111 offertur
1045 1070 1059 1109 :
1095 1064 1319 1124 totoque
1348 1054 1437 1108 die
1466 1054 1649 1107 durat.
1674 1050 1808 1106 Nam
1839 1051 2158 1107 sacerdotes
2192 1068 2297 1107 non
2336 1052 2444 1107 Deo
2481 1054 2816 1122 mundoque,
2849 1060 2910 1105 ut
2949 1051 3173 1120 reliqui,
3207 1053 3492 1115 serviunt;
3529 1051 3622 1107 sed
3643 1052 3754 1106 toti

508 1157 634 1199 sunt
657 1143 950 1212 mancipati
982 1143 1232 1198 Domino.
1263 1139 1405 1195 Huic
1429 1151 1658 1209 prorsus
1682 1138 1843 1209 337
1862 1151 1987 1194 sunt
2010 1140 2166 1209 quasi
2189 1140 2433 1209 impacti,
2458 1139 2527 1194 ab
2554 1139 2782 1208 ejusque
2806 1151 2992 1197 amore
3019 1154 3295 1207 nunquam
3327 1139 3483 1193 avelli
3509 1149 3754 1208 queunt.

508 1232 583 1285 ιω
602 1246 660 1287 se
677 1246 791 1286 rem
820 1230 1022 1284 habere
1056 1236 1382 1298 argumento
1409 1234 1491 1281 est
1514 1226 1830 1296 Apostolus,
1861 1226 2051 1280 dicens
2087 1243 2101 1279 :
2128 1243 2148 1277 ι
2179 1226 2300 1282 Una
2334 1242 2458 1281 cum
2489 1226 2718 1281 Christo
2748 1224 3050 1279 crucifixus
3079 1239 3225 1278 sum.
3257 1225 3394 1280 Vivo
3423 1237 3605 1280 autem
3632 1241 3756 1280 non

513 1317 755 1389 amplius
784 1331 907 1385 ego,
938 1314 1032 1371 sed
1068 1315 1120 1369 in
1151 1330 1237 1368 me
1265 1313 1397 1368 vivit
1425 1312 1682 1366 Christus
1698 1311 1769 1366 ⁸ο.
1814 1331 1835 1364 ι
1880 1310 2112 1382 Sartago
2133 1311 2400 1367 indicium
2427 1320 2482 1367 et
2522 1320 2651 1366 nota
2677 1320 2763 1366 est
2792 1308 3185 1375 doloris.Quod
3218 1310 3453 1381 frigetur
3483 1321 3538 1367 et
3563 1328 3757 1367 mace-

502 1412 665 1456 ratur
700 1402 842 1465 oleo,
885 1400 1103 1471 signum
1128 1405 1213 1454 est
1244 1397 1531 1452 immensae
1561 1396 1791 1461 lzetitiae,
1817 1411 1979 1465 quam
2014 1399 2173 1454 nobis
2200 1399 2466 1468 elargitu'r
2499 1407 2653 1454 certa
2680 1413 2805 1467 spes
2839 1397 2894 1450 in
2928 1395 3118 1452 Deum.
3156 1395 3309 1466 Quod
3359 1414 3427 1453 ex
3462 1396 3752 1468 fragmen-

512 1489 587 1544 tis
618 1488 912 1552 conflatur,
953 1493 1342 1555 argumentum
1390 1492 1475 1539 est
1510 1487 1647 1540 satis
1686 1499 1972 1552 magnum,
2005 1498 2100 1538 cor
2128 1485 2351 1554 quidem
2402 1494 2725 1540 sanctorum
2764 1482 2930 1538 facile
2969 1483 3183 1553 prolabi
3215 1484 3270 1538 in
3303 1484 3639 1554 voluptates,
3692 1495 3760 1540 et

502 1576 771 1630 facillime
805 1576 933 1630 inde
970 1573 1177 1628 retrahi
1209 1579 1265 1626 et
1297 1571 1577 1626 humiliari
1606 1587 1622 1626 :
1659 1586 1761 1627 nec
1782 1586 1906 1627 esse
1927 1576 2225 1627 contumax
2256 1581 2310 1626 et
2340 1572 2711 1627 intractabile.
2745 1570 2881 1625 Nam
2907 1568 3077 1625 David
3101 1572 3215 1624 ait:
3244 1589 3263 1622 ι
3298 1572 3407 1626 Cor
3444 1572 3759 1626 contritum

503 1672 560 1718 ct
598 1664 944 1719 humiliatqu
982 1660 1127 1715 Deus
1157 1674 1266 1714 non
1300 1659 1572 1729 despiciet
1611 1659 1681 1715 '°.
1716 1677 1735 1711 ι
1771 1659 1842 1713 At
1866 1658 2070 1713 diaboli
2101 1674 2198 1715 cor
2222 1662 2571 1732 congelatum
2604 1661 2744 1728 riget
2767 1660 2947 1715 instar
2976 1660 3205 1731 lapidis,
3235 1669 3290 1716 et
3314 1670 3373 1714 ut
3407 1661 3591 1723 incus,
3622 1676 3760 1730 qua

492 1753 677 1807 nullis
712 1752 1033 1806 malleorum
1068 1747 1394 1805 verberibus
1421 1755 1476 1803 et
1498 1748 1701 1804 ictibus
1729 1748 2024 1803 mollescit.
2052 1746 2323 1804 Praeterea
2361 1749 2626 1804 docemur
2655 1748 2801 1804 filios
2830 1747 3049 1814 decere,
3078 1757 3135 1803 ιιι
3165 1748 3617 1805 sintimitatores
3648 1763 3759 1818 pa-

505 1855 723 1896 rentum
763 1848 1110 1904 sanctorum,
1152 1836 1434 1903 similiter,
1470 1845 1532 1889 ιιι
1568 1843 1850 1907 parentes,
1876 1835 2208 1895 holocausto
2248 1852 2363 1894 rem
2400 1852 2617 1892 sacram
2647 1836 2945 1893 facientes.

558 1953 715 2023 .Ephi
740 1963 790 2005 et
814 1951 1032 2009 chmnix
1063 1960 1193 2007 sunt
1218 1964 1524 2022 synonyma
1555 1957 1610 2006 et
1640 1951 1891 2006 eamdem
1919 1965 2072 2005 men-
2099 1962 2144 2020 Α

2245 1951 2379 2022 Οῑφὶ
2410 1952 2467 2007 δὲ
2506 1953 2599 2006 καὶ
2626 1952 2796 2023 χοῖνιξ
2818 1953 2876 2007 ἓν
2911 1954 3027 2006 ἐστι
3064 1953 3280 2024 μέτρον,
3322 1950 3483 2022 διττῷ
3520 1951 3754 2021 ὀνόματι

507 2061 692 2099 suram
746 2045 1075 2115 significant.
1130 2041 1226 2097 Est
1277 2050 1462 2097 autem
1533 2041 1755 2096 clitenix
1814 2056 2071 2099 mensura

2180 2044 2738 2115 προσαγορευόμενον.
2772 2045 2928 2098 Ἐστι
2959 2045 3014 2099 δὲ
3052 2044 3162 2098 δύω
3193 2044 3392 2110 ξεστίυν
3418 2044 3510 2098 καὶ
3541 2062 3752 2113 ποστη-

507 2135 799 2189 continens
823 2150 1048 2189 urceum
1080 2141 1134 2189 et
1163 2141 1376 2205 partem
1410 2133 1560 2189 urcei
1585 2133 1893 2189 minimam.
2180 2134 2396 2206 μορίου.

578 2246 646 2302 In
679 2248 793 2303 loco
816 2248 906 2301 ubi
928 2258 1162 2303 mactant
1194 2247 1528 2309 holocausta.
1581 2256 1809 2301 mactent
1844 2246 2171 2317 sacriﬁcium
2201 2264 2298 2318 pro
2334 2256 2570 2316 peccato,
2600 2257 2709 2305 etc.
2745 2247 2888 2321 [25.]
2924 2248 3183 2314 Victima,
3223 2264 3344 2319 qua:
3382 2263 3479 2319 pro
3518 2257 3760 2319 peccato

508 2337 804 2402 occiditur,
846 2337 1003 2392 solus
1032 2343 1116 2392 est
1144 2336 1422 2401 Christus,
1457 2335 1547 2406 qui
1580 2350 1680 2406 per
1733 2336 1917 2391 omnia
1956 2343 2182 2390 sanctus
2223 2334 2478 2392 habetur.
2508 2333 2725 2390 Idcirco
2755 2336 2986 2391 caeditur
3014 2337 3066 2391 in
3101 2336 3241 2401 loco,
3276 2352 3439 2405 quem
3469 2345 3759 2406 occupant

507 2423 852 2479 holocausta.
897 2421 1033 2476 Nam
1070 2441 1089 2474 ι
1124 2438 1250 2478 cum
1284 2422 1488 2494 iniquis
1549 2432 1840 2494 reputatus
1869 2431 1953 2479 est
1990 2424 2065 2489 ⁹¹;
2105 2440 2124 2473 ι
2160 2427 2421 2476 caeterum
2458 2435 2606 2476 mors
2637 2420 2760 2491 ejus
2791 2432 2983 2478 sancta
3010 2423 3355 2478 celebratur:
3383 2432 3437 2478 et
3471 2424 3756 2492 quemad-

507 2510 727 2565 modum
762 2509 906 2566 Deus
928 2510 1156 2565 deorum
1195 2516 1279 2566 est
1309 2509 1455 2565 filius
1491 2527 1505 2564 :
1538 2509 1694 2569 itaet
1725 2508 1964 2564 Sanctus
1994 2518 2312 2564 sanctorum
2345 2506 2666 2565 adorandus
2693 2519 2798 2564 est.
2837 2510 3122 2580 Siquidem
3156 2518 3432 2579 quatenus
3460 2509 3605 2564 Deus
3634 2524 3754 2575 est,

507 2598 822 2653 universam
857 2607 1167 2653 creaturam
1202 2607 1396 2652 sancto
1421 2595 1628 2668 Spiritu
1658 2604 1884 2652 renovat
1919 2605 1972 2651 et
2002 2595 2335 2651 sanctificat.
2363 2594 2624 2651 Vescitur
2651 2606 2836 2651 autem
2872 2597 3149 2652 sacrificio
3182 2597 3456 2667 pontifex,
3483 2598 3578 2666 qui
3629 2611 3782 2652 rem'

500 2684 753 2739 divinant
783 2683 933 2738 facit.
974 2681 1365 2753 Unusquisque
1397 2684 1601 2738 etenim
1636 2683 1897 2739 sacerdos
1926 2684 2281 2739 vindemiabit
2310 2691 2367 2738 et
2401 2685 2624 2758 colliget
2649 2684 2864 2741 fructus
2893 2701 3119 2740 suorum
3155 2687 3402 2742 laborum
3429 2703 3442 2740 :
3470 2696 3526 2741 et
3557 2702 3756 2742 reuiu-

510 2774 848 2828 ncrationem
884 2770 968 2827 sui
1003 2770 1295 2826 ministerii
1326 2771 1582 2839 accipiet.
2991 2836 3008 2851 ο

564 2857 647 2913 »1η
678 2860 881 2914 sanctis
922 2858 1053 2915 locis
1084 2860 1335 2923 eduntur,
1365 2867 1471 2913 etc.
1515 2856 1655 2930 [26.]
1694 2858 1830 2914 Nam
1861 2857 1916 2912 in
1952 2857 2216 2916 Ecclesiis
2256 2859 2565 2915 offeruntur
2605 2860 2862 2933 mystica.
2917 2859 3179 2915 Sanctum
3212 2869 3435 2931 praestat
3469 2878 3593 2916 eum
3634 2864 3759 2918 tale

494 2947 868 3013 sacrificium,
894 2947 988 3017 qui
1020 2946 1286 3016 contingit
1323 2946 1502 3016 ipsum
1529 2964 1541 3000 :
1569 2960 1670 3000 nec
1698 2962 1808 3001 non
1842 2947 2189 3002 sanctitatem
2212 2947 2387 3002 trahit
2423 2962 2487 3003 ex
2517 2949 2807 3019 sanguinis
2833 2949 3177 3019 aspersione.
3202 2950 3270 3002 At
3293 2964 3421 3003 vasa
3451 2957 3505 3004 et
3536 2949 3754 3004 instru-

456 3028 465 3043 ’
509 3044 692 3089 menta
722 3050 843 3103 qua:
868 3034 997 3089 huic
1030 3033 1250 3102 negotio
1286 3032 1623 3099 deserviunt,
1655 3047 1763 3087 non
1800 3032 1867 3087 ad
1895 3033 2162 3089 humanos
2190 3033 2546 3103 proferuntur
2579 3051 2737 3091 usus.

576 3121 650 3175 Et
675 3123 854 3176 omnia
881 3136 1000 3191 qua:
1028 3120 1290 3190 pertinent
1320 3118 1390 3173 ad
1415 3120 1740 3188 sacriﬁcium
1789 3135 1886 3188 pro
1918 3130 2151 3189 peccata,
2201 3131 2261 3174 ut
2297 3122 2360 3176 de
2411 3124 2672 3193 sanguine
2733 3123 3024 3192 inferatur,
3057 3130 3163 3179 etc.
3200 3121 3341 3195 [50.]
3385 3122 3642 3178 Prohibet
3674 3140 3753 3180 ne

500 3208 827 3265 sacerdotes
865 3206 1032 3263 edant
1071 3206 1287 3263 viscera
1311 3214 1365 3262 et
1388 3206 1650 3261 intestina
1681 3205 2055 3261 victimarum.
2103 3205 2386 3263 Laudatur
2426 3218 2608 3265 autem
2639 3224 2670 3264 a
2711 3209 2898 3265 divina
2924 3219 2980 3266 et
3023 3224 3279 3280 suprema
3328 3221 3548 3275 natura,
3584 3209 3753 3279 cujus

508 3309 675 3368 typus
709 3306 795 3351 est
827 3296 995 3367 ignis.
1031 3294 1249 3361 Quanta
1280 3294 1573 3349 sanctitate
1599 3291 1815 3349 fulserit
1862 3307 2013 3348 mors
2037 3291 2265 3361 Christi,
2298 3296 2434 3351 satis
2482 3296 2771 3351 evidenter
2818 3305 3196 3352 commonstra
3225 3312 3391 3351 cruor
3420 3298 3514 3367 qui
3556 3312 3754 3369 asper‘

509 3387 660 3453 gitur
723 3382 842 3438 basi
896 3396 1026 3438 arae.
1070 3380 1341 3437 Caeterum
1402 3379 1666 3436 intestina
1716 3378 1883 3435 tacite
1929 3390 2325 3450 repraesentant
2385 3383 2704 3440 varietatem
2774 3384 3039 3439 virtutum
3112 3385 3318 3454 quibus
3376 3394 3609 3439 ornatus
3656 3395 3753 3440 est

508 3472 793 3527 Christus.

582 3560 894 3630 Quicunque
945 3561 1098 3630 oﬂ‘crt
1145 3560 1516 3616 holocaustum
1547 3559 1796 3623 hominis,
1824 3564 1933 3612 etc.
1969 3555 2086 3612 Non
2115 3556 2262 3613 enim
2307 3559 2481 3628 gratis
2520 3560 2788 3616 servimus
2822 3558 2953 3614 Deo.
2984 3558 3109 3615 Haec
3136 3570 3225 3614 est
3251 3559 3334 3614 les
3368 3558 3544 3622 Pauli,
3576 3574 3747 3627 quam

511 3649 774 3704 omnibus
804 3649 929 3703 tulit
960 3647 1240 3717 Ecclesiis,
1274 3649 1465 3704 dicens
1497 3661 1511 3701 :
1564 3666 1583 3699 ι
1641 3646 1731 3701 Sic
1770 3653 1824 3700 et
1860 3644 2123 3699 Dominus
2153 3644 2473 3713 ordinavit,
2517 3655 2577 3699 ut
2628 3647 2682 3700 hi
2708 3687 2724 3712 ,
2779 3647 2873 3714 qui
2906 3647 3073 3700 altari
3111 3646 3434 3707 assideant,
3482 3662 3549 3698 cx
3585 3648 3747 3701 altari

509 3735 700 3789 vivant
728 3736 795 3790 ³⁸.
839 3752 857 3785 ι
901 3733 971 3786 Et
1016 3735 1213 3789 iterum
1248 3752 1262 3790 :
1303 3752 1322 3786 ι
1357 3733 1460 3799 Qui
1495 3732 1728 3787 offerunt
1785 3730 2037 3786 victimas
2067 3732 2257 3788 altaris
2293 3740 2422 3787 sunt
2459 3733 2757 3803 participes
2790 3733 2857 3786 ".
2906 3752 2925 3786 ι
2966 3732 3166 3789 Verum
3220 3734 3312 3787 illa
3355 3733 3558 3787 tradita
3616 3744 3749 3788 sunt

509 3824 911 3892 sacerdotibus,
935 3832 993 3876 ut
1023 3823 1272 3893 adjutent
1302 3824 1564 3894 populum
1596 3833 1816 3892 portare
1836 3821 2060 3888 delicta,
2079 3828 2134 3877 et
2156 3836 2254 3891 per
2280 3820 2381 3877 hos
2411 3822 2603 3892 gratia:
2630 3828 2869 3892 agantur
2895 3821 3024 3878 Deo.
3047 3822 3185 3889 Quia
3212 3823 3281 3877 ah
3307 3821 3417 3878 illis
3437 3823 3744 3891 gratiarum

508 3912 654 3966 actio
692 3909 771 3965 ιιι.

578 3996 756 4051 Panes
784 4012 853 4050 ea:
882 3998 1065 4052 simila
1091 4008 1308 4066 paratos
1341 3999 1394 4052 in
1445 3997 1580 4064 oleo,
1631 4006 1679 4050 et
1721 3996 1997 4064 placentas
2037 4012 2140 4051 non
2177 3995 2524 4065 fermentata:
2550 4007 2833 4067 perunctus
2874 3997 2987 4053 oleo
3010 4013 3167 4067 super
3195 3999 3419 4063 panibus
3446 3998 3745 4066 fermenta-

507 4085 598 4148 εἰσ.
623 4094 730 4140 etc.
754 4083 896 4156 [Vll,
919 4084 1035 4157 12.]
1052 4087 1181 4141 Haec
1202 4100 1349 4141 nunc
1376 4085 1641 4155 loquitur,
1673 4086 1926 4154 quamvis
1955 4099 2120 4154 supra
2144 4085 2398 4154 rejecerit
2422 4095 2477 4140 et
2516 4086 2885 4154 repudiaverit
2912 4085 3018 4139 mel
3054 4093 3109 4138 et
3135 4083 3461 4138 fermentum
3491 4087 3542 4138 in
3566 4087 3745 4140 sacri-

508 4174 669 4229 ficiis.
703 4173 905 4229 V—erutn
955 4175 1244 4229 sciendqu
1284 4182 1387 4238 est,
1429 4173 1577 4243 ψιοά
1615 4186 1763 4226 nunc
1803 4173 1965 4228 verba
2009 4172 2193 4227 fundit
2218 4174 2285 4227 de
2316 4171 2481 4227 laude
2510 4186 2619 4241 qua
2665 4170 2898 4226 afficitur
2939 4173 3105 4226 Deus.
3140 4169 3278 4225 Nam
3315 4172 3575 4228 laudibus
3609 4188 3748 4228 cuu-

505 4261 833 4318 decoramus
865 4260 1036 4316 Deum
1054 4262 1398 4330 populariter
1421 4258 1813 4315 convenientes
1851 4259 1903 4313 in
1934 4258 2176 4328 templis,
2209 4273 2240 4312 a
2277 4273 2386 4329 quo
2407 4265 2680 4312 conventu
2722 4272 2825 4312 nec
2861 4258 3246 4313 eatecbumeni
3279 4268 3560 4312 arcentur.
3596 4258 3743 4312 ldcm

503 4351 670 4404 etiam
699 4348 959 4403 laudibus
1000 4349 1338 4417 privatorum
1369 4348 1677 4412 extollitur,
1706 4346 1834 4398 dum
1864 4346 2011 4399 intra
2035 4346 2231 4401 aedium
2267 4345 2601 4414 privatarum
2634 4344 2873 4415 parietes
2908 4344 3076 4399 Deum
3130 4345 3362 4400 laudant
3408 4344 3599 4401 fideles
3646 4346 3748 4401 ho-

504 4438 705 4490 mines.
743 4435 928 4488 Coctaa
972 4449 1173 4488 carnes
1211 4434 1511 4489 ostendunt
1535 4433 1639 4488 sub
1669 4431 1905 4501 quodam
1936 4447 2035 4487 ceu
2065 4442 2191 4504 typo
2218 4432 2406 4501 populi
2443 4442 2775 4487 conventum
2800 4442 2854 4488 et
2881 4432 3259 4488 concordiam.
3292 4430 3481 4495 Panis,
3506 4434 3598 4486 cui
3631 4449 3744 4487 non

506 4518 735 4573 additur
783 4519 1140 4582 fermentum,
1178 4518 1364 4572 fideles
1395 4527 1451 4573 et
1498 4519 1619 4589 pios
1652 4517 1937 4587 designat:
1988 4519 2453 4587 quemadmodum
2497 4520 2887 4575 catcchumeni
2918 4519 3301 4588 intelliguntur
3338 4520 3442 4575 sub
3478 4521 3742 4589 panibus.

454 4624 457 4627 ‘
506 4607 601 4678 qui
632 4619 907 4663 acucrunt
936 4607 1228 4663 fermento.
1266 4607 1402 4662 Nam
1442 4606 1824 4663 catechumeni
1856 4594 2100 4662 nondum
2131 4614 2415 4663 sectantur
2439 4622 2636 4677 purum
2667 4616 2720 4663 et
2744 4609 3067 4663 defaecatuut
3099 4609 3225 4662 vitae
3252 4616 3450 4678 genus,
3473 4609 3746 4676 quemad-

507 4696 730 4749 modum
761 4711 888 4750 vere
933 4695 1259 4751 Christiani.
1309 4692 1505 4749 Simila
1540 4703 1718 4748 autem
1768 4694 1973 4748 illibata
2010 4709 2109 4749 nec
2167 4695 2348 4749 adhuc
2380 4709 2706 4762 conspersa,
2745 4704 2804 4749 ut
2839 4695 2922 4750 vel
2960 4696 3114 4764 panis
3159 4696 3242 4749 vel
3296 4696 3559 4764 placenta:
3616 4694 3744 4749 inde

504 4785 658 4848 fiant,
694 4784 922 4841 denotat
973 4785 1188 4840 laudem
1238 4799 1402 4855 quam
1437 4783 1636 4855 singuli
1668 4782 1974 4838 Christiani
2009 4798 2107 4852 per
2141 4797 2201 4837 se
2243 4781 2482 4836 offerunt
2514 4779 2624 4836 Deo
2655 4783 2805 4836 Omni
2856 4782 3124 4836 fermento
3153 4798 3378 4836 vacuam
3434 4782 3741 4836 secundum

502 4870 675 4924 divini
705 4871 859 4926 Pauli
884 4887 1072 4927 vocem
1099 4890 1112 4924 :
1137 4889 1155 4923 ‹
1196 4871 1384 4943 itaque
1412 4871 1608 4927 festum
1632 4870 1994 4936 celebremus,
2016 4886 2123 4926 non
2156 4869 2210 4924 in
2237 4869 2506 4923 fermento
2546 4867 2717 4922 veteri
2747 4883 2925 4938 neque
2956 4869 3011 4922 in
3037 4868 3203 4939 338
3226 4868 3497 4923 fermento
3523 4868 3744 4922 malitia:

499 4970 553 5014 et
585 4966 872 5020 νρτειιιίιεε
911 4965 1007 5020 sed
1044 4966 1096 5019 in
1128 4965 1364 5036 panibus
1396 4964 1666 5019 fermento
1706 4965 2045 5028 carentibus,
2075 4960 2184 5018 hoc
2209 4970 2321 5027 est,‘
2349 4962 2401 5016 in
2431 4961 2749 5017 sinceritate
2779 4968 2835 5014 et
2863 4961 3094 5016 veritate
3119 4962 3216 5014 “.i
3242 4959 3306 5014 Et
3338 4961 3534 5014 iterum
3555 4979 3597 5014 ει
3632 4959 3742 5014 Ex-

501 5062 730 5123 purgatc
763 5063 925 5110 vetus
957 5055 1306 5128 fermentum,
1348 5067 1405 5112 ut
1432 5057 1556 5118 sitis
1604 5073 1748 5112 nova
1776 5059 2119 5128 conspersio,
2143 5057 2302 5112 sicuti
2332 5057 2467 5111 estis
2498 5071 2608 5109 non
2639 5054 2951 5109 fermentati
2982 5055 3046 5107 ³⁵.
3087 5072 3105 5105 ι
3145 5051 3334 5108 Oleum
3369 5054 3569 5107 Iaatitiae
3597 5069 3743 5123 sym.

502 5145 688 5198 bolum
720 5152 825 5199 est.
858 5145 992 5199 Nam
1026 5126 1675 5216 misericordiam,quam
1705 5126 2099 5210 tribuit—Deus,
2129 5159 2232 5199 nos
2262 5144 2532 5213 consequi
2585 5150 2819 5213 oportet.
2856 5142 3041 5211 lnquit
3079 5143 3223 5198 enim
3264 5159 3276 5194 :
3317 5162 3336 5194 ι
3397 5140 3576 5196 Macta
3635 5143 3742 5196 Deo

502 5230 832 5286 sacrificium
860 5232 1062 5294 laudis,
1096 5239 1152 5287 et
1197 5233 1364 5288 redde
1401 5233 1630 5287 Domino
1661 5243 1786 5287 vota
1820 5244 1931 5297 tua,
1971 5242 2022 5286 et
2055 5234 2247 5287 invoca
2272 5248 2357 5286 me
2389 5233 2443 5287 in
2479 5233 2568 5287 die
2593 5232 2968 5287 tribulationis
3004 5241 3133 5297 tuae,
3167 5240 3220 5285 et
3253 5231 3549 5286 vindicabo
3583 5239 3656 5296 te,
3687 5240 3740 5285 et

500 5318 846 5377 collaudabis
888 5335 973 5374 me
995 5321 1281 5390 magnifice
1314 5320 1415 5374 ".i
1440 5319 1578 5374 liuic
1612 5322 1870 5375 convenit
1899 5329 1952 5373 et
1984 5320 2148 5374 illud:
2181 5339 2199 5371 ι
2244 5319 2440 5375 Mmsto
2472 5320 2598 5388 quis
2635 5318 2778 5373 inter
2810 5335 2907 5374 vos
2934 5320 3121 5374 animo
3151 5327 3257 5384 est,
3287 5319 3529 5372 orationi
3564 5319 3740 5372 inten-

503 5416 594 5462 tus
631 5407 746 5462 sit.
772 5404 919 5462 Laeto
945 5407 1071 5476 quis
1103 5407 1288 5460 animo
1318 5414 1423 5472 est,
1453 5407 1702 5460 cantillet
1733 5407 1800 5459 ⁸⁷.
1843 5424 1861 5456 ι
1897 5435 1965 5444 -
2002 5426 2018 5455 ι
2061 5404 2179 5462 Non
2230 5408 2566 5476 relinquent,
2597 5407 2693 5470 ait,
2728 5407 2795 5462 de
2824 5421 2890 5461 eo
2921 5409 2975 5461 iu
3012 5408 3341 5471 crastinum,
3381 5424 3400 5456 ι
3440 5414 3551 5460 etc.
3585 5404 3739 5459 Alius

571 5562 616 5595 ⁸⁹
660 5561 841 5615 Galat.
885 5576 943 5622 tt,
980 5560 1067 5622 l9,
1110 5560 1200 5613 ΞΟ.
1277 5561 1324 5592 ⁹⁰
1347 5559 1490 5611 Psal.
1523 5559 1749 5623 1.,19.“
1778 5558 1883 5611 lsa.
1915 5573 2029 5622 Lm,
2067 5560 2153 5614 19..

2116 5561 2153 5614 Ξ.
2231 5562 2275 5593 ’⁸
2312 5562 2330 5613 l
2359 5559 2486 5615 Cor.
2536 5575 2609 5626 ιιι,
2644 5560 2728 5616 15.
2787 5559 2831 5591 ’³
2862 5559 2882 5614 l
2924 5558 3049 5615 Cor.
3083 5575 3136 5625 ιι,
3166 5558 3250 5615 18.
3328 5558 3375 5591 ’⁸
3405 5557 3581 5615 lCor.
3610 5555 3715 5627 v,8

497 5630 552 5666 ’⁸
582 5632 714 5689 ibid.
750 5632 798 5688 7.
877 5632 922 5664 ³⁸
953 5629 1098 5685 Psal.
1127 5647 1274 5695 xm,
1312 5632 1398 5696 ii,
1436 5630 1521 5683 ιδ.
1596 5631 1638 5661 9⁷
1664 5628 1779 5685 Jac.
1821 5645 1873 5693 γ,
1902 5631 1984 5683 15.
