4050 6212
266 295 377 364 717
1300 273 1840 339 COMMENTARII
1882 268 1965 331 IN
2005 263 2444 331 LEVITICUM.
3416 254 3525 322 ηε

267 413 423 469 enim
457 401 657 461 modus
679 407 766 457 est
798 391 1062 453 laudandi
1092 390 1385 446 Dominum
1413 392 1465 444 in
1492 388 1680 443 futuro
1717 383 1945 446 saeculo,
1968 376 2438 452 quemadmodum
2462 373 2577 444 jam
2610 371 2741 428 olim
2772 371 2976 426 dictum
3001 376 3085 426 est
3119 387 3131 423 :
3173 369 3529 461 t‘Cantemus

288 444 297 450 -
373 444 423 465 ιι.
459 444 657 461 ....,......
680 444 766 457 ν...
800 444 1062 453 -____--__
1093 444 1117 446 _
1218 444 1225 445 ,
1933 444 1939 446 τ
1986 444 1999 452 _

270 444 526 553 331nm.
579 486 866 561 Magniﬁce
911 481 1112 540 etenim
1160 478 1501 545 gloriﬁcatus
1553 476 1725 531 est”.
1767 493 1784 525 ι
1818 472 2055 527 Carmen
2110 476 2315 530 autem,
2363 461 2510 533 quod
2536 468 2816 561 tempore,
2850 473 2965 530 quo
3017 444 3405 514 maniféstatus
3445 470 3532 515 est

272 544 551 641 Christus,
585 544 706 629 eravt
742 569 1074 633 canendum,
1100 544 1265 623 etiam
1298 561 1726 634 praenuntiatum
1762 565 1885 613 est:
1917 573 1936 606 ι
1970 554 2211 609 Carmen
2235 564 2503 604 canamus
2535 546 2769 603 Domino
2795 561 3022 600 carmen
3048 560 3251 600 novum
3279 547 3346 600 '9.
3374 565 3393 597 ι
3419 544 3534 601 Hoc

275 633 548 723 nimirum
573 660 711 716 illud
742 669 845 722 est,
875 658 1024 725 quod
1067 633 1367 709 scribitur:
1406 669 1424 701 ι
1462 646 1727 703 Ascendit
1787 647 1931 701 Deus
1967 660 2094 699 cum
2132 639 2537 696 vociferatione
2573 637 2667 690 ubi
2702 635 2937 706 diripuit
2970 633 3271 699 infernum,
3300 642 3355 688 et
3400 634 3538 689 dixit

276 758 379 819 his,
399 753 494 822 qui
521 747 761 805 erantin
787 723 1027 798 vinculis
1053 758 1065 793 :
1106 741 1300 795 Exite:
1334 747 1390 791 et
1412 737 1519 799 his.
1544 735 1638 804 qui
1670 736 1723 788 in
1752 733 2003 788 tenebris
2045 730 2429 792 morabantur,
2455 726 2515 780 In
2546 727 2723 781 lucem
2749 724 3034 796 procedite
3064 725 3135 777 ί.»
3164 723 3377 789 Quibus
3413 740 3535 779 ver-

277 811 679 897 bis'edocemur
703 843 934 888 mortem
955 843 1078 884 esse
1107 826 1465 887 debellatant,
1498 831 1553 876 et
1584 834 1869 892 peccatum
1912 823 2136 892 penitus
2170 821 2541 873 destructum.
2570 813 2813 868 Proinde
2840 813 2970 867 huic
3003 811 3237 881 tempori
3264 819 3539 882 congruet

279 935 364 985 illa
394 931 519 983 laus
552 926 669 981 sive
704 923 797 977 ille
833 915 1094 975 laudandi
1137 914 1305 968 Deum
1340 913 1504 967 ritus.
1537 908 1675 964 Nam
1703 908 2031 965 adveniente
2070 923 2158 971 eo,
2192 906 2339 977 quod
2376 903 2679 976 perfectum
2718 912 2772 958 ct
2805 903 3049 971 undique
3081 901 3396 957 absolutum
3427 910 3535 965 est,

277 1020 420 1091 quod
455 1015 787 1090 partiettiare
820 1010 982 1065 fuerit
1010 1006 1349 1061 dissolvetur
1374 1011 1428 1055 et
1456 1001 1671 1055 irritum
1721 1000 1829 1054 erit
1859 999 1902 1053 '.
1944 997 2039 1051 Sic
2068 1005 2123 1051 et
2159 995 2410 1050 Christus
2448 993 2661 1061 inquit:
2701 1008 2721 1041 ι
2753 988 2912 1044 Nunc
2939 1005 3034 1060 per
3058 988 3351 1059 parabolas
3383 988 3539 1045 locu-

277 1078 364 1160 t‘us
389 1078 516 1159 su'tn
548 1100 727 1155 vobis.
760 1094 924 1150 Venit
956 1093 1115 1155 hora,
1141 1088 1362 1160 quando
1396 1101 1505 1139 non
1533 1084 1769 1153 amplius
1796 1097 1894 1153 per
1923 1082 2215 1154 parabolas
2245 1082 2442 1150 loquar
2472 1079 2634 1144 vobis
2662 1078 2703 1131 ³.
2733 1096 2751 1128 ι

340 1218 453 1275 Καὶ
491 1216 563 1271 τὸ
593 1211 992 1281 καταλειφθὲν
1021 1208 1141 1264 ἀπὸ
1186 1206 1298 1275 τῆς
1331 1207 1551 1268 θυσίας
1572 1202 1682 1267 ἓως
1710 1199 1825 1269 ήμέ

2036 1196 2190 1264 Quod
2225 1194 2497 1250 residuum
2528 1193 2691 1262 fuerit
2720 1190 2783 1246 de
2817 1191 3066 1245 carnibus
3095 1191 3353 1260 sacriﬁcii
3377 1206 3541 1261 usque

277 1330 377 1377 βα(
411 1313 634 1380 τρίτης,
664 1309 735 1361 ἐν
773 1280 917 1372 πυρὶ
966 1298 1508 1369 κατακαυθήσεται.
1561 1295 1699 1348 Ἀπὸ
1746 1292 1832 1346 τῶν

1975 1293 2014 1345 τη
2034 1290 2172 1343 diem
2194 1287 2403 1342 tertium
2415 1325 2430 1349 ,
2448 1286 2566 1355 igne
2582 1283 3027 1347 concremabitur,
3044 1290 3149 1337 etc.
3170 1281 3231 1353 [V
3243 1281 3335 1347 “,1
3347 1280 3424 1354 7.]
3444 1280 3544 1335 Rc-

281 1403 543 1457 ὲκουσξων
574 1399 670 1453 καὶ
698 1397 807 1450 τῶν
843 1397 961 1449 κατ’
990 1392 1155 1464 εὐχὴν
1188 1391 1259 1446 τὰ
1299 1390 1550 1461 λείψανα,
1582 1387 1679 1440 καὶ
1706 1387 1765 1439 ὲν
1790 1388 1832 1452 τῇ

1986 1382 2150 1451 iquia:
2167 1376 2565 1433 sacrificiorum
2588 1372 3122 1437 voluntariorum,et
3140 1372 3540 1426 sacrificiorum

278 1493 508 1563 ἐπιούσῃ
542 1490 810 1561 βρώματα.
838 1486 917 1558 (6)
943 1503 957 1517 ·
989 1487 1048 1539 ὲν
1076 1487 1143 1556 τῇ
1185 1483 1348 1555 τρίτῃ
1380 1481 1460 1544 δὲ,
1490 1477 1577 1533 οὗ.
1617 1475 1724 1530 Τοῦ
1760 1475 1832 1547 ps

1975 1472 2032 1526 td
2062 1472 2186 1541 quae
2216 1469 2343 1539 quis
2374 1468 2590 1522 ratione
2612 1466 2727 1520 voti
2764 1464 3127 1536 persolvenda
3185 1464 3413 1518 adactus
3433 1471 3540 1525 est,

276 1556 591 1657 αὐθημέρον
622 1556 908 1650 δήλοῦντος
936 1576 1019 1641 τὺ,
1057 1594 1075 1628 ι
1112 1575 1202 1627 Ἐν
1230 1576 1296 1645 τῇ
1331 1573 1571 1642 κοσμικῇ
1596 1569 1803 1639 ἡμέρᾳ.

1975 1569 2019 1620 in
2056 1562 2303 1621 secundo
2336 1560 2419 1615 vel
2457 1560 2632 1615 altero
2653 1557 2743 1613 die
2771 1573 2880 1612 non
2913 1557 3246 1611 damnantur
3267 1557 3321 1610 in
3357 1556 3497 1611 cibis
3528 1571 3542 1606 :

276 1647 513 1745 μεθ’μῆν
538 1676 640 1729 οὐκ
675 1647 808 1725 *ἐστι
849 1669 941 1724 διὰ
978 1667 1212 1723 Θανάτου
1254 1663 1501 1737 σωτηρία
1525 1680 1539 1694 ο
1570 1659 1666 1714 τοῦ
1706 1659 1763 1712 δὲ
1799 1660 1832 1711 ὲκ

1975 1666 2023 1712 at
2053 1659 2106 1711 in
2133 1656 2299 1712 tertio
2330 1654 2421 1709 die
2462 1666 2696 1723 prorsus
2730 1651 2819 1705 his
2859 1649 3249 1704 abstinendum
3281 1664 3405 1705 esse
3431 1647 3549 1703 edi-

271 1742 387 1825 δύω
417 1742 605 1840 novat;
635 1767 893 1838 ἡμέραις,
942 1763 1043 1834 τὴν
1070 1759 1159 1814 διὰ
1191 1758 1383 1830 τρίτης
1411 1754 1722 1828 δηλοῦντος,
1753 1753 1832 1822 τὴε

1975 1752 2132 1805 citur.
2168 1748 2326 1815 Quod
2346 1746 2473 1799 aitu
2505 1743 2562 1797 ln
2591 1744 2714 1814 ipso
2751 1742 2861 1807 die,
2894 1761 2912 1793 ο
2939 1749 3074 1806 etc.,
3106 1742 3269 1797 nobis
3305 1742 3375 1796 ob
3410 1755 3543 1796 ocu-

271 1832 576 1917 ἀνάστασιν
592 1832 687 1912 toi;
712 1832 933 1921 éico’vro;
953 1832 1246 1916 naedvtoc.

1975 1843 2049 1896 los
2079 1839 2236 1910 ponit
2259 1848 2498 1907 tempus,
2529 1832 2678 1904 quod
2705 1833 2762 1887 in
2798 1833 2903 1887 hoc
2940 1832 3147 1888 saeculo
3186 1833 3313 1887 vita:
3342 1841 3550 1890 nostrae

276 1958 577 2013 tribuitur:
611 1970 721 2023 quo
747 1961 992 2023 peracto,
1028 1949 1287 2005 videlicet
1308 1945 1529 2018 quando
1556 1941 1846 2004 morimur,
1890 1937 2037 1993 nulla
2068 1935 2309 2005 amplius
2332 1929 2610 2003 speranda
2638 1936 2726 1986 est
2761 1928 2914 1983 salus
2944 1942 3042 1997 per
3097 1926 3331 1982 alterius
3400 1942 3551 1983 mor-

278 2065 408 2117 tem,
438 2065 565 2107 cum
598 2047 802 2104 Christi
831 2043 1144 2115 passionem
1169 2047 1224 2096 et
1253 2048 1482 2095 mortem
1520 2037 1577 2091 in
1607 2035 1712 2089 hoc
1745 2029 1951 2087 saeculo
1977 2024 2290 2097 despicatui
2314 2021 2698 2077 habuerimus.
2751 2017 2911 2084 Quod
2970 2018 3147 2088 inquit
3192 2035 3206 2070 :
3257 2038 3275 2070 ‹
3318 2019 3376 2074 In
3408 2019 3551 2074 duo-

280 2106 612 2197 lus'diebus
640 2138 794 2198 solis,
882 2144 1018 2197 etc.,
1050 2131 1209 2186 nobis
1237 2130 1292 2184 in
1325 2135 1565 2183 mentem
1592 2131 1887 2179 revocatur
1921 2118 2043 2175 dies
2069 2116 2291 2180 tertius,
2321 2128 2436 2187 quo
2466 2110 2755 2183 magnifice
2792 2110 3100 2165 resurrexit
3163 2106 3416 2169 Salvator
3453 2125 3560 2168 no-

280 2242 416 2298 ster,
439 2233 535 2303 qui
572 2245 668 2300 pro
700 2229 858 2282 nobis
892 2227 1142 2281 ultimum
1177 2221 1447 2280 sustinuit
1477 2217 1832 2289 supplicium.

349 2347 459 2401 Καὶ
484 2346 520 2412 ἡ
549 2343 888 2410 ἀκαθαρσία
922 2339 1109 2397 αὐτοῦ
1139 2338 1233 2392 ἐπ’
1262 2335 1443 2403 αὐτῷ.
1472 2333 1729 2404 Ἀϐρωτα
1746 2332 1832 2385 τοῖ

2042 2318 2108 2372 Ει
2141 2315 2488 2372 inmunditia
2518 2313 2633 2382 ejus
2665 2326 2821 2379 super
2870 2311 3043 2379 ipsum
3067 2349 3082 2375 ,
3128 2317 3241 2367 etc.
3275 2310 3413 2384 [ιυ.]
3446 2312 3554 2366 Im-

283 2402 613 2511 ἀκαθάρτοις
645 2435 715 2489 τὰ
740 2402 892 2506 σφέα
934 2432 1029 2487 τοῦ
1071 2428 1366 2503 σωτηρίου.
1402 2402 1655 2497 Καθαροὶ
1680 2425 1788 2496 γὰρ
1811 2440 1832 2476 ο

1975 2412 2094 2485 puri
2140 2419 2195 2464 et
2234 2406 2452 2479 profani
2510 2404 2764 2460 homines
2794 2419 2902 2457 non
2933 2402 3265 2458 admittendi
3301 2414 3433 2459 sunt
3483 2406 3551 2459 ad

1971 2515 2170 2557 carnes
2208 2498 2586 2558 victimarum,
2614 2509 2738 2564 qua:
2766 2508 2865 2564 pro
2899 2493 3077 2548 salute
3110 2492 3315 2549 fuerint
3354 2496 3554 2549 immo-

1971 2592 2116 2647 latae.
2167 2589 2304 2644 Nam
2342 2587 2661 2657 quicunque
2720 2600 2845 2639 vere
2893 2591 3184 2639 sectantur
3234 2586 3551 2656 religionem

1898 2658 1944 2719 Β
1972 2680 2203 2746 Christi,
2236 2679 2306 2733 ab
2331 2678 2491 2732 omni‘
2511 2676 2634 2730 labe
2660 2684 2715 2730 et
2737 2675 2958 2729 macula
2993 2676 3116 2746 puri
3145 2683 3293 2730 sunt.

362 2794 493 2850 Πᾶν
538 2793 723 2861 στέαρ
750 2786 940 2856 βοῶν,
985 2787 1085 2843 καὶ
1129 2783 1461 2856 προϐάτιον,
1510 2784 1609 2838 καὶ
1664 2780 1832 2853 αἰτῶ)

2046 2772 2235 2829 Omnis
2301 2770 2566 2839 pinguedo
2613 2767 2771 2822 boum
2802 2777 2853 2821 et
2897 2767 3097 2829 avium.
3122 2777 3229 2822 etc.
3257 2768 3396 2841 [15.]
3426 2768 3554 2823 Pin-

291 2888 527 2950 Xtéato;
563 2859 930 2953 καὶήαῖματος
976 2875 1382 2946 ἀπαγορεύεται
1437 2872 1662 2947 βρῶσις.
1714 2871 1832 2926 "Eoi

1975 2864 2230 2936 guedinis
2273 2863 2391 2917 sive
2434 2860 2548 2917 sevi
2593 2870 2648 2915 et
2687 2859 2974 2930 sanguinis
3011 2861 3355 2917 interdicitur
3400 2879 3551 2918 esus.

293 2981 433 3034 δὲτὸ
475 2979 597 3048 μὲν,
640 2949 788 3044 ζωῆς
834 2973 1140 3039 σύμϐολον·
1190 2970 1253 3021 τὸ
1294 2968 1372 3033 δὲ,
1433 2967 1658 3038 ἀρετῆς.
1693 2964 1832 3018 ’Λπε

1980 2954 2223 3025 Sanguis
2247 2952 2392 3008 enim
2421 2952 2566 3017 vitae,
2594 2957 2651 3004 at
2673 2949 2950 3021 pinguedo
2985 2951 3208 3007 virtutis
3247 2955 3556 3025 symbolum

295 3043 532 3140 ἑκάτερα
567 3068 722 3137 τίμια
748 3043 901 3135 Θεῷ,
952 3062 1046 3117 καὶ
1087 3058 1235 3130 αὐτῷ
1263 3057 1597 3113 ἀνατίθεται.
1647 3056 1832 3126 Ἀπεῐρ

1977 3056 2084 3105 est.
2116 3045 2358 3116 Utraque
2382 3045 2564 3116 magni
2590 3044 2731 3097 [lunt
2764 3043 2909 3114 apud
2942 3043 3140 3111 Deum,
3170 3047 3329 3117 eique
3360 3063 3555 3104 consev

296 3180 383 3232 γει
411 3136 475 3215 δὲ⁷
496 3160 589 3215 uati.
613 3136 825 3230 τρυφῆς
859 3154 954 3210 καὶ
977 3152 1203 3224 φονικῆς
1238 3148 1633 3220 προαιρέσεως.

1983 3147 2229 3195 crantur.
2263 3137 2535 3193 Caeterum
2568 3137 2681 3191 hanc
2712 3136 2897 3190 omnia
2920 3152 2987 3192 eo
3015 3139 3270 3204 tendunt,
3294 3148 3353 3193 ut
3381 3140 3434 3194 in
3463 3156 3561 3196 no-

1983 3233 2069 3288 bis
2093 3231 2349 3301 voluptas
2379 3238 2433 3284 et
2457 3230 2709 3284 humana;
2733 3219 2967 3285 rationis
2999 3231 3247 3286 instituta
3279 3242 3330 3287 et
3358 3232 3562 3288 delira-

1985 3333 2171 3378 menta
2193 3320 2567 3376 eradicentur.

288 2530 523 2605 Χριστοῦ
558 2529 880 2601 μετέχοντες
908 2585 918 2595 ,

375 3442 445 3497 Et
484 3436 747 3511 pinguedo
772 3435 1091 3492 animalium
1121 3449 1221 3489 sua
1255 3440 1441 3501 sponte
1475 3439 1833 3513 mortuorum,
1861 3441 1913 3486 et
1944 3450 1977 3488 a
2009 3434 2181 3490 bestia
2230 3434 2611 3498 laeeratorum,
2640 3442 2749 3488 etc.
2782 3432 2920 3506 [14.]
2954 3435 3129 3490 Etiam
3164 3435 3441 3506 pinguedo
3469 3437 3567 3491 hoc

300 3551 425 3592 rum
459 3531 777 3587 animalium
800 3528 1056 3598 rejicitur
1085 3533 1139 3581 et
1169 3524 1486 3580 damnatur.
1514 3521 1634 3579 Non
1668 3525 1784 3578 vult
1810 3522 1955 3582 Deus
1983 3527 2088 3582 hac
2113 3527 2347 3596 placari.
2635 3517 2639 3521 ’

378 3646 660 3716 Ἀϐρωτον
686 3638 843 3693 τοῦτό
872 3653 1058 3708 φησιν,
1081 3637 1161 3700 εἰς
1182 3634 1238 3689 δὲ
1260 3635 1397 3706 ἔργα.
1421 3635 1646 3705 ληπτόν.
1676 3635 1832 3705 Σημα

2059 3637 2178 3693 Non
2209 3646 2392 3692 tamen
2430 3654 2550 3694 eam
2585 3638 2841 3708 prohibet
2872 3639 3121 3695 adhiberi
3155 3642 3349 3696 usibus
3382 3645 3569 3712 profa-

306 3754 451 3794 νοιτο
478 3736 522 3789 δ’
563 3735 629 3789 ἂν
661 3735 689 3785 ὁ
711 3730 1001 3802 ἀνθρώπου
1038 3728 1270 3791 θάνατος
1306 3729 1371 3780 ὲκ
1404 3726 1505 3795 τῆς
1532 3725 1624 3778 τοῦ
1650 3726 1832 3796 ἀοράτ‹

1990 3730 2101 3785 nis.
2132 3728 2489 3799 Signiﬁcatur
2515 3740 2697 3786 autem
2737 3731 2842 3785 hoc
2874 3732 2994 3787 loco
3019 3748 3186 3799 mors,
3212 3751 3332 3803 quae
3361 3735 3567 3791 homini

309 3830 499 3900 θηρίου
547 3825 774 3896 πικρίας
826 3820 1143 3891 εἰσαχθείς’
1191 3818 1316 3872 καθ’
1368 3816 1561 3871 ἑαυτὸν
1611 3808 1732 3888 μὲν,
1785 3818 1832 3870 οἱ

1990 3821 2139 3875 illata
2167 3828 2251 3876 est
2282 3836 2311 3874 a
2343 3821 2563 3875 diabolo
2600 3822 2865 3876 invisibili
2900 3822 2989 3877 illa
3022 3824 3225 3879 bellua.
3267 3826 3439 3880 llomo
3473 3829 3570 3896 igi-

309 3921 615 3991 ὠφέλιμος-ο
654 3915 786 3977 «Τίς
810 3915 920 3985 γὰρ
939 3912 1179 3980 ὠφέλεια
1207 3911 1266 3964 ὲν
1311 3907 1389 3979 τῷ
1438 3909 1635 3977 αἵματί
1686 3925 1787 3979 μου
1829 3912 1832 3956 i

1990 3918 2084 3965 tur
2102 3927 2198 3981 per
2221 3926 2282 3966 se
2314 3913 2368 3966 in
2394 3913 2544 3968 hunc
2566 3912 2788 3968 modum
2822 3914 3059 3971 violatus
3088 3915 3344 3971 dentibus
3366 3917 3572 3971 diaboli

291 4011 385 4082 ’τῷ
416 4005 723 4079 καταϐῆναι
755 4022 820 4074 με
869 4006 948 4066 εἰς
992 3999 1325 4072 διαφθαρείη
1369 4018 1388 4049 ι
1437 3999 1560 4052 ὅθεν
1604 3998 1832 4071 ἄϐρωτοε

1992 4003 2289 4070 lethiferis,
2323 4006 2531 4059 nullam
2570 4006 2627 4059 in
2658 4022 2717 4061 se
2754 4007 2916 4061 habet
2952 4008 3268 4074 utilitatem,
3311 4024 3432 4081 qua:
3461 4011 3576 4078 pla-

312 4102 450 4172 εχων
477 4100 535 4154 δὲ
561 4100 661 4169 τὴν
690 4098 757 4151 δι’
796 4096 973 4167 ἔργων
1009 4092 1298 4162 ὠφέλειαν,
1333 4091 1387 4144 εἰ
1412 4108 1498 4154 τις
1525 4090 1595 4145 τὰ
1624 4092 1705 4155 εἰς
1741 4090 1832 4156 (cui

1996 4102 2117 4151 ceat
2146 4094 2277 4150 Deo.
2318 4114 2337 4146 ι
2374 4094 2507 4161 Quae
2539 4097 2685 4151 enim
2723 4095 2933 4152 utilitas
2964 4098 3019 4151 in
3054 4099 3322 4169 sanguine
3352 4114 3496 4164 meo,
3528 4102 3574 4153 si

311 4193 658 4264 ἀναφέροντα
688 4187 998 4261 ἐργάζοιτο,
1039 4183 1116 4254 τῷ
1162 4180 1314 4253 φόϐῳ
1359 4181 1455 4234 τοῦ
1486 4181 1720 4237 θανάτου
1753 4199 1832 4253 πρ

1997 4184 2328 4240 descendam
2383 4187 2438 4240 in
2472 4186 2703 4241 exitium
2750 4193 2801 4240 et
2853 4189 3261 4257 corruptionem
3294 4188 3343 4241 ‘?
3375 4208 3393 4239 ι
3428 4190 3577 4254 Qua-

311 4283 472 4338 τοῦτο
500 4280 821 4352 ὡφεληθείς.

2000 4288 2223 4348 prepter
2252 4293 2359 4332 non
2393 4277 2597 4343 editur,
2642 4279 3110 4350 quemadmodum
3163 4280 3439 4350 pinguedo
3488 4281 3578 4334 illa

316 4377 572 4448 reproba.
609 4373 878 4428 Caeterum
915 4368 1207 4424 utilitatem
1233 4364 1474 4436 aliquam
1496 4365 1661 4421 habet
1685 4366 1732 4421 si
1755 4364 2072 4436 proferatur
2095 4370 2151 4425 in
2179 4387 2313 4427 usus
2346 4371 2637 4443 profanos.
2709 4374 2779 4425 At
2839 4388 2950 4443 quo
3021 4374 3219 4444 pacto?
3258 4373 3483 4429 Scilicet
3533 4376 3579 4428 si

316 4468 441 4538 quis
475 4464 694 4521 virtutis
727 4468 1065 4532 exsequatur
1134 4470 1332 4528 Opera.
1375 4469 1498 4525 quae
1552 4454 1720 4509 vitam
1774 4456 1936 4512 nobis
2013 4470 2357 4530 procurant;
2419 4473 2752 4533 exsequatur
2808 4472 2989 4519 autem
3046 4463 3139 4517 illa
3201 4478 3366 4534 opera
3435 4473 3581 4518 metu

316 4562 540 4618 mortis.

389 4714 583 4782 Accipe
602 4712 869 4766 Aaronem
895 4715 947 4762 et
973 4706 1117 4776 ﬁlios
1147 4705 1288 4774 ejus,
1320 4711 1427 4758 etc.
1465 4700 1604 4775 [29.]
1637 4702 1773 4758 Cum
1800 4713 1962 4759 antea
1988 4706 2224 4761 seorsim
2253 4705 2437 4764 Moses
2466 4710 2591 4765 oleo
2609 4716 2663 4764 et
2689 4710 2922 4765 seorsim
2954 4722 3154 4763 cruore
3182 4707 3413 4762 alterius
3442 4710 3587 4761 arie-

321 4803 392 4859 tis
427 4802 679 4857 tinxisset
732 4799 879 4864 illos,
923 4796 1017 4865 qui
1054 4794 1229 4849 sacris
1263 4792 1629 4846 initiabantur
1657 4804 1716 4845 ut
1744 4790 2067 4847 sacerdotio
2112 4794 2517 4867 fungerentur;
2552 4813 2703 4853 nunc
2736 4798 3031 4854 offerentes
3070 4798 3341 4851 sacrificia
3378 4798 3586 4867 majore

322 4891 682 4961 perfectione,
725 4887 940 4955 qualem
980 4879 1293 4951 suppeditat
1328 4879 1437 4943 lex,
1476 4879 1783 4948 potiuntur.
1816 4878 1936 4934 Non
1981 4881 2222 4953 simplex
2268 4887 2449 4941 oleum
2498 4887 2839 4943 admiscetur
2873 4887 3136 4958 sanguini
3182 4888 3453 4957 simplici,
3492 4888 3589 4943 sed

389 5004 595 5074 Λῖματι
642 5002 736 5055 καὶ
794 5000 960 5070 ἐλαίῳ
1020 4996 1343 5068 ὲρῤάντισεν
1396 4991 1615 5057 αὐτούς.
1663 4994 1737 5046 Τὸ
1799 5011 1832 5064 μ

2005 4999 2190 5053 oleum
2251 5002 2531 5058 unctionis
2579 5010 2634 5057 et
2685 5016 2853 5057 cruor
2901 5000 3093 5057 altaris
3145 5000 3585 5056 confunduntur.
3625 4994 3635 5019 ‘

323 5096 522 5161 ἔλαιον,
554 5094 663 5151 ἀπὸ
680 5093 776 5146 τοῦ
803 5090 982 5144 ἐλαίου
1004 5089 1103 5159 τῆς
1132 5087 1367 5157 κρίσεως
1391 5100 1404 5115 ·
1428 5085 1490 5138 τὸ
1521 5084 1577 5138 δὲ
1605 5081 1766 5155 αἷμα,
1790 5087 1832 5139 ἀι

2005 5088 2116 5145 Nec
2176 5091 2279 5160 ipsi
2330 5094 2456 5159 soli,
2484 5092 2578 5149 sed
2610 5102 2661 5149 et
2690 5093 3018 5149 vestimenta
3062 5094 3307 5163 ipsorum
3341 5092 3591 5146 sentiunt

325 5188 415 5240 τοῦ
450 5184 860 5255 Θυσιαστηρίου.
892 5182 1003 5235 Καὶ
1049 5178 1219 5233 ταῦτα
1243 5176 1415 5240 τύπος
1443 5176 1508 5229 ἂν
1555 5176 1663 5247 εἴη,
1690 5176 1751 5229 τὸ
1802 5195 1832 5247 μ

1981 5183 2127 5237 hanc
2144 5182 2484 5240 unctionem.
2514 5184 2713 5241 Verum
2742 5186 2855 5242 hac
2882 5184 3144 5241 omniain
3169 5191 3304 5255 typo
3340 5182 3584 5254 quodam

398 5393 443 5423 '*
476 5386 640 5444 Exml.
669 5405 757 5454 xv,
787 5387 836 5440 I.
898 5388 941 5418 ’9
970 5386 1115 5439 l‘sal.
1150 5400 1272 5443 xcv.
1300 5384 1348 5436 i.
1455 5382 1469 5411 ¹
1501 5380 1609 5434 lsa.
1635 5395 1784 5447 ηις,
1820 5380 1832 5433 ε

332 5462 349 5491 δ
380 5459 525 5513 Ρςςιὶ.
557 5476 710 5513 XXIX.
752 5460 834 5511 I0.

1994 5379 2123 5436 Cor.
2164 5400 2240 5450 vt,
2272 5386 2358 5440 Π.
2477 5387 2495 5415 ²
2529 5386 2699 5443 lCur.
2736 5404 2860 5455 xm,
2891 5386 2979 5441 10.
3093 5388 3115 5419 ³
3155 5385 3317 5449 Joan.
3350 5400 3458 5450 τιτι,
3489 5382 3582 5438 25.

331 5470 349 5491 ⁸
380 5470 525 5515 νςςιὶ.
557 5476 710 5523 χχιιι,
752 5470 834 5511 ιυ.

1830 5584 2062 5644 NOTAE.

401 5713 479 5783 ιϐ)
509 5714 717 5784 Βρωιά.
760 5714 817 5769 Ὀ
847 5714 944 5779 τῆς
972 5712 1105 5779 Δύγ.
1131 5707 1259 5766 κώδ.
