4050 6212
451 251 577 317 τις»
1776 256 2050 316 PROCOI

2123 257 2131 314 i
2178 253 2423 315 GAZIEI
3614 254 3722 319 720

468 369 770 439 contigere.
790 368 965 423 Cruor
996 368 1265 440 passionis
1278 369 1442 441 339
1459 368 1775 437 Dominicat,
1796 378 1855 424 ut
1870 371 2051 425 oleum

2155 363 2317 440 αἷμα,
2364 366 2459 421 τοῦ
2492 366 2763 440 σωτηρίου
2804 368 3010 433 πάθους
3030 387 3043 400 υ
3082 369 3140 424 τὸ
3182 371 3239 425 δὲ
3270 371 3473 434 ἔλαιον,
3499 372 3600 441 τῆς
3629 372 3726 426 ἔπι

450 456 774 522 ‘unctionis,
798 473 921 527 qua:
951 458 1005 512 iu
1031 458 1308 529 baptismo
1336 459 1414 523 lit,
1448 458 1756 531 symbolum
1793 459 2046 513 habetur.

2146 459 2243 513 τοῦ
2296 458 2524 530 λουτροῦ
2569 459 2821 531 κρίσεως.
2871 459 3012 512 Ἀλλ’
3062 461 3120 513 ἐν
3165 459 3243 530 τῷ
3286 461 3440 532 νόμῳ
3468 463 3517 514 οἱ
3556 464 3727 531 ἱερεῖς

471 548 696 603 Notabis
728 559 932 614 autem,
967 550 1021 605 in
1056 550 1175 620 lege
1211 552 1362 606 solos
1388 552 1707 607 sacerdotes
1743 551 1964 607 lustrari
1993 559 2048 605 et

2150 552 2302 623 μόνοι
2331 552 2427 622 (7),
2469 552 2526 604 ὲν
2556 553 2613 606 δὲ
2653 554 2720 622 τῇ
2746 551 2931 623 χάριτι
2974 553 3035 605 sb
3070 553 3278 622 πλῆθος
3306 554 3446 608 ὅλον.
3479 554 3543 607 0i
3568 553 3728 624 βασι-

471 639 660 710 perﬁci
708 641 979 712 sanguine
1008 651 1059 696 et
1087 643 1211 696 oleo
1238 658 1251 694 :
1281 651 1335 697 at
1362 652 1611 714 tempore
1649 643 1837 713 gratia:
1878 644 2046 713 parti-

2145 642 2256 706 λεῖς
2294 643 2352 696 δὲ
2403 643 2565 713 ἐλαίῳ
2602 643 2770 715 μόνῳ.
2817 645 2932 697 υὺκ
2955 645 3082 715 ὲξῆν
3130 645 3186 698 δὲ
3230 646 3355 699 οὔτε
3383 645 3587 716 ἱερεῦσι
3627 644 3732 713 τῆς

473 733 629 801 cipes
666 732 801 788 ﬁunt
828 732 1204 804 perfectionis,
1236 735 1492 791 universa
1518 735 1831 802 multitudo,
1859 749 2045 791 sacer-

2143 735 2438 806 Δευῖτικῆς
2458 736 2632 806 φυλῆς
2658 731 2800 801 οὖσι,
2829 734 3138 807 βασιλεύειν
3158 754 3173 769 °
3205 737 3328 791 οὔτε
3358 740 3470 801 τοῖς
3498 737 3557 804 ἐξ
3595 735 3732 790 Ἰού-

473 825 683 880 dotiutn
736 827 964 896 regium,
993 842 1127 896 gcns
1157 836 1371 882 sancta.
1426 824 1698 881 Praeterea
1733 839 1909 897 reges,
1944 824 2040 895 qui

2144 828 2210 880 δα
2265 827 2683 898 καταγομένοις,
2738 827 3054 897 ἱερατεύειν.
3109 828 3285 893 Μόνος
3335 828 3392 883 δὲ
3436 831 3464 883 ὁ
3520 828 3732 898 Κύριος

474 917 681 987 regiam
741 917 1056 987 dignitatem
1107 918 1524 988 suscipiebant,
1558 918 1613 972 in
1640 915 1826 972 Veteri
1849 917 2045 972 Testa-

2149 916 2308 988 ἡμῶν
2335 916 2475 989 ὑπὲρ
2505 916 2690 988 νόμον,
2727 917 2821 971 καὶ
2851 916 3105 988 βασιλεὺς
3143 919 3242 974 καὶ
3285 919 3464 991 ἱερεὺς
3508 916 3727 987 γέγονε,

476 1020 662 1063 mento
691 1011 809 1065 solo
841 1010 1246 1080 inungebantur
1275 1012 1399 1066 oleo
1424 1028 1438 1065 :
1468 1019 1525 1063 at
1561 1010 1881 1066 sacerdotes
1912 1024 2048 1064 con-

1424 1028 1438 1065 :
1468 1019 1525 1063 at
1561 1010 1881 1066 sacerdotes
1912 1024 2048 1064 con-
2154 1009 2299 1063 κατὰ
2326 1008 2426 1080 τὴν
2458 1008 2614 1074 τάξιν
2641 1009 2998 1079 Μελχισεδέκ.

477 1098 839 1153 secrabantur
864 1098 1126 1155 adhibitis
1157 1099 1278 1154 oleo
1301 1095 1356 1153 et
1384 1099 1671 1169 sanguine.
1692 1096 1810 1152 Non
1843 1098 2043 1153 licebat
2080 1098 2303 1168 regibus
2337 1097 2688 1154 sacerdotum
2731 1098 2916 1152 munia
2946 1099 3144 1166 obire;
3192 1099 3438 1156 vicissim
3498 1113 3599 1153 nec
3661 1097 3732 1149 li-

477 1188 646 1242 citum
686 1195 803 1242 erat
827 1188 1224 1252 sacerdotibus,
1270 1197 1328 1242 ut
1355 1188 1509 1260 regio
1538 1188 1905 1257 fungerentur
1925 1186 2133 1243 ofﬁcio.
2172 1185 2337 1242 Solus
2396 1198 2576 1242 autem
2642 1186 2918 1256 Christus,
2990 1187 3087 1258 qui
3166 1189 3389 1244 excellit
3433 1188 3630 1258 legem,
3675 1194 3734 1242 et

477 1292 571 1332 rex
605 1286 660 1332 et
693 1276 955 1333 sacerdos
998 1278 1394 1348 pronuntiatur
1431 1277 1735 1333 secundum
1780 1276 2044 1342 ,ordinem
2086 1276 2509 1334 Melchisedech.

546 1454 648 1509 Hic
687 1452 835 1506 enim
869 1460 1101 1523 utraque
1126 1452 1392 1524 dignitate
1420 1453 1760 1524 conspicuus
1812 1451 1939 1506 fuit.
1984 1448 2407 1506 Administravit
2456 1450 2861 1515 sacerdotium,
2908 1458 2964 1506 et
3017 1451 3170 1523 regni
3197 1452 3578 1524 gubernacula
3612 1470 3737 1510 mo-

476 1544 704 1598 deratus
738 1554 844 1597 est.
880 1545 1232 1614 Quapropter
1261 1552 1496 1613 utraque
1527 1550 1934 1598 concurrerunt
1968 1540 2192 1611 corpori
2246 1538 2456 1594 Christi
2509 1540 2565 1594 in
2606 1539 2880 1607 Ecclesia,
2923 1542 3147 1596 scilicet
3181 1543 3410 1613 sanguis
3442 1545 3728 1613 pretiosus

477 1642 529 1685 et
561 1630 744 1685 oleum
773 1640 1056 1684 sanctum.
1089 1629 1247 1694 Quod
1288 1631 1496 1699 septies
1527 1627 1584 1683 id
1619 1628 1737 1685 ﬁeri
1773 1629 2103 1700 requiritur,
2147 1628 2282 1682 satis
2313 1625 2662 1682 demonstrat
2703 1627 3077 1684 abundantem
3109 1625 3355 1701 Spiritus
3394 1631 3573 1686 sancti
3611 1632 3730 1687 lar-

477 1718 763 1788 gitionem,
794 1733 900 1786 qua
935 1717 1289 1771 refocillatur
1330 1715 1607 1771 Ecclesia.

554 1802 622 1857 Et
653 1820 718 1858 ex
741 1806 880 1858 ostio
910 1802 1246 1857 tabernaculi
1284 1803 1578 1857 testimonii
1611 1818 1715 1857 non
1743 1799 2090 1871 egredientiui
2128 1807 2325 1867 septem
2355 1798 2560 1853 dierum
2593 1801 2795 1870 spatio,
2823 1812 2930 1858 etc.
2973 1799 3137 1874 [VII],
3174 1801 3292 1876 '53.]
3321 1802 3450 1859 Vult
3477 1812 3536 1859 ut
3572 1819 3735 1876 pror-

478 1907 577 1947 sus
615 1890 962 1946 assideamus
1024 1890 1158 1957 Deo,
1190 1900 1245 1946 et
1284 1898 1397 1944 tota
1447 1890 1656 1945 virtute
1704 1890 1828 1961 ipso
1887 1889 2135 1945 nitamur
2179 1887 2302 1941 toti.
2377 1884 2604 1957 Septem
2654 1889 2804 1947 enim
2849 1888 2968 1946 dies
3019 1892 3160 1947 satis
3203 1891 3462 1957 edocent,
3519 1903 3732 1963 quanta

478 1979 737 2034 ﬁrmitate
801 1987 856 2032 et
889 1979 1169 2034 soliditate
1221 1992 1326 2033 nos
1372 1977 1564 2033 aliisos
1600 1976 1709 2033 Deo
1756 1991 1881 2033 esse
1927 1983 2208 2047 Oporteat,
2253 1975 2473 2030 scilicet
2510 1992 2576 2032 ne
2605 1992 2853 2047 unquam
2892 1979 3073 2048 ipsum
3118 1989 3327 2036 temere
3354 1980 3729 2037 otfendamus.

479 2067 595 2122 Iluc
633 2066 776 2121 facit
811 2068 1101 2136 prophetae
1129 2066 1421 2121 oraculum
1460 2084 1473 2119 :
1513 2085 1530 2118 t
1565 2064 1881 2132 Quaerenda
1913 2077 2100 2134 quare
2138 2069 2195 2119 et
2238 2060 2383 2132 apud
2416 2077 2502 2117 me
2531 2072 2751 2119 maneto
2774 2064 2887 2135 (vel
2923 2065 3223 2137 habitato).
3262 2086 3281 2119 ι
3496 2056 3499 2059 ’

551 2152 620 2229 Et
648 2153 850 2224 factum
882 2162 959 2208 est
993 2152 1079 2207 die
1120 2161 1327 2218 octavo,
1364 2161 1471 2206 etc.
1510 2151 1630 2224 [lX,
1666 2151 1744 2224 l.]
1778 2150 1989 2207 Octavo
2020 2149 2111 2205 die
2149 2158 2342 2204 cessat
2385 2148 2565 2206 Moses
2599 2152 2922 2208 sacerdOtio
2958 2152 3115 2224 fungi
3145 2173 3159 2210 :
3193 2156 3559 2224 eamdemque
3594 2170 3732 2226 pro-

477 2243 719 2295 vinciam
754 2240 957 2296 exinde
1005 2239 1173 2295 tradit
1216 2238 1445 2293 Aaroni.
1474 2237 1542 2291 Et
1583 2254 1651 2293 ne
1691 2254 1838 2293 nunc
1866 2237 2086 2309 quidem
2123 2243 2270 2292 tacet
2310 2236 2514 2294 Moses.
2547 2238 2683 2292 Nam
2718 2254 2925 2295 novum
2960 2242 3336 2296 sacerdotium
3369 2242 3585 2298 Christi
3617 2259 3732 2297 cte-

477 2333 557 2397 νη
586 2326 677 2382 die
708 2335 929 2391 octavo,
977 2340 1091 2397 quo
1141 2324 1450 2380 resurrexit
1495 2324 1808 2381 Christus:
1852 2325 2095 2394 hincque
2148 2325 2308 2394 quasi
2342 2326 2470 2379 novi
2520 2326 2709 2380 saeculi
2746 2328 2980 2396 petitum
3035 2338 3121 2384 est
3168 2330 3527 2400 principium.
3573 2330 3727 2384 Nova

480 2414 759 2485 siquidem
793 2423 1073 2477 creatura,
1112 2415 1195 2468 vel
1229 2413 1445 2469 creatio
1482 2413 1538 2467 in
1572 2412 1822 2479 Christo,
1866 2419 2127 2467 cessante
2163 2411 2303 2479 legis
2342 2412 2648 2465 secundum
2685 2412 2924 2467 litteram
2963 2414 3284 2470 intellectu:
3317 2416 3427 2469 imo
3464 2417 3549 2470 lex
3578 2431 3729 2471 nunc

477 2502 853 2571 spiritualiter
899 2508 1061 2556 sonat
1109 2514 1325 2570 nosque
1382 2498 1755 2569 spiritualiter
1784 2499 1993 2562 erudit,
2026 2499 2160 2554 dum
2208 2497 2419 2554 diserte
2464 2498 2729 2555 edisserit
2776 2499 2984 2556 Christi
3041 2504 3328 2573 mysteria.
3382 2500 3540 2570 Quod
3592 2519 3734 2558 vero

479 2588 774 2660 pontifices
805 2590 983 2659 primo
1016 2603 1115 2659 pro
1144 2604 1225 2652 se,
1260 2587 1462 2643 deinde
1519 2602 1620 2659 pro
1665 2586 1871 2657 pepulo
1927 2585 2179 2642 victimas
2213 2586 2450 2649 caulam,
2481 2586 2644 2639 etiam
2680 2585 2885 2644 Paulus
2933 2590 3257 2658 pronuntiat
3286 2591 3342 2644 in
3385 2592 3631 2661 Epislela
3658 2594 3731 2647 ad

478 2675 783 2732 Hebraeos:
824 2695 843 2728 ι
897 2675 1093 2731 Omnis
1137 2676 1284 2731 enim
1322 2674 1571 2746 pontifex
1605 2674 1671 2729 ad
1703 2673 2049 2729 olierendum
2091 2673 2235 2727 dona
2285 2682 2341 2729 et
2375 2673 2632 2728 victimas
2668 2677 3057 2731 constituitur.
3091 2679 3411 2732 Assumitur
3444 2687 3628 2733 autem
3655 2694 3727 2732 ex

478 2765 834 2830 hominibus,
869 2773 931 2819 ut
965 2764 1060 2835 qui
1111 2764 1293 2834 possit
1340 2762 1723 2818 commiserari
1778 2762 2099 2833 ignoranter
2157 2762 2571 2831 delinquentes,
2626 2770 2682 2817 et
2716 2765 2929 2818 veniant
2968 2767 3101 2821 dare
3132 2781 3323 2820 errore
3355 2767 3558 2821 ductis.
3591 2766 3730 2820 Nam

471 2860 536 2906 et
576 2851 695 2922 ipse
725 2852 910 2906 induit
944 2851 1348 2906 inﬁrmitatem.
1402 2847 1468 2902 Et
1529 2855 1753 2919 propter
1798 2850 1941 2903 hanc
1982 2849 2364 2904 inﬁrmitatem
2399 2848 2695 2916 oportebat
2737 2866 2884 2918 eum,
2925 2852 3090 2908 sicuti
3126 2870 3225 2925 pro
3257 2855 3480 2925 populo,
3519 2855 3594 2909 ita
3626 2870 3735 2924 pro

479 2940 784 3008 semetipso
821 2953 934 2993 rem
971 2951 1186 2994 sacram
1220 2939 1404 2991 facere
1456 2936 1498 2989 ⁸.
1541 2954 1558 2987 ι
1600 2933 1775 2990 Paulo
1805 2944 1931 3005 post
1975 2936 2114 2991 idem
2150 2936 2334 3006 inquit
2383 2936 2452 2990 de
2500 2934 2725 2992 Christo
2758 2955 2771 2990 :
2806 2956 2825 2991 ι
2861 2939 2960 2993 Cui
2994 2957 3102 2995 non
3135 2957 3365 2997 necesse
3391 2931 3509 2995 erat
3543 2944 3734 3011 quoti-

478 3028 589 3093 die,
632 3026 1097 3098 quemadmodum
1138 3023 1375 3095 reliquis
1410 3024 1796 3094 pontillcibus,
1829 3024 2008 3094 primo
2038 3040 2139 3094 pro
2168 3026 2282 3079 suis
2311 3024 2556 3095 peccatis
2588 3025 2869 3081 sacriﬁcia
2896 3026 3122 3095 oﬁ‘erre,
3149 3028 3348 3083 deinde
3381 3043 3481 3099 pro
3508 3028 3735 3083 delictis

480 3115 691 3185 populi.
735 3115 853 3169 Hoc
882 3114 1031 3170 enim
1061 3113 1214 3177 fecit,
1249 3128 1376 3167 cum
1414 3113 1580 3168 semel
1619 3114 1979 3183 semetipsum
2004 3112 2206 3167 obtulit
2231 3113 2273 3169 ⁸.
2314 3130 2331 3163 ι

554 3289 622 3344 Et
669 3289 955 3343 extendens
1009 3290 1193 3342 Aaron
1234 3303 1422 3342 manus
1468 3286 1540 3340 ad
1569 3285 1842 3356 populum,
1890 3286 2045 3340 bene-
2075 3293 2118 3348 Β

2215 3286 2325 3340 Καὶ
2358 3285 2581 3354 ἐξάρας
2618 3287 2850 3355 Ἀαρὼν
2898 3292 3002 3355 τὰς
3029 3289 3231 3358 χεῖρας
3272 3290 3369 3343 ἐπὶ
3393 3291 3500 3344 τὸν
3548 3292 3728 3356 λαὸν,

467 3382 617 3436 dixit
644 3382 713 3435 ei.
738 3378 879 3453 [22.]
913 3376 1039 3433 Haec
1064 3377 1229 3433 verba
1258 3377 1594 3433 subinnuere
1614 3375 1891 3438 videntur,
1922 3391 2047 3431 eum

2151 3379 2503 3448 ηὐλόγησεν
2545 3381 2791 3447 αὐτούς.
2838 3382 3238 3453 Ὑπολαμϐάνω
3270 3385 3457 3438 ἐνθάδε
3486 3386 3729 3439 αἰνίσσε-

394 3544 399 3551 .
481 3471 576 3542 qui
617 3470 748 3525 aliis
797 3468 1102 3531 benedicit,
1148 3467 1371 3523 eximiis
1405 3474 1460 3522 et
1530 3481 1699 3536 super
1738 3466 1877 3522 alios
1908 3481 1993 3521 em

2155 3469 2278 3523 σθαι
2303 3470 2395 3524 τὸν
2431 3470 2614 3539 λόγον,
2660 3472 2743 3525 ὅτι
2786 3472 2867 3526 δεῖ
2894 3473 2986 3527 τὸν
3031 3474 3356 3544 εὐλογοῦντα
3383 3492 3536 3539 τινας
3571 3493 3735 3529 κεκο-

481 3563 746 3620 nentibus
795 3561 1056 3632 operibus
1098 3568 1431 3616 exornatum
1486 3574 1609 3617 esse
1666 3558 1892 3615 debere.
1945 3559 2051 3614 Ubi

2155 3558 2400 3630 σμῆσοαι
2431 3560 2615 3632 ἔργοις
2643 3562 2925 3632 διαφανέσι
2947 3565 3044 3619 καὶ
3069 3566 3403 3638 ἐπηρμένοις
3427 3567 3581 3638 παρὰ
3605 3570 3732 3630 τοὺς

479 3654 624 3708 enim
650 3653 860 3724 populo
911 3650 1239 3707 benedicere
1290 3651 1410 3704 vult
1441 3650 1650 3714 Aaron,
1700 3664 1903 3703 manus
1930 3649 2053 3719 ejus

2153 3652 2403 3716 πολλούς.
2437 3655 2505 3706 Al
2562 3655 2671 3729 γὰρ
2720 3658 2903 3728 χεῖρες
2963 3657 3176 3728 Ἀαρὼν
3225 3660 3337 3713 ἄνω
3399 3660 3730 3731 ὲξαίρονται,

483 3749 537 3800 in
569 3746 805 3800 sublime
850 3745 1159 3800 elevantur.
1217 3741 1389 3812 Cujus
1418 3741 1565 3798 enim
1610 3754 1810 3795 manus
1841 3739 1908 3794 ad
1942 3747 2053 3795 ter-

2151 3745 2243 3798 ὃτε
2285 3744 2469 3815 μέλλει
2512 3745 2754 3816 εὐλογεῖν
2800 3748 2892 3801 τὸν
2942 3748 3091 3803 λαόν.
3138 3750 3249 3804 Καὶ
3283 3752 3441 3821 εἴπερ
3468 3769 3550 3814 τις
3581 3754 3735 3807 κάτω

481 3853 615 3893 rena
665 3846 931 3907 vergunt,
984 3836 1055 3900 is,
1102 3832 1358 3905 quamvis
1409 3832 1667 3897 voluerit,
1726 3831 2054 3888 benedicere

2154 3835 2268 3908 ἔχοι
2290 3837 2388 3902 τὰς
2415 3840 2604 3910 χεῖρας
2632 3840 2712 3902 εἰς
2741 3840 2812 3893 τὰ
2850 3842 3033 3911 γήϊνα,
3066 3841 3165 3896 οὐκ
3201 3843 3267 3896 ἂν
3317 3842 3505 3896 ἁνύσοι
3542 3843 3735 3913 βουλό-

482 3931 605 3985 aliis
660 3944 769 3984 non
820 3929 1042 4000 peterit.
1081 3926 1268 3998 Neque
1314 3925 1522 3998 Moysis
1561 3939 1784 3991 manus,
1829 3925 2054 3994 quando

2158 3946 2318 3998 μενος
2344 3930 2588 3999 εὐλογεῖν
2627 3948 2772 3985 τινα.
2800 3934 3019 4005 Καίπερ
3051 3934 3171 3987 οὐδὲ
3200 3934 3352 3987 κάτω
3394 3935 3649 4004 κείμεναι
3676 3938 3733 3989 αἱ

481 4022 743 4077 deorsum
820 4021 1202 4087 vertebantur,
1273 4017 1476 4089 populo
1548 4016 1897 4086 profuerunt,
1955 4014 2052 4073 sed

2152 4020 2395 4085 Μωσέως
2425 4024 2605 4092 χεῖρες
2656 4022 2897 4090 ὠφέλουν
2943 4024 3032 4076 τὸν
3064 4024 3211 4089 λαὸν,
3238 4025 3352 4078 ἀλλ’
3393 4026 3592 4097 ὅτεπερ
3637 4029 3737 4081 ἒπ-

483 4113 706 4182 quando
747 4114 1169 4170 attollebantur.
1221 4108 1400 4181 Hujus
1434 4110 1513 4165 rei
1556 4110 1869 4181 symbolum
1913 4108 2057 4179 pari-

2152 4108 2371 4183 ῄροντο.
2397 4110 2599 4166 Τούτου
2633 4112 2902 4184 σύμϐολον
2938 4110 3007 4185 ἦν
3037 4115 3131 4167 καὶ
3156 4116 3188 4185 ὴ
3218 4115 3450 4188 ἔπαρσις
3477 4116 3587 4169 τῶν
3616 4135 3736 4188 χει-

484 4215 566 4261 ter
590 4205 830 4263 elevatio
860 4220 1124 4261 tnanuum
1167 4199 1474 4259 Salvatoris
1510 4202 1630 4256 fuit.
1664 4201 1768 4258 Per
1806 4216 1869 4259 ea
1903 4203 2051 4256 enim

2158 4201 2267 4271 ρῶν
2315 4202 2409 4257 τοῦ
2445 4204 2722 4275 Σωτῆρος.
2774 4206 2906 4269 Ταῖς
2936 4205 3046 4277 γὰρ
3073 4205 3213 4276 ὑπὲρ
3244 4206 3550 4277 ἀνθρώπων
3598 4210 3730 4276 πρά.

484 4313 605 4367 quae
646 4312 748 4368 pro
791 4296 1116 4351 hominibus
1144 4294 1301 4357 fecit,
1339 4307 1531 4349 eorum
1574 4308 1771 4347 manus
1819 4291 2058 4347 elevavit

2158 4291 2305 4358 ξεσιν
2353 4292 2569 4364 ὕψωσεν
2613 4296 2804 4351 αὐτῶν
2851 4294 2953 4362 τὰς
3009 4300 3227 4371 χεῖρας,
3272 4300 3366 4351 καὶ⁵
3402 4298 3577 4353 ἔσωσε
3607 4303 3737 4365 τοὺς

422 4408 427 4417 ν
486 4390 758 4455 ﬁdemque
801 4387 1069 4442 habentes
1116 4384 1369 4438 salvavit.
1428 4382 1693 4438 Fortasse
1726 4381 1894 4452 igitur
1928 4382 2021 4452 qui

2157 4385 2535 4450 πιστεύοντας.
2602 4388 2759 4461 Τάχα
2810 4388 2995 4441 τοίνυν
3066 4389 3171 4452 πᾶς
3224 4391 3253 4443 ὁ
3297 4391 3417 4453 ταῖς
3474 4390 3738 4462 πράξεσι-

484 4493 705 4548 cunque
743 4476 1009 4543 operibus
1066 4475 1122 4527 in
1176 4473 1412 4527 sublime
1462 4472 1715 4528 evehitur
1761 4470 1917 4526 cruci
1970 4469 2055 4525 af-

2157 4474 2493 4546 ὲπηρμὲνος,
2526 4476 2870 4548 ἐσταυρώθη.
2907 4477 3017 4550 καὶ
3047 4477 3188 4531 κατὰ
3226 4478 3385 4531 τοῦτο
3415 4477 3566 4546 ἔλεγε
3592 4478 3738 4532 Παῦ-

487 4573 630 4626 ﬁxus
681 4567 951 4623 dicendus
998 4566 1123 4620 erit.
1178 4563 1295 4619 lloc
1344 4578 1509 4619 sensu
1556 4564 1764 4619 Paulus
1811 4578 2053 4633 quoque,

2157 4563 2271 4632 λος,
2310 4585 2329 4618 ι
2365 4566 2505 4635 Ἐγὼ
2535 4568 2729 4639 κόσμῳ
2758 4568 3135 4640 ὲσταύρωμαι,
3180 4570 3348 4639 κάμοὶ
3378 4571 3406 4622 ὁ
3437 4572 3641 4640 κόσμος
3661 4585 3674 4598 ·
3713 4588 3732 4621 ι

491 4683 512 4717 ι
559 4663 695 4733 Ego,
720 4660 923 4729 inquit,
963 4656 1167 4712 munde
1206 4656 1511 4711 cruciﬁxus
1541 4670 1685 4720 sum,
1724 4665 1782 4711 et
1815 4648 2090 4711 mundus‘

2158 4659 2427 4725 τωτέστι,
2460 4658 2727 4730 Νενόηταί
2769 4676 2861 4729 μοι
2895 4639 3108 4729 ὁλόγος
3149 4662 3185 4714 ὁ
3213 4661 3345 4731 περὶ
3388 4639 3619 4731 κόσμου,
3644 4661 3737 4714 καὶ

486 4753 621 4807 mihi
649 4754 692 4819 ',
735 4771 753 4803 ι
791 4753 894 4805 hoc
926 4757 1032 4811 est,
1070 4764 1187 4802 non
1211 4746 1450 4817 amplius
1477 4754 1703 4801 terreno
1738 4761 1803 4800 ac
1838 4746 2055 4812 humili,

2162 4748 2401 4819 δπῆρται
2427 4748 2505 4811 δὲ,
2533 4748 2634 4802 οὐκ
2655 4748 2737 4801 ἑτι
2763 4752 2942 4804 κεῖται
2970 4750 3143 4806 κάτω.
3172 4750 3265 4820 Τῷ
3291 4750 3401 4820 γὰρ
3424 4751 3501 4821 μὴ
3531 4750 3740 4803 συνιένο

487 4844 585 4899 sed
614 4843 890 4913 spirituali
933 4850 988 4897 et
1020 4840 1205 4895 altiori
1240 4853 1411 4894 sensu
1444 4853 1601 4893 mens
1635 4852 1755 4893 mea
1785 4837 2055 4893 mundum

2161 4855 2219 4893 τι
2242 4841 2333 4893 τὸν
2361 4839 2520 4909 λόγον
2540 4843 2640 4912 τῆς
2670 4841 3051 4912 κοσμοποιιας,
3076 4841 3286 4909 ὁλόγος
3314 4845 3395 4912 (8)
3422 4843 3526 4895 οὐκ
3549 4841 3740 4894 ἐσταύ-

487 4937 917 5005 contemplatur.
951 4934 1291 5004 Quicunque
1307 4934 1452 4988 enim
1484 4929 1789 4987 creationis
1825 4946 2050 4987 sensum

2167 4949 2357 5001 ρωται.
2389 4934 2570 4991 Καλὸν
2614 4933 2725 5004 γὰρ
2770 4933 3013 5005 ἡγοῦμαι
3060 4935 3122 4989 τὸ
3161 4934 3440 5004 μυστικῶς
3470 4931 3740 5004 σταυροῦ-

489 5029 655 5084 haud-
692 5028 961 5098 percepit,
1030 5025 1081 5082 ei
1134 5023 1373 5081 mundus
1434 5040 1544 5080 non
1598 5021 1901 5079 cruciﬁxus
1951 5033 2058 5079 est.

2170 5025 2319 5092 σθαι,
2349 5025 2379 5078 ὁ
2418 5028 2513 5079 καὶ
2548 5025 2758 5089 Παῦλος
2791 5025 3029 5081 πέπονθε
3056 5042 3068 5055 ·
3112 5024 3333 5098 Χριστῷ
3363 5023 3734 5093 συνεσταύρω-

558 5163 580 5195 ⁵
610 5161 775 5218 Hebr.
804 5177 858 5227 v,
895 5161 1007 5216 1-5.
1083 5161 1104 5193 ⁸
1136 5158 1304 5216 Hebr.
1335 5172 1436 5224 vn,
1461 5159 1554 5213 9.7.
1687 5159 1708 5190 "
1750 5157 1931 5212 Galat.
1960 5174 2039 5221 vr,
2078 5159 2168 5217 14.

1982 5200 2222 5304 sese.
3765 5200 3773 5247 ε

559 5363 927 5436 (ηλυὶγξερεῖς
956 5361 1105 5436 μόνοι
1131 5361 1474 5436 αἵματι-ικαὶ
1502 5358 1666 5436 stati?
1699 5357 2053 5436 ἐτελειοιῖντο.
2157 5359 2473 5436 βασιλεῦσιν
2505 5359 2816 5436 ἱερατεύειν
2841 5358 3157 5436 ἐξῆνᾈοῦτε
3185 5362 3299 5436 τοῖς
3332 5357 3538 5436 ἱερεῇσι
3584 5357 3744 5429 βατι-

484 5428 579 5491 Ἐν
615 5428 672 5486 δὲ
696 5434 763 5503 τῇ
786 5428 969 5502 χάριτι
991 5432 1051 5503 το
1088 5428 1289 5503 τιλῆοος
1316 5428 1461 5503 μῆλον,
1505 5428 1571 5503 τὸ
1594 5428 1871 5503 βασίλειον
1904 5429 2057 5503 ζερά-
2157 5428 2755 5503 λεύειντΜόνοςδὲηκ.
2785 5446 2840 5483 τ.
2874 5428 2950 5503 λέ
2972 5430 3324 5503 Ὀ-τῆς-Δύγ,
3362 5428 3493 5503 κώδ,

485 5522 684 5575 τευμα,
714 5498 956 5563 eiecto;
989 5501 1046 5575 τὸ
1075 5498 1286 5575 Αᾶγέον,
1312 5499 1431 5575 “lict
1470 5498 1519 5575 οἱ
1553 5499 1651 5575 μὲν
1674 5500 1752 5575 εἰς
1779 5498 2057 5575 βασιλειαν
2167 5569 2185 5575 _
2211 5499 2307 5575 _(8)
2345 5501 2402 5552 '0
2432 5500 2637 5575 κόσμος
2668 5501 2828 5575 αναγῖ
2858 5498 3188 5575 τοῦτοδὲτρ
3222 5499 3424 5563 ὑπόμν.
3470 5498 3547 5562 ὡς
3590 5512 3745 5566 προσ-

487 5567 778 5645 παριόντες
808 5575 863 5626 ὲν
895 5576 958 5643 τῇ
991 5571 1220 5640 Παλαιᾷ,
1246 5570 1408 5636 ἐλαίῳ
1436 5567 1594 5636 μόνον
1625 5567 1867 5636 ἐχρίοντο
1886 5582 1899 5594 ⁸
1931 5569 1979 5619 οἱ
1999 5567 2056 5621 δὲ

491 5643 906 5698 ειεὶεοωσύνην.
930 5643 1022 5694 καὶ
1054 5641 1247 5698 αἵματι
1273 5639 1366 5691 καὶ
1398 5638 1579 5698 ἐλαίῳ.
1639 5638 1748 5690 Καὶ
1784 5635 1907 5688 οὔτε
1951 5640 2063 5698 τοῖς

1693 5567 1899 5690 ρξοναὶψ
1931 5569 1979 5619 οἱ
1999 5567 2056 5654 se
2163 5567 2306 5641 θήκη
2336 5586 2420 5633 τις
2454 5572 2510 5621 ὲν
2538 5567 2614 5641 τῷ
2632 5569 2730 5639 τῆς
2760 5569 2900 5637 Αύγ.
2922 5567 3052 5622 κώδ.
3087 5570 3288 5624 κεῖται.

1694 5654 1725 5689 α
1784 5652 1812 5688 ο
1851 5653 1907 5688 τε
1951 5654 2063 5698 τοις

491 5652 567 5709 si;
587 5652 906 5715 ἱερωσύνην,
930 5652 1022 5694 καὶ
1054 5652 1247 5710 αἱματι
1273 5652 1366 5691 και
1398 5652 1579 5709 εΑαιῳ.
1640 5652 1748 5690 tut
1784 5652 1907 5688 ουτε
1951 5652 2063 5700 τοις
