4050 6212
316 415 412 481 721
1345 422 1885 484 COMMENTARII
1919 422 2000 481 ΙΝ
2043 421 2482 484 LEVITICUM.
3469 419 3590 482 722'

315 547 424 596 ται,
457 533 554 584 καὶ
583 533 611 584 ὁ
641 533 840 602 κόσμος
883 533 1039 604 ἔσχεν
1083 537 1157 599 ὡς
1199 539 1336 606 πρὸς
1373 539 1464 591 τὸν
1493 538 1707 592 Παύλου
1745 538 1891 602 νοῦν,

2001 535 2204 592 Bonam
2239 554 2354 593 rem
2393 541 2657 593 nimirum
2694 555 2896 593 censeo
2931 547 2988 591 ιιι
3013 538 3142 608 quis
3184 537 3411 608 mystice
3442 553 3571 591 cru-

317 624 630 696 ἐπηρμένον
656 625 746 677 καὶ
770 629 1090 698 νενοημένον
1119 628 1288 701 αὐτῷ.

2003 629 2274 698 ciligatur,
2317 631 2461 700 quod
2494 641 2548 684 et
2575 630 2750 684 Paulo
2787 629 3009 685 accidit.
3043 628 3148 694 Qui
3182 645 3306 682 cum
3343 628 3568 682 Christo

2001 718 2373 787 cruciﬁgitur,
2408 719 2458 773 ei
2495 718 2734 774 mundus
2761 727 3008 790 apparet,
3054 718 3128 772 uti
3164 717 3352 782 Paulo,
3388 719 3569 772 altiori

2003 823 2067 862 ac
2099 809 2376 878 spirituali
2407 825 2580 866 sensu
2622 817 2942 880 conceptus.

389 914 459 970 Et
481 919 592 972 visa
619 930 698 972 est
723 919 900 989 gloria
931 919 1148 974 Domini
1173 921 1416 976 universo
1447 921 1658 990 populo.
1690 929 1796 975 etc.
1832 917 1948 990 ΠΧ,
1971 920 2090 992 εει]
2127 921 2264 976 Nam
2297 929 2494 978 octavo
2520 923 2610 978 die
2641 923 2896 994 apparuit
2929 919 3126 988 Filius,
3157 921 3252 992 qui
3279 929 3363 976 est
3395 922 3568 992 gloria

319 1002 502 1060 Patris
544 1016 596 1060 et
627 1005 746 1062 Dei.
792 1007 866 1062 De
895 1007 996 1062 hac
1023 1008 1198 1078 gloria
1227 1011 1307 1062 sic
1339 1010 1582 1079 appellat
1624 1007 1808 1062 Mosen
1841 1025 1855 1062 :
1893 1026 1912 1060 ι
1959 1006 2096 1062 Vivo
2131 1023 2254 1079 ego,
2295 1010 2430 1066 dicit
2463 1009 2750 1074 Dominus,
2785 1011 2830 1064 si
2870 1025 2978 1064 non
3010 1010 3184 1079 gloria
3217 1009 3430 1064 Domini
3463 1010 3570 1062 im-

321 1093 522 1163 plenda
552 1095 626 1148 sit
657 1095 920 1149 universa
959 1101 1108 1150 terra
1147 1097 1189 1152 ⁸.
1229 1115 1247 1147 ι
1285 1096 1816 1156 Immolavit-autcm
1865 1097 2222 1167 semetipsum
2273 1113 2374 1168 pro
2415 1099 2576 1152 nobis
2611 1098 2772 1168 quasi
2804 1099 2860 1152 in
2884 1097 3064 1152 vitulo
3097 1105 3156 1152 et
3193 1097 3390 1151 ariete.
3439 1095 3566 1150 Vir-

319 1189 492 1236 tutem
541 1182 710 1246 aries,
763 1183 1250 1238 mansuetudinem
1284 1183 1570 1240 indicabat
1616 1183 1846 1238 vitulus.
1878 1183 1982 1238 Per
2025 1182 2174 1238 hunc
2209 1199 2406 1256 nempe
2457 1183 2738 1238 Christum
2773 1183 2998 1238 adducti
3028 1199 3222 1238 sumus
3249 1184 3304 1238 in
3340 1183 3564 1238 odorem

317 1270 480 1324 bona:
531 1267 876 1338 fragrantia.
934 1272 1096 1326 Aries
1157 1279 1306 1326 totus
1351 1283 1406 1326 et
1433 1271 1784 1326 membratim
1827 1271 1990 1342 quasi
2021 1286 2123 1340 pro
2174 1271 2416 1342 singulis
2465 1270 2917 1326 comburebatur.
2961 1269 3096 1324 Nam
3127 1270 3257 1324 dum
3294 1285 3404 1324 una
3434 1286 3562 1324 cum

319 1359 440 1427 ipso
473 1359 882 1426 crueitigimur,
925 1359 1198 1414 morimur
1247 1358 1457 1414 mundo
1528 1367 1584 1414 et
1619 1373 1952 1430 superamus
2005 1358 2240 1414 aﬂ'ectus
2280 1358 2494 1412 carnis.
2527 1357 2859 1427 Egredimur
2889 1356 2956 1410 ad
2987 1357 3191 1426 ipsum,
3233 1357 3326 1426 qui
3367 1373 3566 1426 passus

317 1453 408 1500 est
437 1453 598 1500 extra
639 1446 855 1510 urbem,
887 1445 1070 1500 instar
1097 1447 1245 1500 tauri
1277 1457 1336 1502 et
1367 1445 1529 1502 vituli
1557 1446 1806 1500 mactati.
1849 1444 2062 1502 llostiis
2105 1445 2414 1516 majoribus
2443 1445 2636 1500 litatur
2677 1453 2788 1498 tam
2821 1460 2921 1514 pro
2951 1443 3366 1510 sacerdotibus,
3395 1461 3564 1514 quam

319 1547 420 1602 pro
449 1533 673 1604 populo.
703 1530 842 1587 Nam
876 1532 1070 1588 lmdns
1107 1535 1296 1590 minor
1341 1543 1430 1591 est
1465 1533 1749 1604 praedictis
1789 1532 2146 1596 animalibus,
2201 1542 2462 1604 respectu
2493 1531 2822 1586 diﬁ‘erentim
2851 1532 2978 1586 vitae
3003 1540 3057 1587 et
3096 1531 3464 1595 conditionis,
3506 1533 3564 1588 iu

317 1634 426 1690 qua
492 1629 624 1674 sunt
658 1619 974 1678 sacerdotes
1024 1623 1396 1693 populusque.
1445 1621 1574 1692 Spei
1637 1621 1978 1677 hilaritatem
2025 1621 2378 1692 splendidam
2439 1621 2720 1692 signiﬁcat
2749 1621 2932 1676 simila
2963 1621 3088 1675 oleo
3115 1621 3394 1679 delibuta.
3428 1621 3564 1676 Nam

315 1706 712 1762 exsultandum
765 1715 852 1762 est
906 1707 976 1762 ob
1017 1707 1264 1770 labores.
1302 1709 1396 1778 qui
1431 1709 1776 1775 sentiuntur,
1833 1708 1962 1762 dum
2011 1709 2138 1779 quis
2169 1708 2398 1768 virtutis
2457 1708 2656 1762 callem
2707 1707 3043 1776 ingreditur,
3099 1709 3563 1778 quemadmodum

317 1794 590 1864 scriptmn
621 1801 742 1848 est:
787 1813 806 1846 ι
843 1793 1166 1858 Veniamus,
1222 1796 1568 1852 exsultemus
1619 1795 1858 1850 Domino
1882 1796 1936 1850 ’.
1973 1813 1994 1846 ι
2051 1794 2122 1850 Ut
2155 1796 2302 1852 enim
2338 1793 2512 1866 gloria
2541 1794 2750 1850 Christi
2777 1794 2907 1848 olim
2961 1794 3189 1850 emicuit
3221 1795 3276 1848 in
3306 1795 3451 1866 igne.
3484 1795 3566 1850 sic

319 1897 474 1936 nunc
507 1882 562 1934 in
593 1881 792 1950 spiritu
826 1881 1110 1953 cﬂ‘ulgebit
1135 1883 1267 1938 dum
1297 1883 1650 1954 spiritualem
1683 1883 1918 1938 hostiam
1973 1882 2337 1952 spiritualiter
2367 1881 2858 1952 apprehendimus.
2893 1880 3080 1936 Primo
3131 1888 3314 1936 autem
3371 1897 3584 1936 manus-

317 1969 686 2038 imponuntur
740 1970 982 2039 p0pulis.
1031 1969 1324 2040 Siquidem
1355 1969 1668 2039 spiritualis
1705 1969 1893 2024 Aaron
1937 1985 2036 2040 per
2065 1972 2216 2027 hunc
2250 1972 2613 2027 adumbratus
2664 1970 3050 2026 benedictione
3101 1977 3318 2026 recreat
3363 1985 3572 2040 parvos

317 2072 444 2111 cum
475 2057 714 2128 magnis,
763 2057 934 2112 sicuti
963 2057 1228 2112 traditum
1257 2065 1362 2113 est.
1398 2059 1466 2110 At
1499 2071 1760 2110 manuum
1799 2057 2079 2128 impositio
2103 2059 2380 2129 signiﬁcat
2417 2057 2661 2130 Spiritus
2693 2058 2874 2113 sancti
2925 2057 2980 2112 in
3013 2057 3180 2128 3&0
3207 2069 3307 2112 nos
3359 2057 3566 2128 largam

321 2145 726 2216 profusionem.
778 2145 942 2199 Nulla
995 2155 1116 2200 erat
1147 2160 1412 2200 manuum
1443 2143 1878 2213 impositio,imo
1925 2145 2287 2214 ignorabatur
2319 2153 2448 2202 ante
2481 2145 2743 2200 Aaronici
2781 2144 3082 2200 sacerdotii
3123 2145 3556 2199 institutionem.

317 2231 600 2352 Nondum.v
621 2233 766 2287 enim
817 2241 938 2288 erat
967 2232 1208 2303 Spiritus
1259 2231 1568 2290 secundum
1601 2231 1734 2288 illud
1779 2229 2010 2289 Joannis
2041 2234 2422 2290 testimonium
2455 2251 2467 2288 :
2507 2251 2526 2286 ι
2574 2232 2715 2299 Quia
2757 2231 2920 2288 .lesus
2953 2231 3194 2286 nondum
3229 2239 3348 2286 erat
3399 2232 3584 2302 glori...

321 2321 514 2352 an“...
542 2321 558 2352 ί
643 2337 661 2352 ι

321 2321 517 2377 ticatus
542 2321 612 2374 “’.
643 2337 662 2371 ι

395 2407 462 2462 Et
494 2408 808 2476 accipientes
835 2407 941 2461 duo
974 2406 1076 2474 lilii
1124 2406 1312 2460 Aaron
1367 2405 1562 2461 Nadab
1599 2415 1647 2460 et
1682 2407 1878 2472 Abiud,
1912 2415 2021 2464 etc.
2055 2407 2149 2480 [X,
2201 2408 2282 2482 1.]
2337 2407 2661 2478 Exemplum
2697 2408 2789 2462 hic
2843 2407 3115 2461 habemus
3167 2405 3568 2468 clarissimum,

319 2496 564 2549 humana
597 2509 710 2549 non
745 2493 1110 2549 admiscenda
1139 2493 1370 2548 divinis.
1399 2491 1466 2546 Et
1501 2493 1606 2547 hoc
1657 2493 1877 2563 quidem
1927 2509 2120 2565 parum
2161 2497 2460 2552 observant
2489 2495 2758 2550 haeretici.
2793 2493 2940 2550 Deus
2973 2493 3294 2564 imperavit,
3333 2501 3394 2548 ut
3421 2493 3566 2546 dun-

317 2593 470 2639 taxat
515 2585 568 2638 in
599 2599 696 2638 ara
731 2584 1109 2655 thymiamatis
1157 2584 1364 2640 odores
1423 2582 1752 2639 incenderet
1800 2585 1989 2638 Aaron
2039 2597 2200 2638 mane
2248 2595 2378 2637 cum
2431 2589 2588 2652 parat
2628 2581 2914 2642 lucernas,
2949 2588 3003 2635 et
3037 2581 3282 2650 vesperi,
3311 2593 3436 2632 cum
3465 2593 3562 2632 cas

321 2671 626 2726 accendit:
667 2687 770 2728 nec
800 2672 912 2726 alio
967 2679 1216 2742 tempore
1247 2668 1490 2727 suﬂitu'm
1539 2671 1831 2726 odoratum
1887 2671 2078 2726 facere
2125 2685 2250 2725 eum
2300 2669 2494 2738 jussit.
2541 2667 2654 2724 Nec
2699 2667 2874 2722 voluit
2901 2681 3142 2738 quoque,
3185 2675 3242 2720 ut
3269 2674 3562 2720 externum

321 2759 644 2816 admoveret
669 2761 881 2830 ignem,
915 2774 1044 2814 cum
1077 2759 1306 2815 divinus
1345 2759 1490 2830 ignis
1537 2759 1958 2829 conspiceretur
1997 2773 2173 2826 usque
2229 2767 2434 2826 praesto
2461 2769 2607 2812 esse.
2644 2754 2738 2810 Sic
2763 2754 2949 2808 littera
2981 2754 3119 2824 legis
3173 2753 3390 2810 inutilis
3425 2767 3562 2807 cen-

319 2859 480 2902 setur
539 2854 840 2918 apparente
898 2846 1099 2916 gratia.
1159 2845 1308 2915 ignis
1358 2861 1490 2900 vero
1537 2846 1763 2900 divinus
1817 2846 1970 2900 vires
2020 2859 2153 2900 suas
2195 2841 2466 2904 ostendit,
2521 2855 2590 2896 ne
2643 2840 2768 2909 quis
2807 2840 3200 2912 imaginarium
3229 2838 3561 2910 imaginetur

318 2951 448 2991 esse
477 2937 728 2990 divinum
787 2935 967 3005 ignem
1003 2976 1017 2988 .
1055 2933 1404 3003 QuaprOpter
1445 2933 1592 2988 haud
1629 2933 1908 2987 immerito
1957 2931 2164 2986 Paulus
2197 2929 2254 2984 in
2289 2926 2540 2998 Epistola
2577 2927 2644 2982 ad
2673 2926 2958 2992 Hebraaos,
2985 2927 3206 2997 inquit:
3242 2945 3260 2976 ι
3295 2925 3441 2981 Deus
3465 2931 3558 2980 est
3597 2935 3600 2938 '

319 3023 468 3092 ignis
498 3035 836 3078 consumens
873 3021 938 3073 “.
973 3038 992 3070 ι
3345 3069 3350 3072 .

393 3107 460 3164 In
495 3111 598 3173 his,
631 3111 722 3182 qui
755 3109 884 3164 mihi
919 3109 1363 3179 appropinquant,
1415 3109 1812 3179 sanctiﬁcabor,
1839 3115 1952 3164 etc.
1984 3102 2088 3178 [5.]
2123 3101 2274 3158 Idem
2326 3099 2650 3170 praedictum
2687 3107 2774 3155 est
2809 3101 2866 3154 in
2904 3099 3116 3154 Exodo.
3149 3099 3220 3151 At
3247 3100 3352 3153 hoc
3385 3099 3578 3168 ipsum-

319 3199 608 3266 paululum
645 3199 889 3254 diversis
923 3207 979 3253 et
1010 3198 1238 3253 mutatis
1287 3199 1472 3256 verbis
1517 3199 1751 3269 protulit
1783 3197 2000 3260 Petrus,
2059 3191 2294 3247 dicens:
2331 3207 2349 3239 ι
2384 3187 2632 3257 Tempus
2684 3193 2769 3242 est
2811 3193 2869 3240 ut
2905 3185 3179 3270 judicium
3217 3185 3400 3256 primo
3429 3185 3574 3240 inci-

321 3289 434 3356 piat
464 3301 493 3340 a
528 3283 692 3340 domo
721 3285 814 3342 Dei
848 3287 910 3338 ".
957 3305 976 3338 ι

397 3397 516 3464 Τὴν
551 3395 828 3465 κεφαλὴν
881 3397 1050 3466 ὑμῶν
1093 3398 1204 3452 οὐκ
1235 3393 1740 3463 ἁποκιδαρώσετε.
1781 3394 1892 3466 Τὴν
1927 3379 1968 3433 Β

2068 3387 2239 3457 Caput
2266 3395 2494 3440 vestrum
2535 3401 2638 3439 non
2666 3383 2968 3448 uudabitis,
2997 3393 3108 3438 etc.
3143 3381 3246 3454 [6.]
3287 3381 3406 3436 Non
3451 3397 3576 3450 per-

319 3487 416 3540 ἐπὶ
447 3490 558 3550 τοῖς
586 3487 862 3556 φιλτάτοις
886 3487 1062 3557 λύπην
1090 3488 1190 3542 ούκ
1230 3488 1294 3557 ἐᾷ
1337 3484 1607 3555 πρόφασιν
1643 3483 1893 3554 γενέσθαι

2000 3481 2188 3546 mittit,
2229 3489 2288 3534 ut
2339 3477 2566 3534 habitus
2625 3476 2944 3547 pontiilcius
2991 3483 3238 3530 mutetur
3292 3475 3348 3530 in
3399 3473 3575 3536 luctu,

321 3581 420 3647 τῆς
439 3577 532 3630 τοῦ
566 3579 714 3649 ἱεροῦ
750 3581 1026 3650 σχήματος
1061 3577 1362 3652 μεταϐολῆς
1379 3595 1393 3609 ο
1412 3574 1680 3631 διδάσκων
1705 3578 1774 3632 τά
1799 3576 1894 3631 τοῦ

2000 3573 2219 3630 etiamsi
2271 3571 2476 3626 mortui
2531 3569 2738 3624 fuerint
2785 3569 3046 3624 homines
3094 3568 3192 3623 tibi
3233 3565 3575 3638 conjunctis-

323 3670 460 3722 θεοῦ
499 3671 574 3741 (9)
613 3670 722 3726 τῶν
763 3671 1007 3739 φυσικῶν
1070 3670 1392 3742 ἰσχυρότερα
1454 3673 1568 3743 (i0)
1629 3669 1896 3724 τίθεσθαι.

2003 3665 2152 3723 simi.
2185 3663 2322 3718 Nam
2377 3677 2534 3718 amor
2587 3661 2684 3715 Dei
2719 3659 2934 3714 ﬁrmius
2989 3677 3088 3716 nos
3133 3659 3344 3728 obligat
3397 3665 3450 3712 et
3489 3673 3577 3710 ar-

323 3763 532 3832 Πληροί
579 3767 692 3827 τοῖς
721 3761 1052 3818 ἀποθανοῦσι
1082 3762 1182 3834 τὴν
1209 3760 1372 3833 τιμὴν
1404 3761 1474 3816 δι’
1504 3763 1590 3815 ἑτέ
1602 3777 1728 3832 ρων.
1753 3758 1898 3812 Καθ-

2003 3756 2146 3811 ctius
2189 3759 2368 3818 tenet,
2422 3767 2586 3828 quam
2638 3765 2813 3816 amor,
2845 3749 2941 3820 qui
2993 3749 3270 3819 personis,
3313 3747 3406 3816 qui
3442 3761 3575 3800 con-

323 3855 460 3924 ἧκον
488 3855 596 3926 γὰρ
621 3854 840 3909 ἔλαττον
865 3853 1044 3908 τοῦτο.
1075 3853 1150 3908 Οὐ
1191 3853 1272 3906 δεῖ
1307 3853 1416 3926 ἀρα
1449 3852 1668 3908 πενθεῖν
1693 3849 1893 3922 ἱερέας,

1996 3847 2207 3918 junctis
2257 3845 2507 3916 personis
2563 3851 2649 3900 est
2703 3843 3131 3912 impartiendus.
3177 3839 3270 3895 Sic
3323 3838 3579 3918 Salvatcr

325 3943 419 3994 καὶ
454 3943 688 4012 μάλιστα
719 3945 846 4008 τοὺς
870 3944 994 4016 ἄρτι
1029 3941 1372 4013 χρισθέντας.

2002 3936 2340 4006 discipulum
2402 3952 2434 3991 a
2483 3935 2645 3990 Patre
2700 3933 3000 3997 abstrahit,
3052 3939 3111 3986 ut
3161 3931 3336 3986 libere
3397 3929 3577 3984 Evan-

328 4035 528 4102 gelium
587 4037 897 4092 annuntiet.
949 4037 1257 4106 Exsequias
1305 4043 1511 4100 autem,
1573 4051 1696 4107 quae
1751 4031 2020 4089 ducenda:
2095 4039 2246 4093 sunt,
2279 4045 2375 4100 per
2415 4029 2555 4084 alios
2597 4027 2715 4082 ﬁeri
2773 4027 2937 4080 volet.
2987 4023 3120 4080 Nam
3164 4023 3267 4078 hoc
3341 4021 3578 4076 otIicium

329 4147 521 4198 parum
579 4135 838 4203 congruit
886 4133 1180 4190 sacerdoti.
1215 4131 1334 4188 Non
1385 4133 1555 4203 igitur
1623 4139 1842 4203 Oportet
1905 4127 2081 4184 luctui
2123 4125 2373 4182 deditum
2405 4139 2530 4180 esse
2579 4121 2946 4186 sacerdotem,
2996 4125 3051 4172 et
3081 4115 3353 4188 imprimis
3391 4115 3514 4170 illos
3550 4129 3578 4166 a

331 4225 480 4275 luctu
513 4223 722 4278 alienos
753 4240 874 4280 esse
903 4225 1181 4290 convenit,
1211 4226 1306 4294 qui
1347 4225 1512 4280 modo
1545 4224 1796 4280 unctioni
1832 4223 2038 4278 fuerint
2064 4219 2300 4280 admoti.

403 4309 581 4366 Οἶνον
607 4313 705 4368 καὶ
736 4316 948 4382 σίκερα
975 4317 1047 4370 οὺ
1104 4315 1335 4370 πίεσθε.
1395 4318 1470 4370 Οὐ
1528 4316 1686 4387 μόνον
1743 4315 1906 4379 εὐθὺς

2031 4328 2052 4342 ’-
2085 4312 2280 4368 Vinum
2303 4320 2352 4366 et
2382 4310 2610 4364 siceram
2635 4323 2740 4360 non
2776 4304 2987 4368 bibatis,
3029 4313 3139 4358 etc.
3177 4298 3279 4374 [8.]
3317 4298 3430 4354 Non
3465 4299 3579 4354 obi-

334 4405 488 4460 τοῦτο
509 4389 762 4476 ληπτέον,
779 4407 914 4462 ἀλλά
938 4410 1071 4480 μηδὲ
1093 4409 1406 4481 κραιπαλᾷν
1427 4409 1536 4463 ἀπὸ
1557 4411 1724 4482 μέθης
1741 4411 1904 4463 ἐσπε-

2005 4413 2092 4460 ter
2135 4403 2227 4457 hic
2275 4403 2432 4456 locus
2481 4397 2840 4468 accipiendos
2891 4405 3012 4450 est:
3061 4391 3172 4446 imo
3229 4390 3435 4456 aliquid
3469 4405 3581 4441 ant—

333 4499 488 4568 ρινῆς
520 4499 687 4552 ἕωθεν
717 4479 1157 4571 λειτουργοῦντα.
1190 4501 1314 4566 Πῶς
1350 4479 1467 4572 -γάρ
1502 4479 1653 4566 ἀξιον
1683 4479 1903 4555 -ὲπιθυ-

2004 4495 2175 4564 plius,
2215 4505 2384 4562 quam
2438 4489 2618 4559 primo
2660 4493 2887 4557 aspectu
2917 4499 3028 4554 pra:
3076 4497 3136 4537 se
3181 4479 3343 4542 ferat,
3391 4489 3581 4532 nostro

335 4589 464 4658 μίας
485 4590 750 4660 ἡττᾶσθαι
798 4591 890 4644 τὸν
943 4591 1082 4662 ὑπὲρ
1113 4592 1222 4646 τῶν
1265 4592 1589 4663 ἡττημένων
1615 4591 1901 4662 δεόμενονς

2005 4583 2314 4640 intellectui
2368 4582 2592 4652 ingerit,
2651 4595 2846 4650 nempe
2897 4585 2955 4631 ut
2991 4573 3258 4632 sacerdos
3303 4587 3414 4626 non
3451 4587 3579 4623 nuu-

335 4681 422 4734 ειά
460 4681 742 4751 συμϐόλων
777 4683 884 4753 γὰρ
913 4684 1094 4736 πᾶσαν
1124 4683 1398 4754 πρόφασιν
1434 4683 1771 4755 ἀπαγορεύει
1801 4683 1906 4753 τὴν

2007 4684 2148 4740 δῦθι,
2205 4688 2470 4730 nauseam
2521 4679 2776 4728 movente
2822 4668 3162 4739 vespertina,
3193 4679 3316 4735 quae
3349 4677 3579 4730 praeces-

335 4771 626 4835 ἒξιστᾶσαν
683 4773 774 4826 τὸν
824 4773 1104 4844 λογισμὸν,
1160 4775 1254 4827 καὶ
1278 4775 1486 4846 γηῖνοις
1531 4771 1908 4844 μεθύσκουσαν

2009 4771 2104 4834 sit,
2141 4769 2410 4825 ebrietate
2442 4785 2455 4822 :
2491 4773 2546 4822 et
2591 4767 2672 4822 sic
2699 4763 2766 4818 ad
2806 4777 2964 4820 sacra
2995 4757 3222 4814 accedat
3257 4756 3579 4810 ministeria.

337 4865 642 4935 πράγμασι.
663 4866 754 4918 Διὸ
775 4867 868 4919 καὶ
883 4868 910 4920 ὁ
933 4865 1122 4937 Σωτὴρ
1143 4866 1248 4936 ἔφη
1271 4883 1284 4897 ·
1325 4885 1342 4916 ι
1366 4865 1667 4938 Προσέχετε
1699 4868 1908 4936 μήποτε

2011 4862 2144 4930 Quae
2167 4861 2313 4915 enim
2346 4859 2488 4912 ratio
2513 4855 2772 4912 concedit
2797 4863 2860 4908 ut
2901 4855 2974 4915 is,
3008 4851 3103 4922 qui
3139 4865 3238 4921 pro
3271 4847 3404 4914 illis,
3447 4859 3589 4916 quos

341 4955 681 5024 βαρυνοῶσιν
718 4955 872 5027 ὑμῶν
899 4957 952 5010 αἱ
979 4955 1200 5026 καρδίαι
1231 4955 1471 5028 φροντίδι
1493 4955 1588 5008 καὶ
1612 4955 1907 5025 μερίμναις
1937 4938 1940 4960 ¹

2011 4953 2154 5008 male
2193 4951 2470 5021 cupiditas
2516 4949 2710 5016 vincit,
2742 4947 2990 5016 supplice
3033 4959 3166 4998 voce
3199 4948 3354 5012 rogat
3387 4938 3583 4998 Deum.

343 5047 624 5115 βιωτικαῖς
644 5065 656 5078 ·
687 5068 704 5100 ι
735 5049 856 5102 ἐπεὶ
886 5049 982 5103 καὶ
1025 5049 1216 5119 σίκερα
1264 5049 1372 5102 πᾶν
1411 5045 1776 5120 ἑρμηνεύεται
1811 5045 1908 5117 μέ-

2019 5053 2078 5099 ut
2149 5045 2220 5108 is,
2271 5043 2524 5112 inquam,
2581 5039 2872 5110 cupiditati
2955 5053 3182 5108 quoque
3237 5049 3298 5090 se
3351 5031 3589 5101 turpiter

342 5139 542 5203 θυσμα,
583 5140 686 5194 κᾶν
717 5139 775 5203 ἐξ
802 5141 1046 5210 ἀμπέλου
1076 5135 1234 5214 μὴ
1715 5127 1718 5130 ⁴

2022 5133 2358 5190 submittat?
2415 5133 2517 5188 Per
2549 5133 2666 5186 tunc
2717 5128 2964 5201 symbola
3041 5126 3294 5197 prohibet
3341 5133 3397 5178 et
3436 5129 3589 5175 arcet

341 5248 556 5297 omnem
617 5234 986 5298 occasionem,
1025 5249 1144 5302 qua:
1205 5247 1386 5288 veram
1445 5233 1711 5288 rationem
1753 5245 1860 5287 suo
1897 5229 2070 5300 gradu
2106 5227 2346 5297 dejicere
2385 5227 2760 5282 etdeturbarc
2803 5229 2991 5294 queat,
3046 5229 3100 5276 et
3145 5233 3248 5276 nos
3319 5215 3594 5272 inebriare

343 5333 686 5380 tetrenarum
747 5341 928 5381 rerum
978 5327 1288 5384 dulcedine.
1348 5328 1697 5398 Quapropter
1751 5325 2003 5380 Salvator
2074 5323 2191 5377 hmc
2243 5323 2414 5377 verba
2461 5321 2778 5394 expromit:
2842 5338 2859 5369 ι
2910 5317 3213 5382 Attendite,
3283 5327 3354 5369 ne
3417 5311 3600 5368 corda.

415 5479 622 5536 'Num.
659 5499 772 5546 xtv,
805 5484 896 5538 2|.
971 5484 992 5516 '
1023 5481 1168 5538 Psal.
1221 5498 1362 5546 χειν,
1411 5473 1468 5536 1.’
1542 5483 1583 5514 ¹⁰
1615 5481 1772 5536 .‘oan.
1813 5495 1910 5546 vn,
1942 5479 2034 5533 59.
2119 5479 2156 5508 “
2201 5475 2367 5531 Ilcbt'.
2409 5491 2506 5540 xu,
2549 5475 2638 5530 29.
2746 5477 2788 5507 ”
2831 5472 3024 5530 lPetr.
3071 5489 3146 5538 tv,
3185 5467 3280 5526 l7.

1855 5638 2088 5694 NOTAS.

421 5753 852 5826 (ωῗῐᾲγάρτνιῡ
873 5756 1026 5808 θεοῦ.
1077 5755 1133 5808 Ὀ
1169 5755 1420 5822 τῆξλὺγ.
1463 5755 1588 5808 eos.
1678 5823 1711 5826 μ
1898 5825 1905 5826 ί
2163 5820 2172 5826 _
2319 5822 2328 5826 _
2443 5817 2460 5826 _
2557 5818 2564 5826 _
2660 5816 2710 5826 Α,

426 5817 538 5896 (ιο)
574 5817 664 5888 Ὣξ
686 5817 720 5877 ὁ
745 5827 930 5894 Σωτὴρ
955 5827 1182 5894 ἀφιστὰς
1221 5817 1452 5896 ila-.95.;
1475 5827 1556 5878 ἵνα
1587 5827 1644 5876 τὸ
1677 5823 2008 5894 ῐίὺηγὲλιον
2037 5820 2286 5890 raging
2309 5822 2334 5870 ὁ
2362 5817 2625 5888 μαθητής·
2647 5817 2776 5868 Αὕτ-
