4058 6202
463 310 567 375 ’123
1774 322 2033 386 ΡΗΟΟΟ]

2167 326 2411 387 ϐΑΖίΕΙ
3615 315 3723 383 725

464 438 651 482 vestra
718 443 856 484 cura
926 439 980 486 et
1027 429 1505 494 sollicitudinibus
1552 437 1741 493 sazculi
1802 453 2179 510 aggraventur
2227 442 2296 498 ".
2342 463 2360 495 ι
2416 441 2610 498 Sicera
2660 455 2926 514 namque,
2976 442 3022 499 si
3074 456 3277 499 nomen
3357 426 3716 510 interpr-vta?!

464 521 624 586 velis,
679 514 961 593 smnilicat
1016 539 1238 581 omnem
1283 528 1608 585 ebrietatem
1659 532 1881 588 etiamsi
1927 549 2037 589 non
2079 544 2412 605 procuretur
2438 550 2504 590 ex
2529 534 2715 591 fructu
2748 536 3053 611 vinearum.
3664 521 3683 535 κ

536 656 786 749 Nazaraai
823 660 1176 719 abstinebant
1210 666 1279 719 ab
1322 666 1477 721 omni
1526 681 1615 731 eo,
1652 668 1802 737 quod
1830 669 2158 728 ebrietatem
2192 671 2342 727 ciere
2390 679 2598 743 posset.
2632 671 2872 728 Proinde
2918 669 3056 724 nihil
3089 666 3421 723 dill‘erebant
3452 682 3482 722 a
3529 684 3722 724 sacer-
3770 734 3783 749 δ

466 747 692 803 dotibus
751 763 911 811 sacra
959 765 1190 807 munera
1243 754 1707 823 exsequentibus.
1745 755 2060 827 Optandnm
2095 767 2200 827 est,
2246 766 2304 813 ut
2334 759 2659 816 sacerdotes
2689 774 2787 830 per
2819 766 2997 813 totum
3047 772 3162 812 sua:
3194 757 3321 810 vitae
3372 757 3718 812 curriculum

466 837 581 890 sint
630 837 828 904 sobrii,
873 848 928 894 et
979 849 1129 895 recte
1177 850 1439 911 spargant
1477 856 1856 902 sacrosanctae
1896 848 2162 903 doctrinas
2207 849 2445 903 semina.
2498 847 2608 903 Sed
2638 848 2766 918 quia
2796 847 2848 901 id
2881 845 3177 900 dilliculter
3200 844 3444 899 obtineri
3473 845 3719 914 optando

464 931 670 999 potest,
705 927 899 981 saltem
938 929 1263 985 sobrietatis
1292 931 1406 985 sint
1430 947 1733 1000 memores,
1764 941 1824 988 ut
1856 935 2148 990 lamentari
2195 935 2411 1007 possint
2445 936 2611 989 vitam
2658 943 3038 1005 peccatorum,
3072 948 3138 988 eo
3165 942 3434 1003 tempore,
3471 948 3587 1002 quo
3620 948 3714 986 sa-

465 1014 579 1068 cris
632 1029 693 1071 se
751 1014 1066 1073 immiscent
1106 1019 1548 1087 Operationibus.
1603 1020 1768 1077 Certe
1802 1024 1886 1077 vel
1923 1023 2195 1093 imprimis
2242 1024 2565 1093 requiritur,
2620 1030 2679 1077 ut
2710 1037 2776 1077 eo
2808 1031 3057 1091 tempore
3087 1029 3318 1075 utantur
3354 1020 3451 1073 vili
3502 1028 3557 1074 et
3609 1022 3715 1073 tri-

465 1102 639 1157 stiore
670 1102 852 1169 diaeta,
892 1104 1056 1159 sicuti
1086 1120 1333 1175 praesens
1392 1106 1719 1177 symbolum
1757 1110 1978 1181 egregie
2025 1109 2222 1166 docere
2258 1111 2502 1165 videtur.
2538 1110 2780 1164 Habetur
2810 1110 2864 1163 in
2904 1110 3195 1178 Scriptura
3233 1115 3288 1162 et
3346 1107 3497 1160 aliud
3542 1123 3714 1175 pocu-

462 1188 602 1251 lum,
630 1190 777 1260 quod
814 1190 1053 1245 inebriat
1097 1201 1150 1246 et
1196 1193 1422 1247 interim
1455 1193 1714 1250 laudibus
1748 1197 2087 1253 celebratur.
2141 1198 2276 1253 Nam
2308 1198 2361 1253 in
2400 1197 2637 1254 Ieremia
2670 1198 2877 1268 legitur
2909 1214 2923 1250 :
2964 1216 2983 1248 ι
3024 1195 3295 1251 lnebriavi
3323 1210 3543 1249 onmem
3577 1198 3703 1250 ani-

459 1291 606 1330 mam
642 1277 950 1339 sitientem.
989 1289 1044 1334 et
1098 1295 1320 1334 omnem
1365 1282 1609 1337 animam
1695 1284 2041 1339 esurientem
2107 1287 2351 1341 saturavi
2393 1286 2458 1341 “.
2494 1305 2514 1338 ι
2550 1286 2617 1340 Et
2654 1287 2891 1340 iterum:
2949 1302 2969 1335 ι
3007 1282 3293 1338 lnebriabo
3345 1282 3581 1335 animam
3625 1297 3714 1337 sa-

460 1363 746 1419 cerdotum
775 1365 840 1420 ¹⁵.
883 1384 902 1417 ι
936 1364 1332 1421 Exhilarantur
1369 1368 1514 1422 enim
1556 1368 1823 1423 laudabili
1854 1369 2011 1442 34],
2042 1371 2134 1427 illa
2170 1374 2436 1429 ebrietate
2482 1372 2823 1439 sacerdotes,
2860 1371 3083 1441 quando
3116 1368 3459 1439 expiaret-int
3487 1375 3711 1437 peccata

439 1451 777 1508 .mortalium
840 1468 1015 1523 eaque
1073 1469 1303 1523 prorsus
1362 1455 1688 1510 deleverint.
1740 1456 1880 1511 Huic
1938 1457 2085 1513 haud
2128 1459 2394 1516 dissimile
2445 1468 2551 1527 est,
2615 1460 2845 1530 quodin
2904 1457 3198 1528 Evangelio
3244 1464 3580 1510 memoratur
3634 1457 3702 1517 ¹⁶.

459 1538 528 1594 de
554 1538 682 1595 ﬁliis
729 1542 918 1610 sponsi
958 1540 1340 1613 jejunantibus
1387 1542 1608 1613 quando
1644 1545 2130 1620 sponsusgablatus
2189 1545 2374 1602 fuerit.
2413 1547 2683 1603 Caeterum
2745 1560 2869 1601 cum
2938 1560 3101 1600 nemo
3160 1542 3477 1597 mortalium
3531 1542 3605 1596 sit
3638 1541 3710 1595 ah

459 1627 607 1681 omni
638 1637 796 1695 parte
843 1645 1038 1698 purus,
1072 1638 1368 1700 careatque
1403 1630 1664 1687 sordibus
1696 1642 1752 1686 et
1782 1632 2047 1688 ebrietate
2076 1636 2298 1698 mentis,
2340 1644 2398 1688 ut
2432 1634 2539 1688 rite
2580 1648 2741 1688 orare
2773 1633 2951 1703 possit
2992 1633 3159 1686 Deum
3188 1644 3283 1698 pro
3312 1628 3569 1698 impuris,
3601 1642 3709 1682 non

459 1712 529 1767 ab
563 1730 622 1770 re
640 1730 782 1785 opus
813 1716 913 1770 fuit
942 1716 1071 1774 Jesu
1100 1726 1304 1773 aeterno
1339 1717 1600 1788 pontitice
1631 1718 1936 1774 secundum
1975 1719 2227 1777 ordinem
2259 1721 2655 1779 Melchisedech
2684 1739 2697 1776 :
2733 1730 2789 1776 et
2818 1733 2949 1776 vero
2980 1718 3075 1773 illo
3103 1732 3265 1789 agno,
3297 1718 3390 1787 qui
3415 1716 3558 1771 tellit
3580 1729 3709 1798 pec-

458 1809 646 1857 catum
688 1803 879 1859 mundi
912 1805 976 1860 ”.

528 1935 782 1994 Obelisco
807 1939 1018 2010 signata
1044 1944 1307 1999 sunthaec
1339 1944 1501 2001 verba
1532 1962 1544 1997 :
1581 1963 1599 1996 ι
1636 1945 1739 2001 Aut
1768 1945 2033 2002 acceden-

2222 1946 2521 2002 Ὤὸέλισται
2570 1946 2626 2001 δὲ
2666 1943 2745 2008 τὸ,
2799 1963 2819 1998 ι
2862 1944 2932 1998 Ἢ
2978 1937 3505 2013 προσπορευομένων
3555 1937 3711 2008 ὑμῶν

455 2027 607 2083 tibus
633 2028 700 2083 ad
731 2030 925 2095 altare,
953 2051 971 2084 ι
998 2042 1128 2099 etc.,
1158 2036 1316 2104 quasi
1350 2034 1640 2091 referenda
1666 2037 1778 2093 sint
1799 2037 1863 2092 ad
1889 2052 2035 2102 eum,

457 2120 558 2189 qui
587 2119 759 2176 ﬂectit
793 2124 1015 2194 vestigia
1051 2125 1116 2178 ad
1144 2126 1561 2181 tabernaculum
1588 2127 1920 2195 testimonii;
1952 2126 2037 2183 vel

457 2212 605 2278 quod
635 2211 889 2269 fortassis
917 2213 984 2268 ad
1017 2215 1188 2271 altare
1210 2217 1361 2271 adire
1383 2217 1547 2272 liceat
1566 2228 1620 2273 et
1649 2219 1758 2274 illis
1780 2221 1873 2290 qui
1926 2236 2035 2277 non

455 2300 662 2356 fuerint
713 2303 1054 2361 sacerdotes.
1117 2305 1212 2361 His
1247 2306 1489 2363 conferri
1518 2321 1755 2378 possunt
1811 2310 1912 2374 illi,
1964 2311 2036 2367 de

455 2389 659 2459 quibus
694 2391 748 2446 in
776 2391 1074 2463 Evangelio
1090 2395 1297 2450 dicitur
1317 2396 1386 2463 ⁸⁸,
1410 2405 1470 2450 ιιι
1497 2398 1821 2469 relinquant
1846 2415 2033 2455 coram

457 2481 618 2537 altari
652 2498 856 2540 munus
883 2485 1063 2541 donec
1096 2486 1325 2542 redeant
1367 2487 1423 2543 in
1467 2490 1703 2560 gratiam
1744 2506 1870 2546 cum
1923 2491 2038 2547 fra-

456 2573 659 2640 tribus,
692 2582 749 2629 et
777 2584 910 2631 tunc
956 2575 1176 2631 demum
1209 2577 1348 2647 pede
1386 2577 1568 2635 fausto
1597 2589 1726 2636 eant
1756 2582 1824 2635 ad
1858 2561 2032 2638 aram.

457 2664 557 2721 Vel
581 2667 921 2732 sacerdotes,
945 2684 1089 2738 quos
1128 2670 1266 2725 ordo
1294 2686 1405 2726 non
1438 2680 1600 2727 vocat
1630 2680 1689 2727 ut
1720 2673 2038 2731 ministrent

458 2756 585 2812 aliis
611 2756 825 2814 scilicet
849 2761 1301 2828 succedentibus,
1323 2761 1593 2818 accedunt
1614 2764 1681 2819 ad
1707 2765 1881 2820 altare
1909 2766 2035 2820 licet

456 2865 571 2905 non
614 2850 999 2922 ingrediantur
1042 2853 1098 2907 in
1144 2854 1559 2911 tabernaculum
1606 2856 1911 2911 testimonii
1967 2873 2033 2913 eo

455 2946 728 3010 tempore,
751 2958 862 3013 quo
901 2944 1174 3000 immunes
1208 2953 1337 3001 sunt
1366 2962 1396 3000 a
1433 2946 1765 3002 ministerio.

538 3051 606 3107 Ut
627 3052 963 3125 distinguant
988 3055 1126 3110 inter
1139 3065 1323 3110 sancta
1342 3064 1392 3111 et
1408 3055 1662 3126 profana.
1676 3066 1785 3111 etc.
1800 3054 1894 3128 [X,
1917 3056 2032 3129 10.]

458 3144 647 3201 Solius
688 3145 897 3202 Christi
935 3156 1021 3202 est
1060 3156 1113 3202 et
1148 3147 1402 3214 illorum,
1435 3162 1576 3219 quos
1615 3146 1816 3202 ﬁliolos
1853 3157 2029 3215 vocat,

456 3251 749 3308 segregare
779 3246 971 3292 sancta
998 3253 1026 3291 a
1052 3238 1322 3309 profanis.
1346 3236 1448 3293 Hic
1472 3252 1695 3309 quoque
1717 3236 1772 3291 in
1792 3245 2030 3293 mentem

2145 2038 2280 2107 πρὸς
2306 2039 2367 2091 τὸ
2397 2039 2804 2108 θυσιαστήριον,
2849 2055 2867 2088 ι
2906 2036 2982 2098 ὡς
3014 2032 3399 2103 συννοούμενον
3428 2028 3506 2100 τῷ
3541 2016 3710 2099 προσ-

2138 2131 2496 2201 πορευομένῳ
2517 2130 2651 2201 πρὸς
2680 2130 2778 2199 τὴν
2806 2128 3011 2197 σκηνὴν
3037 2125 3130 2179 τοῦ
3169 2122 3470 2195 μαρτυρίου
3494 2137 3506 2149 ·
3539 2121 3708 2191 ἤγουν

2137 2219 2212 2282 ὡς
2266 2218 2361 2271 τοῦ
2420 2217 2807 2288 θυσιαστηρίου
2845 2215 3008 2287 βοιτοῦ
3037 2214 3188 2276 ὄντος
3233 2213 3329 2266 καὶ
3362 2211 3435 2281 μὴ
3481 2209 3705 2281 ἱερεῦσι.
3808 2228 3815 2237 ·

2119 2304 2384 2365 ’Τοιοῦτοι
2460 2312 2571 2383 γὰρ
2620 2311 2711 2364 καὶ
2775 2309 2825 2362 oi
2899 2308 3153 2378 ἀφιέντες
3231 2301 3540 2374 ἔμπροσθεν
3611 2299 3706 2353 τοῦ

2137 2401 2527 2472 θυσιαστηρίου
2555 2401 2618 2454 τὸ
2642 2400 2816 2471 δῶρον
2851 2398 3011 2470 μέχρι
3054 2393 3381 2463 διαλλαγῶσι
3409 2395 3520 2455 τοῖς
3556 2390 3712 2445 ἀδελ-

2135 2497 2274 2564 φοῖς,
2311 2494 2401 2547 ἵνα
2425 2495 2548 2547 τότε
2570 2492 2909 2564 προσέλθωσι
2945 2489 3023 2559 τῷ
3065 2486 3456 2555 θυσιαστηρίῳ.
3480 2484 3711 2552 Μήποτε

2132 2588 2190 2640 δὲ
2217 2587 2312 2640 καὶ
2338 2587 2388 2640 oi
2418 2585 2579 2646 ἐκτὸς
2599 2586 2699 2655 τῆς
2732 2582 3038 2654 ἐφημερίας
3061 2582 3225 2651 ἱερεῖς
3242 2573 3709 2649 προσπορεύονται

2131 2678 2211 2748 τῷ
2273 2678 2670 2748 θυσιαστηρίῳ,
2731 2676 2825 2730 καὶ
2864 2676 2912 2728 εί
3048 2674 3115 2744 τῇ
3151 2672 3324 2741 σκηνῇ
3364 2666 3459 2722 τοῦ
3503 2682 3711 2739 μαρτυ-

2137 2773 2253 2843 ρίου
2281 2788 2295 2837 ;

2206 3060 2384 3114 Μάνου
2400 3057 2559 3111 τοῦτο
2587 3054 2823 3127 Χριστοῦ
2852 3051 3145 3118 κάκείνων,
3193 3047 3286 3113 οὓς
3314 3048 3502 3102 τεκνία
3533 3044 3707 3099 καλεῖ·

2132 3151 2191 3215 ὃς
2229 3151 2323 3203 καὶ
2350 3147 2679 3220 συμὸιῦάζει
2703 3146 2794 3200 τὸν
2847 3144 2989 3199 κατὰ
3022 3142 3203 3213 σάρκα
3232 3138 3448 3211 Ἰσραὴλ
3475 3137 3511 3192 ἃ
3546 3136 3711 3189 λελά-

2132 3240 2264 3311 ληκε
2295 3238 2497 3310 Κύριος
2520 3236 2607 3290 διὰ
2628 3236 2727 3306 τῆς
2756 3233 3034 3297 Μωῦσέως
3058 3232 3242 3304 χειρὸς
3278 3232 3379 3300 τῆς
3423 3226 3711 3299 χωρούσης

455 3338 617 3384 secat
637 3329 942 3386 secundum
969 3346 1190 3386 carnem
1230 3329 1437 3386 Judaais
1474 3331 1567 3384 illa
1588 3370 1604 3396 ,
1640 3345 1762 3401 qua:
1791 3346 1888 3400 per
1916 3329 2031 3383 Mo-

2134 3331 2291 3399 λόγον
2349 3327 2509 3382 Θεοῦ.
2555 3327 2646 3380 Διὸ
2703 3326 2799 3379 καὶ
2847 3324 3042 3387 πιστὸς
3092 3319 3160 3395 ἦν
3212 3324 3273 3375 ὲν
3301 3322 3408 3392 ὅλῳ
3445 3319 3524 3389 τῷ
3550 3319 3707 3389 οἴκῳ,

456 3432 580 3482 sen,
610 3418 705 3488 qui
741 3418 996 3489 capiebat
1018 3433 1326 3475 sermonem
1360 3419 1480 3484 Dei,
1525 3427 1783 3491 potenter
1812 3421 2034 3475 locutus

454 3518 561 3565 est.
594 3509 944 3581 Quapropter
975 3510 1177 3566 dicitur
1207 3511 1349 3568 fidus
1381 3512 1575 3567 intota
1606 3512 1770 3567 domo
1797 3528 1897 3568 ceu
1931 3513 2033 3566 mi-

457 3603 631 3657 nister
668 3603 724 3657 in
753 3604 1131 3658 testimonium
1161 3619 1375 3670 eorum,
1404 3619 1525 3675 quae
1549 3602 1781 3681 dicenda
1811 3613 1993 3658 erant.

525 3716 796 3773 Praeterea
823 3733 1053 3775 necesse
1072 3727 1178 3783 est,
1210 3728 1271 3774 ut
1301 3717 1640 3783 sacerdotes,
1668 3717 1885 3774 etiamsi
1906 3734 2032 3787 pro-

455 3808 570 3863 fani
604 3808 833 3873 fuerint,
865 3811 1040 3866 vitent
1070 3812 1413 3867 consortium
1452 3810 1811 3881 profanorum
1843 3818 1897 3864 et
1928 3808 2025 3863 im-

454 3914 723 3969 purorum
752 3899 1062 3957 hominum.
1098 3900 1233 3955 Nam
1278 3921 1297 3954 ι
1342 3902 1517 3958 Omne
1556 3900 1793 3965 animal,
1828 3899 2029 3968 inquit.

455 4001 604 4047 amat
655 3993 739 4048 sui
788 3993 969 4049 simile
1002 3995 1090 4047 "z
1136 4014 1154 4046 ι
1200 4003 1255 4049 et
1309 3994 1394 4049 vir
1441 3993 1742 4050 adhaerebit
1773 3992 1845 4056 ei,
1871 3991 2032 4062 cujus

455 4100 577 4141 mos
607 4085 846 4142 maxime
870 4086 1177 4143 consimilis
1206 4087 1372 4142 fuerit
1406 4088 1584 4157 ipsius
1615 4086 1777 4140 mori.

526 4201 596 4256 At
629 4201 762 4272 quid
784 4201 1089 4257 monebunt
1107 4201 1131 4254 ?
1146 4201 1276 4271 quid
1298 4211 1594 4272 suggerent
1615 4202 1639 4256 Ἰ
1658 4199 1856 4273 Legem
1884 4216 2031 4257 nem-

454 4310 525 4367 pe
550 4310 674 4352 esse
704 4294 1069 4362 spiritualem,
1108 4302 1163 4348 et
1191 4308 1314 4348 esse
1344 4292 1728 4364 paedagogum,
1784 4292 1880 4362 qui
1930 4309 2031 4349 nos

450 4385 637 4458 jungit
667 4384 892 4441 Christo
924 4401 936 4436 :
976 4383 1175 4438 littera:
1204 4399 1314 4437 non
1348 4398 1470 4439 esse
1501 4384 1889 4453 superstitiose
1942 4383 2030 4438 in-

454 4471 827 4527 cumbendum
857 4487 869 4523 :
908 4470 1220 4525 uberrimos
1259 4470 1489 4541 spiritus
1517 4472 1731 4526 fructus
1762 4470 1889 4527 inde
1912 4472 2028 4527 col-

454 4563 725 4635 ligendos.

525 4654 598 4711 Et
631 4671 853 4725 caprum
873 4672 971 4726 pro
995 4664 1209 4726 peccato
1234 4654 1516 4725 qurerendo
1549 4655 1790 4725 quaesivit
1813 4653 1986 4710 Muses
2010 4672 2029 4710 :
2057 4684 2100 4744 ο

454 4757 511 4802 at
537 4749 654 4819 igne
680 4757 955 4817 correptus
990 4747 1353 4818 ﬂagraverat,
1387 4756 1495 4801 etc.
1528 4744 1669 4818 [16.]
1719 4744 1839 4800 Non
1881 4747 2029 4801 enim

346 4908 354 4913 η
453 4842 688 4897 decebat
741 4849 800 4896 ut
827 4840 970 4911 patri
1027 4847 1084 4896 et
1136 4839 1400 4895 fratribus
1429 4838 1677 4903 illorum,
1710 4854 1851 4909 quos
1891 4838 2033 4909 ignis

457 4944 787 5002 peremerat,
817 4933 1134 4990 traderetur
1163 4946 1329 5003 caper
1356 4949 1369 4985 :
1406 4946 1585 5002 neque
1614 4932 1778 4986 etiam
1809 4929 1893 4985 fas
1912 4939 2032 4986 erat

453 5037 514 5080 ut
541 5027 659 5092 alii,
690 5041 855 5096 quam
877 5026 1009 5097 igni,
1033 5026 1126 5095 qui
1154 5026 1518 5081 devoraverat
1543 5022 1734 5078 Nadab
1754 5032 1808 5078 et
1826 5023 2028 5085 Abiud,

454 5120 776 5173 donaretur.
832 5116 993 5173 Prius
1048 5134 1213 5184 vero,
1247 5133 1413 5189 quam
1451 5116 1778 5173 rescisceret
1826 5116 1930 5171 hoc
1962 5131 2031 5172 ex

456 5208 727 5263 relatione
758 5210 1013 5274 Aaronis,
1049 5207 1231 5269 Moses
1263 5216 1453 5268 monet
1487 5207 1712 5263 fratrem
1748 5217 1802 5262 et
1836 5221 2030 5276 super-

456 5301 615 5356 stites
646 5298 807 5367 ﬁlios,
840 5309 899 5355 ut
929 5300 1154 5356 ederent
1183 5301 1559 5370 pectusculum
1589 5300 1958 5371 separationis
1979 5306 2032 5353 et

456 5405 673 5448 armum
703 5393 1027 5449 elevatioais
1054 5392 1108 5447 in
1141 5394 1261 5449 loco
1293 5402 1487 5448 sancto
1519 5409 1533 5446 :

532 5660 577 5693 ¹³
607 5659 741 5717 Luc.
782 5678 893 5725 χχι,
931 5662 1021 5714 54.

532 5660 577 5693 ¹³
607 5659 741 5717 Luc.
782 5678 893 5725 χχι,
931 5662 1021 5714 54.
1106 5661 1147 5693 ⁸³⁸
1183 5659 1361 5715 Jerem
1447 5680 1597 5731 χχχι,
1655 5662 1745 5719 ‘25.

448 5729 546 5780 23.
580 5729 670 5780 24.
752 5732 795 5762 ²¹²
838 5732 1006 5780 Eccli.
1048 5746 1170 5780 ull.
1220 5731 1308 5780 19.

485 5750 546 5784 υ.
580 5750 670 5785 2/1.

752 5732 795 5762 ²¹²
836 5732 1006 5785 Eccii.
1044 5746 1170 5791 χιιι.
1220 5731 1308 5786 l9.

1829 5663 1868 5695 ⁸⁸
1901 5661 2037 5718 ibid.
2076 5660 2159 5717 14.

2136 3423 2210 3488 ὡς
2231 3421 2507 3493 θεράπων,
2535 3422 2615 3482 εἰς
2647 3417 2947 3490 μαρτύριον
2978 3415 3085 3470 τῶν
3112 3411 3580 3486 λαληθησομένων.

2203 3726 2294 3776 Δεῖ
2318 3723 2444 3786 τοὺς
2472 3722 2651 3793 ἱερέας
2680 3719 2976 3791 ἀϐεϐήλους
3022 3718 3181 3782 ὄντας
3213 3715 3418 3787 ἀνδρῶν
3463 3713 3709 3785 βεϐήλων

2132 3814 2459 3882 ἀποφοιτᾷν.
2523 3829 2543 3862 ι
2605 3811 2721 3865 Πᾶν
2767 3810 2875 3880 γὰρ
2929 3807 3101 3874 ζῶον,
3155 3806 3357 3876 φησὶν,
3411 3805 3601 3875 ἀγαπᾷ
3645 3803 3709 3856 τὸ

2133 3907 2320 3978 ὅμοιον
2370 3905 2554 3976 αὐτῷ·
2591 3924 2609 3957 ι
2639 3906 2733 3958 καὶ
2766 3903 2842 3974 τῷ
2873 3902 3043 3974 ὁμοίῳ
3083 3900 3249 3955 αὑτοῦ
3301 3897 3710 3971 προσκολληθήι-

2136 4016 2285 4051 σεται
2316 3997 2416 4069 ἀνὴ
2425 4015 2477 4068 ρ.

2202 4203 2245 4255 Τ
2254 4202 2269 4255 ί
2301 4201 2357 4254 δὲ
2387 4199 2841 4271 συμϐιϐάσουσιν,
2871 4199 2905 4270 ἢ
2937 4199 3011 4260 ὡς
3048 4194 3415 4266 πνευματικὸς
3450 4194 3478 4246 ὁ
3519 4190 3705 4261 νόμος,

2134 4295 2227 4349 και⁵
2273 4293 2620 4363 παιδαγωγὸς
2681 4294 2762 4356 εἰς
2792 4291 3065 4363 Χριστόν;
3093 4289 3168 4353 ὡς
3202 4289 3263 4341 τό
3283 4305 3344 4356 γε
3368 4287 3603 4357 γράμμα
3625 4284 3708 4337 δι-

2134 4386 2434 4451 δασκαλίας
2466 4388 2527 4440 οὐ
2549 4387 2747 4441 δέεται.

2212 4661 2308 4723 ις’.
2332 4653 2439 4709 Καὶ
2463 4653 2569 4707 τὸν
2587 4651 2842 4721 χίμαρον
2868 4649 2976 4702 τὸν
3000 4646 3130 4714 περὶ
3164 4643 3273 4712 τῆς
3299 4638 3590 4712 ἁμαρτίας
3611 4635 3704 4704 ζη-

2135 4747 2254 4802 τῶν
2272 4745 2593 4814 ἐξεζήτησε
2608 4740 2872 4809 Μωυσῆς
2892 4757 2907 4772 ·
2927 4744 2959 4795 ό
2974 4739 3042 4793 δὲ
3062 4736 3517 4803 ἐνεπεπύριστο.
3550 4730 3706 4784 Ἐπεὶ

2135 4842 2236 4894 οὐκ
2253 4839 2418 4912 ἐχρῆν
2439 4838 2530 4892 τὸν
2551 4838 2764 4908 πατέρα
2779 4834 2885 4889 τῶν
2903 4832 3280 4888 ἀποθανόντων
3297 4828 3400 4881 ὑπὸ
3422 4824 3516 4878 τοῦ
3536 4822 3709 4893 πυρὸς

2135 4932 2348 4994 ἑαυτοῖς
2394 4926 2867 5000 καταχαρίσασθαι
2922 4926 3014 4978 τὸν
3071 4918 3387 4993 χίμαρον,ἢ
3431 4917 3576 4984 ἄλλῳ
3602 4914 3709 4966 τινὶ

2135 5026 2297 5080 αὑτὸν
2332 5021 2693 5094 παραδοῦναι,
2720 5019 2831 5072 ἀλλ’
2861 5018 2894 5088 ἢ
2942 5014 3019 5086 τῷ
3057 5013 3206 5083 παρὰ
3234 5010 3439 5081 Κυρίου
3470 5007 3604 5077 πυρὶ
3634 5002 3711 5073 τῷ

2136 5117 2513 5186 καταφαγόντι
2547 5114 2734 5169 Ναδὰϐ
2759 5113 2851 5167 καὶ
2896 5108 3127 5164 Ἀϐιούδ.
3166 5107 3300 5176 Πρὶν
3333 5105 3384 5155 δὲ
3416 5101 3572 5154 τοῦτο
3608 5115 3710 5167 μα-

2138 5210 2251 5262 θεῖν
2277 5208 2334 5271 ἐξ
2375 5205 2585 5277 Ἀαρὼν
2610 5208 2638 5257 ὁ
2671 5203 2910 5271 Μωῢσῆς
2938 5199 3347 5268 ὑπομιμνήσκει
3370 5192 3457 5245 τὸν
3486 5188 3712 5254 ἀδελφὸν

2140 5302 2235 5355 καὶ
2258 5300 2383 5360 τοὺς
2410 5294 2870 5363 καταλειφθέντας
2894 5293 3041 5353 υἱοὺς
3058 5287 3224 5342 αὐτοῦ
3263 5284 3463 5338 ἐσθίειν
3493 5282 3552 5333 τὸ
3584 5296 3713 5348 στη-

2141 5390 2320 5442 θύνιον
2348 5392 2444 5440 τοῦ
2478 5388 2875 5458 ἁφαιρὲματος,
2904 5385 2996 5437 καὶ
3019 5382 3109 5437 τὸν
3151 5378 3412 5451 βραχίονα
3432 5373 3529 5429 τοῦ
3551 5375 3710 5443 ἀφαι-

2154 5481 2393 5551 ρήματος
2418 5481 2473 5531 ὲν
2504 5479 2654 5548 τόπῳ
2686 5477 2839 5547 ἀγέῳ.

3341 5658 3384 5693 ¹⁸
3419 5654 3610 5712 Matth.
3652 5669 3703 5715 γ,

2244 5663 2284 5691 ’⁸
2314 5662 2503 5715 Μιιιιιι,
2543 5677 2616 5724 ιχ,
2660 5662 2739 5715 15.
2823 5662 2859 5691 ’τ
2895 5659 3053 5713 Joan.
3099 5676 3135 5722 ι,
3168 5658 3257 5713 29.
