4050 6212
313 355 420 423 ³125

1329 367 1864 429 COMMENTARII
1906 369 1990 431 IN
2025 370 2465 434 LEVlTlCUM.

3447 372 3567 433 725

308 483 365 528 et
397 472 521 527 inde
549 471 818 528 discerem
859 477 1287 545 speculationem
1319 490 1372 534 et
1398 482 1687 535 scientiam
1735 497 1921 538 rerum
1952 484 2290 553 divinarum,
2318 504 2440 557 qua:
2485 486 2740 556 scjuncta
2771 495 2822 540 et
2864 496 3066 539 remota
3102 494 3183 539 est
3220 485 3288 540 ab
3328 488 3559 542 scientia

308 574 492 616 rerum
519 561 946 620 mundanarunt.
981 566 1058 620 Ad
1096 567 1244 620 hunc
1291 569 1564 638 siquidem
1606 571 1831 625 modum
1875 586 1977 643 ego
2023 572 2270 644 intelligo
2326 575 2705 642 pectusculum
2753 573 3094 627 elevationis.
3140 570 3205 625 lli
3242 576 3565 641 pectusculo

310 647 405 702 illo
435 656 760 714 vescuntur,
790 650 883 718 qui
935 651 1123 707 dicere
1159 652 1525 708 decreverunt
1579 656 2039 725 compositionem
2099 660 2310 724 mundi,
2349 669 2403 715 et
2439 662 2815 731 operationem
2869 660 3286 722 elementorum,
3345 675 3556 714 necnon

312 734 669 805 principium,
701 736 965 801 medium,
990 739 1264 809 ﬁnemque
1292 748 1630 809 temporum.
1666 743 1737 796 At
1761 743 1866 798 hoc
1897 762 2007 800 non
2035 757 2119 802 est
2152 749 2534 817 pectusculum
2569 749 2920 803 elevationis.

393 845 454 898 ’0
486 846 709 917 θεωρῶν
762 847 863 918 τὴν
910 847 1250 920 τερπνότητα
1305 850 1534 922 Κυρίου,
1586 852 1681 905 καὶ
1708 851 1797 906 διὰ
1830 852 1892 905 τὸ

2062 854 2452 910 Pectusculum
2492 857 2890 928 segregationis
2931 856 3066 916 edit,
3106 854 3198 923 qui
3247 853 3568 908 considerat

318 939 557 1011 καθαρὸν
581 941 680 1011 τῆς
709 942 936 1014 καρδίας
992 942 1126 997 Θεὸν
1163 942 1331 1016 ὁρῶν,
1374 940 1547 996 ἐσθίει
1582 943 1643 997 τὸ
1688 942 1887 1012 στηθύ-

318 1044 433 1082 νιον
474 1028 624 1101 (ιη’
676 1030 767 1086 τὸν
822 1031 880 1087 δὲ
920 1031 1180 1104 βραχίονα
1223 1032 1359 1105 (ιε),
1393 1033 1422 1086 ὁ
1468 1032 1723 1103 ἐξαίρετα
1752 1032 1887 1104 ἔργα

319 1120 677 1191 ἐπιτηδεύων.

405 1335 624 1407 Ἐπειδὴ
647 1337 704 1390 ἐν
730 1339 798 1409 τῇ
842 1338 1037 1409 Ἐξόδφ
1063 1340 1210 1394 κατά
1243 1341 1355 1397 τῶν
1377 1345 1892 1414 μοσχοποιησάντων

322 1428 639 1496 ἀπεφήνατο
672 1430 753 1483 ὅτι
787 1448 806 1481 ι
854 1429 1154 1501 Ἐξαλείψω
1207 1434 1435 1498 αὐτούς·
1461 1454 1480 1488 ι
1527 1438 1895 1506 οἰκονομεῖται

321 1518 436 1585 νῦν,
492 1519 633 1573 ὥστε
677 1524 782 1592 τὴν
824 1522 887 1575 ἐν
939 1523 1177 1593 πρώτοις
1238 1528 1660 1597 προσαγομένην
1699 1527 1894 1581 θυσίαν

327 1610 471 1681 ὑπὲρ
498 1611 776 1684 ἁμαρτίας
814 1613 910 1667 τοῦ
954 1615 1108 1682 λαοῦ,
1154 1616 1229 1687 μὴ
1267 1618 1646 1689 τελειωθῆναι,
1681 1618 1798 1690 [διὰ
1833 1618 1894 1672 τὸ

332 1703 473 1772 μήτε
507 1703 613 1756 ἀπὸ
639 1703 735 1756 τοῦ
750 1705 979 1775 αἵματος
1002 1707 1173 1777 αὐτῆς
1206 1709 1526 1779 εἰσαχθῆναι
1548 1712 1628 1772 είς
1644 1710 1715 1763 τὰ
1741 1709 1892 1777 ἅγια,

290 1820 295 1829 -
332 1791 473 1862 μήτε
503 1794 627 1858 τοὺς
668 1796 831 1865 ἱερεῖς
851 1801 1047 1867 φαγεῖν
1093 1798 1153 1863 ἐξ
1190 1801 1378 1869 αὐτῆς.
1416 1802 1526 1854 Καὶ
1557 1801 1617 1852 τὸ
1651 1799 1882 1872 partem]

323 1882 518 1977 δειπερ
541 1885 653 1939 ἄνω
679 1890 989 1977 προοπάξας
1015 1891 1043 1943 ὁ
1086 1891 1216 1955 Θεὸς
1274 1894 1509 1962 μόσχους
1546 1892 1686 1962 ὑπὲρ
1709 1893 1896 1963 ἀμαρ-

323 1974 447 2037 τίας
484 1977 578 2029 τοῦ
626 1978 759 2032 λαοῦ
810 1974 1241 2052 προσφέρεσθαι,
1287 1983 1382 2036 νῦν
1436 1982 1675 2054 τράγον,
1736 1983 1895 2037 ἄλλον

324 2063 442 2115 ἀντ’
471 2065 656 2133 ἄλλου,
688 2070 910 2142 ἐποίησε
942 2071 1342 2143 προσαχθῆναι,
1371 2072 1459 2125 ἵνα
1491 2072 1653 2143 μόνον
1682 2072 1894 2138 essm;

327 2154 614 2228 πληρωθῇ.

1993 945 2320 1001 suavitatem
2340 952 2393 998 et
2417 945 2760 1000 dulcedinem
2790 944 3002 999 Domini
3043 963 3056 997 :
3086 953 3142 996 et
3170 947 3372 996 mundo
3396 940 3564 997 cordo
3621 989 3624 992 .

1996 1034 2164 1089 Deum
2184 1034 2317 1089 edit.
2339 1033 2629 1089 Brachium
2658 1033 2986 1088 elevationis
3006 1032 3141 1099 edit,
3165 1033 3259 1101 qui
3292 1033 3559 1086 bonorum

1995 1141 2223 1196 operum
2244 1126 2530 1183 studiosus
2549 1137 2651 1181 est.
2676 1124 2839 1180 Plura
2864 1124 3096 1181 dicenda
3130 1132 3342 1180 restant
3370 1123 3438 1178 de
3471 1138 3530 1178 ca
3546 1150 3577 1167 -

1999 1252 2100 1308 pro
2132 1240 2448 1293 combusto.

2067 1348 2208 1403 Deus
2262 1349 2318 1402 in
2372 1347 2561 1402 Exodo
2589 1348 2966 1417 pronuntiavit
3006 1347 3182 1402 dit-am
3232 1344 3562 1400 sententiam

1994 1438 2280 1509 proferens
2312 1437 2580 1493 adversus
2602 1454 2720 1503 eos,
2742 1440 2837 1508 qui
2866 1438 3279 1493 adornaverant
3320 1446 3373 1491 et
3409 1450 3569 1505 para-

1994 1536 2186 1584 verant
2212 1530 2444 1583 vitulum
2467 1548 2479 1584 :
2502 1547 2520 1581 t
2554 1529 2613 1583 Si
2631 1518 2754 1599 qiiis
2783 1528 3090 1599 peccaverit
3118 1542 3305 1582 coram
3331 1542 3436 1587 me.
3472 1526 3570 1578 tle-

1995 1618 2117 1674 lebo
2151 1634 2276 1673 eum
2316 1633 2383 1674 ex
2414 1619 2558 1673 libro
2582 1619 2891 1674 viventium
2915 1620 2983 1673 “.
3025 1638 3042 1670 ι
3075 1619 3203 1672 Eam
3236 1617 3567 1673 sententiam

1997 1720 2052 1765 et
2087 1725 2233 1766 nunc
2277 1710 2332 1764 in
2383 1708 2636 1766 eﬂ‘ectutn
2691 1710 2970 1781 producit,
3000 1711 3129 1765 dum
3176 1709 3318 1763 haud
3360 1709 3570 1778 patitur

1999 1803 2233 1872 primam
2276 1802 2580 1871 victimam,
2628 1820 2750 1875 quae
2796 1819 2894 1874 pro
2938 1803 3177 1873 peccatis
3230 1801 3573 1862 immolatur,

1997 1893 2105 1947 rite
2128 1892 2357 1963 perlici;
2390 1893 2521 1965 quia
2567 1894 2706 1949 nihil
2743 1894 2811 1951 de
2852 1894 3027 1964 ipsius
3054 1895 3322 1964 sanguine
3357 1892 3571 1946 illatum

1998 1992 2084 2039 est
2118 1985 2172 2039 in
2210 1996 2425 2054 sancta,
2476 2002 2576 2042 nec
2618 1987 2783 2042 etiam
2826 1987 3136 2042 sacerdotes
3167 1985 3467 2055 quidquam
3501 1982 3572 2036 de

1997 2075 2091 2129 illa
2121 2077 2345 2133 victima
2391 2078 2768 2134 comederunt.
2805 2077 2871 2132 Et
2920 2078 3066 2148 quod
3099 2076 3278 2147 majus
3311 2086 3415 2144 est,
3443 2090 3583 2129 cum

1978 2181 2168 2239 supra
2216 2172 2567 2241 prazcepisset
2606 2171 2770 2235 Deus,
2831 2178 2892 2225 ut
2936 2171 3141 2225 vitulus
3198 2184 3297 2239 pro
3332 2169 3582 2239 peccatis

328 2249 513 2317 populi
553 2253 873 2321 caederetur,
907 2272 1054 2312 nunc
1090 2271 1319 2329 caprum
1350 2259 1631 2330 exposcit,
1658 2260 1874 2317 scilicet
1912 2257 2061 2316 aliud
2090 2278 2188 2332 pro
2216 2233 2328 2322 alio
2354 2233 2628 2323 immolari
2657 2233 2962 2330 sustinens,
2996 2272 3054 2318 ut
3109 2233 3595 2336 typ-us'd-unlaxats.

323 2339 660 2410 expleretur.

403 2451 469 2508 Et
508 2454 717 2511 locutus
742 2468 820 2513 est
849 2458 1109 2516 Dominus
1141 2460 1200 2515 Μ
1205 2462 1284 2517 osi
1313 2470 1363 2516 et
1394 2463 1599 2517 Aarom’
1624 2463 1804 2517 dicens
1829 2479 1846 2518 :
1880 2462 2053 2517 Dicite
2094 2463 2226 2532 filiis
2258 2463 2436 2519 Israel
2464 2482 2483 2521 :
2510 2464 2640 2521 Hice
2671 2475 2794 2520 sunt
2823 2466 3084 2520 animalia
3108 2482 3223 2537 qum
3257 2464 3577 2527 comedetis,

326 2549 436 2595 ctc.
472 2539 588 2613 [XL
624 2542 703 2616 2.]
737 2545 804 2601 Ut
840 2548 895 2602 in
943 2548 1264 2603 universum
1302 2564 1545 2617 praisens
1573 2555 1866 2605 enarretur
1899 2555 2082 2619 typus,
2116 2553 2263 2607 scias
2292 2552 2452 2617 nihil,
2496 2553 2643 2624 quod
2686 2553 2998 2624 ingreditur
3029 2554 3084 2606 in
3121 2567 3346 2622 corpus,
3380 2551 3573 2619 inqui-

330 2644 468 2682 nare
497 2630 797 2701 hominem,
829 2636 997 2691 sicuti
1036 2635 1229 2691 docuit
1263 2636 1518 2692 Christus
1553 2634 1810 2690 Salvator
1845 2644 2033 2692 noster
2070 2638 2141 2694 “.
2194 2638 2467 2696 Praeterea
2510 2641 2894 2710 hujuscemodi
2931 2657 3033 2695 vox
3066 2640 3243 2694 delata
3267 2650 3351 2694 est
3379 2640 3445 2693 ad
3474 2639 3572 2693 νυ-

328 2723 475 2769 trum
503 2754 519 2778 ,
550 2720 643 2787 qui
673 2719 889 2776 viderat
921 2738 1019 2778 vas
1059 2723 1313 2788 linteum,
1350 2734 1405 2778 et
1457 2724 1639 2777 adhuc
1682 2721 2004 2777 adhaerebat
2053 2728 2517 2795 superstitiosiori
2570 2729 2705 2800 legis
2744 2727 3164 2784 observationi:
3204 2745 3222 2779 ι
3264 2727 3396 2793 Qua;
3428 2725 3572 2781 Deus

328 2803 670 2868 purilicavit,
703 2817 761 2861 tu
797 2823 867 2864 ne
896 2810 1210 2865 communia
1244 2809 1450 2866 dixeris
1482 2811 1550 2864 ".
1595 2828 1613 2862 ι
1645 2809 1916 2865 Caeterum
1950 2808 2009 2864 in
2031 2825 2097 2865 eo
2127 2811 2249 2867 loco
2277 2812 2677 2870 demonstravit
2712 2815 2875 2880 Deus,
2901 2829 2961 2870 se
2992 2814 3268 2868 disserere
3296 2812 3373 2866 de
3393 2811 3591 2866 homi-.

327 2890 496 2945 nibus
533 2900 629 2946 :at
655 2892 859 2951 Paulus
889 2896 956 2951 de
980 2897 1105 2953 cibo
1134 2896 1299 2953 verba
1330 2897 1564 2963 faciens,
1621 2899 1735 2954 ait:
1773 2917 1791 2950 ι
1837 2898 2005 2966 Atqui
2036 2899 2194 2956 cibus
2237 2915 2336 2956 vos
2388 2916 2497 2956 non
2528 2903 2935 2958 commendabit
2979 2901 3212 2956 Domino
3268 2900 3333 2955 “.
3360 2912 3394 2951 Δι
3433 2899 3573 2954 Hine

327 2979 503 3049 liquet
538 3000 551 3037 :
586 3002 604 3034 ι
646 2985 801 3053 puris
836 2988 1024 3043 omnia
1054 3004 1180 3045 esse
1210 3004 1352 3060 pura
1387 2989 1455 3044 ⁸⁸.
1504 3008 1524 3041 ι
1559 2988 1754 3046 Sermo
1784 3004 1915 3045 vero
1967 3002 2114 3043 nunc
2164 2987 2422 3051 habetur,
2472 2997 2533 3043 ut
2585 2997 2826 3054 constat,
2882 2988 2950 3043 de
2984 2988 3231 3042 moribus
3263 2987 3568 3042 hominum.

324 3066 595 3124 Caeterum
629 3071 797 3143 leges,
855 3090 977 3144 quae
1013 3091 1196 3132 mores
1253 3076 1541 3132 hominum
1575 3083 1944 3141 conceruuut,
1997 3089 2109 3130 non
2163 3075 2342 3130 solum
2378 3074 2514 3131 Mosi
2565 3076 2660 3133 sed
2686 3084 2741 3132 et
2772 3076 2977 3130 Aaroni
3020 3082 3335 3146 ponuntur,
3372 3073 3425 3128 id
3462 3084 3569 3133 est.

326 3151 479 3224 leges
511 3157 616 3211 ill-.e
656 3160 962 3231 respiciunt
994 3169 1109 3218 tum
1138 3163 1312 3235 legem
1349 3178 1478 3219 cum
1510 3165 1770 3235 gratiam,
1799 3164 2016 3219 scilicet
2040 3161 2346 3217 Christum.
2401 3161 2513 3218 Lex
2550 3163 2840 3218 litteralem
2892 3162 3054 3218 nobis
3094 3163 3165 3217 ob
3190 3163 3391 3217 oculos
3426 3162 3574 3231 ponit

325 3257 584 3311 sensum;
607 3255 662 3300 at
684 3247 943 3306 Christus
974 3252 1339 3321 Spiritualiter
1374 3252 1536 3308 nobis
1555 3267 1675 3309 eam
1702 3251 2119 3321 interpretatur.
2148 3247 2353 3305 Verum
2387 3248 2675 3321 Scriptura
2699 3264 2859 3305 sacra
2885 3248 3230 3324 352nmille
3252 3250 3581 3305 occasiones

328 3331 520 3398 tradit,
555 3334 759 3402 quibus
788 3336 1035 3392 ostendit
1066 3353 1249 3395 mores
1274 3346 1521 3403 nostros,
1549 3339 1739 3410 petitis
1768 3338 2229 3395 similitudinibus
2263 3339 2336 3394 ab
2386 3339 2740 3395 animalibus.
2796 3337 2889 3393 Sic
2942 3340 3141 3407 legitur
3173 3356 3186 3394 :
3226 3356 3243 3389 ι
3288 3337 3448 3408 Equi,
3482 3341 3577 3407 qui

330 3418 521 3475 furore
549 3423 786 3491 quodam
829 3425 1122 3494 rapiuntur
1160 3427 1216 3480 in
1248 3441 1444 3497 equas,
1482 3435 1633 3483 sunt.
1671 3426 2061 3496 Unusquisque
2091 3425 2159 3481 ad
2192 3441 2417 3482 uxorem
2450 3427 2683 3495 proyimi
2713 3427 2800 3482 sui
2830 3426 3009 3481 hinnit
3043 3428 3121 3481 ¹⁸.·
3151 3446 3170 3479 ›
3204 3427 3295 3481 Sic
3329 3428 3529 3497 legitur
3560 3443 3571 3476 :

333 3524 353 3555 ι
396 3504 572 3561 Dicite
607 3509 911 3578 vulpeculae
944 3512 1035 3567 isti
1066 3513 1168 3566 η.»
1202 3513 1294 3568 Sic
1326 3513 1528 3584 legitur
1556 3530 1571 3566 :
1608 3533 1628 3566 ι
1660 3511 2060 3570 Generationes
2084 3516 2397 3584 viperarum
2421 3516 2523 3570 ³⁷.»
2553 3514 2671 3570 lluc
2694 3513 3071 3584 accedit-quod
3107 3513 3359 3569 Salvator
3387 3519 3581 3568 canent

302 3594 577 3662 appellat
605 3596 651 3628 ⁸⁸
684 3598 995 3665 mulierem,
1028 3616 1151 3671 quat
1185 3617 1296 3657 non
1322 3609 1442 3657 erat
1469 3600 1726 3666 Iudaica,
1754 3610 1979 3670 propter
1999 3603 2286 3672 petitionis
2318 3601 2746 3674 impudentiam.
2768 3600 2828 3656 ln
2852 3600 3087 3656 Juremia
3112 3602 3317 3656 dicitur
3342 3620 3354 3655 :
3395 3620 3413 3651 t
3442 3599 3589 3653 Leos

328 3695 437 3736 nes
459 3683 792 3753 expulerunt
822 3686 1080 3743 lsraelem
1119 3688 1190 3742 ".
1220 3706 1241 3740 ι
1272 3688 1383 3745 llos
1411 3689 1623 3751 leones,
1658 3688 1754 3758 qui
1788 3686 2014 3756 fuerint,
2062 3703 2345 3759 exponens
2382 3690 2736 3766 ipsehinquit
2764 3706 2779 3742 :
2810 3705 2843 3741 't
2881 3688 3100 3744 Primus
3129 3688 3366 3744 comedit
3401 3688 3579 3755 ipsum

329 3782 434 3824 rex
467 3770 660 3828 Assur.
692 3773 760 3827 Et
798 3783 1079 3845 postremo
1129 3790 1228 3832 rex
1274 3776 1574 3849 Babylonis
1618 3790 1750 3832 ossa
1808 3774 1930 3844 ejus
1963 3774 2031 3828 ⁸⁸.
2068 3794 2113 3827 ι..
2151 3776 2273 3833 llus
2321 3776 2546 3833 referri»
2573 3784 2756 3848 potest
2786 3795 2800 3831 :
2831 3795 2851 3829 ι
2884 3775 3082 3847 Aquila
3112 3790 3339 3845 magnas
3370 3775 3602 3828 habens.

330 3857 458 3936 alas
498 3860 563 3914 ⁸¹.
605 3878 622 3903 ι
661 3861 984 3931 Applicetur
1014 3862 1124 3919 huc
1154 3872 1210 3920 et
1247 3864 1382 3920 illud
1419 3880 1434 3917 :
1470 3884 1491 3918 ι
1531 3863 1677 3920 Oves
1713 3877 1849 3918 meae
1875 3877 2067 3919 vocem
2097 3878 2276 3920 meam
2314 3866 2547 3921 audiunt
2588 3865 2656 3920 ³¹.
2695 3883 2716 3919 ι
2751 3865 2941 3936 Aptari
2999 3863 3106 3918 huc
3158 3863 3278 3933 quit
3323 3871 3379 3918 et
3410 3862 3577 3915 illutl:

346 3964 368 3994 ι
394 3922 533 4016 Lupi
572 3922 821 4019 rapaces,
843 3952 940 4022 qui
969 3952 1330 4008 obambulant
1361 3953 1418 4008 in
1450 3953 1655 4009 vestitu
1693 3951 1875 4006 ovium
1898 3949 1965 4004 ³³η.
2018 3969 2038 4002 ι
2076 3949 2271 4008 Omnis
2304 3953 2493 4023 itaque
2537 3952 2702 4008 homo
2748 3922 2991 4024 prudens
3019 3957 3105 4006 est
3155 3922 3210 4004 et
3258 3957 3481 4020 paratus
3515 3949 3579 4000 ad

332 4033 610 4090 edendum
641 4052 705 4092 ea
762 4054 885 4109 qua:
912 4040 1281 4096 occurrerint.
1310 4039 1447 4095 Nam
1468 4040 1693 4111 ~‘saepius
1717 4052 1907 4095 secum
1939 4037 2370 4093 animo.volutat
2399 4054 2463 4094 ea
2494 4052 2616 4111 quae
2665 4040 2722 4094 in
2777 4039 3027 4093 notitiam
3085 4038 3272 4092 venire
3325 4043 3589 4107 possunt,

336 4139 537 4195 eaque,
563 4128 725 4197 quasi
752 4130 1031 4198 dentibus,
1054 4131 1392 4203 cogitatione
1420 4131 1713 4201 dispescit,
1746 4143 1876 4200 quas
1902 4127 2536 4195 cognoveritomentoriae
2556 4126 2892 4182 asservanda
2920 4124 3239 4190 committit,
3276 4131 3336 4177 ut
3367 4123 3582 4177 illorum

337 4214 542 4284 possit,
584 4216 632 4270 si
669 4219 970 4275 necessitas
1000 4221 1268 4289 exegerit,
1300 4220 1607 4276 recordari.
1651 4216 1864 4274 Deinde
1902 4213 2109 4271 fruitur
2141 4213 2479 4287 cognitionis
2530 4214 2794 4271 alimento
2844 4213 3211 4271 saluberrimo
3240 4220 3294 4266 ct
3330 4210 3597 4265 salutari...

338 4302 424 4356 Ad
450 4303 593 4356 hunc
623 4306 839 4359 modum
866 4306 983 4360 vult
1031 4306 1284 4362 Salvator
1316 4322 1347 4361 a
1374 4307 1535 4364 nobis
1563 4306 1678 4373 edi,
1728 4302 1878 4375 quod
1892 4301 2118 4373 quidem
2149 4303 2311 4359 docet
2344 4316 2442 4372 per
2473 4302 2591 4358 haec
2625 4303 2793 4358 verba
2827 4319 2843 4356 :
2900 4320 2919 4353 ι
2966 4299 3087 4356 Nisi
3131 4299 3359 4355 oderitis
3406 4315 3580 4352 nteant

339 4405 590 4455 carnem,
624 4402 680 4447 et
715 4394 965 4450 biberitis
998 4410 1178 4451 meum
1213 4398 1557 4469 sanguinem,
1585 4411 1697 4452 non
1723 4392 1941 4449 habetis
1966 4392 2135 4446 vitam
2167 4390 2222 4445 in
2258 4390 2670 4460 vobismetipsis
2701 4390 2769 4444 ⁸⁵.
2815 4410 2835 4442 i
2863 4389 2932 4444 Et
2962 4391 3159 4444 iterum
3188 4401 3204 4441 :
3241 4405 3260 4438 ι
3292 4386 3435 4441 Caro
3468 4401 3584 4439 mea
3615 4416 3623 4423 η

343 4492 476 4532 vere
503 4488 591 4534 est
612 4480 811 4547 ,cibus,
846 4490 901 4537 et
930 4483 1158 4554 sanguis
1180 4498 1337 4540 meus
1375 4499 1503 4540 vere
1524 4493 1611 4539 est
1644 4491 1810 4554 potus
1840 4480 1908 4533 ³⁸.
1949 4496 1970 4531 ι
2003 4476 2120 4534 Nisi
2168 4479 2294 4535 talis
2324 4487 2509 4547 esset,
2567 4480 2708 4535 foret
2763 4478 3011 4549 profecto
3064 4477 3335 4557 impurus.
3382 4471 3585 4528 Verum

348 4565 499 4619 nulla
537 4567 737 4632 bellua,
769 4579 829 4622 ut
861 4580 1043 4625 monet
1064 4573 1172 4636 lex,
1204 4587 1342 4642 pura
1373 4571 1715 4643 agnoscitur.

421 4651 616 4709 Omnia
647 4671 767 4725 qua:
806 4671 963 4725 super
985 4657 1229 4713 manibus
1255 4659 1373 4713 suis
1413 4658 1736 4730 gradiuntur
1758 4657 1898 4712 inter
1920 4667 2098 4709 omnes
2134 4654 2338 4709 belluas
2378 4652 2767 4725 quadrupedes.
2800 4652 3076 4707 immunda
3099 4659 3277 4714 erunt,
3297 4657 3404 4704 ctr.
3444 4645 3588 4720 [27.]

348 4747 468 4799 lloc
504 4747 625 4801 loco
651 4748 896 4820 intellige
930 4750 1185 4806 crudeles
1217 4762 1273 4807 et
1299 4749 1515 4806 leroces
1544 4750 1823 4817 homines,
1850 4750 1919 4804 de
1948 4745 2153 4815 quibus
2188 4743 2434 4815 loquitur
2470 4743 2643 4798 David
2692 4742 2883 4796 dicens
2923 4755 2937 4791 :
2985 4757 3003 4789 ι
3046 4736 3178 4790 Dum
3225 4737 3496 4790 accedunt
3524 4738 3618 4788 ait"

351 4847 441 4887 me
473 4832 723 4890 homines
757 4836 1037 4903 crudeles,
1073 4839 1168 4908 qui
1205 4846 1475 4909 appetunt
1502 4852 1651 4892 meas
1679 4838 1845 4893 edere
1868 4850 2067 4891 carnes
2096 4835 2164 4888 “.
2206 4853 2226 4887 ι
2265 4834 2333 4888 Ει
2365 4835 2561 4889 iterum
2596 4850 2609 4886 :
2639 4852 2658 4885 ι
2693 4831 2830 4887 Cum
2857 4827 3108 4883 homines
3144 4826 3198 4879 in
3227 4841 3329 4881 nos
3359 4841 3594 4878 i-onsur—

349 4932 561 4993 gerent,
590 4940 723 4981 sane
750 4927 905 4983 vivos
934 4944 1037 4984 nos
1066 4928 1434 5000 deglutissent
1458 4931 1558 4983 ⁸⁷.»
1589 4930 1867 4984 Animalia
1896 4924 2203 4989 terrestria,
2237 4936 2359 4993 quae
2388 4920 2684 4975 laudantur
2706 4919 2757 4971 iit
2784 4917 2950 4979 cibis,
2977 4924 3104 4968 sunt
3138 4913 3251 4977 illa,
3284 4928 3405 4981 quae
3428 4912 3597 4965 ruini-

354 5020 488 5066 nant
518 5016 862 5086 ungulasque
896 5018 1134 5071 sulcant.
1167 5017 1267 5074 llic
1296 5034 1428 5074 vero
1454 5029 1616 5091 typus
1642 5018 1914 5090 signiﬁcat
1945 5033 2045 5075 eos
2074 5016 2172 5086 qui
2222 5025 2337 5069 tum
2395 5012 2502 5067 sibi
2535 5020 2651 5064 tum
2686 5008 2827 5071 aliis,
2857 5016 3018 5076 prout
3074 5013 3259 5059 monet
3284 5003 3621 5060 Christiana.

354 5100 567 5171 religio,
593 5103 967 5169 benefaciunt,
997 5106 1127 5158 dum
1154 5107 1489 5176 semetipsos
1514 5108 1584 5162 ab
1611 5108 1846 5162 internis
1865 5106 2124 5161 vitiorum
2153 5102 2448 5158 aﬂ'ectibus
2476 5106 2797 5169 repurgant,
2819 5107 2873 5152 et
2890 5095 3048 5150 ollicii
3077 5094 3163 5149 sui
3196 5108 3325 5161 erga
3357 5094 3603 5161 reliquos

354 5196 483 5241 sunt
512 5203 804 5245 memores.
841 5189 986 5246 Nihil
1017 5193 1203 5248 obstat
1226 5194 1359 5263 quin
1391 5196 1496 5249 sub
1529 5195 1635 5251 isto
1671 5205 1798 5266 typo
1830 5193 2109 5265 intelligas
2151 5207 2248 5249 eos
2315 5190 2410 5262 qui
2446 5190 2502 5244 in
2536 5188 2640 5242 hoc
2671 5187 2871 5241 saaculo
2908 5186 2993 5254 pie
3016 5186 3274 5255 justeque
3302 5183 3516 5242 vivunt,
3545 5192 3598 5233 et

425 5348 472 5379 "
494 5346 665 5403 Exod.
700 5346 980 5411 “311,52.
1059 5349 1100 5381 "
1138 5348 1326 5404 Matth.
1361 5365 1451 5411 xv,
1483 5348 1570 5403 Η.

1645 5350 1690 5382 ²²
1718 5350 1837 5403 Act.
1870 5368 1928 5411 χ.
1964 5350 2051 5407 15.
2124 5350 2173 5382 ’⁸
2217 5346 2233 5401 1
2263 5347 2392 5402 Cor.
2416 5363 2536 5413 viti,
2572 5348 2624 5401 8.

355 5417 403 5446 "‘
444 5418 583 5471 Luc:
614 5432 727 5481 ιιιι,
752 5418 838 5471 52.
917 5420 960 5449 ¹⁷
993 5418 1185 5473 Matth.
1214 5437 1293 5483 Ill,
1327 5420 1357 5472 7
1391 5429 1447 5474 et
1480 5420 1634 5474 alibi.
1715 5421 1759 5452 “
1789 5420 1909 5473 Matt

2028 5437 2121 5485 vn,
2152 5421 2206 5472 6.
2284 5420 2328 5451 ’9
2356 5417 2560 5472 Jcrent.
2599 5433 2651 5483 1.,
2688 5419 2769 5472 l7.

356 5487 400 5517 ³’
435 5486 590 5543 Jomt.
624 5490 748 5555 x37
841 5490 885 5521 ³³
910 5489 1109 5543 Matth.
1144 5490 1354 5554 vu,15.
1430 5491 1473 5522 ³⁸
1507 5488 1666 5545 Joan.
1701 5504 1777 5554 v1,
1806 5490 1896 5545 54.

1999 5490 2018 5521 ³
2051 5490 2185 5545 ibid.
2216 5491 2304 5543 56.

2702 5348 2748 5381 ⁸⁸
2771 5346 2881 5400 Tit.
2918 5361 2954 5406 I.
2992 5345 3077 5401 15.
3152 5345 3198 5375 ’⁸
3228 5341 3431 5397 Jerctn.
3466 5357 3521 5399 ν.
3548 5341 3599 5392 R.

2868 5416 2912 5448 ⁸⁸
2946 5416 3083 5469 ibitl.
3159 5416 3200 5446 ³⁸
3223 5408 3625 5463 ΕῑυιτΙιΑνιιῶ..

2417 5489 2460 5519 ³⁸
2503 5478 2649 5543 ι’διιιξ
2684 5478 2890 5548 “H.9-
2982 5486 3024 5516 ³⁷
3055 5484 3198 5538 l‘sal.
3246 5496 3442 5545 cum,
3473 5480 3551 5536 5..

1882 5598 2114 5654 NOTAE.

430 5690 540 5769 (ll)
672 5697 952 5769 σξιηθυνίον
980 5699 1071 5751 τοῦ
1112 5701 1504 5769 ἀφορὶσματος.
1561 5702 1619 5751 ’0
1643 5701 1739 5767 τῆς
1778 5700 1912 5767 Any.
1960 5698 2090 5752 κώδ.

430 5766 540 5831 ⁴¹2)
577 5764 678 5820 Τὸν
702 5764 768 5819 δέ
799 5770 1060 5841 βριχίονα
1096 5764 1188 5823 τοῦ
1226 5764 1623 5841 ’ἀίξαιρέξιατος.
1674 5764 1730 5823 'lt
1762 5764 1879 5824 αὐτ.
