4050 6212
454 327 557 390 727
1782 344 2134 408 rnocorn
2164 348 2405 408 Gaz/£1
3592 346 3701 411 728

454 441 694 497 futuram
720 444 1112 503 beatitudinem
1141 452 1443 523 exquirunt
1466 455 1721 513 sollicite.
1751 457 1817 525 Hi
1849 474 2072 530 quoque
2106 476 2217 515 non
2241 461 2420 517 solum
2457 461 2668 519 {indunt
2692 461 2977 534 ungulam,
3000 460 3095 523 sed
3130 460 3295 515 etiam
3320 456 3535 531 ungues
3556 476 3699 531 prae-

448 547 664 603 secant,
706 537 759 592 id
791 548 897 629 est.
930 542 1189 600 auferunt
1220 548 1289 602 ab
1315 552 1578 622 operibus
1605 554 1724 610 suis
1757 556 2028 625 quidquid
2053 556 2217 612 fuerit
2246 557 2582 629 superfluum
2614 568 2669 615 et
2690 570 2995 614 mortuum.
3029 556 3207 613 Etiam
3243 572 3273 611 a
3304 557 3535 626 pedibus
3561 558 3700 612 sub-

450 631 695 717 "‘(_’_"C"_‘o
725 628 999 717 [quuid
1028 635 1428 705 impedimento
1477 638 1667 707 fuerit,
1702 644 2020 712 quominus,
2059 655 2119 699 ut
2164 628 2402 714 oportet,
2431 647 2486 701 in
2522 649 2745 703 virtutis
2795 648 2936 702 calle
2987 645 3438 717 progrediantur.
3490 644 3567 702 De
3590 646 3701 702 hoe

449 712 592 803 calle
617 715 693 768 ait
725 715 893 772 David
933 736 945 771 :
992 739 1011 772 ι
1038 721 1143 777 Pes
1174 740 1330 782 meus
1365 738 1451 783 est
1495 730 1551 784 in
1586 732 1916 787 rectitudine
1958 733 2024 787 ³⁸.
2067 750 2087 783 ι
2115 712 2302 788 Διήᾶε
2326 735 2608 790 contrario
2657 736 2822 791 modo
2856 712 3072 789 alfectis
3096 712 3364 801 profatur
3391 732 3535 788 idem
3570 749 3701 803 pro—

449 799 614 890 pheta
649 818 663 855 :
711 822 730 855 ‹
765 803 994 863 Veloccs
1028 810 1191 880 pedes
1218 814 1439 871 illorum
1479 817 1548 872 ad
1582 818 1924 874 fundendum
1976 818 2299 890 sanguinem
2326 858 2342 883 ,
2377 820 2639 875 contritio
2687 830 2743 875 et
2792 819 3084 876 calamitas
3125 820 3180 873 in
3212 819 3317 874 viis
3347 834 3536 874 eorum
3562 821 3628 875 ”.
3670 837 3693 871 ι

449 885 604 942 Totis
641 888 827 961 itaque
847 895 1060 953 viribus
1082 897 1364 968 fugiamus
1390 902 1533 967 illos,
1557 906 1651 976 qui
1685 922 1787 960 nec
1816 922 1947 961 vera
1979 885 2266 979 religione,
2289 923 2388 962 nec
2407 902 2723 964 Christiana
2741 910 3030 975 charitate,
3054 916 3148 989 aut
3176 909 3445 963 alterutra
3497 910 3697 964 barum

447 976 800 1067 praefulgent.
837 980 1044 1038 Horum
1078 987 1346 1044 cadavera
1375 1005 1618 1061 quoque,
1653 993 1870 1049 scilicet
1908 976 2137 1065 scripta,
2167 1009 2290 1064 quae
2326 997 2566 1067 posteris
2597 997 2916 1066 relinquunt
2954 1010 3009 1053 et
3039 982 3527 1058 circumferuntur,
3559 998 3697 1051 abo-

447 1062 744 1151 mincmur.
768 1065 873 1122 Per
905 1071 1176 1127 camelum
1204 1081 1258 1129 et
1290 1075 1559 1146 leporem,
1585 1094 1709 1149 quae
1743 1080 2004 1135 animalia
2026 1062 2342 1151 quantitate
2369 1085 2514 1138 inter
2549 1100 2609 1139 se
2642 1062 2923 1149 dili'erunt,
2954 1086 3413 1138 commonstravit
3446 1084 3695 1140 celebres

446 1159 502 1203 et
530 1150 801 1207 obscuros
824 1158 1128 1229 mediteque
1161 1169 1304 1216 noue
1333 1162 1604 1227 homines,
1626 1164 1831 1234 quibus
1857 1150 2183 1239 plerumque
2212 1170 2344 1226 fides
2367 1180 2421 1225 et
2444 1185 2610 1241 Opera
2627 1180 2849 1226 mortua
2877 1172 3085 1235 insunt,
3109 1181 3205 1226 aut
3227 1171 3458 1227 alterum
3489 1173 3692 1235 solmu,

446 1245 502 1289 et
530 1236 610 1292 sic
639 1249 913 1329 neutrum.
942 1243 1077 1299 Nam
1120 1245 1255 1302 fides
1287 1250 1499 1319 absque
1545 1252 1810 1316 operibus
1834 1263 1919 1309 est
1952 1236 2170 1311 mortua
2193 1256 2241 1290 ⁸⁸
2277 1271 2293 1313 :
2321 1274 2423 1315 nec
2452 1236 2561 1315 non
2589 1274 2756 1329 opera
2793 1259 2916 1314 sine
2943 1258 3049 1314 fide
3088 1275 3310 1329 quoque
3346 1268 3560 1315 mortua
3589 1261 3696 1314 dn-

446 1332 669 1417 cuntur.
705 1323 907 1381 Verum
926 1331 1221 1417 sciendum
1252 1342 1356 1399 est,
1386 1336 1536 1404 quod
1565 1338 1672 1392 alia
1698 1341 1915 1395 ratione
1943 1341 2215 1412 impulsus
2239 1346 2516 1403 concessit
2569 1323 2815 1403 Hebraeis
2867 1347 2922 1401 in
2964 1323 3383 1417 IEgy-pto'vesci
3432 1348 3609 1403 bobus
3633 1357 3693 1403 et

446 1409 664 1475 ovibus,
697 1427 819 1483 quae
849 1416 1107 1471 animalia
1138 1421 1444 1477 adorabant
1464 1423 1728 1496 Egyptii.
1769 1424 1948 1483 Judaei
1977 1409 2161 1488 autem
2187 1434 2279 1488 illa
2305 1434 2563 1498 edebant,
2597 1443 2661 1489 ut
2688 1434 2970 1489 discerent
3113 1409 3483 1490 contemnere
3513 1445 3568 1490 et
3592 1437 3691 1492 de-

448 1502 689 1600 spicere,
722 1511 780 1600 ut
806 1503 860 1557 in
895 1505 1098 1573 quibus
1130 1508 1267 1563 nihil
1298 1509 1610 1600 divinitatis
1645 1514 1871 1570 inesset.
1905 1515 2196 1575 Prohibuit
2228 1536 2448 1591 quoque
2478 1520 2726 1578 Hebraeis
2755 1521 2810 1576 in
2838 1520 3187 1593 Egyptome
3214 1521 3572 1579 admoverent
3603 1524 3692 1579 ori

445 1586 627 1651 cibos,
665 1591 865 1660 quibus
917 1595 1045 1666 gula
1100 1598 1260 1667 quasi
1303 1586 1579 1657 illecebris
1622 1603 1959 1673 quibusdam
1995 1606 2209 1663 fovetur
2248 1586 2309 1664 et
2360 1586 2649 1666 irritatur.
2685 1608 2892 1665 Horum
2917 1586 3009 1665 ’δέ
3056 1586 3292 1665 numero
3330 1619 3461 1665 sunt
3488 1626 3690 1667 carnes

444 1677 656 1768 suillae,
678 1694 820 1748 quas
846 1684 1159 1751 petiverunt
1188 1687 1410 1743 tandem
1447 1689 1502 1743 in
1530 1699 1687 1747 vasta
1717 1694 2016 1751 solitudine
2040 1695 2363 1768 Egyptiaca
2399 1695 2615 1752 liberati
2663 1697 2951 1753 servitute.
2985 1694 3189 1751 Verum
3221 1696 3373 1752 haud
3402 1697 3693 1767 imperavit

444 1760 710 1854 Hebraeis.
740 1778 799 1821 ut
825 1767 1179 1839 degustarent
1204 1774 1295 1827 illa
1329 1775 1612 1842 animalia,
1640 1792 1671 1832 a
1699 1780 1903 1849 quibus
1933 1760 2201 1839 abhorret
2218 1782 2520 1839 humanum
2552 1784 3113 1854 ingenium,quaaque
3140 1760 3515 1842 abominatur.
3546 1784 3689 1841 Aliis

444 1852 631 1940 causis
656 1853 861 1910 ductus
888 1869 1015 1913 ante
1044 1859 1228 1915 datam
1266 1862 1440 1933 legem
1474 1863 1643 1934 jussit
1676 1864 1935 1924 Hebraeos
1965 1869 2243 1926 abstinere
2295 1885 2326 1924 a
2363 1871 2726 1927 cadaveribus
2775 1852 3201 1940 mortuis—quasi
3250 1871 3688 1928 intolerabiliora

444 1935 646 1992 faciant
680 1949 736 1996 et
760 1945 923 2003 morti
953 1954 1083 1999 sunt
1105 1948 1429 2014 viciniores,
1453 1950 1614 2024 35,3
1638 1954 1733 2024 qui
1770 1955 1909 2012 tales
1936 1971 2048 2011 non
2082 1966 2410 2012 aversentur
2443 1958 2626 2015 cibos.

516 2025 603 2081 Ne
634 2031 962 2100 contigeritis
990 2034 1272 2099 σπάρτα-α.
1303 2046 1411 2094 etc.
1444 2038 1559 2112 [XL
1583 2040 1664 2112 8.]
1690 2040 1815 2097 Haec
1842 2058 1953 2099 non
1987 2044 2171 2115 inepte
2192 2045 2501 2114 pmscribit
2533 2044 2761 2117 populo,
2789 2045 2884 2117 qui
2910 2060 3009 2116 per
3033 2044 3277 2101 carnalia
3308 2044 3685 2107 erudiebatur,

445 2121 505 2169 ut
538 2123 593 2168 et
631 2117 681 2169 in
714 2117 802 2171 bis
830 2132 1114 2177 servarent
1144 2125 1461 2194 puritatem,
1483 2142 1592 2197 qua
1619 2143 1649 2182 a
1679 2128 1907 2199 reliquis
1928 2139 2348 2186 secernerentur
2376 2131 2654 2201 gentibus.
2693 2130 2753 2186 Si
2777 2140 2959 2188 autem
2984 2132 3111 2202 quis
3137 2131 3305 2197 dicat,
3329 2131 3436 2187 hac
3473 2133 3689 2189 ratione

444 2202 589 2263 ﬁeri.
632 2212 690 2257 ut
728 2206 991 2274 plurima,
1028 2224 1153 2280 quae
1186 2211 1357 2267 habet
1381 2223 1607 2288 natura,
1633 2229 1743 2271 non
1769 2225 1998 2272 careant
2026 2217 2476 2288 reprehensione,
2506 2219 2668 2289 quasi
2695 2218 2805 2275 sint
2837 2218 3056 2289 impura
3085 2237 3099 2274 :
3146 2218 3239 2273 ille
3264 2218 3405 2274 sciat
3438 2220 3622 2273 omnia
3651 2236 3687 2275 a

440 2290 702 2346 Creatore
730 2307 853 2349 esse
878 2304 1062 2350 creata
1099 2297 1156 2351 iu
1189 2299 1528 2368 peculiarem
1569 2300 1862 2370 quemdam
1892 2302 2096 2359 linem:
2140 2313 2196 2361 et
2227 2316 2481 2377 respectu
2529 2306 2651 2378 ejus
2684 2306 2812 2362 finis
2849 2306 3064 2378 singula
3109 2306 3397 2362 continere
3439 2306 3684 2377 aliquam

441 2377 741 2432 utilitatem
777 2390 833 2433 et
862 2382 1190 2451 puritatem.

517 2461 646 2552 Illuc
677 2464 844 2520 edetis
874 2465 939 2520 de
973 2469 1372 2541 omnibus,quc
1391 2484 1556 2544 agunt
1589 2477 1645 2532 in
1679 2478 1835 2547 aquis
1855 2495 1874 2533 :
1900 2494 2220 2550 qumunque
2250 2480 2441 2549 pinnas
2464 2479 2657 2535 habent
2685 2490 2736 2535 et
2766 2496 3020 2552 squamas
3053 2489 3161 2534 tam
3188 2481 3246 2534 in
3288 2479 3428 2534 mari
3447 2495 3606 2549 quam
3626 2479 3684 2533 in

441 2547 775 2639 ﬂuminibus,
811 2569 874 2607 ea
905 2555 1211 2623 comedetis,
1241 2567 1350 2614 etc.
1386 2558 1492 2633 [9.]
1523 2563 1700 2619 Etiam
1734 2547 1997 2635 aquatilia
2022 2547 2274 2623 diversos
2304 2583 2491 2625 mores
2515 2575 2571 2624 et
2604 2569 2758 2623 varia
2784 2547 3099 2624 mortalium
3133 2568 3348 2639 ingenia
3384 2547 3684 2621 ostendunt

443 2638 612 2691 sicuti
645 2650 833 2695 monet
867 2643 1227 2712 verriculum,
1251 2645 1321 2701 de
1357 2662 1467 2718 quo
1525 2649 1582 2704 in
1621 2649 1945 2721 Evangelica
1981 2652 2231 2719 historia,
2261 2655 2410 2727 quod
2436 2656 2647 2726 jactum
2678 2657 2734 2710 in
2784 2671 2938 2711 mare
2968 2656 3157 2727 pisces
3197 2638 3264 2711 de
3296 2655 3442 2709 omni
3485 2650 3686 2722 genere

444 2725 596 2791 capit
625 2744 638 2779 :
675 2742 740 2782 ex
771 2744 884 2798 quo
915 2728 1093 2787 bonos
1121 2732 1304 2801 pisces
1341 2736 1617 2809 colligunt
1650 2750 1706 2795 et
1743 2749 2097 2806 conservant,
2143 2725 2413 2813 reprobus
2441 2725 2741 2813 ’abjiciunt.
2786 2725 3003 2798 Psaltes
3044 2757 3265 2813 quoque
3295 2742 3480 2811 regius
3513 2743 3680 2793 vitam

439 2824 689 2869 nostram
737 2825 1022 2890 comparat
1077 2821 1258 2888 mari,
1328 2823 1558 2882 dicens:
1601 2845 1622 2880 s
1655 2827 1771 2884 Hoc
1813 2830 1995 2899 ipsum
2048 2845 2202 2886 mare
2258 2845 2517 2902 magnum
2573 2840 2629 2886 et
2673 2831 3002 2909 spatiosum,
3045 2831 3122 2886 ibi
3176 2829 3394 2900 reptilia
3447 2843 3681 2898 quorum

440 2917 550 2956 non
602 2912 687 2958 est
747 2921 1051 2975 numerus,
1109 2909 1372 2966 animalia
1416 2928 1584 2984 parva
1620 2924 1677 2972 et
1719 2932 1917 2989 magna
1960 2918 2028 2973 δι.
2076 2937 2095 2971 ι
2148 2918 2421 2973 Similiter
2477 2916 2757 2989 significat
2813 2933 2967 2974 mare
3007 2919 3135 2973 vitae
3188 2924 3391 2971 nostra:
3438 2929 3682 2968 amaram

442 2989 778 3060 salsuginem
840 2993 961 3049 sive
1011 2996 1430 3052 amarulentiam
1488 3007 1544 3054 et
1586 3001 2027 3070 instabilitatem,
2080 3005 2446 3076 omniumque
2494 3020 2681 3060 rerum
2735 3006 2794 3061 in
2844 3005 2950 3061 hoc
2996 3004 3204 3060 mundo
3240 3003 3399 3074 quasi
3440 3002 3495 3056 in
3544 3001 3682 3055 mari

439 3085 854 3145 restagnantem
919 3079 1340 3137 inundationem
1405 3087 1706 3156 omniaque
1758 3088 2186 3148 confundentem
2233 3110 2247 3147 :
2310 3102 2576 3164 praeterea
2625 3092 2880 3149 homines
2934 3092 3112 3149 instar
3169 3091 3406 3162 piscium
3462 3090 3517 3143 in
3578 3089 3685 3141 hoc

441 3163 652 3217 mundo
700 3166 868 3218 vitam
919 3181 1082 3238 agere
1139 3181 1454 3239 quaerentes
1503 3176 1830 3245 semetipsos
1882 3178 2115 3235 invicem
2140 3163 2355 3237 vorare.
2413 3181 2638 3246 Pisces,
2706 3181 2801 3252 qui
2861 3182 3177 3238 vestiuntur
3234 3180 3479 3248 squamis
3545 3178 3684 3230 solis

441 3247 631 3304 calore
684 3249 849 3305 exciti
915 3252 971 3307 in
1032 3270 1310 3312 summum
1380 3268 1611 3317 enatant
1672 3278 1863 3328 mare,
1923 3276 1980 3320 et
2040 3267 2361 3339 plerumque
2417 3247 2757 3339 piscatorum
2828 3268 2966 3324 retia
3027 3247 3315 3337 eli‘ugiunt.
3369 3263 3438 3318 At
3501 3263 3684 3333 pisces

442 3336 693 3426 squamis
729 3349 986 3397 carentes
1011 3344 1222 3413 quique
1261 3347 1435 3404 nullis
1466 3351 1815 3407 sustinentur
1844 3354 2032 3423 pinnis
2062 3353 2119 3409 in
2147 3336 2347 3412 limoso
2375 3336 2655 3426 profundo
2695 3355 2888 3419 latent,
2940 3336 3320 3423 inhaerentque
3366 3352 3503 3420 algte
3564 3364 3686 3402 ma-

440 3424 613 3512 riuzc,
640 3441 763 3494 quae
798 3426 853 3481 in
899 3428 1011 3482 imo
1058 3431 1337 3500 profundo
1388 3434 1588 3493 fertilis
1626 3440 1929 3496 enascitur.
1962 3440 2027 3495 Hi
2076 3441 2263 3512 pisces
2313 3424 2541 3512 prorsus
2600 3450 2731 3498 sunt
2776 3441 2981 3496 inlirmi
3025 3440 3401 3508 facillimeque
3448 3436 3685 3505 capiun-

440 3518 553 3563 tur.
597 3511 767 3581 Igitur
817 3516 1132 3570 mortalium
1185 3518 1391 3589 aliqui,
1452 3522 1544 3579 ubi
1595 3524 1977 3584 aberraverint
2022 3543 2052 3583 a
2082 3511 2332 3585 idivinisi
2360 3530 2672 3601 praeceptis,
2723 3529 2874 3585 illico
2935 3543 3098 3584 suum
3145 3540 3390 3582 errorem
3430 3525 3685 3578 sentiunt

441 3606 501 3651 et
535 3608 868 3669 agnoscunt.
920 3600 1080 3666 Nam,
1114 3614 1175 3661 ut
1205 3616 1396 3663 monet
1434 3608 1723 3681 Scriptura
1758 3631 1773 3668 :
1814 3633 1834 3669 ι
1861 3614 2166 3671 Plurimum
2215 3631 2469 3672 erramus
2498 3617 2694 3671 omnes
2736 3617 2790 3670 in
2832 3614 3022 3669 multis
3042 3612 3108 3668 δ’.
3145 3630 3165 3665 ι
3212 3612 3283 3666 At
3325 3624 3435 3664 non
3483 3623 3513 3661 a
3566 3610 3682 3661 suis

441 3688 727 3752 erroribus
756 3690 971 3746 resilire
1005 3702 1059 3747 et
1101 3694 1361 3754 recedere
1396 3699 1451 3753 in
1487 3700 1732 3755 atiimum
1764 3701 2056 3770 inducunt,
2087 3719 2189 3761 nec
2221 3705 2401 3775 palam
2450 3713 2631 3759 tamen
2684 3703 2923 3774 turpiter
2950 3716 3115 3771 agere
3143 3699 3372 3755 volunt:
3400 3694 3682 3766 Siquidem

439 3777 753 3855 prudentes
777 3789 832 3836 et
886 3781 1165 3852 sapientes
1220 3786 1325 3841 viri
1374 3788 1559 3845 celant
1591 3805 1694 3846 sua
1735 3790 2032 3848 dedecora.
2072 3791 2359 3848 Fortassis
2387 3791 2492 3846 hoc
2546 3790 2683 3845 illud
2731 3798 2842 3854 est,
2882 3788 3032 3859 quod
3081 3787 3237 3851 dicit,
3286 3799 3546 3856 squamas
3581 3784 3682 3835 ha-

440 3864 593 3933 bere,
625 3864 755 3921 dum
802 3882 904 3924 sua
946 3870 1160 3925 scelera
1213 3873 1550 3941 quibusdam
1594 3890 1697 3934 ceu
1744 3875 2074 3937 velamentis
2113 3879 2430 3935 convelant.
2484 3876 2701 3948 Smpius
2731 3890 2954 3947 quoque
2986 3876 3041 3929 in
3074 3888 3355 3929 summum
3391 3879 3685 3939 emergunt

441 3967 592 4009 mare
630 3963 689 4009 ut
720 3953 1010 4012 foveantur
1048 3958 1225 4016 radiis
1257 3960 1557 4031 solaribus,
1595 3975 1650 4021 et
1684 3967 2020 4037 piscatorum
2062 3967 2333 4038 eﬂugiunt
2359 3980 2561 4020 manus
2594 3963 2719 4019 freti
2756 3961 2966 4034 pinnis.
3000 3962 3247 4016 Aliorum
3279 3968 3460 4013 autem
3505 3957 3681 4026 gloria

408 4039 499 4094 'in
539 4040 839 4109 ignominia
865 4046 1135 4117 ipsorum,
1162 4048 1294 4104 dum
1327 4053 1616 4122 propalam
1650 4055 2008 4126 delinquunt,
2048 4068 2266 4125 suaque
2303 4053 2514 4108 scelera
2544 4050 2871 4121 neutiquam
2896 4049 3200 4104 occultant.
3239 4046 3505 4101 Volutant
3533 4059 3593 4097 se
3625 4044 3681 4096 in

442 4128 721 4196 profundo
744 4146 924 4200 emno,
958 4134 1161 4191 infirmi
1189 4147 1319 4193 sunt
1347 4138 1627 4211 facileque
1658 4145 1960 4212 capiuntur
1986 4157 2018 4197 a
2049 4140 2450 4212 piscatoribus,
2479 4138 2799 4209 frigoreque
2838 4135 2998 4207 quasi
3041 4135 3351 4212 obtgrpent.
3398 4131 3493 4188 [iis
3530 4132 3679 4185 haud

442 4214 737 4275 dissimilis
775 4231 863 4276 est
894 4222 1030 4286 vita,
1063 4225 1158 4293 qui
1204 4234 1429 4296 propter
1473 4235 1814 4284 contractam
1851 4230 2230 4301 impuritatem
2263 4234 2541 4299 coguntur
2568 4226 2835 4283 excedere
2884 4225 3110 4291 castris,
3146 4236 3397 4293 quosque
3431 4222 3516 4274 les
3552 4236 3682 4289 pro-

440 4306 667 4361 nuntiat
702 4307 972 4379 impuros.
1023 4311 1239 4381 Reliqui
1290 4328 1425 4368 vero
1459 4314 1515 4368 in
1550 4317 1760 4371 castris
1789 4325 1977 4387 utpote
2014 4319 2071 4373 in
2112 4318 2238 4372 loco
2271 4330 2409 4386 puro
2454 4325 2509 4369 et
2536 4315 2745 4369 mundo
2776 4318 3065 4367 versantur
3108 4310 3448 4401 adhaerentes
3480 4304 3595 4401 fleo
3627 4316 3682 4401 et

437 4392 589 4462 juste
620 4395 975 4451 ambulantes
1012 4398 1067 4451 in
1116 4399 1223 4453 hoc
1277 4399 1508 4456 mundo.
1542 4399 1750 4457 Horum
1795 4404 2143 4459 consortium
2170 4416 2238 4456 ne
2260 4401 2389 4471 quis
2417 4400 2573 4466 vitet,
2604 4408 2662 4454 at
2710 4398 3060 4487 impurorum
3086 4396 3406 4487 societatem
3461 4391 3680 4487 aboinio

442 4490 648 4536 nentur
676 4495 892 4536 omnes.
933 4481 1212 4552 Scriptum
1242 4498 1479 4555 namque
1507 4496 1593 4543 est
1618 4506 1632 4542 :
1669 4505 1689 4540 ε
1720 4486 1825 4554 Qui
1857 4487 2319 4544 consuetudinem
2350 4487 2476 4542 vitae
2513 4485 2630 4556 agit
2655 4499 2782 4539 cum
2810 4481 3152 4554 sapientibus
3190 4490 3265 4568 et
3304 4481 3419 4550 ipse
3445 4481 3683 4568 sapiens

441 4568 552 4621 crit
590 4585 603 4621 :
636 4575 692 4620 at
724 4568 818 4636 qui
860 4578 1228 4622 conversatur
1253 4585 1380 4624 cum
1417 4573 1591 4628 stulto
1618 4585 1673 4628 et
1710 4575 2012 4646 insipiente
2044 4582 2421 4646 cognoscetur
2441 4572 2513 4627 “.
2548 4591 2569 4624 ι
2606 4572 2723 4628 lmo
2754 4569 2961 4625 Paulus
3002 4568 3122 4640 ipse
3160 4567 3360 4659 scribit
3392 4585 3406 4621 :
3439 4565 3497 4621 Si
3524 4565 3679 4659 quis,

443 4667 571 4706 cum
612 4653 932 4709 nominetur
962 4652 1156 4719 frater,
1182 4653 1351 4711 fuerit
1375 4658 1717 4726 vinolentus,
1761 4671 1859 4716 aut
1892 4677 2119 4728 avarus,
2156 4668 2252 4716 aut
2280 4660 2596 4727 idololatra,
2638 4666 2737 4714 aut
2763 4656 3048 4712 ebrietatis
3068 4654 3389 4717 studiosus,
3417 4667 3546 4706 cum
3581 4649 3678 4702 tali

444 4754 515 4795 ne
543 4734 728 4817 cibum
758 4754 882 4795 esse
908 4741 1240 4810 capiendum
1260 4742 1325 4797 ⁸³.

521 4825 648 4879 ΙΙωσ
676 4837 829 4880 erunt
860 4828 1008 4883 vobis
1046 4829 1434 4886 abominationi
1464 4833 1605 4887 inter
1635 4835 1882 4890 volatilia
1912 4849 1929 4888 :
1963 4836 2180 4909 Aquila,
2215 4837 2489 4906 accipiter,
2528 4834 2710 4905 aquila
2738 4834 2970 4895 marina,
3004 4830 3185 4886 vultur
3223 4838 3273 4882 et
3304 4827 3494 4881 utilem
3517 4826 3683 4894 juata

446 4914 670 4982 speciem
706 4931 882 4970 suam.
931 4914 1117 4971 Omnis
1157 4934 1346 4974 corvus
1371 4920 1535 4989 juxta
1562 4925 1785 4993 speciem
1836 4940 2012 4980 suam.
2047 4924 2159 4996 μδ,
2190 4923 2304 4997 14.]
2359 4923 2526 4979 Esum
2567 4920 2786 4992 aquilae,
2839 4918 3058 4991 grypbi,
3098 4917 3323 4980 haliaeti,
3357 4924 3413 4970 el
3441 4914 3679 4967 vulturis

438 4997 793 5057 demonstrat
824 5018 948 5059 esse
981 5004 1262 5061 illicitum.
1320 5008 1389 5062 At
1413 5009 1495 5065 hte
1518 5024 1652 5067 aves
1685 5012 2006 5080 signiﬁcant
2038 5012 2145 5067 sub
2178 5022 2306 5083 typo
2348 5008 2590 5080 quodam
2621 5006 2884 5077 superbia
2917 5005 3156 5060 inflatos.
3202 5002 3339 5058 Nam
3387 5017 3520 5057 aves
3562 5004 3681 5053 istae

447 5087 504 5141 in
541 5088 778 5144 sublime
800 5090 1044 5154 evolant,
1077 5092 1309 5147 humilia
1335 5103 1393 5149 et
1415 5093 1524 5149 ima
1555 5096 1813 5153 oderunt.
1846 5117 1866 5150 ι
1896 5098 2038 5154 Pulli
2068 5099 2239 5164 enim,
2269 5098 2450 5168 inquit
2485 5095 2798 5165 Scriptura,
2836 5094 3072 5148 vulturis
3106 5092 3374 5146 sublimes
3406 5088 3618 5172 volant.
3652 5104 3670 5138 ι

449 5173 544 5230 Sic
575 5175 741 5230 etiam
778 5191 942 5232 nemo
972 5181 1245 5249 superbus
1276 5181 1585 5240 humilibus
1609 5199 1669 5239 se
1694 5186 1889 5241 sociat.
1923 5185 2315 5254 Reprobantur
2352 5184 2463 5239 hoc
2492 5185 2614 5239 loco
2640 5191 2693 5237 et
2729 5180 2878 5237 fures
2930 5190 3317 5250 raptoresque,
3351 5192 3491 5249 quos
3518 5177 3677 5231 nobis

445 5262 649 5318 milvus
679 5264 909 5335 aliaeque
939 5280 1169 5334 rapaces
1198 5284 1327 5324 aves
1362 5271 1720 5328 adumbrant.
1751 5273 2087 5344 Versipelles
2120 5284 2174 5329 et
2220 5272 2478 5329 occaecati
2515 5278 2698 5325 mente
2743 5268 3060 5322 iudicantur
3093 5283 3190 5339 per
3222 5281 3475 5322 corvum.
3510 5265 3675 5319 Stru-

447 5348 670 5407 tbiones
721 5360 777 5408 et
829 5354 930 5409 lari
973 5356 1259 5412 declarant
1304 5357 1559 5417 homines
1592 5361 1899 5423 helluones.
1938 5364 2032 5434 qui
2067 5361 2231 5433 3M
2279 5358 2555 5431 quidquid
2600 5356 2820 5411 obviam
2853 5364 2940 5410 est
2994 5356 3265 5424 colligunt
3312 5360 3370 5407 et
3421 5352 3671 5423 rapiunt,

447 5438 733 5509 avidaeque
767 5440 1028 5513 ingluviei
1062 5444 1291 5500 donant.
1343 5445 1453 5502 Nec
1487 5462 1598 5502 non
1636 5448 2090 5506 demonstrantur
2124 5452 2286 5506 nobis
2322 5450 2427 5505 sub
2480 5448 2565 5502 bis
2614 5446 2808 5500 avibus
2862 5445 3119 5499 homines
3171 5441 3537 5503 fraudulenti,
3578 5440 3673 5509 qui

446 5528 706 5585 omnibus
740 5529 1097 5599 insidiantur,
1129 5547 1342 5604 suaque
1373 5535 1654 5591 incondita
1688 5553 1821 5592 voce
1855 5548 1910 5593 et
1949 5540 2354 5594 obtrectatione
2390 5535 2590 5592 vicinis
2621 5542 2751 5590 sunt
2789 5532 3033 5587 molesti.
3069 5533 3158 5585 Sic
3196 5529 3462 5600 accipiter
3488 5535 3675 5598 captat

519 5660 563 5692 ³⁸
592 5657 736 5714 Psal.
776 5678 901 5724 xxv,
932 5662 1014 5717 l2.
1093 5664 1135 5696 ³⁵⁵
1166 5662 1310 5719 Psai.
1338 5680 1459 5729 xm,
1484 5665 1538 5720 3.
1615 5665 1661 5695 ⁵⁰
1691 5663 1807 5719 Jac.
1840 5682 1899 5731 II,
1929 5667 2021 5721 20.
2098 5668 2116 5699 ³

2098 5668 2136 5699 δ’
2166 5666 2312 5722 Psal.
2338 5680 2457 5731 cm,
2483 5664 2574 5718 9.5.
2662 5663 2703 5693 δ’
2734 5658 2851 5715 Jac.
2884 5673 2967 5727 Ill,
3002 5656 3059 5713 2.
3173 5657 3218 5689 ⁸³
3239 5654 3406 5711 Prov.
3431 5668 3588 5721 xm,
3617 5653 3671 5709 9.

400 5728 497 5849 I“
526 5730 541 5784 Ι
566 5731 695 5784 Cor.
731 5748 785 5797 v,
817 5732 898 5787 ll.
