4050 6212
325 375 432 436 721
1305 381 1836 446 COMMENTARII
1871 387 1954 447 IN
1985 383 2424 454 LEVITICUM;
3469 399 3574 462 730

331 490 666 546 ίηίῖνηῖῖοιέε
701 491 978 560 εινῖουῐθεν
1017 495 1210 566 eisque
1265 515 1364 554 sua
1394 501 1606 572 jejunia
1641 505 1844 574 pascit.
1891 503 2192 576 Mergulus,
2225 509 2352 572 ibis,
2401 505 2562 562 ardea
2609 513 2666 561 et
2707 505 3008 578 pelecanus
3063 505 3357 561 imminent
3403 511 3576 566 exitio

331 581 594 646 piscium.
631 585 700 634 At
734 583 900 638 nobis
929 584 1216 642 delineant
1243 588 1370 644 illos
1403 592 1676 660 homines,
1711 595 1764 650 in
1807 611 1950 665 quos
1977 595 2106 649 illud
2137 593 2438 664 Scriptura:
2463 593 2738 664 quadrat:
2777 613 2796 645 ‹
2827 591 2946 648 Non
2979 607 3076 648 sua
3109 603 3438 662 querentes,
3480 599 3575 651 sed

329 667 506 734 magis
538 684 660 737 quae
701 681 831 724 sunt
866 671 1102 728 aliorum
1131 693 1145 738 ;
1176 691 1301 732 nam
1343 678 1590 736 charitas
1649 683 1902 751 proximo
1933 681 2143 736 malum
2193 697 2306 736 non
2355 693 2614 752 operatur
2639 681 2708 735 ".
2743 701 2762 734 ι
2799 679 3035 735 Damnat
3064 697 3286 751 quoque
3333 683 3384 736 i-n
3431 685 3576 741 cibis

331 757 608 818 volucres,
643 772 766 824 qua}
809 768 1001 814 amant
1049 771 1272 816 noctem
1304 773 1360 818 et
1391 768 1670 822 tenebras.
1727 771 1798 824 At
1835 769 2030 824 harum
2069 771 2122 822 in
2181 769 2434 840 catalogo
2469 777 2848 823 memorantur
2885 767 3136 830 erodius,
3175 769 3348 835 ulula,
3382 769 3578 823 chara-

333 841 516 927 :lrion,
557 859 739 912 upupa
772 855 826 898 et
855 855 1082 902 noctua.
1115 848 1290 904 Nobis
1326 867 1454 906 vero
1485 855 1589 908 sub
1617 855 1810 910 harum
1843 859 2025 910 avium
2057 867 2184 927 typo
2209 865 2724 910 commonstrantur
2747 855 3020 919 homines,
3058 855 3150 927 qui
3183 856 3322 908 mala
3355 866 3578 926 patrant

333 925 600 984 facinora.
637 932 820 1000 lnquit
855 935 1131 1002 siquidem
1167 937 1426 994 Christus
1462 927 1488 994 ἶ
1518 959 1536 992 ι
1569 941 1762 998 Omnis
1814 943 1910 1014 qui
1942 925 2093 999 mala
2118 925 2286 997 'facit
2334 943 2450 997 odit
2501 945 2702 1007 lucem,
2737 951 2924 997 etnon
2957 925 3106 998 venit
3154 943 3218 996 ad
3272 945 3470 1005 lucem,
3507 961 3577 998 ne

334 1033 496 1082 opera
523 1018 644 1084 ejus
677 1021 1108 1090 redarguantur.
1146 1025 1250 1088 Qui
1283 1041 1415 1080 vero
1447 1029 1738 1084 veritatem
1775 1029 1926 1095 facit,
1957 1031 2005 1086 is
2035 1032 2218 1101 prodit
2251 1031 2306 1084 in
2339 1031 2513 1085 lucem
2547 1041 2608 1086 ut
2637 1045 2804 1100 opera
2839 1045 2940 1086 sua
2967 1031 3415 1092 manifesteutur,
3447 1033 3575 1098 quia

333 1103 388 1156 in
445 1102 554 1156 Deo
595 1105 744 1159 facta
795 1117 926 1162 sunt
971 1109 1037 1164 “.
1091 1130 1108 1162 ι
1167 1112 1313 1166 Inter
1339 1117 1586 1170 volatilia
1621 1118 1834 1188 impura
1863 1127 2162 1174 censentur
2185 1133 2528 1187 quaecunque
2585 1103 2791 1172 fuerint
2842 1119 3243 1188 quadrupedia.
3305 1118 3574 1172 Praeterea

335 1206 536 1245 tnuscaa
567 1209 782 1260 omnes,
815 1205 870 1248 et
903 1213 1252 1268 quaecunque
1277 1200 1445 1268 huius
1473 1205 1694 1273 generis
1727 1205 1936 1260 fuerint
1975 1207 2210 1268 insecta,
2243 1207 2390 1260 inter
2427 1205 2710 1260 innnunda
2743 1213 3235 1260 connumerantur.
3267 1203 3320 1258 ln
3361 1208 3574 1272 ninguis

247 1313 255 1320 -
334 1287 386 1331 ct
423 1279 609 1346 parvis
637 1282 1040 1350 animantibus,
1073 1302 1424 1357 quacunque
1447 1292 1680 1346 maleﬁci
1719 1293 1928 1346 fuerint
1959 1293 2205 1359 generis,
2235 1307 2296 1344 ea
2327 1291 2620 1360 Scriptura
2647 1307 2802 1346 saera
2835 1292 3156 1360 pronuntiat
3189 1292 3425 1358 impura.
3453 1292 3572 1346 Non

332 1367 477 1418 enim
512 1374 597 1420 est
633 1383 996 1436 personarum
1047 1383 1340 1441 respectus
1370 1378 1512 1445 apud
1555 1377 1748 1434 Deum.
1799 1381 2170 1451 Excipiuntur
2219 1389 2400 1434 autem
2439 1379 2652 1432 locusta
2703 1387 2758 1430 et
2813 1379 3062 1434 bruchus
3099 1387 3154 1432 et
3197 1379 3422 1445 similia,
3451 1395 3574 1448 qua:

334 1453 640 1506 animantia
685 1455 942 1522 quamvis
993 1460 1274 1514 exsultare
1325 1471 1548 1526 norunt,
1591 1473 1770 1520 tamen
1823 1467 2098 1520 interdum
2153 1468 2342 1522 volant
2365 1481 2612 1536 quoque,
2672 1482 2776 1522 nec
2821 1481 3044 1536 semper
3091 1467 3296 1536 degunt
3325 1467 3574 1522 demersa

337 1539 530 1592 humo.
558 1539 710 1594 Talis
749 1553 854 1606 est,
891 1544 986 1612 qui
1021 1553 1268 1600 sectatur
1306 1547 1474 1602 vitam
1519 1550 1686 1619 hujus
1728 1554 1935 1616 saeculi,
1977 1571 2080 1608 nec
2133 1563 2316 1609 tamen
2351 1556 2574 1624 penitus
2601 1564 2753 1608 caret
2788 1569 2980 1610 amore
3025 1553 3118 1608 Dei
3152 1573 3165 1608 :
3216 1568 3322 1608 nec
3349 1554 3574 1608 interim

335 1644 577 1698 prorsus
613 1631 838 1686 deditus
860 1642 914 1686 et
943 1635 1204 1690 astrictus
1231 1645 1314 1690 est
1339 1639 1567 1694 terrenis
1591 1649 1644 1694 et
1677 1642 1901 1696 caducis
1936 1644 2122 1696 rebus.

407 1713 586 1786 Inquit
619 1733 738 1771 eum
799 1719 890 1786 qui
924 1725 1330 1776 contrectaverit
1385 1727 1630 1788 cadaver,
1683 1739 1920 1796 oportere
1967 1731 2146 1784 lavare
2197 1729 2530 1795 vestimenta,
2573 1735 2622 1782 et
2670 1727 2738 1781 ad
2771 1743 3042 1794 uesperam
3071 1743 3182 1780 esse
3221 1743 3432 1794 purum,
3467 1737 3574 1781 etc.

338 1800 592 1874 [Xl,25.l
625 1803 760 1856 Nam
793 1807 1110 1864 novissimis
1133 1811 1468 1880 temporibus
1495 1813 1548 1867 in
1573 1813 1794 1870 Christo
1825 1817 2100 1887 repurgati
2137 1831 2329 1870 smnus
2365 1815 2433 1869 ab
2459 1816 2718 1877 omnibus
2750 1817 2994 1884 peccatis
3041 1815 3294 1868 eluentes
3325 1815 3580 1882 inquina-

339 1898 524 1944 menta
555 1893 704 1945 sacri
737 1893 996 1963 baptismi
1031 1895 1266 1966 liquore.
1305 1917 1324 1949 ς
1353 1898 1416 1953 Et
1453 1915 1614 1956 omne
1646 1905 1788 1971 quod
1814 1921 1980 1974 super
2008 1921 2204 1958 ruanus
2233 1905 2500 1972 graditur,
2541 1903 2685 1958 inter
2713 1919 2908 1957 omnes
2939 1903 3166 1966 bestias,
3199 1921 3218 1954 θ
3249 1911 3354 1956 etc.
3385 1902 3580 1954 Bestia:

338 1976 422 2030 lue
456 1977 701 2031 indicant
733 1979 883 2034 viros
934 1983 1190 2038 crudeles
1249 1991 1304 2038 et
1331 1985 1502 2042 caulis
1533 1987 1746 2053 avidos,
1791 1989 2252 2060 quemadmodum
2298 2007 2462 2062 supra
2499 1992 2774 2046 dedimus.
2809 1989 3061 2052 Mustela,
3103 2007 3248 2054 mus,
3296 1999 3350 2044 et
3401 1990 3582 2044 stellio

337 2071 392 2118 ct
447 2065 654 2120 similia
702 2068 1002 2122 animantia
1041 2075 1619 2140 repraesentantviros
1667 2078 1906 2142 dolosos,
1960 2081 2053 2148 qui
2107 2081 2244 2134 ciam
2303 2073 2533 2134 insidias
2571 2079 2880 2132 moliuntur
2921 2087 2976 2132 et
3023 2077 3221 2130 damna
3255 2077 3578 2145 important.

339 2150 624 2221 Siquidem
661 2154 782 2208 ista:
817 2155 1066 2212 bestiolae
1090 2159 1319 2229 inopino
1351 2176 1455 2216 suo
1486 2163 1724 2217 adventu
1763 2173 1971 2220 terrent
2003 2168 2275 2220 humanas
2313 2175 2549 2220 mentes.
2587 2163 2731 2218 Vasa
2762 2171 2970 2226 autem,
3003 2179 3126 2233 qua:
3157 2165 3450 2216 morticina
3483 2177 3582 2216 seu

337 2239 604 2294 cadavera
643 2241 953 2311 attigerint,
995 2244 1244 2314 intelligo
1267 2245 1545 2314 homines,
1583 2249 1786 2318 quibus
1821 2251 2172 2306 familiaritas
2203 2253 2494 2307 intercedit
2517 2269 2641 2306 cum
2669 2252 2906 2322 impuris
2931 2251 3280 2312 hominibus,
3319 2251 3444 2304 licet
3477 2250 3580 2316 ipsi

339 2341 438 2397 per
469 2342 530 2382 se
587 2343 696 2382 non
737 2328 945 2384 fuerint
995 2331 1296 2401 impuritati
1343 2335 1590 2400 obnoxii,
1632 2345 1689 2390 at
1727 2340 1866 2392 male
1898 2342 2094 2409 agendi
2149 2341 2491 2410 propositum
2521 2340 2751 2410 jamjam
2777 2351 2782 2354 '
2807 2339 3079 2410 ceperint.
3115 2337 3384 2392 Caeterum
3417 2339 3586 2392 edicit

341 2417 540 2478 fontes,
573 2418 854 2472 cisternas
886 2425 940 2473 et
977 2419 1084 2472 alia
1124 2435 1392 2490 aquarum
1443 2425 1812 2492 receptacula,
1851 2441 1952 2479 nec
2010 2443 2118 2480 non
2170 2435 2386 2497 segetes
2433 2442 2556 2482 esse
2613 2427 2887 2481 immunes
2943 2426 3012 2480 ab
3049 2427 3436 2496 inquinatione
3469 2427 3580 2482 illa.

341 2501 546 2558 Verum
583 2521 652 2560 ne
709 2506 926 2560 interim
971 2509 1138 2562 lateat
1185 2510 1436 2564 homines
1467 2525 1610 2579 saepe
1665 2515 1782 2566 suis
1822 2515 2050 2570 sedibus
2095 2517 2290 2585 pulsos
2324 2531 2446 2570 cum
2485 2516 2660 2586 pressi
2715 2515 2853 2584 legis
2883 2531 3055 2569 onere
3104 2531 3225 2570 eam
3275 2530 3382 2568 non
3425 2531 3584 2568 exsc—

339 2601 668 2663 querentur.
709 2593 764 2648 Si
797 2595 924 2664 quis
957 2597 1202 2650 animum
1249 2597 1500 2666 adjiciat,
1536 2599 1804 2670 intelliget
1829 2603 2013 2656 omnia
2041 2603 2157 2664 illa,
2199 2617 2320 2672 qum
2357 2603 2612 2658 homines
2653 2603 3080 2664 adinvenerunt,
3134 2617 3505 2670 conspurcare
3529 2611 3586 2654 et

341 2683 726 2736 contaminare
775 2683 1076 2738 humanum
1133 2686 1437 2753 ingenium.
1501 2687 1865 2757 Excipiuntnr
1924 2701 2104 2745 autem
2137 2694 2314 2744 κοιναὶ
2359 2691 2578 2756 ἔννοιαι,
2630 2691 2684 2744 id
2715 2699 2822 2754 est,
2877 2689 3221 2744 universales
3279 2698 3584 2758 conceptus

343 2768 540 2830 animi,
583 2771 676 2838 qui
715 2777 842 2822 sunt
873 2771 1042 2824 veluti
1079 2769 1264 2825 fontes
1293 2779 1348 2824 et
1369 2773 1834 2830 semina-virtutis
1857 2783 1911 2830 et
1939 2777 2052 2840 lux,
2079 2777 2384 2832 secundum
2411 2775 2677 2832 Joannem
2703 2775 2773 2840 ⁸⁷,
2809 2791 2982 2846 quam
3015 2777 3260 2828 tenebris
3295 2791 3398 2826 non
3431 2791 3586 2828 com-

341 2857 726 2924 prehenditur.
753 2855 816 2909 Ili
842 2858 1014 2910 animi
1041 2867 1344 2928 conceptus
1369 2860 1632 2914 hauriunt
1659 2877 1858 2931 aquam
1883 2865 2087 2918 vivam.
2121 2863 2177 2916 Si
2210 2880 2340 2917 vero
2372 2872 2822 2934 conspurcentur
2853 2871 2978 2931 post
3007 2863 3246 2932 agnitam
3271 2861 3584 2926 veritatem,

341 2943 494 2995 nulla
527 2943 638 2998 illis
677 2959 776 3012 pro
806 2943 1010 2997 delicto
1043 2945 1255 3014 reliqua
1283 2955 1366 3000 est
1397 2947 1602 3002 liOSlia.
1639 2946 1747 3003 Sed
1785 2951 2076 3005 reCedcnte
2104 2951 2300 3020 spiritu
2333 2952 2388 3006 in
2429 2951 2574 3006 duas
2599 2958 2860 3006 secantur
2895 2959 3103 3020 partes,
3127 2957 3180 3004 et
3209 2961 3337 3016 pars
3365 2948 3584 3002 illorum

342 3042 470 3082 cum
502 3029 804 3084 incredulis
833 3038 886 3083 et
910 3033 1094 3099 impiis
1127 3033 1518 3088 collocabitur.

418 3115 480 3172 Si
535 3129 710 3171 autem
751 3120 1017 3172 moriatur
1056 3119 1383 3187 jumentum,
1421 3131 1532 3176 etc.
1571 3119 1712 3192 [59.]
1760 3121 2034 3178 Docemur
2070 3124 2178 3178 sub
2227 3115 2668 3179 hoc—involucro
2707 3121 2840 3176 illud
2894 3121 3086 3178 Pauli:
3133 3141 3152 3174 ι
3183 3120 3240 3177 Si
3280 3123 3425 3194 quis,
3463 3137 3586 3175 cum

343 3205 666 3260 nominetur
700 3205 893 3271 frater,
947 3207 1118 3262 fuerit
1161 3218 1252 3262 aut
1298 3217 1596 3276 scortator,
1632 3217 1727 3262 aut
1777 3227 2002 3272 avarus.
2043 3222 2138 3267 aut
2190 3213 2506 3276 idololatra,
2559 3221 2655 3265 aut
2705 3212 3067 3274 convivator,
3110 3219 3206 3265 aut
3247 3214 3454 3275 ebrius,
3497 3217 3589 3263 aut

348 3305 558 3364 raptor,
589 3309 712 3349 cum
749 3297 844 3350 tali
875 3311 943 3350 ne
973 3297 1156 3350 cibum
1187 3298 1451 3366 ceperitis
1475 3298 1539 3352 ".
1571 3317 1588 3349 ι
1627 3298 1732 3364 Qui
1759 3300 1904 3354 enim
1939 3299 2246 3354 arbitratur
2285 3300 2360 3354 ob
2397 3299 2578 3362 ﬁdem,
2607 3311 2774 3368 quam
2824 3299 3010 3362 habet,
3050 3313 3110 3354 se
3141 3315 3338 3368 purum
3365 3314 3510 3360 esse,
3543 3297 3590 3352 si

349 3381 680 3447 subjiciatur
704 3383 884 3446 morti,
913 3399 1074 3454 quam
1113 3383 1329 3438 inducit
1367 3395 1678 3454 peccatum,
1712 3387 1962 3455 impurus
1991 3395 2096 3450 est.
2126 3403 2306 3458 neque
2333 3388 2547 3457 piorum
2583 3388 2868 3442 consortio
2895 3388 3116 3455 dignus.
3153 3386 3286 3441 Nam
3327 3389 3588 3456 scriptum

345 3477 472 3522 est:
509 3488 526 3518 ι
554 3467 658 3534 Qui
715 3469 890 3540 tangit
941 3471 1140 3540 picem,
1175 3471 1556 3538 iuquinabitur
1593 3473 1662 3526 i'.
1697 3491 1716 3524 ι
1753 3473 2023 3528 Caeterum
2057 3476 2204 3530 illius
2241 3476 2444 3547 impuri
2473 3490 2566 3531 res
2623 3489 2686 3530 se
2737 3474 2876 3530 bene
2927 3473 3236 3540 habebunt,
3265 3475 3314 3530 si
3348 3474 3592 3542 profusis

351 3555 610 3625 iacrymis
643 3557 983 3621 pwnitentiae
1010 3557 1312 3610 remedium
1343 3559 1636 3626 repererit.

421 3639 532 3694 Nec
555 3641 804 3710 polluetis
831 3643 1037 3695 animas
1073 3653 1273 3696 vestras
1307 3644 1362 3696 in
1389 3645 1633 3698 onmibus
1665 3643 1964 3711 reptililms,
2000 3655 2107 3703 etc.
2143 3648 2280 3720 [45.]
2325 3647 2484 3704 Nunc
2529 3649 2758 3704 disertis
2812 3649 2998 3704 verbis
3049 3649 3302 3705 ostendit
3347 3663 3447 3719 per
3477 3649 3596 3701 ani-

354 3729 618 3782 mantium
671 3727 1062 3797 praedictorum
1107 3730 1322 3799 species
1374 3732 1608 3800 proponi
1657 3733 1952 3801 qualitates
1999 3748 2236 3788 morum.
2272 3733 2418 3796 Quid
2453 3733 2598 3788 enim
2645 3733 2806 3804 355
2861 3743 3130 3788 externus
3175 3741 3357 3788 tactus
3403 3733 3590 3786 dainni

353 3815 514 3868 infert
549 3815 784 3868 anima}?
815 3815 1090 3874 Prteterea
1120 3817 1253 3886 quid
1286 3817 1608 3872 detrimenti
1663 3820 1886 3873 timetur
1921 3818 1992 3870 ab
2020 3831 2109 3880 eo,
2145 3813 2289 3884 quod
2327 3815 2637 3884 ingreditur
2685 3817 2738 3869 in
2785 3823 3030 3869 ventrem
3073 3823 3128 3868 et
3171 3831 3270 3884 per
3315 3829 3592 3868 secessum

356 3901 596 3970 ejicitur,
623 3905 924 3958 secundum
960 3903 1269 3960 Salvatoris
1298 3921 1487 3960 vocem
1516 3906 1608 3958 ὀἳ
1639 3906 1743 3960 Per
1779 3906 2002 3976 reptilia
2027 3905 2315 3966 docemur.
2335 3921 2402 3959 ne
2435 3919 2662 3974 prorsus
2690 3903 2894 3959 addicti
2927 3905 3102 3958 simus
3137 3905 3303 3958 rebus
3337 3904 3594 3966 terrenis,

358 3989 565 4059 alioqui
603 3991 820 4042 macula
862 4005 968 4043 non
1011 3991 1364 4046 vacabimus.
1399 3979 1566 4046 Forte
1596 3993 1722 4062 quis
1757 3993 1904 4046 dicat
1947 3991 2311 4061 pollutionem
2345 3999 2400 4045 et
2434 3993 2771 4062 contagium,
2809 4007 2931 4062 qua:
2963 4008 3130 4062 opera
3169 3993 3310 4044 mala
3341 3991 3594 4044 comitari

361 4077 555 4137 solent,
587 4092 834 4145 praesens
863 4077 1144 4146 respicere
1188 4079 1476 4133 saculum.
1517 4078 1654 4133 Nam
1693 4079 1944 4133 futurum
1991 4079 2250 4133 saeculum
2281 4079 2428 4134 omni
2457 4077 2580 4132 labe
2615 4087 2767 4132 caret
2816 4078 2888 4130 ab
2931 4081 3080 4132 omni
3115 4087 3288 4148 parte.
3321 4075 3414 4130 Vel
3449 4076 3596 4144 quod

363 4165 460 4219 ista
495 4167 734 4235 pollutio
768 4166 834 4220 ad
865 4167 1034 4222 breve
1065 4175 1282 4238 tempus
1320 4168 1502 4235 duret,
1529 4168 1636 4223 nisi
1668 4169 1883 4224 radices
1913 4167 2088 4244 egerit
2120 4167 2174 4220 in
2203 4167 2386 4223 animo
2409 4179 2465 4224 et
2493 4167 2652 4240 quasi
2681 4166 2736 4220 in
2775 4175 3032 4222 naturam
3063 4183 3220 4224 versa
3249 4166 3437 4234 fuerit,
3465 4174 3598 4220 tunc

359 4251 650 4307 difﬁculter
683 4253 1024 4309 eradicatur.

427 4339 628 4394 Mulier
649 4358 766 4406 qua:
795 4353 1040 4412 concepto
1073 4345 1270 4398 semine
1295 4343 1490 4412 peperit
1515 4359 1738 4408 marem,
1793 4351 1902 4400 etc.
1935 4341 2078 4415 [Xli,
2105 4343 2198 4416 2.]
2235 4341 2541 4398 Suti‘ecerat
2569 4341 2821 4398 dixisse:
2857 4339 3050 4395 Mulier
3077 4341 3121 4396 si
3157 4339 3370 4410 peperit
3402 4339 3596 4394 lilium.

364 4428 468 4483 Sed
505 4430 712 4498 excipit
743 4437 992 4483 sanctam
1021 4429 1322 4500 Virginem,
1356 4447 1476 4500 qua:
1519 4432 1732 4486 nullius
1773 4433 2004 4486 seminis
2041 4433 2357 4486 interventu
2395 4431 2566 4485 tilium
2603 4430 2763 4482 enixa
2796 4437 2906 4485 est.
2957 4429 3093 4483 Nam
3142 4443 3266 4481 cum
3299 4435 3598 4494 conceptus

358 4529 508 4574 esset
529 4519 599 4573 de
625 4517 837 4588 Spiritu
872 4529 1095 4584 sancto,
1125 4535 1238 4574 non
1273 4521 1666 4590 requirebatur
1689 4519 1757 4574 ad
1791 4531 2116 4575 sanctorum
2151 4519 2584 4589 primogenitum
2616 4515 2954 4587 gignendum
2995 4515 3224 4568 seminis
3253 4513 3418 4568 fusio.
3443 4515 3602 4566 Hunc

357 4611 788 4680 primogenitum
819 4621 1144 4667 sanctorum
1177 4599 1392 4667 credito
1424 4627 1549 4668 esse
1587 4613 1867 4683 primitias
1903 4611 2132 4666 illorum
2173 4605 2270 4677 qui
2331 4613 2730 4676 regenerantur
2758 4619 2856 4674 per
2894 4601 3170 4672 Spiritum
3211 4611 3492 4660 sanctum,
3542 4601 3607 4652 de

359 4699 562 4768 quibus
585 4700 660 4752 ita
695 4699 999 4768 profatur:
1041 4717 1058 4752 α
1097 4699 1198 4766 Qui
1238 4715 1348 4754 non
1393 4715 1460 4754 ex
1521 4701 1897 4770 sanguinibus
1940 4713 2044 4770 nec
2081 4711 2146 4749 ex
2189 4694 2476 4748 voluntate
2519 4691 2728 4756 carnis,
2774 4689 2872 4745 sed
2903 4705 2968 4744 ex
3005 4689 3116 4743 Deo
3153 4689 3264 4752 nati
3312 4697 3442 4742 sunt
3479 4687 3544 4739 ".
3584 4706 3601 4736 ι

358 4783 556 4839 Mulier
580 4786 784 4839 dicitur
811 4787 976 4840 etiam
1009 4787 1186 4856 virgo.
1217 4785 1352 4840 Nam
1401 4787 1516 4841 haec
1553 4787 1854 4856 appellatio
1885 4791 1979 4841 est
2012 4783 2198 4838 artatis
2229 4780 2558 4843 adultioris,
2595 4777 3064 4847 quemadmodum
3103 4775 3266 4829 etiam
3303 4775 3608 4843 appellatio

360 4873 464 4926 viri
501 4875 680 4926 virmn
725 4875 1022 4942 signiticat,
1057 4875 1162 4928 etsi
1213 4889 1500 4940 nunquam
1539 4889 1668 4928 cum
1729 4875 1962 4928 muliere
1995 4869 2374 4928 concubuerit.
2426 4867 2701 4933 Quocirca
2753 4865 2959 4916 Paulus
2991 4863 3044 4915 in
3081 4863 3198 4916 haec
3251 4862 3415 4914 verba
3455 4877 3612 4915 suam

363 4955 610 5030 linguam
641 4961 806 5015 solvit
841 4978 856 5014 :
903 4979 922 5012 ‹
967 4959 1168 5014 Emisit
1217 4961 1364 5016 Deus
1397 4960 1598 5014 Filium
1625 4975 1784 5018 suum
1809 4969 2000 5014 natum
2038 4973 2106 5012 ex
2133 4957 2364 5010 muliere
2401 4955 2468 5006 ".
2509 4971 2528 5004 ι
2565 4951 2836 5006 Similiter
2877 4959 2931 5005 et
2968 4951 3316 5004 Abrahamns
3351 4950 3608 5019 imperat.

364 5063 463 5104 suo
487 5051 766 5114 ministro,
805 5063 968 5118 quem
1005 5049 1320 5103 miseratad
1355 5048 1701 5114 Bethuelcm,
1739 5057 1800 5102 ut
1833 5049 2114 5116 acciperet
2139 5041 2268 5097 inde
2305 5041 2418 5094 filio
2443 5055 2545 5095 suo
2585 5038 2900 5101 mulierem,
2947 5053 3049 5092 nec
3101 5037 3240 5092 dixit
3271 5055 3285 5090 :
3319 5039 3616 5106 virginem.

435 5183 561 5246 Πῶς
590 5182 646 5235 δὲ
669 5181 975 5252 ἀκάθαρτος
1009 5183 1044 5252 ἡ
1090 5179 1328 5234 τεκοῦσα.
1371 5181 1506 5251 γυνή
1539 5197 1554 5246 ;
1581 5181 1645 5234 01
1674 5178 1774 5251 μέν
1805 5195 1938 5247 φασι
1968 5193 2016 5250 Α

2113 5178 2296 5244 Quare
2333 5183 2514 5230 autem
2547 5172 2831 5228 immunda
2873 5179 2983 5238 est,
3019 5188 3142 5242 qua:
3179 5174 3432 5242 peperit?
3485 5171 3620 5239 Qui—

364 5275 449 5328 διὰ
488 5275 588 5346 τὴν
621 5276 698 5337 εἰς
729 5274 940 5342 γένεσιν
977 5272 1276 5344 ἐρχομένην
1307 5271 1504 5342 ψυχὴν,
1535 5273 1659 5342 ἥτις
1707 5271 1937 5341 μολύνε-

2045 5272 2170 5326 dam
2200 5269 2353 5324 aiunt
2379 5268 2449 5322 ob
2471 5267 2736 5330 animam,
2764 5281 2890 5336 quae
2926 5267 2980 5320 in
3011 5268 3424 5334 generationem
3449 5267 3617 5328 venit,

367 5379 486 5418 ται·
525 5365 621 5417 καὶ
653 5365 704 5417 ol.
731 5363 906 5436 ταύτῃ
945 5365 1079 5433 πρὸς
1109 5363 1323 5429 γένεσιν
1355 5363 1826 5432 ὑπουργήσαντες,
1861 5359 1938 5422 ὡς

2047 5371 2102 5417 et
2133 5363 2248 5416 haec
2293 5367 2724 5429 conspurcatur,
2757 5372 2860 5412 nec
2893 5373 3002 5412 non
3036 5367 3089 5410 et
3122 5357 3202 5422 hi,
3243 5359 3338 5426 qui
3371 5357 3494 5425 ejus
3522 5371 3617 5424 ge-

367 5455 574 5508 δεῖσθαι
626 5457 721 5510 καὶ
763 5455 856 5508 τοῦ
903 5455 990 5507 διὰ
1041 5453 1244 5506 Θυσιῶν
1276 5453 1538 5524 ἱλασμοῦο
1569 5457 1713 5518 τινὲς
1747 5453 1824 5520 δὲ,
1853 5455 1935 5506 ὅτι

2048 5453 2321 5508 nerationi
2358 5451 2690 5506 inserviunt.
2719 5449 2912 5520 Itaque
2951 5451 3275 5520 requiritur,
3306 5457 3364 5504 ut
3417 5449 3621 5504 sortia-

369 5547 810 5616 γίνεταιγένεσις
835 5545 1118 5616 προϊόντος
1147 5543 1238 5596 τοῦ
1256 5543 1554 5611 γεννῶντος
1593 5547 1656 5596 ἐκ
1683 5545 1780 5615 τῆς
1809 5545 1934 5596 ἑαυ-

2045 5551 2137 5595 tur
2186 5541 2514 5612 purgamina
2563 5541 2824 5596 mactatis
2864 5541 3126 5598 victimis.
3181 5541 3414 5607 Quidam
3447 5541 3613 5593 aliam

441 5703 488 5736 "
517 5703 538 5753 1
565 5701 692 5757 Cor.
723 5717 842 5762 xm,
866 5701 920 5756 5.
997 5697 1042 5731 “
1075 5697 1233 5752 Joan.
1269 5713 1352 5758 ιιι,
1391 5697 1480 5758 20,
1511 5697 1602 5750 21.
1679 5699 1720 5728 ⁵⁷
1759 5695 1914 5750 σιδαιι.
1957 5695 2040 5760 1,Ξ

2021 5695 2072 5750 5.
2151 5697 2196 5728 ⁸⁸
2231 5695 2399 5750 lCor.
2436 5711 2504 5760 γ,
2545 5695 2628 5750 11.
2711 5695 2752 5728 ⁵³
2790 5694 2958 5750 Eccli.
3015 5709 3138 5760 am,
3195 5693 3247 5746 l.
3324 5693 3369 5724 ”
3399 5691 3595 5748 Matth.

375 5787 464 5834 xv,
503 5773 586 5826 Π.
661 5773 702 5804 ⁵⁸
743 5771 902 5828 .loan.
941 5785 978 5832 ι,
1029 5769 1111 5822 15.
1189 5767 1234 5798 ⁸¹
1277 5768 1458 5820 Ualat.
1501 5783 1572 5826 tv,
1615 5769 1666 5822 οἱ.
