4050 6212
382 296 482 364 ἿΊΙ

1672 300 1993 362 PROCOPI
2002 300 2028 360 Ι
2068 301 2311 361 GAZJEI

3534 294 3636 335 ""9

3545 331 3638 356 ιυώ

380 411 714 473 expromunt
758 417 1004 467 causam,
1040 402 1304 459 videlicet
1349 402 1495 473 quod
1534 405 1821 473 generatio
1865 404 1959 458 fiat

2078 404 2156 459 τοῦ
2184 403 2519 476 τελειότητος
2540 404 2619 468 είς
2649 403 2709 457 τὸ
2746 403 2936 465 ἀτελὲς
2961 401 3055 456 τοῦ
3076 398 3447 473 γεννωμένου.
3482 402 3635 473 Αὕτη

376 495 714 563 procedente
744 495 798 547 vi
827 494 1169 564 generativa,
1200 506 1321 562 qua:
1340 493 1586 563 perfecta
1616 501 1719 555 est,
1752 491 1822 546 ad
1855 492 1959 547 im-

380 585 806 653 perfectionem,
856 585 986 639 dum
1038 583 1115 649 id,
1157 584 1308 654 quod
1347 583 1529 638 adhuc
1570 584 1959 651 imperfectum

378 686 503 741 est,
562 685 806 731 creatur.
866 674 1003 729 Nam
1054 675 1175 744 ipsa
1234 683 1439 730 natura
1502 675 1644 730 solet
1696 674 1960 742 paulatim

317 747 327 758 ’
391 768 646 822 amittere
684 781 842 822 suam
871 767 1163 837 pristinam
1212 766 1635 837 perfectionem,
1662 765 1797 820 dum
1830 764 1961 821 sub-

382 857 511 912 inde
580 858 910 919 distrahitur
972 857 1209 913 infinitis
1267 857 1761 928 generationibus.
1821 870 1962 926 quas

385 950 621 1020 perlicit.
649 950 996 1020 Quapropter
1027 952 1204 1006 donec
1241 948 1391 1006 fetus
1420 950 1686 1005 formetur
1718 952 1776 1003 in
1803 955 1963 1003 utero

385 1051 663 1108 materno,
706 1044 922 1113 impura
957 1050 1044 1099 est
1087 1058 1380 1114 puerpera,
1419 1042 1477 1097 id
1509 1050 1614 1103 est,
1645 1049 1800 1098 tanto
1825 1050 1965 1098 tem-

2066 495 2176 565 γὰρ
2205 496 2238 564 ἦ
2292 494 2455 563 φύσις
2498 495 2705 565 ὲστὶνή
2741 492 3215 562 καταὸιὸαζομένη
3258 493 3409 563 παρὰ
3448 493 3549 564 τὴν
3577 495 3640 561 ἐξ

2067 586 2244 655 ἀρχῆς
2294 586 2353 639 ὲν
2401 584 2699 654 τελειότητι
2729 585 2965 654 ποίησιν.
3016 584 3109 636 Διὸ
3160 582 3257 637 καὶ
3318 583 3512 653 μέχρις
3570 586 3640 638 ἂν

2067 676 2147 739 εἰς
2184 675 2470 745 μόρφωσιν
2508 675 2640 746 ἔλθῃ
2698 675 2768 728 τὰ
2820 675 3083 745 κυόμενα,
3143 674 3453 743 ἀκάθαρτος
3484 677 3517 744 ή
3544 691 3638 728 τε-

2070 765 2261 831 κοῦσα,
2291 765 2570 819 τουτέστιν
2594 766 2700 829 ἕως
2727 766 2959 819 τοσῶνδε
3018 764 3273 835 ἡμερῶν,
3303 764 3425 834 μεθ’
3447 765 3511 827 ἃς
3539 767 3640 819 οὐκ

2068 857 2255 921 ἀτελές
2283 859 2399 911 ἐστι
2431 842 2507 909 το
2532 856 2964 927 συνειλημμένον
3021 858 3101 918 είς
3148 854 3397 925 ψύχωσίν
3441 872 3500 907 τε
3542 855 3639 908 καὶ

2073 952 2377 1022 μόρφωσιν.
2441 950 2553 1003 Καὶ
2604 949 2823 1019 ούματα
2871 949 2947 1012 ὡς
2987 949 3129 1019 ὑπὲρ
3155 948 3436 1019 ἁμαρτίας
3465 963 3640 1015 προσ-

2069 1046 2259 1113 άγεται
2284 1044 2413 1115 περὶ
2438 1043 2608 1113 αὐτῆς
2636 1043 2731 1097 καὶ
2758 1041 3204 1112 ὁλοκαυτώματα,
3230 1040 3375 1112 ἅπερ
3400 1042 3545 1094 ἐστὶν
3561 1041 3644 1103 είς

384 1135 538 1201 poris
580 1137 761 1204 spatio
809 1135 1026 1205 impura
1082 1142 1343 1189 censetur
1383 1148 1655 1204 puerpera
1683 1172 1699 1197 ,
1753 1143 1964 1203 quanto

2078 1136 2204 1189 Θεὸν
2224 1136 2571 1191 ὲπανακτικὰ
2607 1134 2715 1188 ἀπὸ
2749 1133 2847 1204 τῆς
2886 1133 3111 1198 ἀτελοῦς
3138 1134 3283 1205 ζωῆς
3317 1135 3399 1196 εἰς
3431 1132 3529 1203 τὴν
3554 1148 3643 1186 τε·

385 1226 613 1296 embryo
658 1226 712 1280 in
764 1226 887 1281 alvo
921 1233 1177 1280 materno
1232 1226 1513 1279 animatur
1560 1230 1617 1279 et
1661 1221 1961 1281 formatur.
2068 1226 2239 1281 λείαν.

389 1314 498 1369 Pro
538 1317 641 1371 hac
674 1317 1037 1372 immolantur
1067 1317 1266 1373 hostiae
1290 1332 1389 1388 pro
1416 1315 1643 1381 delicto,
1675 1315 1839 1369 etiam
1868 1316 2191 1372 holocausta
2220 1317 2536 1381 adolentur,
2604 1319 2811 1390 quibus
2871 1318 2980 1375 Deo
3054 1317 3245 1390 gratia:
3312 1325 3547 1384 aguntur
3587 1324 3643 1369 et

392 1407 685 1472 habentur,
715 1406 862 1477 quod
893 1407 961 1461 ab
983 1405 1303 1477 imperfecta
1343 1406 1453 1461 vita
1493 1406 1562 1461 ad
1588 1406 1894 1477 perfectam
1934 1406 2195 1477 produxit
2219 1420 2542 1480 conceptum
2570 1410 2765 1465 letum.

459 1520 572 1575 Nec
599 1519 806 1574 desunt
839 1521 935 1590 qui
968 1520 1122 1574 aiunt
1183 1520 1471 1574 mulierem
1502 1537 1614 1577 non
1652 1529 1964 1579 contentam
2005 1539 2106 1579 sua
2132 1524 2395 1581 felicitate
2450 1527 2507 1583 in
2562 1536 2789 1597 peccata
2822 1528 3136 1598 prolapsam
3170 1526 3415 1598 graviter
3458 1527 3646 1583 sordi-

392 1613 581 1679 datam
604 1617 660 1665 et
682 1609 965 1664 sordidam
983 1623 1129 1671 esse,
1163 1608 1331 1677 inque
1352 1610 1739 1680 gravissimum
1783 1621 1838 1666 et
1868 1612 2397 1681 periculosissimum
2439 1615 2700 1670 incidisse
2742 1615 2994 1670 exitium.
3050 1633 3068 1666 ι
3111 1613 3246 1668 Nam
3309 1614 3448 1670 Deus
3492 1630 3649 1671 mor-

395 1708 504 1753 tem
545 1712 652 1751 non
675 1696 908 1760 creavit,
938 1710 1042 1751 nec
1065 1694 1381 1750 oblectatur
1403 1699 1629 1752 interitu
1649 1698 1956 1753 viventium
1980 1699 2083 1763 ⁸³.»
2108 1709 2218 1756 etc.
2247 1701 2525 1759 Mulierem
2558 1705 2722 1759 etiam
2746 1705 3086 1759 contaminat
3098 1711 3430 1772 ’conceptus,
3483 1719 3649 1772 quem

397 1786 587 1839 carnis
623 1790 886 1853 procurat
917 1783 1194 1853 voluptas,
1233 1790 1293 1837 ut
1322 1790 1470 1853 patet
1503 1799 1571 1837 ex
1600 1784 1824 1841 Davidis
1857 1788 2086 1842 oraculo
2119 1805 2135 1842 :
2176 1808 2194 1841 ι
2233 1791 2373 1847 Ecce
2399 1793 2546 1863 enim
2584 1793 2637 1847 in
2701 1792 3081 1862 iniquitatibus
3141 1800 3442 1860 conceptus
3488 1808 3632 1853 sum.

397 1883 451 1927 et
483 1874 534 1927 in
567 1872 810 1943 peccatis
843 1872 982 1928 fovit
1014 1886 1102 1926 me
1142 1878 1317 1926 mater
1349 1886 1470 1926 mea
1499 1871 1570 1926 “.
1608 1891 1627 1923 ι
1656 1871 1860 1928 Verum
1916 1874 2003 1930 lex
2054 1877 2343 1945 quemdam
2395 1879 2615 1933 modum
2679 1879 2893 1933 induxit
2934 1878 3292 1948 propulsandi
3335 1878 3648 1934 istiusmodi

416 1959 841 2014 immunditiem.
907 1958 1153 2030 Physici,
1210 1957 1305 2028 qui
1344 1957 1539 2013 harum
1568 1973 1753 2014 rerum
1784 1960 2015 2015 scientia
2046 1970 2174 2015 sunt
2195 1962 2426 2032 praediti,
2464 1964 2663 2017 docent
2693 1961 2883 2028 fetum,
2919 1963 2964 2017 si
2997 1962 3162 2017 fuerit
3193 1962 3490 2026 masculus,
3550 1962 3647 2016 vix

403 2049 551 2101 intra
591 2046 1080 2118 quadragesimum
1117 2044 1261 2100 diem
1319 2045 1542 2100 formari
1589 2056 1747 2101 utero
1790 2056 2073 2106 materno;
2125 2046 2338 2103 femella
2395 2065 2528 2105 vero
2568 2051 2814 2120 requirat
2858 2049 3025 2118 duplo
3078 2049 3342 2120 prolixius
3421 2055 3646 2118 tempus

412 2143 635 2203 propter
657 2149 810 2189 suam
847 2133 1296 2189 imbecillitatem.
1329 2131 1454 2187 Haec
1482 2141 1664 2188 autem
1710 2136 1893 2189 omnia
1931 2135 2177 2193 indicant
2203 2138 2498 2194 humanam
2538 2150 2787 2195 naturam
2850 2155 2883 2194 a
2926 2138 3037 2194 Deo
3091 2138 3396 2207 seiunctam
3440 2147 3495 2193 et
3560 2152 3655 2192 se-

410 2229 686 2292 gregatam
717 2222 879 2292 longo
911 2231 1153 2292 tempore
1183 2221 1239 2276 in
1266 2222 1521 2277 sordibus
1546 2223 1851 2280 haesitasse.
1884 2222 2017 2278 Nam
2050 2240 2198 2281 mors
2247 2229 2492 2296 regnavit
2538 2227 2607 2280 ab
2663 2225 2836 2280 Adam
2874 2241 3051 2296 usque
3105 2226 3174 2280 ad
3210 2224 3413 2279 Mosen.
3449 2223 3658 2279 Octavo

403 2308 515 2393 die,
547 2309 637 2378 qui
666 2310 933 2365 successit
966 2310 1073 2379 legi
1105 2318 1157 2365 et
1193 2310 1372 2379 prisco
1405 2310 1763 2374 sabbatismo,
1824 2310 2135 2367 circumcisi
2192 2326 2382 2367 sumus
2420 2312 2862 2375 circumcisione,
2900 2328 3021 2380 quae
3054 2326 3163 2365 non
3186 2325 3442 2365 manuum
3493 2311 3657 2364 mini-

410 2396 581 2451 sterio
611 2398 911 2467 peragitur,
938 2398 1033 2453 sed
1075 2396 1353 2468 perﬁcitur
1386 2412 1552 2467 opera
1584 2396 1822 2468 Spiritus
1853 2398 2030 2454 sancti
2058 2417 2071 2452 :
2112 2397 2391 2453 reformati
2420 2413 2638 2469 quoque
2663 2414 2855 2454 sumus
2892 2406 2947 2453 et
3008 2398 3309 2466 regenerati
3360 2412 3456 2467 per
3491 2396 3655 2451 Chri-

407 2492 556 2539 stum
610 2483 738 2539 dum
793 2484 940 2539 illius
981 2485 1179 2539 divinae
1221 2492 1432 2538 natura:
1467 2483 1748 2539 reddimur
1787 2485 2101 2555 participes.
2144 2484 2479 2540 Generamur
2514 2486 2660 2541 enim
2701 2499 2812 2540 non
2852 2486 2909 2540 in
2969 2486 3372 2556 corruptionem
3436 2497 3657 2555 praptcr

409 2570 607 2626 Adami
646 2570 915 2640 impuram
960 2571 1174 2642 peccati
1207 2572 1478 2625 maculam
1515 2589 1528 2625 :
1559 2571 1656 2627 sed
1687 2571 1964 2643 gignimur
1994 2572 2061 2627 ad
2091 2571 2258 2625 vitam
2291 2579 2345 2627 et
2370 2572 2831 2626 immortalitatem
2862 2580 3082 2642 propter
3139 2558 3453 2643 puritatem,
3524 2588 3651 2640 qum

412 2659 572 2731 uobip
606 2659 659 2712 in
691 2659 921 2715 Christo
946 2660 1164 2730 obtigit,
1201 2659 1331 2713 dum
1364 2673 1464 2728 pro
1496 2659 1657 2715 nobis
1695 2659 2031 2714 horrendum
2054 2674 2347 2729 perpessus
2376 2668 2462 2714 est
2491 2659 2847 2729 supplicium.
2876 2657 3014 2714 llinc
3038 2675 3259 2729 quoque
3289 2659 3426 2714 illud
3477 2659 3655 2731 346

412 2745 716 2815 intelliges,
736 2747 885 2816 quod
918 2746 1186 2816 scriptum
1223 2755 1309 2801 est
1343 2765 1357 2800 :
1402 2764 1421 2797 ι
1466 2745 1711 2801 Alienati
1754 2756 1883 2802 sunt
1910 2754 2229 2816 peccatores
2251 2745 2363 2816 iam
2411 2746 2542 2802 inde
2578 2747 2647 2800 ab
2679 2755 2840 2803 utero
2863 2747 2933 2802 ".
2965 2764 2983 2798 ι
3017 2747 3089 2801 At
3111 2747 3236 2816 quis
3263 2755 3317 2801 et
3347 2746 3544 2816 qualis.
3572 2757 3662 2801 est

413 2832 507 2887 ille
542 2834 776 2889 uterus?
805 2833 1084 2897 videlicet,
1116 2833 1266 2903 quod
1299 2848 1409 2887 non
1450 2834 1766 2889 circumcisi
1800 2840 1930 2888 sunt
1964 2833 2060 2886 illa
2100 2833 2535 2890 circumcisione
2603 2834 2671 2889 de
2713 2848 2821 2905 qua
2847 2832 3053 2890 Paulus
3115 2833 3382 2904 disputat,
3427 2833 3613 2888 dicens
3641 2851 3661 2885 :

418 2936 442 2970 ι
474 2919 582 2977 Nos
616 2935 807 2976 sumus
836 2921 1217 2985 circumcisio,
1243 2920 1338 2989 qui
1363 2919 1565 2990 spiritu
1600 2919 1771 2976 Deum
1803 2919 2045 2976 colimus
2072 2920 2140 2977 ".

489 3038 722 3105 Quidam
750 3038 980 3093 tradunt
1011 3038 1106 3093 illa
1155 3038 1341 3092 omnia
1388 3036 1532 3104 fieri,
1582 3045 1643 3092 ut
1690 3053 1984 3110 puerpera,

2162 3038 2318 3105 Τινὲς
2337 3039 2395 3094 δέ
2423 3054 2610 3111 φασιν,
2642 3038 2720 3103 ὡς
2745 3040 2774 3093 ὁ
2803 3037 2968 3108 νόμος
2998 3037 3247 3109 βούλεται
3271 3037 3370 3109 τὴν
3394 3037 3667 3091 τεκοῦσαν

420 3144 544 3199 qum
582 3129 823 3184 maxime
858 3139 1053 3185 vexata
1088 3136 1145 3184 et
1184 3130 1390 3184 lassata
1432 3136 1518 3184 est
1558 3139 1752 3199 partus
1782 3129 1984 3184 dolori-

2097 3131 2244 3202 ἔχειν
2270 3131 2598 3196 ἀνάπαυσιν,
2631 3130 2708 3195 ὡς
2746 3131 2951 3201 σφόδρα
3011 3132 3385 3200 πεπονηκυῖαν
3442 3130 3502 3182 ὲν
3544 3133 3667 3192 ταῖς

421 3220 550 3285 bus,
595 3220 883 3291 paululum
914 3221 1252 3291 requiescat,
1286 3231 1342 3275 et
1368 3222 1553 3293 quiete
1585 3220 1824 3275 fruatur.
1852 3221 1984 3275 For-

2097 3221 2272 3274 ὠδῖσι.
2307 3222 2453 3292 Πρὸς
2474 3221 2536 3274 τὸ
2555 3217 2649 3275 οὖν
2688 3220 2984 3291 σϐεσθῆναι
3028 3218 3128 3292 τὴν
3176 3219 3493 3291 ἐπιθυμίαν,
3529 3219 3670 3272 ἀκά-

423 3311 592 3367 tassis
635 3312 918 3367 mulierem
960 3313 1302 3367 immundam
1353 3311 1698 3382 pronuntiat,
1743 3310 1888 3381 quod
1928 3323 1984 3365 ec

2099 3312 2296 3384 θαρτον
2322 3313 2470 3378 ἔδοξε
2496 3313 2592 3384 τὴν
2622 3316 2861 3382 γυναῖκα
2882 3313 3087 3368 καλεῖν.
3129 3313 3284 3368 Ἐπεὶ
3300 3315 3349 3367 εί
3374 3315 3406 3385 ἠ
3433 3312 3677 3367 τεκοῦσα.

426 3412 673 3471 tempore
712 3401 985 3470 cupiditas
1025 3417 1261 3458 venerea
1304 3417 1536 3473 prorsus
1565 3400 1620 3456 in
1651 3401 1773 3471 ipsa
1798 3401 1873 3454 sit
1898 3415 1984 3454 ex-

2098 3403 2425 3476 ἁκάθαρτος,
2452 3408 2548 3461 καὶ
2574 3407 2608 3476 ἡ
2644 3405 2925 3476 ἐγκύμων.

427 3491 651 3546 stincta.
687 3489 822 3545 Nam
851 3493 900 3550 si
931 3491 1046 3548 feta
1092 3493 1330 3549 habetur
1370 3493 1609 3563 impura,
1660 3492 1827 3548 etiam
1872 3505 1999 3563 gra-

428 3582 554 3636 vida
585 3582 925 3652 impuritatis
963 3583 1201 3638 crimine
1228 3578 1372 3637 haud
1408 3583 1647 3638 vacabit.

501 3667 562 3723 Si
591 3678 765 3723 autem
793 3686 896 3724 non
923 3671 1179 3725 invenerit
1211 3688 1404 3727 manus
1434 3671 1576 3740 ejus,
1607 3678 1715 3728 etc.
1748 3670 1891 3744 lx",
1920 3671 1998 3745 8.]

431 3761 546 3817 lloc
583 3763 781 3819 fecisse
828 3772 1049 3843 constat
1088 3772 1348 3836 parentes
1382 3764 1626 3830 Domini,
1677 3780 1804 3821 cum
1855 3766 1999 3820 haud

433 3855 786 3912 abundarent
821 3857 1030 3915 divitiis
1065 3866 1124 3913 ut
1163 3875 1359 3929 agnum
1400 3866 1630 3928 possent
1667 3857 1884 3914 offerre.
1906 3857 2005 3913 Vel

434 3945 688 4003 fortassis
722 3947 773 4002 id
807 3949 1029 4018 accidit,
1066 3950 1210 4021 quod
1247 3950 1529 4017 Christus,
1563 3952 1659 4021 qui
1686 3956 1806 4004 erat
1827 3964 2002 4020 agnus

437 4038 531 4092 Dei
581 4040 635 4094 in
672 4042 940 4099 mundum
987 4052 1175 4107 natus,
1218 4045 1574 4113 semetipsum
1629 4049 1691 4096 ut
1733 4040 2004 4096 holocau-

436 4137 590 4184 stum
616 4131 905 4188 oblaturus
928 4141 1047 4189 erat
1074 4148 1175 4204 pro
1202 4133 1392 4188 mundi
1420 4133 1553 4187 vita.

2187 3656 2322 3712 Ἐὰν
2340 3656 2408 3712 δὲ
2427 3658 2514 3728 μὴ
2535 3660 2787 3727 εὑρίσκῃ
2818 3660 2856 3728 ἡ
2896 3657 3027 3729 χεὶρ
3051 3656 3260 3727 αὐτῆς.
3290 3657 3459 3711 Τοῦτο
3485 3656 3678 3728 ἐποίη-

2108 3767 2208 3804 σαν
2234 3752 2282 3804 οἱ
2306 3754 2485 3819 γονεῖς
2509 3751 2603 3804 τοῦ
2639 3749 2871 3821 Κυρίου,
2902 3751 2979 3814 ὡς
3008 3753 3230 3821 πτωχοὶ,
3257 3751 3351 3804 καὶ
3388 3749 3461 3821 μὴ
3512 3750 3680 3802 εὐπο-

2082 3850 2087 3859 ’
2111 3842 2332 3915 ροῦντες
2360 3843 2532 3914 ἀμνοῦ
2557 3844 2636 3905 εἰς
2662 3842 3024 3912 όλοκαύτωμα
3047 3858 3059 3870 ⁸
3085 3842 3118 3912 ἢ
3147 3843 3227 3895 ὅτι
3252 3841 3412 3903 αὐτὸς
3443 3840 3685 3911 ἤμελλεν

2111 3932 2367 4003 ότεχθεὶς
2411 3931 2580 4002 ἀμνὸς
2607 3931 2700 3985 τοῦ
2748 3931 2881 3984 Θεοῦ
2938 3930 3298 4001 όλοκαύτωμα
3347 3929 3683 4002 προσφέρειν

2112 4022 2304 4077 ἑαυτὸν
2329 4024 2467 4093 ὑπὲρ
2488 4022 2589 4093 τῆς
2607 4021 2698 4075 τοῦ
2732 4022 2937 4094 κόσμου
2964 4019 3131 4092 ζωῆς.

506 4243 727 4300 Homini
753 4243 920 4298 alicui
949 4245 998 4298 si
1021 4241 1235 4296 accidat
1265 4251 1322 4296 ut
1349 4244 1407 4295 in
1431 4243 1673 4310 corporis
1697 4250 1839 4305 cute,
1872 4247 1983 4295 etc.
2023 4237 2186 4310 [ΧΙΙΙ.
2218 4238 2300 4311 2.]
2332 4239 2494 4295 Prius
2521 4254 2688 4309 quam
2717 4238 3016 4309 speciatim
3037 4238 3130 4292 illa
3164 4253 3516 4300 cnarremus,
3547 4253 3685 4292 con-

439 4333 775 4402 templemur
805 4330 1154 4385 aﬂ‘ectiones.
1188 4329 1287 4384 Est
1319 4330 1492 4399 igitur
1538 4330 1695 4398 lepra
1734 4327 1940 4381 malum
1989 4326 2269 4397 quoddam
2308 4342 2479 4381 vorax
2511 4333 2570 4382 et
2598 4326 2933 4381 iucurabile.
2969 4324 3103 4380 Nam
3130 4340 3265 4380 caro
3294 4335 3599 4380 excavatur
3628 4336 3686 4379 et

438 4420 784 4482 corraditur;
813 4420 1047 4471 moritur
1079 4430 1299 4486 quoque
1327 4415 1568 4471 subinde
1596 4414 1663 4470 ad
1699 4412 1963 4470 inferiora
1990 4414 2136 4469 malo
2168 4413 2272 4468 hoc
2299 4422 2577 4482 serpente.
2612 4412 2733 4480 Quo
2763 4414 2913 4468 circa
2939 4412 3104 4468 etiam
3154 4414 3299 4483 pilus
3326 4412 3529 4467 ﬂorens
3559 4428 3689 4481 per-

441 4507 482 4557 it
523 4520 633 4559 non
688 4519 852 4559 secus
900 4519 965 4558 ac
1010 4504 1221 4573 planta,
1258 4518 1382 4572 quae
1421 4502 1692 4559 emoritur
1721 4517 1833 4556 una
1864 4515 1989 4556 cum
2016 4511 2180 4556 terra.
2215 4500 2452 4566 Albedo,
2486 4501 2554 4556 de
2580 4515 2687 4571 qua
2726 4501 2817 4556 hic
2847 4500 3052 4570 agitur,
3082 4508 3167 4554 est
3211 4500 3399 4553 carnis
3430 4501 3684 4567 quaedam

444 4589 744 4646 infirmitas
778 4589 923 4644 haud
956 4589 1251 4645 dissimilis
1282 4590 1452 4658 lepra:
1487 4608 1500 4644 :
1532 4605 1644 4643 non
1680 4596 1867 4643 tamen
1893 4589 2003 4644 alte
2029 4589 2087 4644 in
2125 4604 2329 4660 corpus
2362 4588 2677 4652 descendit,
2707 4588 2806 4644 sed
2837 4588 2892 4642 in
2925 4586 3215 4656 superficie
3243 4588 3499 4657 corporis
3522 4603 3686 4655 spar-

441 4679 593 4747 gitur
613 4688 669 4732 et
698 4677 1047 4734 diffunditur.
1094 4675 1223 4732 Haec
1252 4678 1422 4748 igitur
1467 4675 1631 4731 facile
1656 4684 1910 4730 curatur.
1936 4676 2183 4747 Apparet
2223 4692 2288 4732 ex
2314 4676 2481 4732 modo
2512 4676 2961 4731 commemoratis
2987 4675 3192 4744 lepram
3230 4690 3354 4729 esse
3385 4673 3682 4742 quamdam

385 4819 391 4839 τ
444 4775 682 4836 pestem,
718 4782 842 4838 quae
876 4766 1129 4822 corrodit
1158 4781 1367 4835 corpus
1397 4765 1732 4828 humanum,
1763 4765 1929 4834 idque
1958 4765 2233 4821 letbaliter
2269 4764 2478 4835 aﬂligit.
2513 4764 2721 4819 Albedo
2754 4771 2937 4817 autem
2972 4762 3215 4831 speciem
3247 4760 3547 4832 quamdam
3591 4762 3689 4814 ha-

444 4854 538 4908 bet
568 4855 749 4926 leprae.
788 4853 1115 4924 Ubicunque
1142 4854 1292 4909 enim
1339 4853 1436 4908 illa
1474 4853 1790 4918 emicuerit,
1826 4854 2095 4909 continuo
2135 4854 2490 4924 suspicamur
2542 4867 2668 4908 esse
2713 4852 2946 4923 lepram.
2985 4851 3186 4907 Verum
3236 4851 3325 4905 lex
3377 4850 3687 4905 albedinem

443 4957 555 4995 Itnn
592 4943 915 5010 pronuntiat
943 4943 1239 5011 impuram,
1273 4949 1333 4996 ut
1374 4941 1609 5011 lepram.

520 5027 628 5082 Sex
661 5039 845 5084 autem
868 5029 1086 5098 species
1105 5039 1503 5083 enumerantur
1525 5028 1691 5099 lepra:
1730 5044 1878 5084 :una
1911 5038 1984 5085 eSI

2078 5036 2094 5097 ζ
2201 5027 2299 5092 Ἓξ
2355 5027 2471 5095 εἴδη
2533 5027 2790 5097 λεπρῶν
2834 5029 2866 5099 ἠ
2923 5027 3045 5097 μὲν,
3091 5025 3151 5091 ἐξ
3202 5025 3366 5095 οὐλῆς
3415 5022 3687 5095 σημασίας

448 5136 570 5191 qua:
600 5130 827 5191 apparet
856 5137 921 5175 ex
956 5122 1213 5176 evidente
1243 5121 1530 5176 cicatricis
1576 5122 1804 5177 indicio.
1831 5122 1984 5176 Alter

2121 5119 2457 5191 τηλαυγοῦς·
2494 5121 2527 5190 ή
2554 5119 2633 5183 δὲ,
2664 5121 2772 5173 πᾶν
2789 5120 2850 5173 τὸ
2884 5120 3044 5191 σῶμα
3067 5117 3421 5172 καλύπτουσα
3444 5129 3459 5144 ’
3501 5116 3535 5186 ἡ
3560 5115 3614 5166 δὲ
3632 5115 3690 5181 ἐξ

450 5223 625 5267 totum
653 5216 863 5284 obtegit
899 5229 1121 5284 corpus.
1152 5212 1341 5268 Tertia
1390 5213 1700 5282 prorumpit
1726 5228 1792 5267 ex
1839 5213 1984 5266 ulcer

2129 5214 2323 5276 ἕλκους
2354 5211 2704 5280 ὑγιασθὲντος
2730 5227 2745 5241 ο
2779 5212 2811 5280 ἡ
2838 5211 2917 5277 δὲ,
2948 5212 3056 5263 ἀπὸ
3078 5208 3500 5279 κατακαύματος
3521 5222 3533 5235 ·
3554 5208 3589 5277 ἡ
3613 5206 3696 5264 δὲ.

452 5314 668 5361 sanato.
728 5307 934 5372 Quarta
992 5308 1249 5376 provenit
1304 5324 1370 5364 ex
1438 5309 1750 5363 adustione.
1816 5308 1984 5374 Quint

2123 5305 2315 5375 ἀνδρὸς
2338 5305 2371 5375 ἢ
2395 5304 2656 5372 γυναικὸς
2690 5305 2747 5355 ὲν
2797 5301 3002 5371 κεφαλῇ
3028 5300 3061 5370 ἦ
3086 5302 3143 5354 ἐν
3177 5299 3402 5368 πώγωνι
3419 5316 3432 5330 ’
3457 5301 3492 5370 ἡ
3522 5298 3600 5364 δὲ,
3639 5299 3699 5350 ὲκ

453 5400 681 5451 oberrat
729 5399 782 5451 in
817 5398 996 5468 capite
1030 5400 1111 5453 vel
1150 5400 1361 5466 barba;
1401 5399 1737 5468 infcslatquc
1781 5408 1891 5453 tam
1939 5402 2024 5453 vi-

454 5504 579 5544 rum
612 5505 776 5559 quam
817 5488 1094 5543 feminam.
1127 5490 1289 5545 Sexta
1312 5490 1525 5545 invadit
1549 5492 1826 5546 Cilh’lllt‘lll
1867 5492 2024 5561 capi-

455 5580 551 5639 tis.
577 5586 672 5633 aut
702 5588 934 5650 occupat
962 5579 1238 5634 calvitiem
1263 5578 1711 5647 superciliorum.

528 5700 575 5735 ⁸⁸
602 5696 727 5763 Sap.
763 5719 800 5764 ι,
838 5698 920 5753 15.
998 5698 1043 5728 ⁵⁵
1081 5695 1221 5750 Psal.
1273 5712 1323 5755 ι..
1366 5694 1416 5747 6.
1495 5692 1539 5723 ⁸³
1575 5691 1719 5747 Psal.
1750 5707 1878 5746 Lvn.
1922 5691 1969 5744 4.

2078 5690 2094 5721 ⁸
2118 5687 2353 5754 Philipp.
2398 5703 2480 5749 Ill,
2519 5687 2553 5741 3

2124 5397 2202 5465 τῷ
2240 5396 2638 5467 φαλακρώματι
2666 5398 2698 5467 ἦ
2731 5395 2805 5467 τῷ
2837 5394 3357 5467 ἁναφαλαντώματι.
