4050 6212
353 395 463 462 733
1379 403 1920 476 COMMENTARII
1961 405 2044 466 IN
2087 402 2524 470 LEVITICUM.
3520 395 3620 460 734

429 517 500 568 At
536 513 692 586 lepra
737 513 1013 586 significat
1054 515 1306 572 maculas
1343 516 1593 582 illorum,
1647 517 1742 588 qui
1788 517 2042 586 mundati
2087 530 2218 574 sunt
2249 519 2332 574 vel
2381 521 2435 574 in
2471 519 2576 574 hoc
2606 518 2692 573 vel
2723 517 2780 573 in
2815 515 3006 571 futuro
3042 511 3272 577 srecnlo,
3314 516 3372 562 ut
3398 506 3620 577 quidam

355 602 671 673 perhibent.
701 601 774 659 Ut
815 603 966 658 enim
998 597 1233 658 cicatrix
1279 603 1573 672 vestigium
1601 615 1686 660 est
1728 606 1980 660 vulneris
2017 605 2070 658 in
2099 619 2334 675 corpore
2360 608 2539 660 curati
2575 624 2588 661 :
2625 607 2705 661 sic
2747 607 2802 660 in
2834 604 3019 658 anima
3053 599 3452 668 delinquente,
3514 593 3619 648 etsi

363 698 622 754 sanetur,
649 691 986 760 relinquitur
1014 690 1265 761 quaedam
1299 691 1463 761 quasi
1503 691 1762 756 cicatrix,
1795 705 1960 762 quam
1999 693 2154 749 solus
2188 695 2369 750 cernit
2407 694 2572 760 Deus,
2611 705 2704 750 ant
2737 694 2940 764 quibus
2971 706 3000 744 a
3033 688 3144 743 Deo
3168 687 3359 740 datum
3409 689 3517 744 est,
3561 689 3622 736 ut

362 793 483 833 eam
515 777 840 848 perspicere
879 785 1110 846 queant.
1157 774 1373 832 Idcirco
1425 777 1608 832 danda
1647 786 1734 833 est
1767 793 1956 848 Opera,
1989 788 2052 832 ut
2083 796 2245 838 omne
2282 783 2532 837 vulneris
2576 781 2866 850 vestigium
2912 778 3162 832 tollatur.
3213 770 3371 839 Quod
3408 772 3520 831 lict,
3557 769 3608 824 si

365 865 666 935 perfectam
715 865 1066 920 curationem
1109 865 1330 921 vulneri
1375 863 1810 922 admoverimus.
1857 865 1934 922 De
1989 867 2309 924 istiusmodi
2363 869 2694 924 vulneribus
2737 868 2812 921 ita
2861 864 3196 919 vaticinatur
3234 858 3458 915 Isaias:
3498 875 3518 908 ι
3577 855 3622 908 Α

369 953 555 1022 planta
603 951 762 1023 pedis
799 967 975 1022 usque
1024 950 1094 1007 ad
1144 955 1412 1008 verticem
1453 967 1566 1007 non
1606 959 1692 1008 est
1732 953 1786 1006 in
1834 968 1900 1008 eo
1935 957 2148 1012 sanitas
2175 958 2243 1012 ⁸⁷.
2289 975 2307 1008 ι
2339 987 2410 1000 -
2439 973 2458 1007 ι
2493 954 2710 1010 Vulnus
2738 935 2798 1010 let
2842 953 2984 1008 livor
3031 959 3085 1006 et
3110 951 3271 1021 plaga
3319 957 3559 1002 tumens.
3602 962 3622 996 ι

369 1042 529 1108 Quod
567 1057 697 1097 vero
719 1041 1088 1112 quorumdam
1126 1041 1460 1096 vulneribus
1488 1041 1855 1112 imponuntur
1885 1043 2236 1114 malagmata,
2271 1045 2496 1098 illorum
2531 1043 2756 1112 inquam
2785 1054 3022 1112 quorum
3057 1039 3213 1092 salus
3239 1034 3486 1090 nondum
3522 1048 3617 1102 pe-

369 1129 522 1184 nitus
553 1139 637 1183 est
665 1129 956 1200 deplorata
995 1137 1050 1184 et
1083 1128 1400 1200 desperata,
1433 1129 1682 1184 declarat
1707 1131 1848 1184 idem
1873 1132 2137 1201 propheta
2171 1133 2528 1201 sequentibus
2559 1131 2745 1185 verbis
2776 1147 2790 1185 :
2825 1147 2843 1180 ι
2871 1127 2996 1182 Non
3025 1127 3158 1182 licet
3207 1124 3484 1192 malagma
3526 1119 3628 1172 ad-

372 1219 503 1273 dere
531 1218 778 1283 vulneri,
817 1232 928 1270 non
959 1217 1143 1272 oleum
1181 1215 1493 1272 infundere
1517 1217 1585 1284 ⁸⁸,
1621 1235 1638 1268 ι
1669 1218 1882 1287 reSpuit
1917 1235 2138 1288 quoque
2168 1219 2368 1272 vulnus
2403 1217 2508 1272 hoc
2542 1217 2782 1270 vincula.
2817 1214 2887 1268 At
2925 1213 2994 1267 de
3029 1211 3366 1266 contritione
3397 1218 3451 1262 et
3483 1220 3628 1261 saeva

373 1306 571 1360 anima:
601 1307 758 1374 plaga
784 1346 798 1371 ,
827 1319 953 1375 quae
984 1319 1094 1360 non
1142 1304 1248 1359 nisi
1277 1320 1478 1375 magno
1503 1314 1736 1359 curatur
1767 1307 1978 1372 labore,
2011 1306 2185 1361 donec
2213 1305 2433 1375 penitus
2471 1303 2764 1374 pristinam
2797 1300 3030 1369 recipiat
3062 1299 3358 1353 sanitatem
3392 1301 3448 1348 ct
3477 1294 3629 1348 cica-

378 1394 521 1449 trice
555 1393 878 1463 obtegatur,
915 1392 996 1447 sic
1025 1393 1192 1447 verba
1239 1391 1372 1447 facit
1395 1389 1711 1448 Jeremias:
1749 1392 1876 1470 Ilaec
1911 1392 2046 1447 dicit
2081 1392 2348 1448 Dominus
2379 1411 2394 1447 :
2426 1389 2756 1446 Restauravi
2801 1388 3200 1443 contritionem
3230 1391 3420 1437 tuam:
3449 1380 3628 1451 pessi-

376 1496 461 1536 ma
489 1488 574 1536 est
618 1481 778 1551 plaga
811 1489 927 1536 tua.
961 1477 1080 1534 Non
1121 1480 1322 1550 estqui
1351 1479 1570 1549 judicet
1599 1466 1872 1550 judicium
1910 1488 2064 1535 tuum
2112 1481 2180 1535 ad
2215 1479 2547 1551 alligandam
2582 1478 2927 1532 curationem
2961 1483 3134 1538 tuam,
3162 1483 3294 1535 etc.,
3331 1483 3506 1540 usque
3560 1466 3628 1523 ad

297 1648 300 1650 γ
380 1568 496 1622 haec
527 1567 692 1624 verba
725 1585 738 1622 :
769 1585 788 1619 ι
825 1566 869 1621 Α
897 1567 1080 1637 plaga,
1113 1583 1236 1636 quae
1273 1567 1623 1638 gravissimis
1654 1567 1940 1622 doloribus
1987 1574 2039 1622 te
2065 1568 2366 1630 excruciat,
2411 1565 2652 1620 liberabo
2704 1572 2756 1618 te
2785 1565 2851 1618 δ’.
2893 1582 2912 1614 ι
2948 1562 3073 1616 llaec
3123 1559 3427 1614 novissima
3466 1554 3630 1609 verba

379 1657 463 1712 sic
508 1633 918 1727 interpretatus
961 1633 1051 1711 est
1108 1633 1388 1726 Aquilaet
1429 1655 1794 1728 Symmachus
1831 1658 2020 1725 :‘Quia
2044 1657 2302 1711 abducam
2339 1653 2522 1710 vulnus
2556 1663 2704 1706 tuum
2742 1650 3012 1704 cicatrice.
3067 1645 3267 1701 lterum
3303 1643 3443 1698 idem
3477 1633 3632 1696 Jere-

378 1743 523 1798 mias
578 1741 829 1812 loquitur
873 1740 1182 1796 secundum
1217 1743 1526 1799 versionem
1569 1744 1924 1816 Septuaginta
1967 1748 2329 1814 interpretum
2365 1760 2380 1795 :
2421 1759 2441 1792 ‹
2475 1741 2613 1795 Ecce
2652 1755 2754 1810 ego
2777 1739 3036 1792 inducam
3068 1735 3146 1788 illi
3200 1732 3543 1792 cicatricem,
3581 1738 3635 1784 et

381 1829 674 1884 sanitatem
713 1827 1000 1884 restituam
1035 1828 1140 1894 eis,
1163 1837 1218 1884 et
1247 1829 1612 1886 manifestabo
1675 1833 1755 1886 eis
1785 1831 1942 1887 ﬁdem
1982 1842 2036 1888 et
2064 1845 2252 1902 pacem
2289 1847 2304 1891 ;
2338 1837 2393 1883 et
2421 1827 2682 1883 reducam
2739 1823 3119 1892 migrationem
3150 1817 3290 1873 Juda
3362 1830 3414 1872 et
3451 1826 3632 1870 trans-

380 1915 1108 1988 migrationemJerusalem
1143 1917 1212 1970 ⁸⁸.
1251 1936 1270 1969 ›
1311 1917 1622 1974 lnnascitur
1652 1919 1924 1974 interdum
1988 1919 2258 1984 cicatrici,
2313 1932 2439 1988 quae
2483 1916 2703 1986 quidem
2742 1915 2829 1968 vix
2872 1911 3020 1968 cerni
3054 1916 3304 2002 propter\
3333 1905 3638 1960 curationis

379 2004 782 2076 perfectionem
843 2004 992 2076 quit,
1019 2004 1114 2058 sed
1149 2004 1341 2059 saltem
1375 2006 1540 2075 leprae
1565 2013 1750 2060 notam
1771 2013 1826 2061 et
1853 2007 2308 2076 significationem
2342 2005 2631 2076 quamdam
2654 2019 2752 2058 nec
2779 2017 2898 2057 eam
2933 2000 3242 2056 evidentem
3297 1993 3400 2050 ‘scd
3435 1993 3637 2046 subob-

381 2107 606 2148 scuram
637 2092 865 2147 exhibet
905 2091 962 2146 in
1009 2098 1136 2147 cute
1165 2091 1420 2162 corporis
1449 2110 1460 2146 :
1487 2091 1649 2164 347
1680 2101 1733 2148 et
1777 2101 1998 2163 propter
2038 2095 2184 2149 hanc
2210 2093 2502 2164 sequentia
2535 2093 2652 2162 lege
2677 2089 3158 2146 determinantur.
3220 2082 3457 2138 Necesse
3487 2079 3632 2132 enim

380 2188 488 2244 est,
525 2189 585 2234 ut
627 2179 684 2234 hi
737 2179 831 2248 qui
865 2179 934 2234 ab
959 2193 1094 2234 orco
1126 2181 1287 2250 quasi
1319 2181 1519 2234 mortui
1563 2195 1660 2250 per
1679 2179 1958 2234 Christum
1995 2180 2063 2235 ad
2087 2183 2253 2236 vitam
2299 2190 2431 2236 sunt
2461 2178 2724 2244 revocati,
2759 2192 2921 2244 quam
2955 2171 3274 2244 longissime
3319 2168 3574 2222 recedant
3602 2182 3632 2218 a

383 2268 553 2335 vitiis,
588 2267 990 2338 repudiumque
1018 2267 1239 2322 mittant
1267 2267 1454 2321 carnis
1476 2273 1530 2322 et
1551 2267 1740 2320 mundi
1795 2266 2092 2324 illecebris.
2126 2269 2231 2336 Qui
2264 2283 2503 2338 namque
2525 2269 2578 2321 in
2607 2280 2770 2320 carne
2794 2273 3091 2319 sementem
3133 2258 3346 2322 fecerit,
3373 2255 3439 2310 de
3470 2269 3636 2306 carne

383 2365 552 2412 metet
579 2356 994 2425 corruptionem
1023 2354 1092 2411 ⁶¹.
1131 2371 1148 2405 ι
1183 2352 1333 2409 Talis
1363 2354 1550 2424 itaque
1578 2353 1827 2423 impurus
1855 2364 1908 2409 et
1928 2355 2546 2425 immundusjudicatur
2571 2354 2626 2407 in
2648 2357 2950 2420 conspectu
2981 2347 3214 2408 Christi,
3239 2344 3399 2414 juxta
3459 2339 3590 2394 illud
3618 2346 3648 2393 τ’

395 2441 720 2514 «Impurum
769 2442 946 2513 ipsum
992 2441 1379 2511 pronuntiabit
1410 2441 1690 2497 sacerdos.
1735 2459 1755 2492 ι
1806 2440 2018 2507 Quibus
2059 2443 2148 2496 illa
2196 2441 2488 2510 impuritas
2533 2437 2835 2506 inhaeserit,
2863 2433 3091 2489 audient
3126 2429 3457 2486 horrendam
3487 2426 3635 2480 illam

385 2531 601 2588 Christi
638 2547 829 2586 vocem
869 2551 880 2586 :
923 2550 942 2582 α
976 2529 1249 2586 Discedite
1281 2545 1312 2584 a
1333 2545 1442 2592 me,
1471 2529 1566 2600 qui
1596 2529 1806 2599 operati
1839 2529 1975 2584 estis
2007 2529 2210 2582 malum
2249 2545 2264 2581 :
2297 2541 2406 2582 non
2438 2525 2564 2579 novi
2595 2539 2698 2580 vos
2728 2524 2796 2576 θ’.
2842 2541 2861 2574 ι
2897 2520 3111 2576 Albedo
3169 2517 3366 2570 animm
3393 2522 3447 2568 et
3473 2527 3639 2580 arguo

383 2629 629 2678 mentum
661 2620 748 2675 vel
794 2619 1058 2674 indicium
1091 2618 1366 2673 cicatricis
1408 2619 1562 2688 lepra
1592 2617 1812 2672 infectae
1839 2624 1923 2674 est
1959 2615 2242 2672 inclinatio
2270 2622 2325 2668 et
2355 2611 2421 2666 ad
2452 2613 2654 2666 malum
2680 2609 2880 2666 mentis
2931 2605 3274 2678 proclivitas.
3303 2617 3407 2655 nec
3439 2607 3621 2652 tamen

383 2709 454 2766 ad
495 2711 696 2765 malum
731 2707 990 2780 procedit
1026 2725 1040 2762 :
1079 2707 1176 2761 sed
1211 2721 1240 2760 a
1271 2705 1430 2762 malis
1462 2682 1626 2761 factis
1661 2705 1925 2760 abstinet.
1952 2701 2192 2772 Opermn
2223 2695 2501 2766 siquidem
2533 2700 2728 2748 auctor
2766 2698 2821 2746 et
2846 2690 2958 2744 dux
2987 2695 3248 2742 censetur
3274 2682 3436 2737 ratio.

453 2769 806 2868 θυεμ-θρίοι-
833 2797 1015 2866 inquit
1049 2795 1218 2856 David
1253 2812 1267 2850 :
1305 2813 1325 2846 ι
1360 2795 1674 2864 Antequam
1710 2769 2034 2848 humiliatus
2063 2802 2221 2851 sum,
2253 2783 2478 2856 peccavi
2503 2783 2570 2837 ⁸³.
2611 2800 2630 2834 i
2665 2779 2822 2834 Tunc
2853 2778 3001 2834 enim
3042 2789 3232 2837 mens,
3265 2771 3422 2841 quasi
3459 2769 3597 2822 libra
3620 2807 3637 2832 ,

383 2883 706 2956 impellitur,
739 2883 964 2954 quando
995 2882 1122 2954 quis
1155 2882 1210 2937 in
1241 2882 1442 2938 mortis
1472 2857 1779 2952 periculum
1815 2882 2060 2934 nondum
2092 2875 2335 2937 venerit,
2368 2872 2463 2929 sed
2494 2885 2658 2942 quam
2691 2865 2940 2939 proxime
2971 2863 3038 2918 ad
3073 2863 3275 2917 malum
3311 2857 3634 2912 accesserit.

383 2945 505 3028 IIu-c
534 2945 710 3042 aptari
741 2945 926 3042 potest
953 2945 1178 3024 et-illud
1209 2987 1222 3025 :
1259 2988 1278 3022 ι
1315 2945 1510 3034 Nemo,
1538 2969 1634 3038 qui
1667 2974 1935 3030 tentatur,
1965 2967 2115 3022 dicat
2143 2979 2204 3020 se
2233 2978 2263 3018 a
2294 2959 2662 3030 Deo,tentari.
2713 2956 2860 3010 Deus
2921 2961 2983 3008 ut
3036 2967 3145 3006 non
3178 2955 3425 3004 tentatur
3453 2945 3636 3007 malis.

384 3059 470 3116 sic
511 3037 615 3114 nec
655 3037 776 3128 ipse
833 3065 1016 3114 tentat
1089 3072 1451 3128 quemquam.
1514 3037 1920 3126 Unusquisque
1983 3064 2168 3109 autem
2207 3058 2456 3106 tentatur
2490 3063 2520 3102 a
2557 3061 2656 3102 sua
2694 3039 3153 3113 concupiscentia
3217 3037 3534 3092 abstractus
3583 3038 3640 3086 ct

303 3185 306 3193 .
386 3146 692 3202 inescatus.
710 3146 919 3202 Deinde
942 3126 1403 3218 concupiscentia
1439 3143 1532 3198 ubi
1570 3142 1907 3214 conceperit,
1944 3141 2087 3212 parit
2123 3145 2406 3210 peccatum
2433 3151 2448 3188 :
2473 3142 2528 3189 at
2564 3141 2851 3205 peccatum
2890 3133 3338 3185 consummatum
3379 3126 3642 3192 procreat

385 3241 623 3290 mortem
641 3235 762 3290 ⁸³’.ι
790 3233 911 3290 Νυη
937 3235 1108 3306 igitur
1133 3209 1406 3289 continuo
1427 3232 1660 3296 malum,
1687 3209 1832 3301 quod
1861 3209 2091 3285 mortem
2119 3209 2519 3296 importat,nos
2553 3217 3126 3288 invadit,quantisper
3143 3219 3369 3282 peccato
3404 3209 3661 3306 re‘luctaa

387 3324 536 3376 mur.
564 3319 699 3376 Nam
729 3337 838 3378 non
869 3293 1032 3378 omne
1059 3329 1347 3392 peccatum
1379 3328 1464 3376 est
1495 3320 1562 3374 ad
1593 3293 1849 3374 mortem.
1876 3293 2225 3387 Quapropter
2250 3327 2354 3368 nec
2382 3311 2454 3374 is,
2482 3309 2578 3380 qui
2610 3315 2902 3378 suspectus
2947 3311 3068 3358 erat
3098 3300 3168 3354 ob
3199 3299 3404 3368 lepram
3435 3293 3504 3349 de
3533 3309 3646 3364 quo

389 3425 540 3466 nunc
571 3399 775 3480 agitur,
809 3388 1122 3465 sacerdotis
1153 3409 1428 3464 sententia
1461 3407 1713 3478 impurus
1743 3405 2056 3460 ostenditur
2085 3421 2100 3458 :
2133 3401 2230 3458 sed
2261 3408 2604 3471 segregatur.
2636 3396 2734 3449 Illa
2760 3407 2893 3448 vero
2925 3388 3178 3462 probatio
3199 3426 3214 3452 ,
3252 3398 3375 3455 qua;
3429 3389 3643 3452 septem

389 3497 554 3554 durat
584 3469 782 3554 diebus
801 3538 817 3564 ,
847 3497 1124 3568 signillcat
1153 3495 1315 3551 istam
1352 3469 1741 3565 probationem
1761 3533 1776 3558 ,
1807 3509 1930 3564 qua»
1961 3507 2064 3546 nos
2095 3504 2194 3561 per
2223 3469 2546 3542 universum
2575 3484 2701 3539 vita:
2727 3480 3071 3538 curriculum
3103 3473 3346 3544 exagitat
3374 3478 3428 3568 et
3457 3469 3646 3568 exple:

389 3594 498 3642 rat.
535 3585 680 3642 Deus
713 3599 825 3640 non
857 3585 1058 3655 probat
1091 3583 1138 3638 si
1171 3553 1456 3638 moremur
1487 3581 1658 3637 vicini
1701 3553 1868 3635 malo.
1905 3553 2144 3634 Proinde
2179 3576 2418 3632 sollicite
2452 3571 2758 3627 cavendum
2794 3578 2878 3624 est
2913 3564 3112 3626 nobis,
3151 3577 3218 3616 ne
3259 3557 3470 3627 aliquid
3514 3553 3643 3608 mali

390 3683 620 3744 propter
652 3642 901 3748 vicinum
943 3672 1152 3726 malum
1203 3683 1306 3724 nos
1345 3667 1762 3738 apprehendat,
1799 3665 1947 3736 quod
1982 3681 2085 3720 nos
2119 3663 2318 3719 deinde
2354 3661 2567 3715 inliciat
2601 3665 2654 3712 et
2687 3672 2718 3711 e
2752 3654 2956 3710 castris
2993 3651 3086 3706 Dei
3123 3662 3288 3716 quam
3327 3642 3650 3739 longissime

391 3729 690 3830 propellat.
721 3742 980 3812 Christus
1009 3764 1096 3813 est
1126 3757 1174 3813 is
1205 3729 1469 3811 sacerdos
1490 3791 1506 3818 ,
1537 3754 1633 3823 qui
1667 3729 1978 3806 animarum
2011 3759 2333 3806 nostrarum
2369 3748 2576 3816 lepram
2609 3741 2932 3798 considerat
2967 3757 2980 3793 :
3017 3739 3165 3791 hunc
3199 3733 3415 3788 nullum
3455 3729 3650 3782 latcbit

394 3816 562 3914 Ieprze
581 3845 798 3898 vitium.
825 3843 1038 3898 Idcirco
1071 3842 1250 3911 inquit
1281 3859 1296 3896 :
1333 3859 1352 3892 ι
1389 3816 1580 3894 Sancti
1613 3847 1796 3895 estote
1825 3856 1839 3892 :
1869 3838 2002 3908 quia
2030 3846 2086 3893 et
2113 3850 2215 3906 ego
2247 3841 2480 3890 sanctus
2509 3846 2630 3887 sum
2655 3829 2721 3884 “.
2759 3847 2779 3880 ›
2815 3828 2976 3882 Illum
3013 3831 3230 3883 autem,
3258 3819 3352 3889 qui
3384 3816 3646 3871 absolve-

395 3901 564 3988 batur
591 3947 622 3986 a
657 3931 823 4002 lepra:
857 3901 1184 4000 impuritate
1216 3927 1530 3983 sacerdotis
1566 3901 1935 3986 auctoritate,
1968 3901 2262 3994 oportebat
2294 3921 2480 3975 eluere
2510 3916 2839 3972 vestimenta
2859 3955 2875 3982 ,
2911 3919 2972 3966 ut
3004 3918 3060 3964 et
3096 3909 3151 3961 in
3190 3907 3294 3960 hac
3331 3911 3490 3974 parte
3521 3901 3645 3970 ejus

396 4021 614 4092 paritas
643 3989 954 4074 constaret:
979 4019 1153 4087 Aquae
1177 4029 1310 4070 vero
1341 4014 1679 4070 mentionem
1713 4011 1884 4066 infert
1915 3989 2042 4076 lexi,
2071 4019 2130 4063 ut
2161 4017 2352 4063 uotum
2380 4006 2454 4061 sit
2485 4001 2782 4064 omnibus,
2814 4013 3036 4054 sacrum
3071 3993 3343 4065 baptisma
3369 3991 3482 4060 jam
3514 3989 3646 4042 olim

396 4108 455 4163 in
491 4108 608 4178 lege
639 4121 765 4162 esse
797 4105 1160 4162 delineatum.
2665 4097 2669 4106 ‘

480 4169 617 4255 'Eltr
653 4200 757 4254 δὲ.
784 4239 838 4254 ..
873 4199 1124 4268 καλύψῃ
1164 4197 1204 4265 τί,
1248 4195 1445 4262 λέπρα
1496 4192 1567 4246 ἐν
1605 4190 1690 4258 τῷ
1731 4189 1973 4262 δέρματι
2003 4199 2049 4254 Α

2150 4188 2218 4243 Et
2246 4189 2294 4243 si
2323 4187 2472 4258 lepra
2499 4183 2750 4240 obtexerit
2781 4181 3082 4235 uniuersam
3107 4183 3280 4228 cutem
3305 4187 3335 4225 α
3361 4169 3532 4238 capite
3559 4180 3651 4220 us-

396 4291 509 4362 τῆς
559 4289 722 4362 ἀφ’ῆς
772 4291 890 4346 ἀπὸ
939 4257 1213 4360 “suis;
1273 4257 1384 4356 ἕωςζ
1437 4257 1661 4339 ποδῶνς
1708 4257 1845 4337 Τῶν-
1867 4300 1970 4336 πα-

2079 4298 2180 4353 que
2195 4281 2263 4335 ad
2281 4281 2499 4344 calcem,
2514 4287 2621 4334 etc.
2643 4272 2806 4349 [XII],
2829 4269 2937 4344 l2.}
2956 4268 3190 4336 Quidam
3207 4282 3273 4321 ex
3293 4261 3492 4362 priscis
3510 4257 3650 4361 scri-

397 4351 564 4439 latiiw
599 4351 714 4447 ’τίξ
768 4364 976 4454 χρῶτί
1008 4351 1203 4445 ξῶντᾷν
1259 4351 1374 4432 τὸν*
1416 4377 1576 4446 λόγον
1639 4372 1969 4445 ἐλάμϐανεν.

2080 4351 2331 4445 pluribus
2358 4373 2463 4428 sub
2488 4379 2635 4436 cute,
2660 4383 2822 4440 quam
2852 4374 3021 4421 totam
3049 4358 3339 4429 occupavit
3365 4354 3536 4422 lepra,
3564 4351 3649 4402 in-

400 4469 477 4530 Οὗ
538 4463 616 4546 μὴ
663 4446 928 4544 παρέντος
978 4475 1046 4544 τῇ
1079 4471 1252 4543 ψυχῇ,
1303 4471 1332 4525 ὃ
1372 4469 1426 4522 τι
1464 4467 1585 4522 ποτ’
1627 4461 1722 4520 οὖν
1769 4465 1834 4520 ἂν
1878 4463 1974 4533 γέ-

2078 4466 2278 4535 telligit
2294 4466 2471 4520 vivam
2497 4463 2788 4525 rationem,
2807 4474 2916 4532 qua
2938 4458 2984 4513 si
3007 4455 3174 4511 fuerit
3197 4453 3360 4506 homo
3381 4446 3645 4515 privatus,

399 4544 612 4637 vqrai,
659 4564 992 4634 ἀνέγκλητος
1065 4566 1094 4618 ὁ
1146 4563 1450 4634 ἁμαρτὼν,
1518 4561 1718 4631 ἀλόγου
1789 4559 1972 4630 φέρων

2078 4557 2348 4628 quidquid
2387 4557 2562 4628 egerit
2602 4551 2932 4624 reprehendi
2970 4548 3256 4604 commode
3296 4556 3404 4596 non
3446 4544 3645 4608 potest.

401 4629 780 4712 xdsdoracw;
812 4657 862 4711 sl
885 4629 942 4711 iis
965 4657 1165 4728 παρείη
1189 4629 1377 4724 ⁷λόῇος.
1414 4629 1737 4716 ὑπεύθυνος.
1773 4651 1838 4704 Ti
1865 4629 1973 4706 οὖν

2079 4650 2213 4705 Nam
2246 4651 2410 4704 homo
2436 4647 2533 4718 qui
2563 4646 2782 4702 ratione
2810 4652 2989 4707 caret,
3021 4639 3153 4693 nihil
3183 4635 3362 4690 diliert
3391 4647 3419 4684 a
3449 4629 3645 4684 bellua.

400 4748 463 4803 τδ
497 4749 620 4805 καθ’
643 4749 766 4803 ὅλου
805 4748 901 4802 τοῦ
935 4723 1186 4818 σώματος
1225 4723 1472 4816 γενεσθαι
1523 4745 1624 4816 τὴν
1671 4744 1851 4814 decipi;
1899 4743 1974 4814 μή

2087 4742 2188 4797 Ubi
2211 4743 2446 4812 primum
2475 4741 2716 4796 adfuerit
2735 4734 2944 4793 homini
2974 4733 3138 4796 ratio,
3166 4731 3211 4784 si
3243 4725 3377 4798 quid
3408 4723 3651 4818 delique-

403 4856 534 4895 ποτε
578 4839 861 4910 τροπικῶς
899 4813 1248 4908 ιρρενίτιδσις,⁷
1282 4837 1316 4910 ἢ
1373 4813 1738 4906 μελαγχολίας
1773 4813 1974 4905 ίδηλοῖ;

2084 4839 2188 4900 ΐὶῐ.
2231 4835 2412 4906 panis
2451 4843 2602 4889 recte
2642 4829 2888 4887 coerceri
2930 4825 3153 4897 poterit.
3193 4819 3336 4889 Quid
3380 4817 3485 4872 sibi
3528 4813 3645 4866 vult

408 4935 482 5003 μὴ
513 4907 836 5002 βοηθοῦντος
863 4907 974 5001 γὰρ
1012 4931 1133 4984 τότε
1158 4907 1341 4999 λόγον,
1378 4928 1514 5000 μηδὲ
1550 4927 1832 4998 παρούσης
1891 4925 1977 4977 αἱ-

2084 4927 2228 4997 quod
2257 4925 2438 4996 inquit
2466 4942 2480 4979 :
2512 4923 2742 4979 Tactum
2776 4923 2894 4978 fieri
2923 4920 3092 4976 totius
3118 4913 3404 4988 corporis?
3432 4907 3653 4962 Fortas-

407 4999 672 5093 ὸοῆἁεῴς,
703 5023 811 5076 πᾶν
835 4999 896 5075 τδ
916 4999 1183 5092 τέραχθὲν,
1214 5020 1247 5092 ἦ
1279 4999 1486 5090 λεχθὲν,
1517 5019 1616 5090 οὐχ
1645 5017 1972 5089 ἁμάιρῖτσιιμτκ.⁸

2083 5019 2162 5074 sis
2197 5017 2407 5088 tropice
2444 5016 2697 5088 intelligit
2727 5013 3046 5069 melancolia
3077 5017 3172 5064 aut
3205 5003 3461 5078 phrencsi
3501 4999 3653 5053 labo-

405 5117 522 5170 ἀλλ’
549 5117 634 5170 ὅτε
687 5115 950 5186 πάρεστιν
980 5113 1256 5182 αἴσθησις.

2084 5119 2290 5165 rantes.
2318 5108 2457 5163 Dum
2486 5108 2634 5164 enim
2665 5107 2750 5160 his
2779 5121 2889 5160 non
2923 5103 3150 5160 inservit
3179 5114 3354 5168 neque
3383 5095 3529 5150 ratio
3557 5108 3649 5146 ne-

407 5223 516 5276 que
543 5223 762 5271 sensus,
789 5203 1056 5278 quidquid
1083 5205 1166 5259 vel
1195 5203 1438 5259 dixerint
1465 5201 1549 5258 vel
1582 5200 1837 5266 fecerint,
1872 5215 1980 5254 non
2023 5202 2234 5271 peccati
2279 5217 2478 5258 nomen
2527 5197 2860 5264 merebitur;
2905 5204 2962 5248 at
3009 5191 3214 5264 peccati
3293 5204 3490 5244 nomen
3537 5193 3651 5238 tum

408 5309 674 5360 recurret.
703 5316 827 5354 cum
860 5315 1058 5355 sensus
1087 5297 1324 5354 affuerit.

484 5392 720 5456 Proinde
756 5393 810 5446 in
854 5392 999 5447 hunc
1023 5390 1247 5445 modum
1290 5389 1623 5458 loquamur:
1662 5384 1925 5440 Bil‘ariam
1965 5383 2248 5453 placemus
2282 5390 2336 5438 et
2369 5381 2510 5452 grati
2550 5395 2746 5436 sumus
2786 5377 2918 5432 Deo.
2961 5374 3018 5429 Si
3061 5373 3296 5428 vivimus
3341 5368 3472 5432 Deo,
3510 5367 3649 5422 nihil

411 5491 720 5536 emortuum
756 5481 830 5536 sit
866 5482 922 5534 in
963 5479 1156 5544 nobis;
1193 5476 1240 5534 si
1285 5477 1488 5530 mortui
1527 5473 1802 5529 fuerimus
1841 5452 2090 5543 peccato,
2129 5472 2294 5525 nullae
2334 5469 2542 5540 peccati
2579 5467 2831 5536 reliquiae
2870 5465 2923 5518 in
2963 5462 3126 5518 nobis
3167 5464 3511 5514 remaneant.
3547 5452 3647 5508 111ιί

413 5569 620 5624 mortui
655 5567 926 5624 fuerimus
961 5566 1198 5630 mundo,
1233 5581 1300 5620 ne
1335 5579 1684 5620 recurramus
1719 5562 1786 5617 ad
1821 5565 1976 5616 vitia.
2009 5561 2281 5627 Quocirca
2316 5557 2522 5613 Paulus
2555 5557 2632 5611 ait
2665 5573 2678 5609 :
2718 5575 2736 5607 ι
2779 5554 2871 5609 Sic
2903 5561 2954 5607 et
2990 5567 3087 5607 vos
3123 5549 3363 5620 cogitate
3399 5548 3649 5598 mortuos

495 5703 824 5788 ⁵⁷ιεει.ι,6.
901 5723 946 5757 εκ
989 5722 1122 5777 una.
1197 5723 1242 5754 δ’
1289 5719 1468 5774 Jercm
1527 5717 1910 5788 xxx,12._13.
1989 5715 2094 5767 eou

2060 5715 2194 5788 una.
2232 5715 2316 5780 l7,
2369 5714 2450 5768 l8.
2559 5715 2600 5747 ιι
2639 5710 2913 5776 Galnt.vt,
2956 5710 3007 5763 s.
3116 5709 3158 5738 ει
3193 5703 3382 5758 Μειιιιι.
3421 5714 3516 5766 vu,
3554 5696 3647 5754 es.

421 5795 464 5828 "
500 5795 644 5853 Psal.
676 5786 864 5864 Csvnt,
897 5797 985 5850 67.
1061 5795 1127 5826 ⁸³⁹
1162 5791 1277 5848 Jac.
1323 5807 1360 5856 1,
1410 5790 1498 5843 ίΰο
1533 5790 1615 5843 15.
1693 5789 1736 5820 ει
1778 5786 1950 5841 chit.
1984 5801 2057 5852 st,
2089 5787 2176 5839 41.
