4050 6212
359 314 471 381 735
1679 308 2029 372 PROCOPII
2069 309 2311 370 GAZIEI
3503 305 3614 370 736

360 424 585 494 quidem
620 428 870 492 peccato,
904 422 1151 478 viventes
1185 429 1367 476 autem
1404 419 1516 473 Deo
1551 419 1607 471 iu
1644 416 1867 473 Christo
1899 414 2029 471 Jesu
2052 415 2121 471 ⁸³.
2154 414 2290 469 Nam
2325 429 2425 487 pro
2455 413 2616 472 nobis
2650 423 2880 471 mortem
2918 414 3185 471 sustinuit
3210 414 3493 485 Christus,
3524 426 3609 481 ut,

364 510 457 578 qui
488 510 702 571 vivunt,
732 523 842 562 non
871 510 1107 579 amplius
1138 509 1243 565 sibi
1270 506 1478 571 vivarit,
1505 504 1601 562 sed
1631 506 1707 569 ei,
1735 503 1831 573 qui
1861 517 1961 576 pro
1989 502 2125 572 ipsis
2153 510 2407 557 mortuus
2432 512 2516 558 est
2540 513 2595 559 et
2620 502 3006 566 resurrexit“,
3035 502 3127 571 qui
3162 512 3385 574 peccata
3417 514 3607 558 nostra

365 595 600 666 portavit
634 609 871 664 corpore
902 610 1007 651 suo
1038 610 1204 664 super
1229 594 1402 665 ligno,
1430 600 1489 646 ιιι
1519 599 1869 663 peccatorum
1901 590 2230 660 impunitate
2262 599 2482 661 recepta
2507 590 2764 646 vivamus
2786 591 3023 660 iustitia:
3039 591 3105 624 “-
3142 608 3160 642 ι
3191 590 3455 644 Morimur
3481 607 3610 660 pec—

366 690 513 748 cato,
551 695 620 735 ne
653 689 708 735 et
746 680 853 734 hoc
890 696 990 736 nos
1023 688 1334 751 praetereat,
1370 681 1416 734 si
1460 693 1725 733 necamus
1761 677 2009 732 membra
2043 686 2238 733 nostra
2274 685 2516 742 terrena,
2553 678 2975 741 scel-tationem,
3014 677 3440 743 immunditiam,
3476 678 3612 731 affe-

365 776 546 831 ctum,
582 768 942 836 cupiditatem
980 752 1198 822 malam.
1235 766 1339 833 Qui
1376 781 1509 821 vero
1543 765 1744 820 mortui
1783 780 1976 819 sumus
2016 774 2272 834 peccato,
2305 765 2584 836 quomodo
2618 774 2811 836 postea
2835 764 2891 819 in
2926 763 3093 836 348
3121 779 3188 819 eo
3220 765 3512 819 vivemus?
3544 765 3602 819 Si

367 857 651 926 paululum
702 858 863 911 modo
912 856 1367 912 consenserimus
1410 863 1666 926 peccato,
1712 853 2091 923 inquinamur.
2132 852 2373 908 Proinde
2418 852 2758 923 impuritatis
2804 852 3016 907 crimen
3066 866 3177 905 non
3223 851 3548 920 effugiemus
3589 873 3606 908 :

366 944 828 1015 quemadmodum
860 945 1153 1013 puritatem
1185 959 1615 1009 conservamus,
1644 944 1690 998 si
1727 941 1997 997 fuerimus
2024 940 2227 995 mortui
2264 948 2509 1010 peccato.
2540 940 2706 1004 Nam,
2736 948 2799 994 ut
2822 940 3075 1010 perhth
3102 935 3308 992 Paulus
3328 939 3393 1005 ⁸⁸,
3428 939 3609 994 modi-

366 1044 490 1084 cum
527 1031 855 1083 fermentmn
889 1038 1059 1084 totam
1089 1029 1385 1084 fermenlat
1414 1043 1677 1082 massam.
1710 1026 1816 1081 Sed
1848 1026 1894 1082 si
1931 1026 2206 1081 modicum
2238 1026 2372 1081 illud
2407 1025 2738 1081 fermentum
2771 1025 2995 1079 malitiae
3024 1024 3191 1078 fuerit
3225 1024 3492 1086 ablatum,
3522 1024 3609 1078 ni-

368 1116 445 1168 hil
489 1118 717 1184 periculi
759 1116 1199 1172 restat.-ldcirco
1235 1130 1263 1169 a
1303 1114 1538 1168 Domino
1570 1115 1894 1184 prohibetur
1923 1116 2367 1185 supplementum
2408 1128 2609 1168 novum
2647 1115 2705 1169 in
2738 1116 3067 1169 vestimento
3098 1113 3301 1178 veteri,
3331 1123 3386 1167 et
3418 1113 3607 1167 vinum

368 1218 566 1256 novum
608 1212 793 1255 mouet
830 1201 1098 1257 Dominus
1119 1203 1164 1235 ”
1196 1217 1307 1256 non
1337 1217 1462 1257 esse
1491 1201 1880 1271 excipiendum
1914 1203 2136 1257 utribus
2162 1200 2416 1256 vetustis.
2450 1199 2686 1266 Quidam
2718 1198 2907 1255 dixere
2936 1202 3210 1270 impuram
3248 1214 3367 1254 eam
3409 1201 3609 1252 morti-

369 1287 702 1348 ficationem,
737 1303 899 1357 quam
934 1288 1080 1357 parit
1107 1288 1308 1342 vitium
1340 1295 1396 1342 et
1424 1288 1557 1341 mali
1590 1287 1762 1341 animi
1796 1287 1936 1342 mala
1966 1287 2261 1358 dispositio
2291 1298 2344 1343 et
2374 1286 2619 1343 affectio.
2650 1286 2774 1342 Haec
2805 1286 3159 1350 diffunditur,
3195 1288 3356 1354 longe
3389 1284 3611 1355 lateque

342 1375 562 1442 ‘serpit,
591 1383 651 1428 ut
678 1375 866 1429 videre
892 1383 976 1453 est
1008 1376 1065 1429 in
1092 1375 1248 1430 vitiis
1275 1375 1717 1445 intemperantia
1744 1374 2162 1445 injustitieeque.
2190 1376 2392 1431 Puram
2424 1389 2544 1430 eam
2576 1382 2835 1430 asserunt
2864 1374 3088 1444 quidam
3122 1372 3613 1428 mortificationem

366 1475 473 1529 qua
509 1459 634 1515 freti
672 1461 1056 1516 indifferenter
1087 1468 1321 1515 utuntur
1355 1460 1443 1515 his
1481 1461 1758 1525 externis,
1791 1462 1954 1516 modo
1982 1463 2199 1518 exsulet
2229 1462 2450 1516 vitium.
2483 1459 2579 1517 Sic
2617 1470 2890 1532 respuunt
2926 1462 3136 1515 alienas
3165 1460 3395 1530 nuptias
3416 1500 3432 1523 ,
3464 1461 3508 1514 si
3535 1460 3606 1514 ad

367 1549 466 1602 has
501 1547 780 1603 ducantur
812 1548 952 1604 vitio
990 1548 1437 1612 incontinentiae;
1475 1547 1557 1602 sic
1595 1548 1809 1602 nullum
1848 1549 2111 1619 rejiciunt
2145 1550 2366 1615 cibum,
2401 1549 2510 1606 nisi
2547 1550 2643 1621 qui
2680 1549 3118 1623 intemperantiae
3153 1548 3484 1613 ancillatur;
3524 1547 3607 1602 sic

367 1634 583 1688 nullum
623 1649 766 1704 opus
802 1635 982 1688 vitant
1018 1636 1075 1689 in
1113 1634 1378 1695 Sabhato,
1416 1634 1525 1688 nisi
1564 1634 1709 1704 quod
1754 1635 2069 1706 impellente
2108 1637 2343 1692 avaritia
2381 1639 2705 1708 suscipitur.
2743 1636 3091 1707 Quapropter
3124 1636 3305 1706 inquit
3342 1635 3552 1690 Paulus
3604 1650 3618 1687 :

373 1741 393 1773 ‹
431 1720 567 1775 Muri
604 1737 708 1777 nos
739 1728 957 1792 oportet
985 1721 1091 1792 legi
1114 1760 1129 1784 ,
1162 1736 1265 1777 nec
1295 1720 1410 1775 ullo
1440 1723 1606 1775 modo
1635 1724 1833 1778 reverti
1867 1723 1934 1777 ad
1962 1724 2130 1778 vitam
2156 1762 2173 1788 ,
2209 1739 2375 1795 quam
2408 1724 2497 1780 lex
2529 1726 2848 1795 pollicetur,
2879 1732 3137 1796 putantes
3171 1737 3273 1780 nos
3302 1738 3401 1793 per
3429 1723 3607 1795 legem

362 1807 815 1877 justifieationem
849 1808 1084 1880 adipisci
1100 1806 1171 1861 7°.
1207 1827 1226 1861 ι
1257 1805 1491 1874 Quidam
1525 1816 1857 1877 pra'sentem
1888 1810 2069 1865 locum
2102 1812 2185 1866 sic
2213 1820 2498 1882 exponunt
2528 1831 2541 1867 :
2575 1812 2736 1874 Eum,
2764 1813 2927 1882 cujus
2958 1827 3162 1883 corpus
3193 1820 3366 1866 totum
3400 1810 3605 1865 invasit

367 1895 538 1963 lepra,
569 1894 656 1949 lex
692 1894 956 1949 mundum
995 1894 1201 1961 sancit,
1234 1903 1296 1948 ut
1329 1893 1589 1950 ostendat
1628 1894 1797 1950 Deum
1835 1896 2024 1953 odisse
2054 1898 2206 1953 varia
2245 1898 2477 1969 ingenia
2501 1904 2556 1963 et
2590 1897 2848 1954 subdola.
2883 1898 3027 1953 Idem
3065 1898 3379 1953 evidentius
3415 1898 3468 1950 in
3514 1911 3605 1951 se-

367 1981 671 2049 quentibus
707 1983 907 2052 aperit,
944 1981 1073 2036 dum
1113 1983 1348 2052 imperat
1385 2000 1398 2036 :
1440 2000 1460 2034 ι
1492 1980 1718 2037 Vineam
1760 1992 1906 2037 tuam
1941 1999 2051 2040 non
2089 1998 2353 2041 conseres
2391 1984 2600 2040 diversi
2643 1984 2863 2054 generis
2899 1984 3294 2039 seminibus".
3334 2003 3353 2037 ι
3394 1983 3462 2038 Ει
3498 1984 3604 2038 ite-

366 2083 487 2121 rum
520 2086 533 2122 :
566 2086 585 2118 ι
611 2066 798 2123 Vestis
831 2085 898 2124 ex
932 2070 1139 2139 duplici
1174 2070 1405 2124 materia
1436 2078 1756 2125 contextum
1787 2071 1859 2125 sit
1890 2071 2259 2127 adulterinum
2279 2072 2345 2125 τ’.
2382 2090 2401 2124 ι
2437 2070 2504 2125 Ει
2534 2072 2735 2127 iterum
2771 2090 2785 2127 :
2824 2087 2845 2123 ι
2880 2068 3001 2125 Non
3034 2070 3401 2127 admissuram
3430 2069 3604 2127 facies

365 2169 627 2225 pecorum
659 2166 918 2221 tuorum,
950 2156 1299 2212 admittendo
1327 2172 1393 2212 ea
1425 2158 1492 2212 ad
1524 2172 1727 2227 pecora
1759 2158 1965 2214 diversi
1993 2159 2210 2230 generis
2232 2158 2300 2216 ⁷³.
2335 2178 2354 2212 ι
2394 2158 2535 2216 Ecce
2564 2160 2774 2230 ubique
2807 2159 2951 2214 Deus
2979 2158 3241 2213 laudibus
3269 2157 3427 2213 effert
3458 2160 3599 2213 sim-

364 2242 692 2320 plicitatem.
722 2241 954 2309 Quidam
989 2244 1145 2298 aiunt
1178 2243 1332 2299 illum
1359 2282 1374 2307 ,
1405 2260 1567 2315 quem
1598 2245 1752 2312 lepra
1784 2251 1961 2300 totum
1989 2245 2382 2315 conspurcavit
2403 2286 2417 2309 ,
2450 2261 2517 2302 ex
2549 2260 2699 2300 mera
2728 2246 3072 2317 benignitate
3108 2244 3293 2299 divina
3324 2246 3591 2300 mundum

367 2329 739 2398 pronuntiari,
767 2336 826 2382 ut
856 2328 971 2398 qui,
1002 2338 1270 2398 quantum
1304 2330 1359 2384 in
1395 2345 1455 2387 se
1484 2338 1592 2393 est.
1618 2331 1828 2386 nullam
1862 2346 2015 2402 spem
2047 2332 2247 2388 salutis
2279 2333 2576 2402 concipiat.
2604 2332 2683 2387 Ne
2712 2333 2883 2403 igitur
2911 2338 3182 2402 perpetuo
3212 2332 3280 2386 ab
3312 2332 3608 2386 hominum

367 2417 656 2471 consortio
683 2424 1005 2486 segregatus
1033 2417 1200 2471 vitam
1231 2432 1393 2489 agere
1421 2426 1677 2489 cogatur,
1705 2417 2018 2486 benignitas
2042 2419 2228 2474 divina
2256 2419 2305 2473 ei
2338 2421 2637 2489 puritatem
2666 2419 2858 2475 donat.
2888 2417 3003 2473 lloc
3030 2434 3251 2488 quoque
3282 2425 3411 2490 typo
3437 2419 3601 2474 docet

363 2504 544 2567 viros,
577 2504 669 2572 qui
697 2503 1080 2574 Egyptiaeam
1111 2504 1330 2559 vivendi
1364 2504 1640 2559 rationem
1674 2504 2071 2571 sequebantur,
2100 2514 2161 2560 ut
2193 2513 2356 2561 caute
2387 2506 2672 2561 ambulent
2702 2506 3103 2574 modestiaeque
3137 2506 3251 2561 sint
3282 2521 3553 2561 memores
3586 2524 3607 2561 τ

364 2605 435 2644 ne
473 2606 531 2645 se
566 2590 801 2645 efferant
837 2592 909 2645 ob
940 2590 1193 2660 corporis
1220 2591 1306 2646 vel
1342 2592 1813 2663 pulchritudinem
1844 2592 1930 2646 vel
1963 2592 2153 2649 robur.
2187 2593 2404 2648 Addicti
2440 2602 2573 2649 sunt
2604 2594 2703 2648 toti
2744 2593 2888 2661 Deo,
2922 2594 3139 2665 hocque
3171 2594 3503 2663 glorientur,
3538 2610 3615 2649 ne»

365 2677 615 2731 incidant
647 2677 700 2731 in
737 2678 975 2747 aliquam
1009 2676 1402 2745 calamitatem,
1432 2685 1488 2733 et
1519 2677 1920 2734 abominabiles
1949 2680 2204 2735 evadant.
2239 2679 2510 2735 Praeterea
2544 2688 2604 2734 ut
2635 2681 2957 2737 abstineant
2986 2682 3055 2736 ab
3086 2680 3332 2744 luxuria,
3365 2678 3611 2752 fugiant-

364 2779 473 2833 que
499 2765 835 2833 voluptates.
870 2764 994 2818 Ilaec
1026 2764 1175 2818 enim
1208 2764 1319 2819 duo
1354 2765 1496 2819 mala
1532 2765 1859 2835 plerumque
1893 2766 2095 2835 lepram
2135 2781 2400 2837 generare
2435 2775 2866 2823 consueverunt.

438 2850 505 2904 Et
536 2868 685 2916 caro,
717 2851 765 2905 si
791 2852 934 2922 facta
965 2851 1125 2921 fuerit
1157 2853 1209 2905 in
1240 2862 1358 2906 cute
1386 2851 1500 2920 ejus
1530 2849 2011 2923 ulcus,etc.[Xlll,
2038 2852 2350 2927 18.]Tertia
2372 2854 2593 2923 ponitur
2609 2869 2757 2909 nunc
2779 2854 2863 2908 lex
2881 2854 2948 2909 de
2968 2853 3366 2924 lepra,scilicet
3388 2854 3611 2923 quando

365 2939 524 2993 ulcus
554 2947 807 2993 sanatqu
842 2937 1031 3000 fuerit.
1063 2946 1119 2993 et
1153 2938 1206 2992 in
1243 2940 1386 3003 loco,
1415 2953 1577 3009 quem
1611 2938 1771 2994 ulcus
1801 2947 2082 3006 tenuerat,
2112 2941 2341 2998 cicatrix
2371 2943 2494 2997 alba
2525 2949 2745 3011 reperta
2780 2941 2968 2997 fuerit.
2994 2940 3067 2997 Ut
3096 2940 3243 2995 enim
3273 2941 3329 2995 in
3361 2956 3601 3011 corpore

365 3026 616 3097 plurimm
654 3026 1003 3095 reperiuntur
1032 3040 1214 3083 causa:
1250 3025 1593 3090 morborum,
1628 3025 1711 3082 sic
1744 3035 1799 3082 et
1836 3026 1895 3081 in
1929 3028 2113 3082 anima
2147 3026 2638 3098 deprehenduntur
2668 3027 2922 3099 plurimae
2954 3027 3213 3082 vitiorum
3253 3029 3601 3084 occasiones.

366 3114 471 3169 llhi
507 3114 732 3168 vulnera
765 3113 1178 3181 convaluerint,
1207 3113 1440 3169 cicatrix
1469 3114 1795 3185 plerumque
1827 3115 2164 3186 conspicitur
2189 3115 2312 3170 alba
2339 3123 2394 3170 et
2423 3115 2640 3186 leprosa
2675 3132 2687 3169 :
2718 3123 2814 3187 aut
2843 3112 3001 3183 rufa,
3031 3130 3153 3185 quae
3183 3112 3516 3183 inflammat,
3547 3124 3608 3171 et

367 3201 635 3257 lmmilior
660 3208 743 3256 est
776 3201 979 3269 reliqua
1010 3196 1260 3272 corporis
1287 3201 1611 3273 superficie,
1637 3208 1694 3258 et
1722 3202 1955 3273 proinde
1982 3202 2328 3259 humiliorem
2358 3201 2522 3259 efficit
2546 3208 2603 3257 et
2629 3200 2893 3256 animam.

438 3308 749 3364 Incendium
787 3308 947 3378 ignis.
986 3315 1095 3364 etc.
1137 3307 1277 3383 [24.]
1309 3307 1590 3365 Fortassis
1625 3308 1932 3363 inflamma-
1962 3293 2010 3351 Α

2006 3340 2010 3350 υ
2104 3311 2467 3381 Κατὰκαυμα
2489 3310 2699 3379 πυρός.
2722 3309 2814 3381 Μή
2845 3326 2977 3364 ποτε
3005 3309 3340 3381 κατάκαυμά
3364 3311 3512 3362 ἐστιν
3548 3309 3605 3360 ἐν

368 3402 569 3456 tionem
603 3408 657 3455 et
690 3393 1086 3455 intolerabilem
1120 3407 1315 3455 aestum
1351 3399 1656 3471 experitur,
1692 3399 1786 3469 qui
1825 3396 1929 3453 Sa-

2037 3403 2202 3458 παντὶ
2231 3403 2312 3475 τῷ
2336 3403 2615 3473 δεξαμένῳ
2639 3402 2794 3474 βέλος
2828 3401 2921 3455 τοῦ
2975 3400 3220 3475 Πονηροῦ
3273 3401 3612 3473 πεπυρωμέ-

368 3505 508 3549 tuum
536 3493 710 3548 telum
734 3492 964 3563 ignitum
1000 3491 1228 3563 excipit.
1255 3489 1408 3547 Talis
1440 3506 1628 3546 amore
1656 3490 1932 3548 ardentis-

2038 3511 2131 3550 νον
2159 3510 2175 3561 ;
2210 3494 2312 3566 ἐρᾷ
2340 3493 2451 3566 γὰρ
2475 3487 2635 3557 οὗτος
2665 3491 2871 3565 σαρκός
2896 3509 2957 3546 τε
2988 3492 3083 3546 καὶ
3112 3492 3367 3562 αἵματος,
3421 3507 3609 3559 γυναι-

367 3598 509 3640 s-mo
532 3585 881 3652 prosequitur
901 3590 995 3637 aut
1018 3596 1244 3637 uxorem
1272 3587 1369 3635 aut
1392 3580 1586 3636 filium.
1604 3579 1767 3635 Amat
1786 3580 1933 3636 enim

2040 3584 2157 3651 κὸς,
2193 3584 2229 3656 ἢ
2264 3584 2474 3648 παιδός.
2505 3582 2754 3638 Τοιοῦτοι.
2778 3585 2874 3638 καὶ
2904 3584 2955 3637 οἱ
2985 3582 3123 3654 πρὸς
3151 3582 3310 3647 δόξαν
3351 3580 3612 3652 μαινόμεο

365 3688 586 3727 οηιηιοηι
628 3681 676 3726 et
722 3674 1065 3743 sanguinem.
1104 3672 1362 3742 Ejusdem
1414 3672 1608 3728 farinae
1647 3679 1807 3739 sunt,
1840 3672 1936 3744 qui

2041 3689 2124 3728 νοι
2148 3673 2246 3728 καὶ
2274 3672 2562 3746 ἀργύριον.
2593 3671 2756 3744 Ψυχὴ
2786 3671 2897 3744 γὰρ
2926 3671 3183 3744 ἐμπαθὴς
3217 3672 3311 3726 ἐπὶ
3349 3671 3610 3735 τοιούτοις

367 3778 565 3819 msauo
587 3764 773 3833 gloriae
795 3774 847 3818 et
870 3763 1119 3821 avaritia:
1139 3764 1491 3834 exagitantur
1511 3777 1721 3820 amore.
1739 3762 1935 3820 Anima

2043 3763 2306 3836 ἐκκάεται
2333 3779 2350 3794 ·
2385 3762 2492 3818 κᾶν
2545 3762 2926 3832 ἀπαλλαγεῖσα
2960 3760 3167 3833 τούτων
3199 3762 3451 3833 ὑγιαςθῇ.
3517 3763 3612 3814 καὶ

368 3856 511 3908 enim
545 3856 628 3910 his
658 3854 949 3911 affectibus
980 3855 1218 3910 obnoxia
1249 3853 1427 3910 ardet.
1459 3853 1517 3910 Si
1545 3870 1678 3911 vero
1705 3855 1937 3911 liberata

2046 3855 2121 3928 μὴ
2144 3854 2316 3919 οὕτως
2341 3855 2578 3929 ὁμαλίσῃ
2628 3855 2720 3909 τὸν
2756 3855 2923 3910 τόπον
2976 3853 3072 3907 τοῦ
3106 3852 3332 3918 πάθους,
3382 3853 3460 3916 ὡς
3505 3852 3616 3922 πρὸ

368 3943 532 4000 fuerit
557 3949 739 4001 anima
772 3948 891 4002 istis
916 3946 1098 4011 malis,
1125 3954 1180 4002 et
1208 3947 1525 4002 sanctitatis
1550 3947 1829 4020 particeps
1858 3947 1939 4002 fa-

2042 3945 2140 4000 τοῦ
2175 3945 2385 4010 πάθους
2425 3944 2740 4016 ἐτύγχανεν,
2774 3944 2890 3998 ἀλλ’
2922 3938 2957 4017 ᾖ
2988 3942 3131 3998 κατὰ
3163 3940 3324 3997 τοῦτο
3358 3957 3611 3995 ταπεινο-

368 4047 453 4092 ria
484 4039 667 4099 fuerit.
696 4054 797 4094 nec
822 4039 1122 4108 aequaverit
1149 4039 1330 4094 locum
1359 4048 1421 4094 ut
1448 4051 1731 4111 appareat,
1757 4041 1940 4111 qualis

1281 4056 1330 4094 m
1359 4048 1421 4094 ut
1448 4051 1731 4111 appareat,
1757 4041 1940 4111 qualis
2045 4038 2199 4111 τέρα,
2235 4038 2407 4110 μιαρὰ
2431 4036 2510 4108 τῷ
2540 4036 2691 4108 νόμῳ
2709 4036 2877 4089 δοκεῖ.

370 4138 481 4182 erat
516 4136 644 4184 ante
672 4139 922 4185 exortum
951 4129 1074 4198 ejus
1098 4128 1217 4184 vitii
1252 4147 1267 4185 :
1301 4127 1548 4200 profecto
1578 4144 1703 4185 cum
1737 4129 1809 4185 sit
1840 4129 1941 4183 hu-

371 4218 548 4274 milior
576 4220 711 4288 legis
735 4220 972 4286 ratione,
1000 4221 1208 4291 polluta
1236 4221 1502 4277 creditur.

439 4339 656 4393 Accidit
688 4339 961 4393 interdum
995 4348 1056 4392 ut
1087 4337 1291 4400 anima,
1324 4336 1417 4393 ubi
1450 4335 1747 4403 perfectam
1780 4332 2052 4403 receperit
2082 4330 2398 4396 sanitatem,
2426 4336 2487 4385 ut
2521 4344 2632 4401 pne
2660 4327 2912 4385 socordia
2942 4327 3223 4383 relabatur
3252 4328 3310 4383 in
3340 4324 3495 4384 vitia.
3531 4329 3590 4383 Si

374 4428 501 4479 vitia
539 4429 730 4481 saltem
762 4428 981 4481 ratione
1013 4426 1405 4495 concipiuntur
1434 4439 1535 4479 nec
1564 4424 1619 4477 in
1651 4422 1903 4477 effectum
1941 4418 2343 4492 producuntur,
2376 4416 2467 4471 ille
2499 4416 2663 4471 homo
2696 4432 2819 4482 non.
2842 4415 3121 4486 rejicitur,
3147 4415 3402 4487 quamvis
3438 4429 3598 4486 sepa—

374 4526 541 4570 retur.
573 4516 628 4568 Si
662 4530 791 4567 vero
832 4522 884 4567 et
926 4515 1069 4567 mala
1107 4528 1273 4583 opera
1316 4512 1497 4568 facere
1536 4521 1591 4566 et
1627 4512 1843 4580 culpam
1877 4505 2207 4564 commereri
2241 4504 2561 4568 instituerit,
2595 4503 2936 4575 impuritatis
2966 4504 3237 4559 maculam
3273 4502 3379 4558 sibi
3411 4503 3605 4558 conci-

376 4605 485 4654 liat.
522 4600 716 4654 Evenit
748 4599 917 4669 igitur
947 4599 1094 4668 quod
1128 4600 1332 4654 dicitur
1361 4619 1376 4655 :
1411 4618 1431 4651 ι
1466 4598 1634 4654 Canis
1664 4597 1885 4652 rediens
1915 4596 1981 4650 ad
2012 4608 2172 4650 suum
2202 4592 2493 4646 vomitum.
2522 4589 2608 4656 Et,
2640 4590 2752 4646 Sus
2774 4591 2894 4645 'lota
2924 4604 3145 4646 reversa
3178 4591 3231 4645 in
3262 4588 3613 4644 volutabrum

377 4687 514 4741 caeni
542 4685 611 4742 ".
652 4704 674 4740 ι
713 4684 788 4742 De
819 4686 982 4761 tertia
1015 4686 1186 4753 igitur
1212 4686 1350 4757 lege,
1381 4700 1502 4755 qua:
1532 4685 1604 4740 ob
1632 4685 1842 4755 lepram
1875 4682 2073 4748 fertur,
2104 4680 2219 4735 hzec
2250 4679 2461 4736 dixisse
2490 4679 2635 4735 haud
2668 4679 2917 4750 ineptum
2947 4675 3161 4748 judico.

448 4812 509 4865 In
538 4812 708 4883 capite
735 4821 784 4867 et
811 4813 864 4866 in
894 4812 1091 4875 barba.
1120 4822 1228 4868 etc.
1257 4810 1395 4886 [29.]
1421 4814 1553 4869 Mihi
1584 4814 1806 4870 videtur
1832 4813 1935 4869 hoc
1966 4806 2008 4862 Β

2118 4817 2214 4870 Ἐν
2245 4815 2321 4886 τῇ
2347 4812 2584 4885 κεφαλῇ
2621 4813 2658 4883 ἣ
2689 4813 2758 4866 ἐν
2793 4811 2874 4879 τῷ
2895 4812 3151 4882 πώγωνι.
3196 4810 3340 4882 Ὅρα
3372 4811 3419 4864 si
3449 4810 3613 4864 δύνα-

380 4903 500 4957 loco
541 4902 955 4974 intelligendam
1002 4919 1125 4960 esse
1170 4904 1380 4975 lepram
1422 4904 1587 4979 3&9
1628 4906 1850 4978 capitis,
1892 4906 1939 4962 si

2038 4926 2129 4963 ται
2160 4907 2339 4979 λέπρα
2382 4908 2480 4978 μὲν
2525 4904 2898 4976 λαμϐάνεσθαι
2937 4903 3200 4975 κεφαλῆς,
3227 4902 3315 4957 ὃτι
3351 4902 3473 4956 ἀντὶ
3520 4901 3616 4956 τοῦ

381 4994 503 5063 quis
532 4993 650 5049 loco
674 4992 903 5060 Christi,
930 4994 1023 5066 qui
1054 4992 1319 5052 Ecclesia:
1343 5005 1508 5069 caput
1531 5005 1638 5063 est,
1666 4999 1940 5054 diversam

2043 5000 2188 5072 ἔχειν
2220 4998 2461 5069 κεφαλὴν
2500 4995 2753 5066 Χριστὸν,
2782 4995 2939 5050 ἄλλον
2961 4994 3083 5049 τινά
3103 5011 3184 5056 τις
3205 4994 3362 5062 λόγον
3389 4993 3620 5063 ἐπιγρά-

380 5094 642 5155 sequatur
664 5086 999 5152 doctrinam,
1030 5087 1305 5159 eligatqne
1334 5089 1439 5145 sibi
1470 5098 1633 5160 caput
1664 5090 1942 5161 leprosum

2047 5108 2217 5162 φηται
2248 5090 2491 5161 κεφαλὴν
2535 5088 2739 5160 λεπρδν
2767 5089 2863 5142 καὶ
2893 5087 3226 5155 ἀκάθαρτον.
3303 5084 3467 5138 nam
3522 5082 3618 5137 καὶ

381 5183 435 5232 et
466 5178 823 5234 immundum.
854 5178 1123 5234 Praeterea
1157 5179 1206 5236 si
1239 5182 1366 5250 quis
1401 5182 1456 5237 in
1488 5182 1697 5237 virilem
1731 5188 1948 5237 :etatem

2048 5183 2143 5235 ἐὰν
2170 5180 2269 5252 ήδη
2304 5197 2391 5243 τις
2413 5179 2701 5250 γενόμενος
2732 5177 2891 5250 ἀνὴρ,
2922 5179 3016 5233 καὶ
3055 5176 3227 5231 δοκῶν
3269 5174 3611 5246 κατηρτηκέ-

383 5278 762 5341 transgressus
786 5277 840 5325 et
863 5271 1078 5327 relictis
1096 5273 1350 5338 nucibus,
1374 5274 1520 5346 quod
1548 5274 1721 5338 aiunt,
1749 5274 1945 5328 iterum

2052 5287 2142 5324 ναι
2166 5270 2232 5323 τὰ
2253 5269 2347 5323 τοῦ
2378 5270 2596 5341 νηπίου,
2633 5270 2947 5342 ἁμαρτάνῃ,
3002 5267 3075 5341 μὴ
3130 5268 3206 5332 ὡς
3246 5267 3459 5338 νήπιος,
3504 5265 3618 5317 ἀλλ’

385 5362 690 5432 delinquat.
721 5361 856 5418 Cum
895 5362 997 5416 hoc
1036 5373 1319 5432 peccatum
1356 5381 1385 5420 a
1420 5367 1540 5421 viro
1575 5366 1648 5421 sit
1682 5364 1947 5420 commis-

2051 5361 2327 5434 ἁμαρτίαν
2356 5362 2568 5434 ἀνδρὸς,
2590 5364 2730 5434 τάχα
2766 5364 2878 5435 ἔχει
2908 5364 3116 5433 λέπραν
3140 5361 3233 5414 ἐπὶ
3287 5356 3380 5413 τοῦ
3422 5357 3620 5425 πώγω-

389 5468 509 5508 sum
528 5493 545 5518 ,
576 5452 894 5526 intelligitur
921 5461 1067 5509 recte
1098 5455 1144 5511 is
1172 5455 1257 5509 vir
1286 5456 1432 5525 lepra
1466 5456 1666 5513 habere
1692 5455 1946 5511 infectam

2050 5469 2160 5519 νος.
2198 5454 2307 5506 Καὶ
2329 5454 2465 5525 γυνὴ
2494 5453 2571 5520 δὲ,
2604 5453 2804 5527 ψυχὴὴ
2837 5456 2913 5527 μὴ
2944 5451 3207 5526 προετικὴ
3236 5450 3335 5521 μὲν
3390 5446 3621 5517 λογικῶν

468 5629 512 5697 ’ξ
553 5626 705 5681 lium.
737 5645 811 5687 vi.
848 5630 929 5683 ll.
1011 5631 1055 5661 “
1093 5629 1131 5683 11
1164 5629 1287 5685 Cor.
1324 5646 1376 5687 γ.
1409 5630 1495 5685 15.
1572 5633 1615 5665 ⁸⁷
1655 5631 1671 5685 1
1706 5630 1853 5687 Petr.
1885 5647 1945 5692 ιι,
1975 5633 2067 5688 24.

2013 5634 2067 5688 4.
2178 5632 2223 5664 ⁸⁸
2261 5631 2277 5683 l
2330 5629 2456 5685 Cor.
2485 5647 2538 5693 ν,
2569 5628 2636 5697 6;
2665 5631 2841 5686 Galat.
2872 5647 2925 5695 ν,
2954 5631 3008 5685 9.
3120 5630 3164 5661 ⁶⁹
3205 5626 3394 5683 Matth.
3424 5645 3496 5696 Ix,
3530 5628 3612 5686 l7.

392 5694 440 5730 τ’
476 5694 648 5787 finiat.
682 5715 741 5763 ιι,
778 5700 857 5754 f9.
934 5701 975 5732 ⁷¹
1018 5699 1145 5754 Lev.
1184 5715 1296 5764 xix,
1335 5701 1419 5755 Ill.
1497 5701 1543 5732 "
1586 5701 1718 5757 ibid.
1793 5703 1840 5733 "
1880 5702 2012 5759 ibid.
2088 5703 2131 5737 ⁷³
2172 5702 2210 5756 ll
2247 5701 2390 5756 l‘etr.
2422 5717 2481 5761 ιι,
2511 5700 2600 5753 ‘22.
