4050 6212
346 321 450 408 737
817 303 820 308 ’
851 299 856 304 ’
1039 373 1042 376 λ
1373 313 1906 379 COMMENTARII
1943 311 2022 371 IN
2067 311 2486 372 LEVJTICUM
3493 313 3548 370 γε
3567 315 3602 376 8

348 437 704 509 σπερμάτων,
749 437 974 510 δεκτικὴ
1010 439 1092 502 δὲ,
1123 439 1236 510 ἔχοι
1265 439 1329 492 ἄν
1359 454 1489 490 ποτε
1512 437 1605 488 ἐπὶ
1643 433 1738 486 τοῦ
1773 448 1947 502 πρωί-η

2019 429 2265 482 barbam.
2295 429 2360 482 Et
2389 431 2609 494 mulier,
2641 429 2694 484 id
2726 437 2840 494 est,
2868 427 3082 494 anima,
3113 441 3234 496 qua:
3261 439 3368 480 non
3399 427 3601 481 amittit

343 531 495 583 ὡπου
529 531 623 584 καὶ
651 529 746 582 τοῦ
777 533 834 583 ἐν
861 533 997 602 αὐτῇ
1023 530 1308 599 πώγωνος,
1337 531 1473 596 ὅπερ
1509 527 1652 591 ἰδίως
1682 525 1833 597 παρὰ
1851 525 1920 577 τὰ

2019 519 2254 575 rationis
2291 538 2430 574 vera:
2463 523 2796 586 dictamina,
2834 521 2927 576 sed
2964 535 3027 574 ea
3063 520 3290 573 firmiter
3320 527 3468 574 tenet
3503 537 3516 571 :
3546 527 3602 574 et

343 623 584 691 πρότερα
620 624 714 676 καὶ
741 621 997 694 θραῦσμα
1023 623 1306 694 ὠνόμασεν
1333 623 1360 674 ὁ
1381 621 1563 692 νόμος.

2023 613 2222 668 habeat
2259 613 2514 670 fortassis
2551 617 2602 669 in
2633 619 2786 670 vultu
2820 617 2902 671 vel
2941 615 3106 670 barba
3143 614 3220 674 id.
3249 615 3396 684 quod
3435 631 3601 685 pecu-

1981 723 1988 728 -
2023 703 2148 756 liari
2181 706 2344 760 modo
2373 715 2427 760 et
2455 707 2678 776 proprie
2707 708 2790 760 lex
2825 707 3132 760 nominavit
3157 706 3484 760 fractimiem
3516 707 3599 760 vel

2022 796 2564 863 conquassationem.

415 895 712 964 Caeterum,
747 915 869 968 quae
899 898 1168 955 hactenus
1197 897 1476 961 dedimus,
1500 906 1554 952 et
1587 897 1641 952 in
1671 897 1820 952 hunc
1849 900 2074 956 modum
2121 905 2370 958 enarrari
2395 915 2608 974 queunt
2646 921 2659 956 :
2701 903 2908 974 Duplex
2937 903 2990 956 in
3025 901 3185 956 nobis
3251 901 3602 957 contrahitur

345 985 665 1054 imperitas,
700 987 874 1042 altera
902 987 1080 1052 carni,
1112 987 1284 1042 altera
1319 987 1592 1042 incumbit
1622 987 1869 1056 spiritui.
1907 987 2138 1043 Carnem
2167 1001 2540 1059 conspurcant
2573 993 2820 1046 enormia
2845 999 2898 1045 et
2939 989 3107 1058 impia
3137 989 3368 1044 scelera.
3397 989 3596 1058 Anima

347 1070 608 1134 foedatur,
642 1069 688 1126 si
724 1072 849 1141 quis
911 1071 1134 1126 recedat
1157 1086 1187 1124 a
1219 1073 1401 1126 sacris
1459 1071 1812 1142 dogmatibus
1839 1080 1892 1128 et
1925 1091 2060 1130 sana
2111 1077 2236 1132 fide.
2263 1079 2524 1132 Animum
2561 1087 2826 1148 praeterea
2863 1077 3117 1146 polluunt
3179 1075 3426 1138 fraudes,
3457 1075 3587 1137 doli,

347 1157 610 1228 perjuria,
642 1159 1078 1225 susurrationes,
1114 1157 1450 1224 inﬂationes,
1487 1161 1876 1216 contentiones
1903 1175 1956 1217 et
1987 1167 2392 1232 airnulationes,
2431 1177 2484 1222 et
2513 1170 2728 1238 reliqua
2782 1167 2950 1237 hujus
2995 1167 3192 1222 farina:
3240 1167 3396 1220 vitta.
3435 1165 3596 1219 Nunc

345 1259 479 1296 vero
525 1245 610 1298 lex
662 1245 859 1298 anima:
897 1247 1032 1299 vitia
1062 1260 1327 1300 enarrare
1387 1247 1652 1302 instituit.
1699 1247 1768 1300 At
1799 1249 2000 1302 mentis
2027 1256 2189 1318 typus
2213 1259 2296 1304 est
2337 1253 2974 1320 caput:cogitatiouem
3029 1251 3231 1304 mentis
3285 1247 3592 1317 perfectam

347 1335 568 1386 denotat
595 1333 787 1386 barba.
839 1331 972 1387 Nam
1005 1333 1361 1402 perfectionis
1381 1333 1602 1402 signum
1641 1334 1963 1403 perhibetur
1991 1334 2182 1388 barba.
2215 1333 2418 1388 Verum
2457 1343 2511 1390 et
2541 1337 2732 1389 isthzec
2761 1335 2969 1390 habent
3004 1335 3306 1404 quamdam
3333 1335 3594 1402 specula-

347 1419 552 1472 tionem
603 1419 960 1488 peculiarem.
1003 1419 1138 1473 Nam
1169 1435 1346 1482 mens.
1377 1421 1484 1476 etsi
1541 1421 1795 1474 nonnihil
1859 1419 2177 1492 implicatur
2206 1422 2467 1476 vitiorum
2510 1422 2797 1476 doloribus
2830 1423 3150 1492 primulum,
3183 1431 3238 1476 et
3269 1432 3446 1474 tamen
3481 1437 3592 1474 non

349 1521 575 1574 prorsus
607 1506 662 1558 in
695 1505 826 1560 vitia
871 1503 1198 1576 prolabitur,
1227 1507 1323 1562 sed
1357 1507 1628 1562 modestis
1663 1508 2185 1578 reprehensionibus
2209 1509 2404 1562 edocta
2447 1523 2474 1561 a
2507 1509 2661 1563 vitiis
2695 1511 2926 1574 recedit,
2955 1519 3008 1562 et
3035 1510 3190 1578 quasi
3244 1517 3530 1576 separatur
3567 1525 3586 1563 :

345 1611 430 1652 ea.
461 1594 708 1661 inquam,
745 1594 927 1647 anima
959 1609 1070 1648 non
1092 1603 1354 1650 censetur
1385 1609 1482 1664 per
1506 1594 1692 1649 omnia
1718 1595 2052 1664 impuritatis
2081 1595 2288 1648 crimen
2319 1595 2647 1658 incurrisse,
2685 1609 2788 1647 nec
2819 1609 3048 1663 prorsus
3083 1595 3358 1646 alienatur
3389 1611 3416 1645 a
3459 1594 3590 1648 Deo.

351 1701 368 1730 ι
393 1678 494 1734 Ubi
525 1681 716 1734 laverit
745 1681 1069 1736 vestimenta
1093 1696 1216 1746 sua,
1249 1682 1494 1738 mundus
1517 1685 1644 1746 erit,
1673 1701 1692 1734 ι
1749 1683 1800 1737 id
1829 1690 1936 1748 est,
1967 1683 2204 1752 accipiet
2225 1690 2278 1736 et
2309 1685 2513 1738 sentiet
2547 1683 2874 1736 auxiliarein
2897 1665 3384 1751 justutieatioueni,
3416 1699 3586 1752 quam

344 1767 598 1824 Christus
624 1769 842 1822 mortali
871 1771 1058 1838 generi
1091 1769 1402 1838 impartitns
1433 1779 1540 1824 est.
1575 1769 1732 1834 Quod
1781 1783 1911 1822 vero
1966 1771 2132 1822 etiam
2163 1770 2256 1838 pili
2279 1771 2597 1832 nudantur,
2629 1770 3092 1840 signillcationem
3157 1771 3323 1824 habet
3383 1773 3594 1825 nudam

343 1868 652 1910 creaturam
679 1871 823 1920 esse,
857 1871 1022 1925 quam
1067 1871 1172 1910 non
1223 1857 1403 1910 videat
1437 1865 1490 1910 et
1525 1863 1824 1926 cognoscat
1887 1855 2052 1909 Dens.
2112 1853 2306 1910 Omnia
2361 1857 2638 1925 siquidem
2670 1864 2806 1910 sunt
2836 1855 3132 1910 manifesta
3169 1865 3224 1910 et
3253 1859 3580 1926 resupinata

344 1944 519 1994 oculis
553 1941 790 1996 Domini.
831 1940 968 1996 llinc
1002 1943 1204 1997 alicubi
1255 1943 1328 1996 ita
1361 1943 1642 2012 profatur:
1679 1960 1698 1993 ι
1719 1940 1862 1998 Deus
1893 1943 2353 2012 appr0pinquans
2377 1959 2476 2014 ego
2500 1959 2648 2007 sum,
2673 1943 2810 1998 dicit
2845 1944 3137 2006 Dominus,
3159 1951 3216 1998 et
3243 1959 3353 1998 non
3387 1943 3532 2000 Deus
3557 1961 3587 1998 a

345 2031 729 2098 longinquo".
758 2049 776 2082 ι
821 2030 962 2084 Num
996 2046 1081 2084 me
1099 2030 1370 2084 celabitur
1395 2028 1642 2098 aliquid?
1719 2025 1728 2034 ’

415 2115 646 2170 Mar:qu
662 2117 798 2172 albw
815 2115 1176 2180 candicant“,
1200 2127 1308 2172 etc.
1325 2114 1617 2188 [Xlll,59.]
1637 2114 1693 2170 Si
1710 2131 1836 2185 quis
1859 2129 1972 2170 rem
1999 2115 2292 2186 diligenter
2315 2116 2594 2186 exquirat,
2621 2116 2868 2172 inveniat
2891 2116 3051 2172 istam
3071 2118 3256 2172 carnis
3281 2118 3590 2172 alhedinem

345 2221 464 2260 esse
493 2205 784 2274 quamdam
817 2207 1066 2274 corporis
1099 2205 1444 2260 affectionem
1481 2205 1644 2271 lepra;
1673 2204 1932 2258 vicinam.
1967 2202 2170 2258 Verum
2219 2205 2336 2260 haec
2395 2204 2594 2258 albedo
2644 2205 2924 2274 signiﬁcat
2967 2205 3057 2256 illa
3111 2205 3309 2258 animm
3361 2206 3588 2266 delicta,

345 2293 543 2358 quibus
569 2292 751 2344 anima
771 2307 878 2345 non
920 2291 1198 2345 letlialiter
1233 2291 1646 2346 consauciatur.
1675 2289 1750 2344 De
1779 2289 1866 2344 bis
1891 2291 2160 2360 scriptum
2189 2299 2274 2345 est
2309 2309 2322 2345 :
2362 2307 2382 2340 ι
2407 2291 2614 2344 Delicta
2667 2292 2791 2359 quis
2851 2301 3150 2360 cognoscet
3176 2293 3220 2324 "
3245 2292 3268 2345 ?
3293 2311 3310 2342 ι
3345 2293 3595 2361 Intelligo

345 2379 509 2448 igitur
527 2380 641 2433 sub
674 2380 774 2433 hac
825 2379 1018 2432 vocula
1070 2378 1323 2442 atfectus,
1350 2380 1444 2446 qui
1475 2393 1572 2446 per
1603 2392 1662 2432 se
1693 2391 1796 2430 nec
1829 2385 2057 2431 mortem
2089 2391 2190 2430 nec
2233 2376 2432 2430 anima:
2465 2377 2748 2430 interitum
2785 2385 3108 2444 procurant.
3159 2377 3360 2431 Verum
3407 2379 3584 2448 judex

343 2481 466 2518 non
481 2465 782 2520 secundum
814 2465 956 2534 juris
989 2467 1228 2535 rigorem
1265 2465 1348 2518 vel
1371 2465 1566 2518 stricto
1590 2463 1720 2532 jure
1745 2465 1929 2517 omnia
1955 2464 2294 2531 exsequitur.
2327 2464 2550 2533 Aliquid
2576 2475 2780 2518 nostrae
2807 2465 2999 2518 tribuit
3027 2465 3410 2520 imbecillitati.
3443 2467 3586 2533 Quia

346 2557 460 2622 ipse
483 2554 634 2606 novit
669 2565 916 2608 nostrum
967 2553 1309 2621 ﬁgmentum.
1354 2549 1474 2605 Huc
1535 2549 1660 2604 addi
1719 2557 1900 2619 potest
1961 2557 2014 2604 et
2055 2551 2190 2603 illud
2262 2550 2564 2620 Scriptura:
2625 2552 2974 2620 proloquium
3011 2570 3024 2605 :
3067 2571 3084 2602 ‹
3111 2553 3166 2606 Si
3194 2555 3581 2610 observaveris

343 2641 562 2704 delicta,
583 2640 709 2709 quis
739 2637 1093 2694 sustinebit"
1113 2637 1136 2690 ἲ
1160 2657 1178 2689 ι
1212 2637 1414 2690 Verum
1443 2646 1501 2690 ut
1523 2638 1668 2692 scias
1701 2647 1894 2692 exacte
1927 2652 2177 2706 quaenam
2207 2638 2318 2692 sint
2349 2637 2454 2690 illa?
2505 2637 3150 2700 candicantes'macnlm,
3177 2641 3318 2693 scito
3363 2643 3585 2694 illarum

345 2743 574 2782 numero
607 2727 897 2789 contineri,
927 2727 1278 2779 vehementes
1309 2725 1548 2792 impetus
1609 2725 1780 2777 animi
1836 2725 1988 2778 brevi
2045 2733 2292 2793 tempore
2342 2733 2765 2788 evanescentes,
2799 2741 2900 2780 nec
2954 2741 3063 2779 non
3090 2727 3486 2794 proclivitatem
3517 2729 3587 2784 ad

345 2816 707 2872 irascendum.
741 2813 856 2869 lluc
885 2816 1193 2884 applicetur
1231 2813 1659 2882 pusillanimitas
1709 2825 1841 2882 erga
1889 2811 2116 2877 fratres,
2168 2811 2440 2882 cupiditas
2501 2827 2656 2867 vana:
2691 2813 2959 2883 gloriolae,
2993 2825 3047 2868 et
3079 2818 3288 2884 reliqua
3325 2817 3412 2870 his
3439 2818 3584 2872 haud

344 2902 640 2957 absimilis.

416 3009 476 3064 Si
507 3017 662 3077 caput
691 3009 920 3078 alicujus
957 3008 1192 3062 calvities
1223 3007 1504 3074 obsederit,
1539 3020 1644 3063 etc.
1681 3007 1820 3080 [40.]
1851 3007 2132 3062 Postrema
2165 3008 2316 3078 lepra
2370 3019 2834 3063 commemoratur
2872 3025 2994 3080 quae
3023 3009 3076 3063 in
3123 3011 3345 3064 calvitie
3373 3013 3458 3066 vel
3493 3029 3588 3068 sn-

345 3098 581 3166 perciliis
607 3105 875 3150 moratur.
905 3097 968 3149 Et
996 3111 1130 3151 sane
1163 3096 1381 3150 videtur
1409 3096 1710 3150 verisimile
1735 3096 1911 3158 illum,
1941 3095 2033 3162 qui
2063 3095 2204 3164 pilos
2233 3095 2547 3162 deposuerit
2573 3097 2724 3164 (sunt
2749 3095 2895 3150 enim
2921 3111 3010 3151 res
3031 3097 3280 3166 quaedam
3321 3099 3586 3170 niortn-e)

347 3185 556 3238 censeri
591 3201 809 3250 purum,
839 3185 942 3238 nisi
982 3183 1236 3238 fortassis
1263 3184 1414 3253 lepra
1441 3182 1770 3252 contingens
1808 3191 2067 3238 mentem.
2100 3181 2262 3248 cujus
2293 3189 2454 3252 typus
2499 3183 2822 3250 perhibetur
2851 3193 3033 3252 caput,
3073 3185 3372 3240 manifesto
3424 3187 3586 3242 efﬂo-

347 3277 538 3327 ruerit.
581 3271 689 3327 Sed
740 3273 940 3328 iterum
975 3287 1202 3328 cernere
1243 3283 1347 3338 est,
1405 3281 1610 3342 quanta
1679 3269 2015 3340 benignitate
2051 3269 2191 3324 Dens
2241 3285 2342 3324 nos
2403 3271 2596 3324 liberet
2625 3271 2870 3339 peccatis
2901 3272 3216 3326 inconsulto
3239 3277 3584 3331 commissis.

345 3359 480 3414 Nam
505 3371 562 3415 ut
584 3362 710 3430 quis
729 3362 889 3431 degat
918 3377 1146 3429 prorsus
1175 3377 1204 3414 a
1231 3361 1444 3431 peccati
1469 3361 1632 3414 sorde
1659 3359 1940 3422 immunis,
1963 3371 2074 3412 non
2113 3357 2277 3412 fuerit
2311 3360 2596 3428 praesentis
2617 3359 2711 3413 sed
2741 3358 2910 3414 futuri
2939 3362 3150 3426 saeculi,
3183 3363 3407 3432 quando
3443 3379 3576 3432 pec-

348 3457 528 3500 catmn
561 3462 790 3517 prorsus
821 3449 1152 3503 abolebitur.
1179 3448 1408 3516 Lepram
1439 3456 1618 3501 autem
1657 3445 1862 3514 capitis
1887 3445 2158 3499 arbitrare
2199 3461 2398 3514 parvos
2451 3445 2710 3508 allectus,
2747 3447 2844 3516 qui
2887 3449 3126 3502 crimina
3172 3451 3458 3519 capitalia,
3489 3453 3590 3506 nisi

349 3535 722 3607 inhibeantur,
754 3550 946 3604 parere
974 3550 1330 3590 consuevere.
1394 3535 1488 3588 Sic
1518 3535 1574 3588 in
1611 3548 1838 3586 nervum
1870 3531 2034 3586 etiam
2065 3533 2306 3602 erumpit
2337 3533 2538 3600 saepius
2581 3547 2746 3600 parva
2787 3535 2893 3598 ira,
2933 3536 2980 3590 si
3015 3551 3123 3590 non
3161 3540 3590 3594 mansuetudine

349 3622 701 3691 reprimatur,
729 3621 1030 3676 secundum
1063 3622 1164 3676 hoc
1192 3621 1518 3675 oraculum:
1555 3638 1574 3671 ι
1601 3618 1934 3682 lrascimini,
1969 3626 2024 3672 et
2055 3619 2224 3672 nolite
2254 3619 2564 3688 peccare".
2587 3637 2608 3672 ι

423 3729 491 3780 Et
525 3729 828 3781 uestimenta
844 3729 957 3796 ejus
985 3739 1140 3782 erunt
1161 3729 1392 3793 dissuta,
1422 3736 1472 3782 et
1499 3735 1656 3798 caput
1689 3727 1804 3795 ejus
1837 3723 2058 3789 nudum,
2081 3733 2130 3776 et
2158 3741 2216 3778 os
2245 3725 2361 3794 ejus
2389 3726 2592 3780 veletur
2627 3767 2643 3790 ,
2675 3733 2784 3781 etc.
2827 3725 2966 3800 μδ]
2995 3727 3114 3783 Non
3173 3733 3317 3784 enim
3377 3743 3594 3802 oportet

353 3817 630 3884 leprosum
653 3815 871 3868 occulta
898 3815 1096 3872 habere
1121 3817 1290 3870 animi
1331 3823 1586 3885 peccata,
1618 3829 1720 3868 nec
1777 3813 1956 3882 ipsum
1989 3811 2171 3866 celare
2198 3819 2420 3878 oportet
2453 3813 2854 3882 turpitudinem
2885 3829 3044 3868 suam
3085 3831 3152 3870 ne
3193 3817 3446 3872 videatur
3471 3837 3596 3875 esse

353 3903 668 3972 sepulcrum
694 3900 1027 3956 dealbatum.
1063 3900 1160 3955 Vel
1202 3903 1452 3972 gravitas
1481 3915 1720 3962 morum,
1746 3907 1800 3954 et
1821 3899 2148 3961 auctoritas,
2207 3914 2328 3968 qua:
2347 3915 2412 3954 ex
2441 3901 2602 3956 bonis
2641 3903 2892 3957 moribus
2929 3914 3176 3974 paratur,
3203 3906 3290 3960 hic
3329 3909 3594 3963 nimirum

353 3991 458 4043 sub
493 3989 730 4042 amiculo
757 3988 1078 4057 accipienda
1103 3995 1208 4042 est.
1243 3986 1356 4041 Hoc
1381 3986 1676 4040 amiculum
1699 4000 1808 4039 non
1837 3985 2062 4040 obvenit
2083 3986 2214 4052 illis,
2247 4001 2483 4056 quorum
2518 3989 2740 4058 ingenia
2775 3999 2906 4044 sunt
2933 3993 3284 4054 insanabilia.
3317 4003 3370 4048 et
3393 4011 3596 4066 propa-

357 4076 462 4128 lam
501 4075 730 4144 turpiter
770 4075 1122 4143 delinquunt.
1153 4073 1456 4144 Leprosum
1511 4077 1731 4141 oportet
1757 4079 1924 4140 caput
1979 4073 2184 4128 habere
2245 4084 2524 4143 apertum,
2562 4085 2620 4128 ut
2651 4075 2882 4130 laedatur
2923 4095 2952 4132 a
2984 4079 3188 4148 frigOre
3213 4093 3511 4142 nocturno.
3539 4093 3594 4138 r-t

353 4173 487 4218 aestu
527 4163 746 4217 diurno.
779 4162 943 4234 350
973 4163 1040 4217 At
1067 4163 1194 4216 huic
1227 4161 1566 4217 contrarium
1608 4159 1809 4214 accidit
1863 4175 2030 4230 quam
2076 4159 2176 4226 illi,
2201 4160 2268 4215 de
2293 4175 2404 4230 quo
2432 4162 2678 4216 dicitur:
2729 4181 2748 4214 ι
2779 4162 2872 4220 Sol
2911 4166 3156 4222 interdiu
3219 4185 3328 4222 non
3389 4173 3591 4227 adoret

355 4260 439 4313 te;
487 4265 588 4306 nec
614 4252 780 4305 etiam
807 4253 936 4304 luna
966 4258 1238 4306 nocturna
1269 4259 1322 4306 te
1351 4248 1666 4303 violabit".
1694 4266 1712 4298 ι
1753 4245 1921 4302 Jacob
1945 4253 2135 4316 pastor
2155 4261 2257 4302 suo
2303 4247 2486 4302 otIicio
2525 4247 2748 4304 functus
2804 4251 2982 4306 donec
3032 4255 3304 4311 mercedis
3370 4261 3598 4314 nomine

354 4351 571 4409 caperet
592 4355 620 4392 a
643 4339 865 4394 Labano
895 4355 1091 4410 pecora
1123 4341 1350 4410 optima,
1385 4339 1595 4409 inquit:
1631 4357 1652 4390 r
1693 4336 1940 4392 Interdiu
1960 4350 2048 4390 me
2079 4335 2476 4400 urebataestus,
2507 4343 2672 4390 noctu
2701 4336 2982 4408 allligebar
3011 4339 3274 4410 frigore.)
3299 4341 3373 4398 0s
3397 4346 3598 4414 leprosi

357 4428 584 4490 velatur,
616 4443 682 4482 ne
710 4429 920 4484 scilicet
967 4429 1186 4488 habeat.
1223 4443 1336 4498 quo
1385 4434 1616 4482 excuset
1666 4442 1766 4480 sua
1830 4431 2053 4496 peccata
2108 4431 2366 4492 peccator
2413 4439 2604 4477 coram
2657 4429 2788 4480 Deo.
2831 4426 2948 4482 lmo
2981 4443 3050 4483 ne
3079 4429 3298 4484 dicendi
3359 4433 3582 4500 quidem

359 4513 664 4568 libertatem
725 4513 886 4568 habet
931 4523 1185 4583 peccator
1213 4529 1227 4567 :
1254 4513 1454 4568 mutire
1486 4513 1576 4566 vix
1612 4511 1777 4566 audet
1799 4513 1856 4566 in
1896 4518 2200 4580 conspectu
2233 4507 2352 4564 Dei.
2381 4507 2518 4562 Nam
2561 4521 2907 4579 peccatorem
2945 4515 3028 4569 sic
3055 4517 3358 4584 alloquitur
3387 4517 3530 4574 Deus
3575 4539 3587 4572 :

363 4619 380 4651 ι
411 4601 550 4665 Quid
586 4608 643 4655 tn
704 4617 931 4656 enarras
989 4601 1418 4670 justiticationes
1477 4599 1736 4655 meas?et
1763 4599 1923 4653 labiis
1975 4599 2086 4653 tuis
2139 4597 2471 4667 pronuntias
2528 4609 2917 4656 testamentum
2986 4607 3270 4660 meum”?
3308 4627 3325 4658 ι
3369 4607 3603 4677 Ejieitur

357 4689 554 4742 castris
579 4697 902 4756 arcetnrque
939 4699 1256 4744 sanctorum
1289 4689 1590 4744 consortio.
1617 4687 1697 4741 Ad
1723 4701 1847 4742 eum
1881 4685 2102 4739 modum
2129 4685 2184 4738 in
2217 4684 2406 4740 futuro
2435 4688 2639 4742 saeculo
2705 4691 3161 4760 segregabuntnr
3189 4693 3322 4748 boni
3363 4711 3392 4748 a
3419 4697 3598 4758 malis,

355 4785 409 4827 et
437 4791 569 4832 suos
592 4777 672 4831 sic
695 4775 952 4831 aﬂ'abitur
989 4777 1255 4832 Dominus
1288 4793 1302 4830 :
1341 4795 1360 4826 ε
1383 4775 1560 4840 Exite,
1587 4773 1735 4830 exite
1759 4774 1827 4828 de
1859 4771 2043 4827 medio
2079 4771 2322 4836 illorum,
2359 4783 2416 4828 et
2441 4779 2774 4844 separamini
2828 4779 2924 4846 qui
2963 4781 3196 4846 portatis
3229 4797 3358 4836 vasa
3419 4785 3604 4836 homi-

357 4863 410 4913 ni
431 4861 498 4915 ⁸¹.
528 4881 546 4914 ι
581 4861 686 4918 Per
715 4879 846 4918 vasa
881 4875 938 4917 tu
969 4865 1156 4932 accipe
1202 4865 1390 4918 varias
1425 4865 1680 4924 virtutes,
1712 4860 1918 4930 quibus
1943 4858 2124 4913 sancti
2157 4861 2340 4929 vigent
2369 4879 2384 4914 :
2409 4876 2506 4914 cas
2541 4859 2704 4916 nobis
2737 4863 2810 4917 ob
2839 4865 3034 4918 oetilos
3089 4881 3304 4935 ponens
3374 4869 3599 4926 Paulus.

362 4948 570 5018 inquit:
599 4969 618 5000 ι
643 4950 1042 5004 Convertimini
1075 4952 1196 5014 lilii,
1253 4959 1666 5008 convertentes,
1697 4956 1752 5002 et
1779 4947 1984 5001 sanabo
2023 4947 2396 5000 contritiones
2421 4949 2718 5000 vestras“.
2752 4967 2770 4998 ι
2817 4949 2990 5014 Quem
3029 4952 3198 5020 igitur
3233 4969 3603 5024 agnoscemns

360 5037 554 5090 salutis
582 5052 704 5090 esse
765 5039 1000 5092 callem?
1023 5037 1206 5104 Illum,
1237 5039 1328 5108 qui
1371 5036 1524 5092 dedit
1553 5035 1912 5104 seriietipsum
1947 5033 2179 5102 pretium
2213 5030 2616 5100 redemptionis
2645 5049 2744 5102 pro
2770 5036 3051 5100 clunibus,
3083 5047 3136 5092 et
3160 5041 3474 5096 sanctificat
3503 5059 3605 5096 nos
3681 5099 3690 5108 ι

361 5138 462 5176 su-o
480 5137 680 5176 cruore
709 5139 962 5191 egressus
992 5127 1194 5180 castris
1229 5127 1296 5179 ad
1334 5139 1458 5186 nos,
1517 5123 1720 5193 quibus
1749 5129 2007 5190 negatum
2033 5129 2152 5176 erat
2183 5121 2236 5173 in
2262 5131 2444 5176 castra
2504 5123 2704 5177 reverti
2771 5125 3094 5195 priusquam
3123 5143 3552 5200 repurgaiemur
3587 5151 3599 5184 :

361 5210 522 5263 sicuti
555 5219 608 5264 et
639 5210 886 5279 leprosos
919 5225 1016 5280 per
1045 5227 1104 5265 se
1129 5227 1242 5265 non
1317 5221 1496 5280 potest
1549 5210 1782 5264 introire
1815 5209 1868 5262 in
1901 5217 2106 5270 castra,
2181 5207 2290 5260 nisi
2320 5206 2389 5260 ab
2419 5207 2530 5261 alio
2552 5207 2858 5264 deducatur
2881 5227 2968 5266 eo.
3007 5215 3076 5266 At
3107 5229 3210 5269 nos
3241 5225 3606 5286 apportamur

307 5293 318 5304 ’
363 5297 428 5349 ad
457 5295 732 5351 Christum
769 5311 796 5349 a
831 5297 938 5350 Deo
975 5299 1156 5362 Patre,
1189 5297 1648 5367 quemadmodum
1688 5296 1948 5350 Christus
1979 5295 2098 5364 ipse.
2121 5293 2302 5359 docet,
2339 5295 2598 5363 inquiens
2637 5314 2650 5350 :
2695 5316 2712 5348 ι
2739 5295 2910 5352 Nemo
2945 5310 3124 5369 potest
3161 5305 3350 5358 venire
3383 5307 3452 5359 ad
3485 5321 3590 5366 me,

361 5385 466 5437 hisi
497 5383 680 5448 Pater,
717 5385 810 5454 qui
847 5385 992 5438 misit
1019 5402 1124 5448 me,
1153 5385 1380 5440 traxerit
1429 5387 1608 5455 ipsum
1626 5379 1694 5436 ⁸³.
1723 5403 1742 5434 ι
1773 5380 1910 5436 Nam
1963 5381 2226 5437 Christus
2299 5381 2540 5444 advenit,
2567 5392 2628 5437 ut
2657 5385 2964 5440 remedium
3031 5389 3294 5444 adhibeat
3347 5392 3607 5445 contritis
3651 5451 3656 5456 ,

363 5472 550 5532 corde,
585 5481 638 5526 et
661 5471 870 5540 aperiat
891 5473 1082 5525 oculos
1112 5487 1402 5539 amcorum,
1439 5473 1768 5541 abolcatque
1811 5484 2004 5524 omnes
2075 5467 2394 5536 iniquitates
2421 5477 2568 5530 tuas,
2597 5478 2652 5522 et
2679 5471 2916 5526 redimat
2945 5488 3012 5527 ex
3051 5477 3412 5546 corruptione
3434 5485 3484 5530 et
3515 5477 3603 5527 in-

439 5637 860 5704 "Jerern.xvtu,
891 5643 982 5698 25.
1059 5646 1103 5676 ’⁸
1127 5645 1268 5700 l’sal.
1301 5653 1452 5706 xrnr,
1489 5643 1576 5696 15.
1651 5643 1694 5674 ⁷⁷
1730 5641 1874 5698 Psal.
1916 5655 2038 5710 chI

2002 5657 2106 5702 υς,
2135 5642 2188 5696 '5.
2261 5641 2308 5673 ⁷⁸
2339 5639 2486 5695 Psal.
2515 5656 2588 5708 tv,
2633 5643 2686 5698 5.
2792 5647 2834 5678 ⁷³
2867 5644 2974 5702 lsa.
3025 5661 3144 5710 xm,
3177 5645 3266 5701 10.
3379 5647 3424 5678 ⁸⁸
3451 5645 3601 5701 Psal.

373 5725 524 5776 XLII,
555 5711 634 5765 16.
714 5715 755 5744 ⁸⁸
791 5713 892 5768 lsa.
931 5729 1026 5778 ιιι,
1075 5715 1157 5769 11.
1233 5712 1506 5769 "Jcrent.
1536 5729 1614 5780 tu,
1667 5713 1752 5767 ll.
1865 5709 1964 5762 ⁸³]

741 5718 755 5744 ι
791 5713 892 5768 lsa.
931 5729 1026 5778 ιιι,
1075 5715 1157 5769 11.
1233 5712 1506 5769 "Jcrent.
1536 5729 1614 5780 tu,
1667 5713 1752 5767 ll.
1865 5711 1911 5745 ⁸³
1940 5709 2099 5764 Joan.
2141 5727 2219 5776 vt,
2249 5711 2335 5764 ait.
