4058 6202
462 181 567 246 739

1749 171 2102 235 PROCOPII
2128 170 2372 235 GAZzEI

3594 168 3701 236 7&0

459 287 631 341 teritu
667 284 832 340 vitam
865 293 1039 338 tuam.
1064 280 1202 337 Cum
1242 280 1390 336 enim
1428 279 1504 337 ad
1530 295 1630 335 nos
1658 281 1903 336 venisset
1938 280 2189 337 inﬁrmos
2226 281 2511 345 visendos,
2550 258 2807 336 'ntundos
2857 291 2961 335 nos
3007 276 3243 334 reddidit
3273 267 3396 349 ’per
3448 290 3706 336 sanctum

460 373 823 445 baptismum.
858 380 911 426 ct
944 384 1148 439 corpus
1174 368 1606 439 sanguincmque
1632 383 1814 423 suum.
1849 367 1977 423 Haec
2009 370 2285 440 siquidem
2319 369 2425 425 sub
2454 369 2562 424 illis
2591 368 3063 440 portendebantur
3091 367 3257 439 typis.

533 500 773 556 Avicula:
798 499 918 553 dum
954 498 1087 553 viva:
1144 506 1451 565 congruunt
1498 495 1851 567 proportione
1893 511 2032 565 qua-

2207 496 2292 551 Τά
2321 497 2430 551 δύω
2476 496 2657 561 ζῶντα
2710 496 2921 566 ὀρνίθια
2949 496 3097 550 δοκεῖ
3125 513 3247 550 τινα
3291 496 3482 568 φέρειν
3516 500 3713 554 ἀναλο-

461 596 585 651 dam
616 593 784 646 hircis
816 591 924 644 illis
950 589 1187 654 duobus,
1208 603 1444 656 quorum
1481 587 1622 640 alter
1651 588 2036 642 dimittebatur

462 689 520 742 in
548 695 757 739 vastam
794 681 1166 736 solitudinem.
1201 676 1337 732 Nam
1403 693 1547 733 unus
1604 679 1791 734 hircus
1840 679 2037 733 immo-

463 778 628 842 latur,
649 784 700 827 et
718 772 856 825 alter
886 771 1198 825 dimittitur.
1233 766 1477 839 Uterque
1505 784 1637 823 vero
1664 769 1900 824 mundus
1928 776 2032 833 est,

462 862 923 937 quemadmodum
946 868 1000 915 et
1032 859 1257 913 aviculae
1288 858 1368 912 Ita:
1401 857 1672 912 munditie
1723 860 1917 912 nitent.
1945 857 2036 912 Si-

466 956 681 1029 quidem
732 954 884 1007 aittnt
934 952 1146 1005 hircum
1179 965 1284 1003 non
1322 957 1517 1017 suapte
1570 956 1764 1001 natura
1789 957 2036 1004 creatum

466 1063 589 1104 esse
645 1044 1019 1104 immundum,
1071 1055 1247 1109 neque
1284 1039 1571 1095 dimissum
1637 1053 1760 1093 esse
1819 1047 2039 1108 propter

469 1152 623 1193 suam
677 1134 1035 1202 iniquitatem.
1059 1131 1127 1183 At
1152 1139 1377 1199 propter
1424 1128 1638 1198 peccati
1675 1127 1906 1197 lepram,
1939 1130 2035 1198 qui

471 1227 786 1286 inundatur,
820 1223 1067 1277 nonnihil
1111 1221 1333 1291 prodest
1365 1230 1421 1273 et
1455 1219 1627 1282 hirco,
1684 1218 1779 1288 qui
1834 1217 2035 1288 depor-

471 1326 636 1381 tatur,
667 1323 719 1368 et
747 1315 792 1368 si
828 1313 1065 1366 evaserit
1116 1308 1515 1364 itumunditietn
1544 1308 1726 1378 lepraz.
1762 1307 1830 1363 Ut
1857 1318 2036 1363 autem

469 1405 922 1477 appareatillum,
965 1402 1058 1472 qtti
1089 1401 1158 1455 ob
1185 1401 1389 1470 lepram
1435 1409 1555 1454 erat
1594 1408 1909 1469 suspectus,
1945 1414 2040 1469 pe-

469 1501 615 1554 nitus
647 1504 991 1566 repurgatum
1028 1503 1081 1549 et
1106 1508 1300 1562 purum
1330 1507 1474 1554 esse,
1508 1492 1682 1546 altera
1705 1506 1772 1546 ex
1809 1491 2039 1545 aviculis

469 1593 804 1648 immolatur.
831 1589 1030 1644 Verum
1073 1590 1176 1641 illae.
1196 1586 1442 1647 aviculae,
1471 1600 1594 1656 quae
1614 1569 1765 1639 nunc
1798 1584 2042 1641 offerun-

470 1692 581 1745 tur,
613 1683 866 1735 videntur
928 1676 1148 1733 differre
1185 1693 1386 1771 geneILe
1421 1678 1490 1731 ab
1520 1677 1735 1739 avibus,
1782 1692 1905 1746 quae
1939 1677 2043 1730 itu-

472 1780 755 1842 ponttatur
792 1786 920 1831 arat,
946 1770 1104 1824 sicuti
1161 1767 1662 1837 supra'docuintus
1694 1768 1747 1821 in
1774 1768 2042 1823 relatione

2142 589 2272 658 γιαν
2329 589 2469 658 πρὸς
2526 590 2653 653 τοὺς
2708 589 2820 643 δύω
2866 589 3126 661 τράγους,
3162 583 3286 644 ὧνό
3315 583 3396 652 εἷς
3422 590 3515 643 τοῦ
3572 592 3713 644 ἁπο-

2143 680 2424 747 πομπαίου
2457 696 2472 711 ο
2504 680 2671 733 κάκεῖ
2732 679 2843 749 γὰρ
2869 681 2898 733 6
2919 674 3000 742 εἷς
3027 678 3236 741 θύεται,
3274 679 3367 732 καὶ
3394 681 3422 731 6
3450 673 3535 742 εἷς
3569 681 3715 750 πέμ-

2144 787 2306 824 πεται
2337 773 2416 835 εις
2434 771 2533 841 τὴν
2561 770 2903 841 ἀποπομπὴν
2937 771 3103 823 αὑτοῦ
3124 786 3139 802 ο
3175 769 3409 841 καθαροὶ
3437 770 3495 824 δὲ
3522 771 3714 841 ἄμφω,

2146 862 2291 917 καθὰ
2319 864 2413 916 καὶ
2448 863 2520 917 τὰ
2548 861 2644 917 νῦν
2674 860 2906 933 ὀρνίθια.
2965 863 3081 915 Οὐκ
3136 861 3447 935 ἀκάθαρτος
3504 863 3612 932 γὰρ
3646 866 3715 933 τῇ

2146 954 2333 1024 φύσει,
2366 955 2525 1025 φασὶ,
2582 954 3064 1025 δεδημιούργηται,
3104 953 3226 1006 οὐδὲ
3259 956 3287 1006 6
3311 953 3399 1007 διὰ
3426 953 3525 1024 τὴν
3550 954 3715 1007 αὐτοῦ

2144 1044 2345 1097 κακίαν
2389 1043 2681 1113 γενόμενος
2733 1043 3145 1111 ἁποπομπαῖος.
3202 1040 3301 1093 Διὰ
3362 1040 3462 1113 μὲν
3490 1042 3583 1096 οὖν
3616 1043 3717 1113 τὴν

2144 1136 2253 1191 ἀπὸ
2300 1135 2403 1205 τῆς
2443 1134 2722 1205 ἁμαρτίας
2766 1134 2978 1205 λέπραν
3030 1133 3237 1204 ὀφείλει
3276 1151 3330 1186 τι
3355 1133 3431 1203 τῷ
3463 1135 3718 1205 ἀποπομο

2146 1227 2295 1296 παίῳ
2326 1225 2782 1295 καθαριζόμενος,
2812 1227 2860 1278 εἰ
2901 1226 2994 1279 καὶ
3020 1224 3187 1293 ἔφυγε
3216 1225 3315 1295 τὴν
3349 1226 3457 1278 ἀπὸ
3484 1226 3581 1296 τῆς
3629 1226 3718 1279 λέ-

2146 1334 2291 1387 πρας
2348 1316 2711 1387 ἀκαθαρσίαν.
2769 1316 2867 1369 Διὰ
2894 1316 2950 1370 δὲ
2978 1316 3075 1387 τὴν
3140 1316 3492 1387 καθαρότητα
3550 1336 3718 1389 προσο

2146 1410 2374 1478 φέρεται
2412 1410 2544 1480 περὶ
2572 1409 2735 1462 αὑτοῦ
2766 1409 2873 1463 τῶν
2934 1409 3186 1477 όρνιθίων
3216 1409 3277 1463 τὸ
3308 1410 3517 1477 ἕτερον.
3573 1411 3718 1481 Πλὴν

2145 1498 2214 1552 τὰ
2235 1498 2345 1552 δύω
2372 1498 2548 1552 ἔοικεν
2594 1501 2759 1570 ἔτερα
2812 1496 2955 1553 εἶναι
2987 1500 3066 1570 τῷ
3094 1499 3242 1567 γένει
3273 1503 3426 1573 παρὰ
3456 1501 3524 1554 τὰ
3551 1519 3720 1571 προσ-

2147 1590 2425 1660 φερόμενα
2451 1592 2533 1653 sic
2568 1590 2624 1644 τδ
2644 1591 3056 1660 θυσιαστήριον,
3106 1590 3376 1661 τρυγόνας
3400 1591 3432 1660 ἢ
3460 1608 3718 1661 περιστε-

2149 1682 2269 1752 ρας.
2322 1680 2381 1735 ’0
2405 1684 2600 1736 νεωστὶ
2627 1681 2736 1752 γὰρ
2791 1682 3168 1752 καθαρισθεὶς,
3204 1681 3358 1734 οὔπω
3401 1682 3498 1736 τοῦ
3529 1684 3719 1738 θυσια-

2149 1773 2372 1843 στηρίου
2424 1773 2648 1842 γέγονεν
2706 1773 2876 1841 ἄξιος,
2926 1774 3038 1828 ἀλλ’
3074 1775 3221 1836 ὅπως
3268 1775 3417 1839 ἄξιος
3471 1776 3717 1845 γένηται,

470 1866 847 1918 columbarum
868 1870 922 1917 et
948 1869 1245 1915 turturum.
1277 1858 1410 1912 Nam
1446 1860 1514 1923 is,
1540 1860 1632 1929 qui
1663 1859 1828 1913 modo
1858 1875 2043 1914 sacer-

2148 1864 2482 1934 λαμὸἀνεται
2534 1864 2709 1919 ταῦτα
2757 1864 2886 1934 παρ’
2954 1864 3120 1918 αὐτοῦ
3257 1865 3325 1919 ἂν
3388 1866 3571 1937 ἡμέρᾳ
3616 1884 3720 1921 κα·

470 1956 619 2009 dotis
666 1953 935 2009 sententia
974 1952 1352 2020 pronuntiatus
1389 1961 1472 2005 est
1506 1966 1700 2021 purus,
1751 1966 1859 2005 non
1901 1966 2039 2006 con-

2150 1952 2405 2023 θαρισθῇ.

474 2047 631 2098 titttto
659 2044 823 2097 audet
875 2042 1137 2096 accedere
1159 2041 1226 2094 ad
1259 2056 1472 2095 sacram
1526 2056 1721 2095 aram:
1757 2041 1851 2096 sed
1916 2050 1976 2096 ut
2041 2042 2242 2112 dignus
2294 2044 2561 2098 eﬁiciatur
2618 2057 2843 2099 accessu
2895 2056 3027 2108 am,
3086 2043 3179 2099 illo
3227 2044 3347 2113 ipso
3429 2045 3539 2114 die,
3612 2061 3723 2118 quo

474 2138 767 2193 mundatus
800 2146 905 2201 est,
952 2136 1100 2191 omni
1154 2150 1309 2190 mora
1362 2137 1560 2205 posita,
1633 2132 1887 2206 expiatur
1945 2138 2039 2193 illo
2080 2139 2415 2194 avicularum
2453 2139 2744 2196 sacriﬁcio.

544 2273 779 2326 Additur
809 2269 937 2325 huic
968 2285 1127 2324 sacro
1161 2270 1365 2338 lignum
1404 2270 1719 2335 cedrinum,
1763 2272 1913 2341 quod
1948 2274 2169 2345 signum
2214 2285 2301 2330 est
2328 2276 2593 2332 salutaris
2649 2276 2807 2346 ligni,
2848 2291 2957 2343 quo
3010 2275 3368 2344 triumphavit
3395 2275 3463 2332 de
3492 2275 3720 2331 devictis

475 2359 875 2432 principatibus
903 2366 957 2413 et
986 2358 1351 2427 poti-statibus
1388 2358 1661 2424 Salvator,
1685 2375 1786 2415 nos
1818 2361 2037 2431 penitus
2059 2363 2113 2416 in
2141 2372 2411 2417 aeternam
2429 2378 2688 2418 asserens
2718 2363 3135 2419 beatitudinem.
3166 2361 3467 2418 Coccinmn
3498 2372 3721 2433 propter

420 2462 437 2471 '
474 2449 711 2502 colorem
744 2460 903 2498 suunt
936 2460 1272 2514 purpureum
1325 2451 1485 2515 typus
1512 2455 1597 2500 est
1647 2447 1870 2516 pretiosi
1922 2449 2227 2516 sanguinis.
2277 2463 2442 2518 quem
2501 2465 2598 2519 pro
2641 2460 2829 2505 nostra
2883 2449 3064 2505 salute
3131 2449 3375 2519 profudit
3435 2450 3714 2506 Christus.

475 2533 651 2588 Fihtm
673 2532 1013 2595 coccineum,
1048 2530 1210 2600 cujus
1241 2545 1377 2585 usus
1403 2539 1519 2585 erat
1554 2533 1609 2585 in
1642 2534 1930 2588 nativitate
1967 2533 2202 2599 Phares,
2242 2536 2544 2589 salutarem
2580 2535 2789 2590 Christi
2836 2552 3090 2591 cruorem
3120 2552 3339 2605 quoque
3369 2538 3721 2594 demonstra-

480 2622 573 2674 vit.
613 2619 730 2675 lluc
762 2618 957 2688 adjiee‘
988 2620 1136 2672 filum
1175 2633 1536 2687 purpureum,
1593 2636 1703 2688 quo
1742 2619 1896 2676 Raab
1946 2621 2204 2677 hostilem
2263 2626 2445 2679 evasit
2490 2625 2855 2693 direptionem
2873 2633 2927 2678 et
2947 2624 3175 2688 caedem,
3207 2624 3289 2678 sic
3349 2624 3621 2679 instructa
3649 2626 3722 2681 ab

476 2707 934 2778 speculatoribus.
979 2703 1264 2776 llySSOpus
1290 2705 1613 2776 adjungitur
1654 2706 1786 2761 huic
1816 2708 2166 2764 emritttoniw.
2201 2709 2377 2766 liabet
2421 2711 2570 2765 ettitn
2618 2713 2882 2766 virtutem
2919 2710 3225 2781 purgandi.
3256 2708 3366 2764 Nec
3392 2713 3508 2781 ipse
3533 2727 3718 2767 sacer-

477 2796 575 2852 dos
618 2803 823 2850 mactat
879 2794 1173 2848 aviculam.
1233 2792 1368 2846 Nam
1429 2794 1496 2858 is,
1530 2794 1597 2848 de
1623 2794 1783 2863 cujus
1856 2795 2093 2864 puritate
2137 2797 2452 2862 dubitatur,
2515 2800 2762 2852 nondum
2795 2797 2996 2867 dignus
3025 2807 3131 2864 est,
3162 2807 3221 2852 ut
3250 2798 3479 2868 prodeat
3500 2798 3554 2853 in
3585 2814 3721 2854 con-

477 2893 721 2951 Sjtct'llllll
762 2882 1092 2935 sacerdotis.
1127 2878 1477 2949 QuaprOpter
1520 2881 1749 2950 sanguis
1803 2881 1892 2935 ille
1962 2898 2072 2937 non
2136 2884 2468 2952 importatur
2502 2884 2571 2938 ad
2603 2900 2756 2939 aram
2800 2904 2815 2940 :
2857 2885 2955 2941 sed
2982 2885 3257 2954 excipitur
3290 2900 3419 2940 vase
3454 2884 3628 2949 ﬁctili,
3662 2886 3720 2941 in

478 2970 617 3039 quod
655 2970 808 3037 prius
871 2966 1051 3021 infusa
1084 2975 1170 3021 est
1201 2981 1343 3034 aqua
1385 2967 1529 3030 viva,
1574 2976 1630 3020 ut
1656 2967 1973 3036 purificatio
2037 2969 2360 3038 perﬁciatur
2412 2972 2724 3026 interventu
2790 2986 2947 3041 aqua:
2975 2980 3029 3026 et
3075 2971 3389 3041 sanguinis,
3425 2987 3547 3043 quae
3604 2972 3717 3027 duo

479 3063 870 3125 permanarunt
901 3070 964 3108 ex
990 3053 1160 3107 latere
1189 3052 1513 3116 Salvatoris,
1568 3061 1709 3108 teste
1736 3051 1948 3108 Joanne
1982 3072 1995 3108 :
2024 3057 2117 3124 qui
2155 3072 2373 3127 quoque
2397 3057 2557 3113 docet
2590 3059 2644 3112 in
2684 3073 2782 3113 sua
2814 3058 3057 3129 Epistula
3099 3062 3205 3113 tria
3239 3074 3382 3122 esse,
3415 3076 3537 3125 qua:
3568 3063 3723 3130 puri-

479 3144 787 3197 ﬁcationem
810 3141 1094 3203 inducant,
1129 3139 1405 3208 spiritum,
1461 3155 1657 3209 aquam
1696 3149 1749 3195 et
1781 3142 2127 3209 sanguinem.
2152 3144 2221 3198 At
2253 3146 2357 3199 hoc
2404 3147 2524 3201 loco
2583 3146 2837 3200 videntur
2894 3146 3127 3217 sanguis
3162 3154 3216 3202 et
3244 3162 3382 3217 aqua
3412 3165 3426 3201 :
3454 3150 3718 3217 spiritum

477 3239 913 3283 rtttttmonstraul
941 3244 1081 3284 caesa
1116 3228 1354 3282 avicula.
1379 3226 1477 3283 llis
1510 3229 1690 3284 tribus
1709 3230 1961 3299 expiatur
1986 3240 2042 3286 et
2067 3241 2361 3304 purgatur,
2382 3250 2543 3302 quem
2568 3235 2731 3305 lepra
2756 3235 2999 3302 suspicio
3024 3238 3351 3306 contigerat,
3388 3237 3514 3291 licet
3540 3252 3637 3306 per
3663 3253 3722 3292 se

478 3334 696 3389 quoque
720 3334 890 3387 purus
915 3316 987 3370 sit
1023 3316 1091 3371 ab
1117 3315 1282 3385 lepra:
1309 3316 1526 3370 morbo.

549 3461 727 3529 Supra
754 3459 893 3513 dixit
924 3478 936 3513 :
977 3477 995 3510 ι
1018 3457 1138 3524 Quo
1159 3457 1246 3513 die
1284 3455 1609 3527 pttriﬁcatus
1639 3455 1828 3524 fuerit,
1856 3477 1876 3511 ι
1914 3467 2043 3525 etc.,

2229 3465 2398 3524 ΙἊνω.
2432 3460 2603 3528 εἴπεν,
2650 3483 2669 3516 ί
2704 3458 2783 3537 τῌ
2812 3463 2878 3517 ἂν
2918 3464 3101 3535 ἡμέρᾳ
3149 3462 3449 3532 καθαριτθῇ
3477 3480 3489 3492 ο
3536 3483 3553 3514 ι
3601 3465 3722 3519 νυνὶ

479 3568 625 3608 nunc
658 3567 787 3606 vero
849 3551 1069 3619 inquit:
1104 3567 1122 3601 ι
1144 3548 1207 3603 Et
1230 3564 1402 3619 purus
1442 3550 1559 3604 sive
1614 3550 1855 3605 mundus
1880 3551 2005 3606 erit.
2030 3570 2050 3602 ι

477 3645 742 3712 Quamvis
791 3657 921 3697 vero
972 3641 1239 3696 liberatus
1268 3642 1389 3697 sita
1424 3642 1574 3711 lepra
1600 3651 1653 3695 et
1676 3641 1842 3710 leprae
1875 3642 2059 3712 suspi-

478 3740 658 3801 cione,
724 3750 863 3805 opus
897 3742 1077 3788 tamen
1114 3733 1278 3787 habet
1302 3733 1683 3803 puriﬁcatione
1713 3734 1807 3787 illa
1832 3743 2059 3805 prapter

478 3826 742 3899 praeteriti
807 3824 1072 3894 temporis
1104 3824 1534 3879 immunditiem.
1569 3824 1879 3881 Necessarii
1914 3841 2055 3896 quo-

477 3935 583 3989 que
605 3928 729 3973 sunt
746 3926 858 3971 tres
880 3916 1072 3985 reliqui
1103 3915 1500 3985 purilicationis
1520 3917 1687 3971 modi.
1711 3916 1865 3973 linus
1887 3917 2045 3988 35],

478 4012 622 4066 enim
656 4009 1055 4080 purilicationis
1084 4009 1279 4063 modus
1301 4015 1405 4070 est.
1437 4010 1533 4077 qui
1576 4010 1897 4064 enuntiatur
1936 4010 2054 4065 his-

477 4120 542 4158 ce
563 4104 744 4157 verbis
780 4121 793 4156 :
841 4101 998 4167 «Quo
1043 4102 1131 4156 die
1175 4101 1499 4171 puriﬁcatus
1561 4100 1788 4156 fuerit.»
1855 4101 2054 4156 Caneri

478 4204 590 4249 tres
619 4193 1023 4264 puriﬁcationis
1066 4193 1212 4247 modi
1266 4195 1319 4247 itt
1372 4192 1554 4248 medio
1612 4195 1976 4257 collocantur,
1999 4200 2055 4247 et

478 4289 865 4358 signiﬁcantur
926 4288 1054 4340 dttttt
1088 4300 1169 4341 ter
1210 4286 1303 4339 illa
1333 4286 1498 4341 verba
1537 4295 1862 4355 repetuntur
1896 4305 1908 4341 :
1941 4305 1960 4337 ι
1987 4284 2054 4339 Et

2154 3554 2231 3619 δὲ,
2268 3573 2286 3605 ι
2310 3556 2420 3609 Καὶ
2443 3555 2682 3626 καθαρὸς
2718 3555 2892 3608 ἔσται.
2915 3573 2933 3607 ι
2972 3555 3081 3607 Καὶ
3105 3552 3400 3621 καθαρθεὶς
3459 3554 3567 3625 γὰρ
3622 3553 3721 3623 τῆς

2154 3648 2382 3718 λέπρας,
2405 3649 2555 3717 ὅμως
2577 3647 2719 3719 ὑπὲρ
2738 3647 2832 3700 τοῦ
2852 3645 3133 3717 μολυσμοῦ
3156 3645 3250 3698 τοῦ
3271 3646 3584 3714 φθάσαντος
3607 3648 3736 3713 χρό-

2156 3756 2249 3792 νου
2282 3740 2455 3792 δεῖται
2484 3738 2579 3791 τοῦ
2613 3738 2880 3807 παρόντος
2910 3736 3280 3807 καθαρισμοῦ,
3315 3736 3519 3807 μᾶλλον
3542 3735 3598 3788 δὲ
3628 3735 3729 3787 καὶ

2154 3830 2331 3886 ἄλλων
2355 3830 2544 3900 τριῶν.
2567 3824 2662 3893 Εἷς
2682 3830 2791 3899 γὰρ
2816 3829 3160 3900 καθαρισμὸς
3188 3830 3269 3891 τὸ,
3298 3846 3317 3878 ι
3344 3822 3420 3899 ⁷ῌ
3454 3828 3522 3881 ἄν
3543 3826 3726 3897 ἡμέρᾳ

2155 3921 2460 3992 καθαρισθῇ
2484 3938 2500 3951 ο
2548 3939 2566 3973 ι
2590 3921 2684 3974 καὶ
2713 3922 2867 3991 τρεὶς
2901 3920 3101 3990 μεταξὺ
3151 3919 3250 3989 τῷ,
3285 3937 3304 3969 ι
3344 3918 3451 3971 Καὶ
3483 3917 3722 3987 καθαρὸς

2154 4012 2327 4075 ἔσται,
2373 4030 2392 4063 ι
2430 4013 2610 4081 τρίτον
2639 4012 2939 4081 λεγομένῳ,
2986 4032 3003 4063 ι
3033 4010 3351 4080 δηλούμενοι
3371 4026 3386 4040 ·
3421 4029 3438 4061 ι
3465 4008 3560 4062 καὶ
3585 4010 3721 4078 πέμ·

2156 4121 2287 4167 πτος
2313 4105 2407 4157 καὶ
2428 4104 2734 4168 τελευταῖος
2758 4103 2843 4157 διὰ
2874 4103 2991 4168 τοῦ,
3019 4122 3036 4155 ι
3062 4104 3171 4155 Καὶ
3201 4100 3718 4171 καθαρισθήσεταω

2156 4193 2279 4248 Εἰσὶ
2301 4195 2409 4264 γὰρ
2445 4193 2558 4248 οἷον
2603 4196 2698 4248 καὶ
2731 4194 3096 4265 καθαρισμῶν
3126 4193 3428 4265 προκοπαὶ,
3461 4194 3589 4264 πρὶν
3642 4193 3724 4255 εἰς

2155 4286 2254 4357 τὴν
2283 4286 2492 4340 τελείαν
2513 4287 2687 4340 ἐλθεῖν
2720 4287 3093 4357 καθαρότητα.

480 4379 718 4433 muudus
745 4378 869 4431 crit.
894 4397 912 4429 ι
951 4375 1186 4431 Ultimus
1209 4385 1390 4430 autem
1414 4386 1469 4431 et
1498 4378 1725 4445 quintus
1780 4376 2183 4445 purificationis
2209 4378 2347 4433 ritus
2419 4378 2735 4432 declaratur
2800 4393 2896 4447 per
2947 4378 3063 4430 haec
3127 4374 3292 4429 verba
3327 4389 3340 4425 :
3407 4390 3427 4425 ς
3459 4375 3522 4427 Et
3566 4388 3723 4425 mun-

478 4471 713 4523 dabitttr.
743 4487 761 4520 ι
822 4466 1033 4520 Iiahent
1082 4467 1352 4535 siquidem
1424 4468 1844 4536 puriﬁcationes
1906 4482 2040 4524 suos
2081 4483 2434 4539 progressus,
2495 4476 2551 4523 et
2601 4468 2670 4523 ab
2719 4465 3226 4537 imperfectioribus
3292 4464 3359 4518 ad
3410 4477 3721 4534 supremam

479 4563 711 4618 tendunt
742 4556 1199 4629 purificationem.

554 4686 653 4743 Uhi
685 4687 886 4741 emissa
924 4685 1087 4738 fuerit
1110 4682 1346 4747 avicula,
1379 4683 1704 4739 vestimenta
1724 4684 1869 4737 lavat
1898 4684 1997 4754 qui
2029 4684 2397 4755 puriﬁcationi
2423 4683 2780 4737 admovetur:
2813 4680 2940 4735 dein
2974 4693 3167 4734 omnes
3197 4676 3543 4731 altradttntur
3581 4676 3674 4746 pili
3702 4695 3718 4744 ;

485 4779 685 4835 deinde
733 4774 1078 4846 perfunditur
1108 4783 1162 4829 et
1205 4770 1641 4841 ablttitttr'aqtta.
1678 4773 1816 4828 Tum
1849 4774 2071 4828 demum
2100 4772 2590 4827 accommodantur
2625 4769 2741 4823 hac
2774 4769 2938 4821 verba
2970 4785 2982 4821 :
3015 4786 3033 4819 ι
3068 4766 3303 4821 Mundus
3337 4767 3477 4830 erit;
3510 4784 3530 4817 ι
3562 4766 3722 4833 quasi

480 4882 587 4920 non
626 4864 960 4920 suﬁicienter
990 4863 1106 4915 haee
1162 4863 1325 4915 verba
1355 4862 1562 4929 prolata
1601 4862 1864 4926 fuissent,
1904 4864 1957 4915 tti
1993 4863 2189 4933 reliqui
2214 4864 2627 4933 praecessissent
2674 4860 3081 4931 puriﬁcationis
3123 4859 3294 4913 modi.
3318 4856 3619 4927 Postquam
3651 4857 3718 4919 is,

479 4957 645 5025 cujus
677 4956 893 5024 puritas
935 4963 1287 5024 procuratur,
1321 4967 1458 5021 aqua
1506 4952 1672 5006 fuerit
1709 4953 1993 5021 perfusus,
2026 4969 2136 5008 non
2175 4953 2371 5008 sordes
2402 4950 2596 5020 ahjicit
2639 4963 2832 5005 omnes
2866 4967 2880 5002 :
2914 4948 3244 5003 vestimenta
3290 4946 3472 4999 adhuc
3507 4944 3721 5014 impura

476 5050 778 5103 ducuntur.
820 5046 925 5099 Sed
975 5046 1088 5097 lucc
1125 5045 1370 5097 iudicant
1404 5044 1569 5096 vitam
1613 5043 1755 5111 ejus,
1810 5045 2070 5111 quamvis
2107 5055 2213 5094 non
2258 5054 2486 5108 prorsus
2550 5038 2846 5107 iutpurant,
2898 5046 3084 5089 tamen
3137 5032 3542 5102 aliquantulum
3573 5030 3722 5083 vitiis

475 5135 930 5194 contaminatam,
968 5132 1095 5185 licet
1127 5131 1473 5192 vestimenta,
1519 5129 1571 5181 id
1603 5142 1706 5192 est,
1750 5131 1955 5198 prioris
1993 5130 2120 5184 vitte
2154 5125 2673 5193 vitia,deposuerit.
2706 5122 2808 5176 Pili
2841 5122 3184 5192 portendunt
3218 5126 3469 5189 peccata,
3501 5132 3621 5185 quae
3655 5132 3721 5171 ex

476 5224 662 5277 animo
708 5229 1053 5275 enascuntur
1100 5226 1156 5274 et
1207 5224 1440 5271 mortem
1481 5217 1771 5271 inducunt.
1805 5217 2079 5271 C:cterum
2108 5214 2177 5267 ab
2210 5213 2296 5266 his
2329 5212 2597 5266 differunt
2642 5210 2737 5280 pili
2778 5209 3057 5264 Samuelis
3094 5215 3150 5263 et
3183 5205 3592 5267 Nazarzeorum,
3622 5217 3722 5256 nec

475 5326 584 5367 non
612 5308 1039 5376 discipulorum,
1061 5320 1202 5372 quos
1235 5302 1395 5357 Pater
1418 5304 1666 5358 caelestis
1692 5306 1746 5356 itt
1775 5310 2069 5357 numerato
2095 5308 2265 5354 tenet.
2286 5297 2418 5351 Nam
2453 5298 2659 5352 ferrum
2682 5312 2789 5350 non
2814 5296 3087 5366 contingit
3118 5302 3285 5364 caput
3311 5293 3717 5346 Nazaratorum.

548 5398 619 5450 At
653 5396 769 5450 lucc
814 5393 1014 5448 docent
1049 5392 1233 5445 omnia
1293 5406 1637 5458 quaecunque
1676 5391 1888 5445 faciunt
1933 5389 2200 5448 Nazarati,
2235 5396 2391 5455 grata
2441 5393 2497 5439 et
2531 5391 2759 5452 accepta
2805 5397 2932 5436 esse
2966 5382 3100 5443 Deo,
3155 5380 3406 5448 adeoque
3467 5384 3621 5448 grata
3667 5384 3724 5429 et

477 5493 721 5553 accepta,
742 5493 802 5536 ut
824 5498 891 5536 ne
920 5479 1109 5534 folium
1143 5477 1365 5547 quidem
1392 5479 1615 5533 decidat
1636 5495 1700 5532 ex
1733 5479 1842 5539 his.
1868 5479 1961 5546 qui
2000 5476 2324 5546 spirituales
2350 5475 2514 5529 edant
2542 5472 2779 5525 fructus.
2806 5469 2966 5524 Nunc
3001 5470 3219 5523 demunt
3252 5469 3443 5522 sordes
3471 5463 3724 5531 corporis

478 5586 614 5638 aqua
646 5571 799 5627 eluit.
837 5571 1031 5624 Postea
1061 5567 1301 5632 demum,
1336 5567 1426 5621 ttbi
1460 5568 1622 5621 tertio
1654 5565 1969 5622 constiterit
1995 5564 2115 5634 ejus
2147 5565 2382 5634 pttritas,
2410 5562 2463 5617 in
2493 5571 2692 5628 castra,
2723 5576 2753 5614 e
2781 5559 2983 5631 quibus
3017 5559 3226 5630 cjccttts
3266 5566 3405 5620 erat,
3430 5554 3724 5625 recipitur,
