4050 6212
378 278 473 347 m
681 238 687 244 ’
1415 254 1945 321 COMMENTARU
1971 260 1977 317 Α

2007 254 2050 316 Ν
2080 250 2521 315 LEVITICUM.
3498 240 3606 306 742

361 396 430 440 At
454 386 512 440 in
546 391 703 436 suam
730 390 837 430 non
875 370 1182 443 ingreditur
1217 369 1463 431 domum,
1491 369 1596 423 nisi
1621 369 1772 437 prius
1799 381 2042 421 excurso
2078 362 2531 433 septem‘dierum
2556 356 2754 427 spatio,
2783 362 2836 408 et
2863 353 3061 408 iterum
3090 366 3274 416 rasus,
3306 351 3464 420 quasi
3493 368 3603 407 non

362 469 601 527 sufﬁciat
649 464 716 518 ad
763 461 1066 530 puritatem
1120 457 1290 513 semel
1355 472 1478 512 esse
1538 470 1746 510 rasum.
1784 452 1980 508 Verum
2016 450 2255 507 secunda
2311 458 2539 503 tonsura
2586 445 2769 514 priore
2817 441 3172 511 prmstantior
3212 446 3315 493 est.
3349 438 3608 493 Continet

362 525 637 626 siquidem
662 525 849 620 partes
876 544 1301 616 principaliores
1332 543 1608 610 corporis,
1637 541 1894 595 videlicet
1911 550 2076 626 caput
2108 547 2160 591 et
2192 538 2440 592 barbam.
2464 535 2640 603 Caput
2671 529 2931 584 indicium
2961 527 3110 589 facit,
3147 540 3387 586 errores,
3408 525 3611 594 quibus

361 612 583 701 inhaesit
634 636 820 706 quoad
878 612 1239 689 sacrosancta
1273 631 1551 700 dogmata,
1595 643 1717 683 esse
1750 627 1978 698 pulsos:
2004 614 2176 681 barba
2213 622 2675 694 signiﬁcationem
2698 633 2764 672 ex
2792 630 2917 671 sese
2949 613 3064 677 dat,
3113 620 3359 682 peccata,
3390 626 3511 679 qua:
3554 612 3610 665 in

362 727 509 786 virili
544 697 975 779 committuntur
989 728 1169 784 aetate,
1200 731 1322 772 esse
1351 697 1564 785 abjccta
1600 733 1613 768 :
1649 697 1943 782 supercilia
1975 714 2081 766 sub
2102 712 2339 781 quodam
2373 718 2501 778 typo
2527 706 2762 761 edocent
2789 716 2961 756 vanas
2990 708 3044 755 et
3075 700 3275 754 stultas
3304 697 3608 766 opiniones

365 830 487 873 esse
522 810 898 882 propulsatas.
930 806 1141 860 Deinde
1191 808 1390 857 iterum
1435 803 1640 871 expolit
1672 801 2025 861 vestimenta,
2062 800 2256 853 iterum
2290 796 2525 848 lavatur.
2572 791 2640 844 Et
2685 792 2739 844 in
2775 790 2923 843 hunc
2954 786 3177 841 modum
3228 793 3422 853 quater
3442 800 3614 859 purus

369 871 642 958 reddi-tur.-
670 894 877 950 Octavo
916 892 1114 947 exinde
1142 890 1251 953 die,
1280 903 1389 958 quo
1449 889 1503 943 in
1560 895 1745 941 castra
1786 894 2044 955 receptus
2097 893 2203 948 est,
2244 898 2355 936 non
2406 878 2643 947 amplius
2698 876 2906 944 indiget
2949 874 3290 941 reliquorum
3325 871 3610 923 hominum

372 988 681 1046 ministerio
712 1004 725 1040 :
763 986 879 1055 ipse
917 982 1145 1036 dimittit
1194 978 1523 1041 aniu'nantia,
1557 978 1673 1046 ipse
1705 976 1886 1030 oleum
1915 988 2039 1028 cum
2091 970 2271 1025 simila
2312 965 2494 1031 offert,
2552 973 2610 1018 ut
2658 976 2885 1033 prorsus
2922 966 3255 1030 repurgetur
3286 972 3316 1010 a
3343 958 3517 1025 lepra,
3563 967 3618 1010 et

375 1080 575 1149 dignus
609 1043 904 1137 habeatur,
940 1072 1033 1141 qui
1069 1085 1225 1124 saera
1255 1067 1418 1121 faciat
1450 1067 1504 1119 in
1536 1043 1657 1119 loco
1688 1079 1869 1119 sacro.
1907 1061 2060 1131 Ejus,
2103 1056 2195 1126 qui
2217 1055 2282 1108 ad
2316 1056 2463 1108 hunc
2494 1050 2717 1104 modum
2750 1046 2963 1104 accedit
2982 1046 3048 1099 ad
3075 1046 3323 1114 quintam
3353 1043 3618 1113 purifica-

376 1129 602 1226 tignem,
636 1159 1157 1222 sacriﬁcium,'inter
1186 1154 1384 1208 Sancta
1414 1160 1733 1208 sanctorum
1762 1129 2214 1205 connutneratur.
2247 1142 2453 1211 Agnus,
2482 1138 2575 1209 qui
2608 1136 2923 1190 immolatur
2967 1149 3066 1203 pro
3092 1132 3315 1193 delicto,
3345 1129 3622 1200 significat

376 1252 655 1312 virtutem,
696 1263 818 1318 qua:
872 1246 1014 1299 tollit
1049 1253 1293 1314 peccata.
1354 1240 1769 1302 lloloeaustum,
1806 1237 1954 1306 quod
1999 1234 2250 1288 adoletur
2286 1210 2339 1283 in
2385 1242 2501 1287 ara,
2533 1226 2691 1280 docet
2742 1222 2901 1275 illunt
2938 1222 3215 1275 hominem
3256 1217 3368 1288 jam
3417 1225 3619 1279 totum,
3690 1210 3699 1219 ’

379 1349 616 1407 quantus
655 1345 900 1405 quantus
945 1343 1049 1394 est,
1086 1331 1310 1400 dignum
1343 1327 1583 1387 censeri,
1618 1327 1713 1394 qui
1747 1328 2107 1378 consecretur
2136 1318 2266 1372 Deo.
2300 1315 2397 1369 His
2445 1311 2738 1369 sacriﬁciis
2775 1308 3023 1363 succedit
3057 1306 3198 1372 ovis,
3243 1320 3366 1374 quae
3415 1318 3624 1373 reprae:

380 1392 563 1495 sentat
612 1392 829 1478 fructus
862 1392 1103 1491 pietatis,
1134 1392 1225 1486 qui
1257 1416 1436 1471 adhuc
1467 1421 1595 1469 sunt
1626 1392 1887 1466 inanimo
1920 1408 2060 1478 ejus,
2093 1406 2186 1477 qui
2214 1410 2501 1472 purgatur,
2544 1400 2705 1467 eique
2737 1397 3077 1451 tribuuntur.
3113 1392 3315 1449 Tribus
3365 1392 3476 1447 illis
3530 1405 3625 1446 sa-

382 1486 609 1567 criﬁciis
634 1480 913 1565 adduutdr
949 1480 1115 1561 terna:
1144 1480 1370 1560 decimae
1403 1502 1598 1556 similae
1627 1499 1695 1553 ad
1726 1500 1975 1569 quintam
2005 1492 2446 1566 puriﬁcationem
2480 1485 2869 1557 peragendam.
2905 1482 3021 1537 Non
3061 1481 3239 1550 inquit
3269 1480 3623 1550 accipiendas

381 1617 502 1658 esse
535 1600 725 1654 farinae
760 1599 1027 1659 decimas,
1060 1594 1161 1649 sed
1212 1592 1427 1653 similae,
1464 1605 1585 1659 quae
1637 1595 1722 1643 est
1763 1564 2130 1641 subtilissima
2166 1576 2391 1633 materia
2441 1570 2771 1630 conﬁciendi
2823 1570 3005 1640 panis,
3057 1568 3389 1622 mentionem
3430 1564 3621 1620 infert.

385 1687 575 1741 Simila
617 1694 801 1738 autem
835 1650 1184 1752 perfunditur
1216 1680 1359 1734 oleo.
1393 1650 1684 1731 At'oleum
1711 1688 1821 1728 non
1855 1671 2029 1726 solum
2078 1670 2255 1722 lucem
2290 1661 2699 1721 subministrat,
2733 1657 2828 1711 sed
2868 1656 3032 1710 etiam
3063 1655 3240 1723 ignem
3273 1653 3389 1707 alit.
3423 1650 3481 1704 In
3515 1652 3626 1705 alio

383 1772 786 1844 puriﬁcationis
814 1740 1052 1837 quodam
1095 1769 1203 1821 ritu
1231 1766 1531 1835 requiritur
1565 1762 1785 1818 hemina
1823 1760 1952 1814 olei.
1981 1754 2185 1810 Verum
2221 1752 2293 1805 ibi
2340 1756 2609 1820 purgatur
2644 1746 2713 1808 is,
2745 1744 2840 1844 qui
2883 1756 3020 1840 opus
3052 1740 3221 1839 habet
3252 1753 3416 1844 opera
3444 1753 3629 1836 sarcr-

384 1823 560 1923 trlotis,
593 1876 619 1911 a
654 1873 764 1929 quo
796 1874 902 1911 nun
939 1856 1120 1911 solum
1149 1823 1444 1907 inducatur
1476 1850 1530 1904 in
1555 1857 1759 1912 castra,
1789 1845 1886 1900 sed
1915 1845 2147 1900 sistatur
2178 1842 2233 1894 in
2263 1837 2409 1893 ostio
2434 1830 2782 1888 tabernaculi
2821 1827 3123 1884 testimonii
3156 1841 3342 1880 coram
3370 1823 3625 1879 Domino.

386 1947 496 2001 Nec
529 1912 780 2014 impe‘rat,
809 1952 868 1997 ut
892 1942 1206 1996 immoletur
1235 1954 1429 2008 agnus,
1464 1934 1923 2006 quemadmodum
1955 1930 2282 1998 imperatum
2313 1929 2430 1979 erat
2471 1921 2527 1974 in
2549 1916 2823 1973 sacriﬁcio
2860 1915 3198 1970 avicularum
3220 1930 3234 1967 :
3258 1913 3366 1967 imo
3394 1912 3631 1982 ipsemet

389 2035 579 2104 arripit
605 1998 813 2102 agnum
863 2045 1101 2100 eumque
1148 2043 1248 2098 pro
1273 1998 1496 2081 delicto.
1535 2024 1719 2089 caedit,
1754 2020 2006 2092 quamvis
2055 2014 2111 2070 id
2160 2014 2341 2067 facere
2386 2014 2513 2061 ante
2555 2013 2809 2074 quartam
2857 2010 3134 2072 peractam
3163 1998 3630 2104 ‘puriﬁcationem

392 2088 667 2190 nunquam
687 2119 742 2173 in
774 2088 1027 2171 animum
1047 2114 1345 2170 induxerit.
1374 2111 1545 2182 llnjus
1572 2088 1807 2165 victimae
1827 2121 2023 2163 cruore
2044 2105 2294 2159 dextram
2322 2095 2585 2154 emundat
2617 2108 2830 2156 aurem,
2867 2105 3099 2160 eamque
3127 2088 3380 2144 idoneam
3406 2096 3629 2159 praestat

390 2175 770 2263 auscultandis
796 2203 998 2258 divinis
1045 2175 1748 2267 sermonibusztotumque
1787 2194 2062 2250 hominem
2108 2190 2183 2243 ita
2215 2184 2465 2248 instruit,
2500 2190 2560 2235 ut
2592 2196 2689 2251 per
2710 2186 2923 2233 rectum
2964 2176 3189 2230 virtutis
3220 2175 3417 2228 callem
3471 2182 3628 2228 recto

394 2296 527 2366 pede
556 2291 795 2354 incedant,
824 2298 879 2346 et
920 2291 1144 2344 virtutis
1194 2303 1362 2358 opera
1396 2286 1558 2341 edere
1607 2261 1757 2339 haud
1808 2276 2108 2336 cesset.'Si
2140 2274 2286 2328 enim
2336 2286 2448 2325 non
2488 2269 2874 2347 puriﬁcaretur
2914 2265 3118 2319 dextrae
3154 2261 3302 2317 auris
3356 2261 3629 2328 auricula,

394 2349 576 2453 posset
609 2381 734 2451 quis
768 2378 1074 2448 intelligere
1105 2391 1168 2431 os
1202 2349 1399 2438 leonis,
1429 2368 1887 2441 quemadmodum
1910 2364 2182 2436 scriptum
2214 2367 2338 2415 est:
2378 2377 2396 2409 ι
2438 2356 2612 2410 Sicuti
2638 2354 2834 2409 eximit
2866 2361 3052 2422 pastor
3089 2366 3156 2405 ex
3187 2365 3281 2403 ore
3315 2349 3491 2404 leonis
3521 2350 3632 2403 duo

394 2436 553 2524 crura
586 2436 680 2520 aut
706 2436 1012 2518 auriculan
1043 2461 1109 2515 ⁸⁸.
1144 2481 1163 2512 ι
1204 2459 1345 2527 Quia
1378 2474 1508 2512 vero
1536 2458 1796 2527 leprosus
1827 2450 2180 2509 immnnditie
2218 2444 2573 2504 laboraverit,
2604 2450 2663 2495 ιιι
2695 2449 2749 2494 et
2784 2441 2900 2493 haec
2932 2437 3173 2501 recedat,
3212 2438 3367 2491 auris
3412 2436 3630 2500 dextra,
3674 2482 3677 2483 ,

396 2572 495 2611 nec
528 2570 636 2609 non
660 2568 856 2608 manus
887 2549 1049 2620 352
1086 2525 1290 2618 pesque
1320 2547 1511 2602 dexter
1540 2525 1866 2614 purgantur,
1903 2546 1962 2593 ut
1989 2540 2057 2593 ab
2085 2538 2170 2593 his
2221 2530 2670 2590 extremitatibus
2704 2528 2919 2598 puritas
2950 2542 3048 2596 per
3082 2534 3257 2579 totum
3288 2525 3634 2579 diffundatur

395 2662 616 2717 corpus.
650 2645 844 2700 Sexies
885 2641 940 2697 ﬁt
973 2639 1223 2709 aspersio
1255 2637 1322 2692 de
1355 2637 1478 2690 oleo
1503 2611 1690 2688 coram
1727 2631 1977 2686 Domino.
2022 2625 2240 2685 Oleum,
2279 2618 2428 2689 quod
2491 2616 2843 2680 remanserit,
2878 2616 3079 2668 iterum
3118 2613 3341 2667 additur
3366 2611 3635 2666 auriculae

396 2698 622 2797 deartrze,
655 2745 711 2787 et
743 2746 909 2785 manu
941 2698 1277 2800 pedibusque
1302 2721 1531 2778 dextris.
1563 2719 1701 2786 Quia
1734 2717 1969 2787 sanguis»
1991 2712 2098 2767 nisi
2129 2708 2446 2764 accessione
2467 2706 2594 2767 olei,
2638 2720 2745 2757 non
2774 2701 2976 2758 suﬁicit
3007 2702 3072 2756 ad
3094 2702 3237 2755 hanc
3268 2715 3407 2754 rem.
3437 2698 3632 2754 Oleum

397 2785 781 2888 autc‘ati,'q_uod
813 2831 910 2872 sua
942 2785 1106 2869 manu
1144 2785 1508 2881 apprehendit
1543 2785 1825 2867 sacerdos,
1844 2785 2156 2871 imponitur
2189 2796 2354 2865 capiti
2392 2790 2743 2863 purilicandi.
2776 2788 2911 2843 Nam
2955 2787 3264 2843 necessitas
3287 2785 3628 2857 postulabat,

401 2918 458 2963 ut
484 2874 711 2975 reliquis
743 2904 969 2960 humani
1002 2874 1257 2971 corporis
1285 2898 1533 2970 partibus
1563 2892 1893 2965 repurgatis,
1935 2891 2100 2945 etiam
2139 2895 2303 2954 caput
2329 2898 2426 2937 sna
2475 2882 2717 2952 puritate
2742 2880 3035 2949 potiretur.
3063 2876 3351 2931 Absolutis
3377 2885 3434 2930 et
3465 2874 3636 2929 ﬁnitis

402 2968 877 3065 purificationibus
929 2968 1212 3052 omnibus,
1241 2968 1381 3041 alter
1412 2984 1617 3055 petitur
1646 2995 1843 3049 agnus,
1872 2976 1968 3045 qui
2008 2983 2300 3038 mactatur,
2338 2978 2393 3026 et
2429 2977 2601 3034 totus,
2639 2976 2699 3024 ut
2727 2968 3231 3031 sitholocaustum,
3279 2972 3637 3019 consecratur

400 3051 532 3138 beo.
565 3081 797 3148 Quidam
826 3080 1022 3135 docent
1055 3051 1203 3130 duas
1229 3072 1351 3128 illas
1380 3051 1625 3126 aviculas
1654 3083 1778 3125 esse
1808 3079 1977 3121 unum
2007 3061 2290 3133 quiddam,
2309 3070 2362 3114 et
2390 3057 2708 3128 signiﬁcare
2757 3055 3038 3111 Christum
3072 3070 3102 3108 e
3131 3053 3269 3108 coelo
3292 3051 3635 3106 delabentem

401 3168 546 3240 (nam
586 3168 702 3221 avis
741 3166 794 3220 in
821 3181 947 3220 aere
970 3161 1241 3231 movetur)
1276 3167 1330 3215 et
1358 3160 1655 3213 humanam
1689 3166 1945 3210 naturam
1974 3157 2346 3205 assumentem
2381 3154 2435 3200 et
2473 3160 2572 3216 pro
2598 3144 2759 3199 nobis
2792 3143 3065 3205 oblatum,
3093 3151 3144 3196 et
3176 3148 3236 3193 ut
3269 3139 3501 3192 miseros
3536 3152 3640 3191 nos

403 3225 721 3326 peccatores
769 3252 1067 3307 redimeret
1105 3225 1327 3306 ctelitus
1375 3245 1707 3301 demissum.
1732 3240 1921 3307 Quoad
1969 3238 2264 3292 humanam
2312 3242 2595 3298 naturam,
2627 3246 2804 3286 cassus
2833 3240 2887 3283 et
2932 3230 3155 3284 oblatus
3183 3235 3291 3281 est.
3322 3225 3639 3280 Secundum

402 3314 641 3399 divinam
684 3347 939 3395 naturam
983 3338 1193 3392 nullum
1239 3336 1414 3392 sensit
1456 3333 1739 3387 damnum.
1775 3327 1901 3383 Haec
1928 3325 2073 3381 enim
2125 3323 2312 3379 nescia
2364 3329 2447 3397 est
2499 3321 2635 3389 pati.
2674 3316 2960 3388 Siquidem
3033 3314 3321 3384 Scriptura
3356 3320 3630 3368 testatur:

410 3448 428 3480 ι
461 3429 711 3485 Mortuus
737 3434 823 3481 est
874 3441 1061 3490 carne,
1092 3432 1147 3478 et
1189 3421 1498 3477 viviﬁcatus
1544 3428 1630 3475 est
1665 3416 1860 3487 spiritu
1902 3413 1971 3467 ⁸⁸.
2023 3412 2198 3482 Super
2238 3423 2380 3479 aqua
2432 3407 2576 3471 viva,
2609 3425 2627 3458 ›
2657 3415 2763 3460 etc.
2816 3403 2955 3469 Quia
2987 3417 3136 3455 mors
3200 3399 3323 3470 ejus
3376 3407 3463 3453 est
3498 3398 3631 3453 vita.

403 3514 591 3586 Itaque
615 3514 875 3585 proﬂuxit
909 3486 1137 3582 sanguis
1165 3520 1218 3564 et
1247 3524 1387 3578 aqua
1420 3508 1488 3562 de
1526 3486 1755 3574 corpore
1786 3504 1930 3572 ejus.
1970 3500 2202 3570 Lignum
2231 3495 2545 3558 cedrinum,
2574 3492 2721 3561 quod
2759 3492 2907 3545 nulla
2941 3487 3229 3558 putredine
3256 3486 3517 3548 violatur,
3548 3486 3637 3538 in-

388 3573 765 3669 .corruptibile
814 3573 1042 3651 Christi.
1063 3609 1262 3663 corpus
1289 3573 1651 3647 demonstrat.
1688 3588 1972 3658 Siquidem
2021 3587 2291 3655 scriptum
2328 3590 2410 3636 est
2441 3599 2454 3634 :
2496 3598 2517 3632 ι
2554 3578 2673 3635 Non
2704 3578 2929 3648 patieris
2959 3584 3215 3630 sanctum
3248 3582 3403 3627 tuum
3454 3573 3643 3626 videre

404 3658 815 3753 corruptionem
847 3683 913 3733 “.
941 3699 958 3731 ι
1001 3658 1178 3734 Filuni
1207 3678 1524 3732 coccineum
1559 3686 1721 3748 typus
1752 3682 1835 3730 est
1859 3672 2136 3727 Ecclesiaa.
2172 3670 2458 3741 llyssopus
2485 3666 2727 3721 ostendit
2763 3663 3035 3718 fervorem
3071 3661 3321 3729 Spiritus.
3350 3658 3476 3713 Ilaec
3492 3661 3641 3713 enim

410 3748 589 3826 herba
611 3768 934 3822 mirabiliter
950 3767 1124 3820 calida
1145 3766 1484 3834 perhibetur.
1517 3762 1785 3815 Praeterea
1819 3767 2081 3831 repurgat
2103 3766 2157 3813 et
2179 3757 2372 3811 liberat
2409 3753 2712 3825 prmcordia
2732 3759 2922 3805 nostra
2959 3750 3028 3803 ab
3060 3750 3275 3818 impuro
3303 3748 3635 3818 phlegtnate,

404 3856 556 3928 quod
577 3864 740 3927 typus
766 3862 849 3909 est
874 3852 1221 3907 alfectionum
1254 3850 1472 3905 mentis.
1506 3846 1643 3902 Nam
1672 3848 1930 3915 baptizati
1958 3862 2151 3904 sumus
2182 3848 2238 3902 in
2269 3848 2479 3917 Spiritu
2503 3854 2696 3900 sancto
2729 3854 2781 3898 et
2805 3844 2947 3913 igne.
2974 3841 3278 3911 Siquidem,
3315 3849 3374 3893 ut
3402 3854 3644 3908 praemo-

407 3942 527 4009 nui,
566 3942 659 3996 illa
703 3940 869 3995 herba
898 3938 1076 3993 calida
1117 3948 1223 3993 est.
1268 3936 1499 4003 Quidam
1539 3935 1762 3989 tradunt
1804 3935 1951 3988 ﬁlum
1989 3935 2125 3989 illud
2182 3948 2518 4005 purpureum
2565 3941 2619 3987 et
2651 3938 2962 3986 contortum
2996 3928 3310 3999 signiﬁcare
3341 3930 3543 3985 divinte
3587 3934 3644 3984 ct

407 4031 661 4086 humanae
709 4036 917 4082 natura:
945 4026 998 4080 in
1045 4025 1265 4079 Christo
1304 4023 1773 4093 coniunctionem.
1803 4020 2004 4075 Verum
2033 4022 2087 4075 in
2139 4021 2337 4075 occisae
2393 4018 2626 4073 avicuhc
2681 4024 2913 4071 mortem
2973 4016 3360 4084 baptizabatur
3407 4015 3531 4069 viva
3586 4020 3644 4069 et

407 4125 691 4189 superstes
734 4115 970 4169 avicula.
1019 4110 1288 4181 Aspersio
1321 4119 1524 4175 autem,
1571 4123 1692 4179 qua:
1716 4109 1920 4178 septies
1948 4107 2027 4169 ﬁt,
2065 4106 2341 4178 signiﬁcat
2380 4105 2822 4177 puriﬁcationem
2880 4117 3045 4172 quam
3085 4102 3489 4171 perfectissime
3517 4115 3644 4157 esse

406 4188 684 4278 peractam
719 4212 771 4257 et
806 4202 1032 4255 ﬁnitam.
1068 4196 1229 4263 Nam,
1261 4209 1318 4251 ut
1350 4197 1514 4251 habet
1544 4196 1850 4265 Scriptura,
1891 4214 1909 4247 ι
1946 4193 2048 4249 Ubi
2088 4194 2391 4249 abundavit
2442 4200 2751 4263 peccatum,
2790 4190 2862 4243 ibi
2891 4204 3055 4258 supra
3088 4188 3307 4241 modum
3342 4188 3644 4245 abundavit

407 4276 581 4362 gratia
603 4288 669 4344 ⁸⁷.
714 4308 732 4340 ι
770 4289 1023 4343 Christus
1077 4294 1282 4347 autem,
1329 4285 1420 4354 qui
1473 4292 1690 4339 nostros
1743 4283 1950 4345 abrasit
1991 4283 2240 4347 aﬁ‘ectns,
2291 4289 2582 4351 reputatur
2620 4294 2802 4334 sermo
2842 4278 2998 4332 vivus
3026 4287 3080 4332 et.
3142 4276 3369 4338 eﬁicax,
3419 4276 3511 4345 qui
3547 4291 3642 4330 ex-

409 4378 688 4433 actissime
711 4383 933 4445 peccata
968 4373 1205 4428 abradit.
1229 4371 1283 4425 ln
1312 4372 1458 4427 hunc
1484 4371 1703 4425 modum
1726 4372 2018 4440 puritatem
2047 4369 2608 4439 adepti,admittimur
2628 4367 2683 4420 in
2709 4376 2891 4420 castra
2918 4374 3327 4429 sanctorum,et
3350 4362 3644 4417 introimns

412 4468 465 4521 in
497 4467 713 4531 domum
742 4463 854 4517 Dci.
883 4461 1082 4515 Verum
1111 4461 1473 4529 prohibemur
1499 4458 1677 4512 adhuc
1701 4456 2385 4526 supernismansionibus.
2418 4455 2508 4510 lite
2537 4455 2683 4510 enim
2715 4470 2812 4508 ceu
2839 4466 3042 4506 munus
3064 4461 3416 4507 reservantur
3440 4455 3645 4506 sanctis

413 4556 465 4608 in
493 4553 734 4607 futurum
785 4549 1067 4605 saeculum.
1109 4548 1320 4618 Elapsis
1351 4547 1620 4616 siquidem
1652 4554 1858 4614 septem
1912 4544 2127 4610 diebus,
2176 4544 2230 4600 id
2258 4553 2362 4609 est,
2396 4545 2551 4598 ﬁnito
2583 4543 2838 4614 praesenti
2872 4544 3096 4608 saeculo,
3141 4542 3195 4595 in
3224 4551 3448 4596 nostras
3475 4540 3642 4606 aedes,

412 4641 623 4696 scilicet
657 4640 712 4692 in
744 4650 979 4707 superna
1007 4636 1315 4690 habitacula
1344 4634 1726 4702 migrabimus,
1758 4645 1813 4688 et
1845 4631 2044 4703 singuli
2079 4647 2208 4687 suas
2246 4632 2549 4687 sortientur
2582 4630 2763 4686 sedes.

484 4770 555 4827 In
580 4771 910 4830 watelanea.
939 4768 1108 4821 autin
1135 4769 1448 4833 vesteh'nea,
1475 4775 1567 4820 aut
1596 4768 1972 4831 stamine,etc.
1993 4763 2252 4820 Pluribus
2284 4764 2575 4833 descripsit
2601 4762 2831 4832 lepram,
2868 4777 2989 4831 qua:
3016 4771 3347 4831 conspurcat
3368 4760 3644 4817 homines.

416 4859 489 4914 De
512 4859 685 4913 altera
733 4857 904 4926 lepra,
927 4869 1050 4923 quae
1080 4863 1315 4924 occupat
1351 4856 1655 4908 inanimata
1690 4852 2047 4923 paucioribus
2072 4860 2291 4906 tractat.
2339 4850 2626 4921 Siquidem
2679 4849 2953 4911 homines,
2987 4865 3151 4918 quant
3197 4866 3283 4904 res
3333 4850 3648 4904 inanimata:

416 4948 589 5017 magis
624 4945 734 5000 Deo
761 4957 906 5000 cura:
940 4950 1088 4997 sunt.
1118 4943 1384 4998 Caeterum
1418 4957 1538 5012 qua:
1567 4940 1860 4997 traduntur
1887 4941 1991 4995 hoc
2024 4940 2144 4994 loco
2175 4940 2243 4995 de
2265 4941 2437 5010 lepra,
2471 4955 2594 5009 quae
2626 4938 2964 4992 contaminat
2994 4953 3081 4992 res
3113 4938 3464 5000 inanimatas,
3488 4940 3644 5006 quasi

415 5035 517 5086 sub
550 5033 842 5102 aenigmate
885 5030 1122 5099 quodam
1164 5037 1608 5084 commonstrant
1656 5029 1810 5091 vitia,
1848 5043 1970 5097 qua:
2007 5026 2338 5081 mortalibus
2379 5028 2650 5081 inhaerent
2676 5026 2785 5080 alte
2810 5025 2945 5078 ﬁxis
2973 5025 3275 5079 radicibus.
3312 5024 3548 5080 Proinde
3599 5026 3647 5079 si

417 5120 558 5175 tales
582 5118 831 5173 homines
868 5116 1076 5170 fuerint
1093 5116 1217 5169 viva
1243 5130 1383 5184 aqua
1416 5114 1625 5184 perfusi
1655 5123 1709 5169 et
1739 5114 1982 5178 lustrati,
2014 5123 2070 5169 et
2107 5114 2260 5169 color
2290 5115 2543 5185 corporis
2572 5114 2809 5168 vitiosus
2845 5127 2949 5166 non
2983 5113 3305 5176 recesserit,
3346 5127 3647 5181 argumen-

418 5216 530 5259 tum
561 5212 668 5270 est,
693 5218 883 5258 eorum
912 5202 1173 5255 malitiam
1206 5216 1434 5270 prorsus
1463 5215 1589 5256 esse
1613 5198 2030 5269 deplorandam.
2060 5200 2264 5254 llorum
2294 5202 2362 5256 de
2400 5216 2561 5271 grege
2591 5207 2755 5264 sunt,
2780 5199 2872 5268 qni
2910 5200 3210 5252 abluuntur
3233 5215 3392 5252 sacro
3424 5201 3641 5252 lavacro

418 5292 849 5361 religionemque
893 5289 1074 5343 verbis
1115 5290 1397 5352 simulant,
1433 5297 1490 5340 ut
1534 5289 1746 5357 majore
1785 5302 1909 5341 cutn
1942 5288 2097 5344 lucro
2125 5291 2177 5343 in
2210 5298 2391 5359 empta
2422 5290 2628 5343 malitia
2661 5290 2954 5358 persistere
3012 5298 3235 5356 queant.
3271 5286 3537 5356 Exemplo
3574 5284 3645 5339 sit

420 5379 610 5436 Simon
650 5380 862 5450 Magus,
893 5379 985 5449 qui
1018 5378 1197 5433 adhuc
1243 5378 1597 5434 detinebatur
1624 5376 1748 5433 felle
1778 5376 2188 5441 amaritudinis,
2217 5384 2274 5430 et
2309 5377 2363 5431 in
2394 5375 2741 5447 colligatiOne
2769 5374 3077 5442 injustitiaa.
3104 5373 3266 5429 Tales
3297 5380 3649 5427 reservantur

419 5477 626 5522 aeterno
674 5468 866 5533 exitio,
937 5466 1028 5521 ubi
1099 5468 1316 5554 wteruis
1378 5466 1784 5521 divexabuntur
1849 5465 2109 5523 ﬁatnmis.
2160 5465 2279 5521 Non
2320 5477 2501 5521 autem
2565 5466 2720 5535 prius
2773 5479 2861 5519 res
2924 5465 3263 5527 inanimatae,
3300 5478 3436 5533 quas
3498 5459 3649 5529 lepra

492 5646 538 5677 “
572 5647 760 5712 Amos,
802 5662 881 5712 ut,
918 5645 1001 5698 l2.
1081 5640 1124 5672 ⁸⁵
1165 5643 1355 5699 ll‘etr.
1394 5659 1474 5705 Ill,
1518 5643 1598 5696 IS.
1676 5643 1721 5674 ⁸⁸
1762 5640 1909 5697 Psal.
1964 5656 2052 5706 xv,

1676 5643 1721 5674 ⁸⁸
1762 5640 1909 5697 Psal.
1964 5656 2052 5706 xv,
2104 5640 2206 5705 l0;
2283 5636 2407 5693 Act.
2445 5654 2563 5699 xm,
2596 5638 2683 5692 55.
2762 5624 2806 5671 ίτ
2846 5637 3002 5692 liorn.
3043 5654 3093 5698 ν.
3131 5636 3222 5689 20.
