4050 6212
411 224 523 292 ’743
1699 223 2010 284 PROCOPI

2043 223 2049 282 ζ
2088 219 2334 282 GAZIEI
3539 227 3572 288 Ἰ
3593 226 3642 290 ii

415 335 689 398 infecerit,
744 344 1186 398 concremantur,
1248 348 1411 404 quam
1456 308 1610 402 ‘post
1673 334 1951 386 lavacrum
2016 330 2230 385 alienus
2284 329 2441 384 color
2508 326 2725 383 abierit.
2783 326 3018 382 Alienus
3080 331 3646 403 colorcxistimatnr

418 422 656 476 sublatio
696 422 911 474 illarum
947 436 1154 483 rerum,
1205 436 1327 490 qua:
1392 421 1650 474 videntur
1704 418 1877 473 fuisse
1920 432 2102 473 causa:
2149 415 2361 487 peccati
2391 413 2508 470 sive
2565 413 2811 468 malitiae.
2846 411 2911 468 Si
2972 415 3128 472 locus
3160 429 3452 489 postquam
3502 422 3648 478 lotus

418 509 583 563 fuerit
606 509 873 575 aequalem
906 508 1195 560 retinuerit
1224 507 1595 575 superficiem.
1622 504 2086 575 quemadmodum
2121 504 2388 572 scriptum
2434 510 2521 558 est
2551 520 2566 556 :
2594 520 2614 553 ε
2653 499 2883 557 Frustra
2918 505 3164 572 percussi
3225 507 3524 576 prophetas
3551 526 3649 562 ve-

418 605 589 659 stros,
638 594 986 663 disciplinam
1017 609 1126 648 non
1155 593 1465 663 recepistis,
1496 600 1628 656 etc.,
1676 591 1818 663 ignis
1852 590 2059 645 furoris
2086 587 2305 644 Domini
2340 586 2699 643 inflammabit
2725 597 2781 643 et
2823 598 3111 644 consumet
3138 591 3486 647 adversarios
3513 593 3584 647 ⁸⁸.
3625 612 3644 645 ι

416 683 549 748 Qua:
577 698 702 735 vero
723 689 1011 751 postquam
1042 680 1228 733 abluta
1263 680 1490 746 fuerint,
1525 695 1662 750 pura
1692 677 2094 749 apparuerint,
2131 676 2332 731 iterum
2356 675 2613 730 lavantur
2635 683 2697 729 ut
2726 675 2944 730 illarum
2977 676 3192 745 puritas
3225 680 3523 748 conspicua
3553 682 3647 743 sit,
3680 685 3686 690 “

418 770 630 824 scilicet
653 768 780 821 dum
806 769 1012 821 malitia
1039 768 1293 837 pietatem
1318 753 1566 830 simulat,
1582 766 1710 819 dum
1731 765 1945 820 videtur
1965 763 2124 833 sequi
2145 763 2358 829 eadem,
2378 778 2501 835 qua:
2523 777 2649 830 nos,
2671 764 2798 818 vita:
2828 764 3102 818 instituta.
3128 763 3292 820 Tales
3312 777 3489 827 erant.
3509 785 3649 837 quos

417 855 621 911 Paulus
653 858 733 909 sic
763 855 1000 925 appellat
1030 872 1044 908 :
1084 872 1103 905 ε
1138 851 1324 907 Filioli
1377 854 1506 919 mei,
1530 867 1669 922 quos
1709 852 1907 907 iterum
1942 851 2211 920 parturio,
2246 850 2424 906 donec
2451 848 2613 920 353
2644 849 2907 905 Christus
2930 849 3203 943 formetur
3245 853 3301 907 in
3338 854 3494 908 vobis
3517 854 3583 906 ⁸³.
3626 876 3643 906 ι

489 983 555 1037 Et
578 983 718 1037 dabo
746 984 959 1052 plagam
1009 982 1168 1051 lepra:
1193 984 1254 1036 in
1294 981 1540 1049 wdi/ict'is
1572 990 1746 1044 terrm,
1787 988 1892 1035 etc.
1932 977 2051 1034 Sub
2091 978 2179 1035 bis
2229 979 2546 1033 indicantur
2582 992 2668 1042 ea,
2697 992 2819 1047 qua:
2852 992 2956 1032 usu
3008 989 3272 1032 venerunt
3304 987 3358 1033 ct
3389 988 3651 1038 eventura

418 1082 581 1126 erunt
617 1071 916 1141 Synagogae
945 1069 1287 1124 Judaeorum.
1322 1068 1498 1140 Lepra
1524 1069 1855 1124 dehortatur
1880 1084 2003 1131 nos,
2044 1081 2115 1121 ne
2153 1066 2403 1123 sinamus
2444 1064 2579 1119 vitia
2614 1072 2790 1118 totum
2823 1079 3101 1135 occupare
3132 1068 3399 1120 animum.
3437 1066 3494 1120 Si
3526 1082 3644 1136 par-

332 1196 340 1203 .
419 1159 585 1211 ticnla
639 1159 803 1227 lepra:
848 1158 1155 1210 membrum
1210 1156 1571 1225 corripuerit,
1625 1154 1866 1211 sollicite
1899 1156 2175 1227 agendum
2199 1168 2267 1208 ne
2312 1151 2638 1217 invalescat,
2690 1160 2745 1207 et
2769 1160 2943 1206 totum
2978 1153 3381 1223 complectatur
3425 1169 3649 1226 corpus.

420 1245 705 1314 Siquidem
757 1244 1001 1312 reperire
1052 1250 1138 1295 est
1181 1242 1457 1298 interdum
1505 1242 1771 1307 animum,
1807 1242 1905 1313 qui
1950 1242 2241 1311 utriusque
2269 1247 2379 1293 tam
2409 1238 2598 1308 lepraz,
2638 1252 2804 1308 quam
2831 1239 3088 1295 sanitatis
3122 1245 3403 1312 particeps
3429 1253 3531 1299 est.
3568 1244 3653 1299 ln-

404 1332 633 1384 ‘terdum
671 1337 784 1382 tota
825 1330 959 1384 urbs
994 1337 1087 1382 aut
1125 1328 1280 1382 natio
1310 1331 1389 1383 sic
1427 1326 1620 1383 affecta
1652 1334 1758 1389 est,
1790 1336 1850 1381 ut
1892 1329 2091 1398 partim
2139 1327 2213 1383 sit
2246 1340 2405 1393 sana,
2438 1325 2639 1396 partim
2674 1326 3115 1396 perniciosorum
3144 1326 3460 1397 dogmatum
3498 1333 3651 1401 lepra

420 1417 641 1480 imitata,
693 1418 854 1483 cujus
909 1416 988 1470 rei
1037 1424 1429 1486 argumentum
1461 1422 1570 1478 est,
1612 1413 1757 1483 quod
1791 1412 1879 1469 hic
1930 1414 2178 1485 ponitur,
2216 1414 2425 1469 domus.
2479 1412 2536 1467 In
2587 1414 2737 1468 hunc
2785 1414 3008 1468 modum
3043 1414 3377 1471 offendimus
3403 1417 3650 1474 affectam

415 1506 732 1560 .ludaeorum
769 1505 1140 1574 Synagogam,
1173 1504 1240 1558 de
1297 1518 1406 1572 qua
1456 1502 1704 1557 sananda
1743 1503 2033 1558 clamitant
2088 1502 2373 1573 propheta:
2409 1508 2540 1556 ante
2571 1500 2780 1556 Christi
2814 1501 3254 1557 incarnationem
3284 1514 3652 1574 exposcentes

418 1596 667 1646 diximun
716 1592 1042 1654 remedium,
1089 1590 1232 1643 inter
1284 1605 1424 1658 quos
1453 1596 1507 1643 et
1537 1586 1811 1643 Jeremias
1849 1590 1904 1642 in
1943 1590 2060 1644 haec
2090 1589 2256 1643 verba
2302 1587 2547 1658 linguam
2589 1588 2816 1643 resolvlt
2848 1605 2862 1641 :
2897 1606 2917 1639 ι
2958 1586 3015 1643 Si
3063 1599 3293 1659 peccata
3330 1600 3520 1645 nostra
3555 1608 3649 1646 re-

418 1682 683 1734 stiterunt
709 1679 889 1739 nobis,
923 1676 1170 1740 Domine,
1206 1676 1291 1729 fac
1317 1675 1477 1730 nobis
1516 1684 1743 1745 propter
1769 1690 1973 1730 nomen
2014 1684 2176 1730 tuum
2192 1674 2239 1709 θ’
2269 1691 2283 1727 :
2321 1693 2340 1727 ι
2385 1682 2493 1729 etc.
2525 1672 2594 1728 Et
2618 1674 2815 1729 iterum
2854 1675 2999 1730 idem
3033 1677 3297 1747 propheta
3327 1683 3604 1732 exclamat
3630 1718 3649 1745 ,

425 1788 443 1820 ι
486 1768 581 1821 llei
621 1768 777 1829 mihi,
817 1782 849 1819 ο
884 1767 1088 1819 anima.
1127 1765 1263 1829 Quia
1297 1764 1458 1834 periit
1486 1764 1674 1833 justus
1720 1762 1788 1818 de
1821 1773 1989 1828 terra,
2018 1777 2120 1817 nec
2151 1770 2237 1817 est
2267 1761 2364 1832 qui
2391 1762 2594 1816 bonum
2618 1770 2880 1830 operetur
2915 1762 3064 1816 inter
3095 1765 3356 1820 mortales
3379 1766 3447 1819 9‘.
3487 1786 3505 1818 ι
3546 1766 3653 1821 Sa-

422 1856 622 1909 cerdos
673 1854 831 1923 jubet
894 1860 950 1905 ut
1002 1853 1071 1917 is,
1110 1853 1205 1921 qui
1240 1866 1531 1920 possessor
1577 1859 1687 1915 est,
1720 1850 1907 1905 omnia
1941 1850 2308 1904 instrumenta
2345 1857 2400 1904 et
2443 1848 2848 1918 suppellectilia
2879 1848 3080 1903 aedium
3120 1860 3413 1920 exportet:
3445 1863 3498 1908 et
3530 1862 3648 1908 tum

421 1942 642 1994 demum
679 1937 992 2007 ingreditur
1047 1938 1102 1989 in
1153 1935 1404 2000 domum,
1440 1944 1502 1988 ut
1532 1935 1656 2004 ejus
1693 1934 2008 1989 consideret
2042 1943 2097 1990 et
2117 1935 2420 2004 perspiciat
2446 1935 2665 1991 vitium.
2702 1933 2837 1990 Nam
2874 1934 2972 1991 Dei
3002 1938 3256 1993 visitatio
3289 1941 3559 1995 terribilis
3594 1950 3650 1996 et

425 2027 788 2080 formidolosa
828 2033 933 2078 est.
987 2022 1230 2077 Proinde
1263 2024 1497 2093 imperat
1527 2021 1670 2077 Deus
1710 2032 1772 2077 ut
1800 2022 2199 2093 amplectantur
2235 2037 2301 2077 ex
2331 2023 2520 2075 animo
2540 2021 2956 2091 puriﬁcationes
2984 2038 3017 2077 ar
3042 2026 3267 2090 morbis,
3302 2035 3355 2080 et
3391 2029 3652 2082 vacuefa-

421 2118 684 2178 ctiouem,
719 2132 841 2183 quae
868 2111 1139 2181 contingit
1173 2110 1304 2165 dum
1329 2111 1471 2165 mala
1503 2125 1658 2176 vasa,
1708 2109 1763 2164 id
1795 2119 1901 2175 est,
1950 2109 2122 2165 malas
2154 2116 2209 2165 et
2240 2108 2440 2178 impias
2477 2108 2726 2164 rationes
2767 2110 3115 2180 abegerimus
3149 2127 3214 2166 ex
3243 2115 3447 2178 animo,
3487 2122 3542 2170 et
3570 2117 3652 2170 sic

422 2214 805 2273 exspectemus
838 2199 1027 2265 Deum,
1060 2200 1155 2269 qui
1184 2200 1318 2254 olim
1350 2214 1443 2254 res
1489 2205 1713 2252 nostras
1761 2197 1927 2251 altius
1951 2195 2350 2252 considerabit.
2389 2194 2471 2250 Ita
2514 2211 2574 2250 se
2600 2209 2715 2251 rem
2742 2194 2950 2253 habere
2976 2204 3218 2253 testatur
3249 2201 3381 2255 illud
3415 2204 3654 2271 prophe—

423 2292 591 2343 tieum
627 2305 640 2340 :
680 2307 698 2340 ι
737 2287 810 2343 Ut
844 2288 992 2341 laves
1049 2301 1080 2339 a
1134 2286 1345 2339 malitia
1408 2300 1505 2340 cor
1546 2292 1723 2349 tuum,
1773 2280 2101 2351 Jerusalem,
2136 2292 2199 2337 ut
2227 2282 2480 2338 salveris.
2527 2282 2829 2354 Quousque
2883 2293 3048 2339 erunt
3080 2286 3135 2340 in
3181 2295 3232 2341 te
3274 2289 3645 2354 cogitationes

425 2380 673 2431 laborum
729 2386 948 2429 tuorum
977 2374 1064 2427 “?
1107 2392 1126 2426 ι
1166 2374 1425 2427 nimirum
1457 2387 1659 2440 causae,
1704 2385 1843 2442 quas
1891 2376 2160 2442 praetean
2214 2369 2544 2425 criminibus
2594 2370 2730 2435 tuis,
2763 2378 2819 2425 et
2856 2372 2940 2426 sic
2996 2372 3369 2444 subterfngias
3399 2392 3640 2445 pinnam.

426 2464 697 2518 Sacerdos
755 2463 847 2516 ubi
880 2462 933 2515 in
964 2460 1108 2515 aedes
1146 2459 1379 2514 vitiosas
1437 2458 1774 2525 introiverit,
1826 2471 1922 2513 eas
1968 2463 2222 2527 segregat
2275 2457 2457 2527 spatio
2488 2455 2705 2512 dierum
2740 2466 2972 2529 septem.
3004 2458 3141 2514 Nam
3196 2461 3340 2516 haud
3376 2464 3652 2519 immerito

427 2564 604 2605 llltlvel
645 2550 1076 2621 indignationem
1102 2548 1359 2611 Domino,
1391 2546 1436 2601 si
1464 2546 1823 2614 .conSpicetur
1856 2543 2038 2600 denuo
2072 2544 2493 2614 lepram,quam
2531 2558 2631 2600 sua
2656 2543 3078 2616 longanimitate
3102 2558 3211 2601 tam
3239 2547 3331 2602 diu
3374 2552 3649 2607 toleravit.

423 2639 775 2709 Quapropter
842 2637 889 2691 si
940 2639 1080 2691 hanc
1120 2635 1322 2689 iterum
1375 2635 1752 2705 conspexerit,
1805 2634 2032 2687 domum
2087 2638 2362 2703 segregat.
2404 2629 2565 2697 Quod
2611 2646 2744 2688 vero
2790 2646 3188 2690 commemorat
3249 2638 3368 2693 dies
3416 2651 3651 2709 septem,

425 2729 685 2780 nimirum
740 2723 982 2779 ostendit
1033 2737 1248 2792 poenas,
1294 2737 1433 2791 quas
1484 2721 1682 2775 inflixit
1750 2720 1887 2787 illis,
1930 2719 2025 2789 qui
2073 2717 2422 2789 deliquerant
2474 2718 2643 2790 impie
2687 2719 2745 2774 in
2805 2720 3003 2791 legem.
3044 2722 3181 2777 Nam
3232 2740 3409 2795 poenae
3466 2745 3657 2785 Sf’l‘\os

426 2814 556 2869 fecit
608 2813 750 2866 Deus
777 2810 1000 2865 Judaeos
1042 2810 1111 2864 ad
1164 2824 1340 2865 annos
1368 2824 1545 2878 usque
1579 2808 1953 2878 septuaginta,
1979 2815 2307 2876 computans
2345 2821 2517 2861 unum
2543 2805 2688 2862 diem
2713 2821 2814 2878 pro
2850 2807 3043 2864 decem
3074 2811 3262 2877 annis,
3294 2816 3654 2883 quemadmo-

382 2967 389 2973 .
425 2902 554 2954 dum
588 2900 653 2952 ad
685 2899 1023 2953 Ezechielem
1054 2896 1255 2950 dicitur
1288 2912 1303 2949 :
1334 2914 1354 2956 ς
1398 2897 1548 2951 Diem
1586 2910 1685 2966 pro
1715 2908 1860 2949 anno
1899 2893 2162 2949 constitui
2197 2892 2297 2947 tibi
2323 2893 2389 2947 ".
2422 2912 2442 2946 i
2487 2891 2664 2948 Etiam
2696 2893 2752 2948 in
2791 2893 3059 2951 Zacharia
3103 2901 3358 2970 proponit
3389 2911 3442 2956 et
3474 2903 3657 2958 deter-

426 2988 600 3042 minat
633 2995 851 3055 tempus
906 2984 1159 3051 angelus,
1218 2983 1450 3051 loquens
1516 2982 1573 3035 in
1616 2981 1764 3035 hunc
1799 2979 2061 3036 modum:
2096 2997 2117 3031 ί
2156 2977 2390 3035 Domine
2441 2979 2779 3049 dominator,
2806 2997 3103 3055 quousque
3161 3003 3271 3042 non
3306 2990 3654 3048 misereberis

425 3074 747 3138 Jerusalem,
809 3082 863 3126 et
899 3071 1118 3124 urbium
1161 3068 1323 3133 .luda,
1357 3084 1495 3137 quas
1565 3067 1856 3139 neglexisti
1910 3066 1997 3122 his
2036 3069 2384 3139 septuaginta
2437 3070 2596 3125 annis
2624 3070 2712 3124 "1'
2743 3089 2763 3124 ι
2800 3071 3007 3130 Deinde
3069 3075 3284 3133 infert:
3324 3099 3342 3130 ι
3388 3080 3654 3137 Sacerdos

429 3170 734 3214 revertetur
786 3159 875 3214 die
920 3158 1177 3228 septimo,
1214 3176 1233 3209 ι
1266 3164 1374 3210 etc.
1406 3155 1681 3211 Caeterum
1743 3156 1852 3210 hoc
1896 3154 2021 3210 loco
2078 3163 2240 3211 vocat
2288 3155 2598 3212 sacerdotis
2625 3158 2872 3214 reditum
2907 3156 3003 3218 Dei
3036 3162 3501 3229 misericordiam.
3542 3184 3648 3239 qua

428 3256 609 3301 motus
639 3247 778 3300 redit
806 3246 873 3299 ad
909 3252 1124 3316 gentem
1167 3258 1323 3299 suam
1379 3242 1536 3314 juxta
1571 3242 1707 3297 illud
1755 3241 2038 3312 prophetae
2086 3261 2101 3298 :
2149 3260 2169 3293 ι
2203 3242 2471 3298 Revertar
2504 3243 2572 3299 ad
2603 3242 2912 3303 Jerusalem
2969 3249 3024 3303 in
3056 3252 3567 3321 commiseratione,
3601 3266 3657 3307 et

429 3336 627 3391 domus
661 3350 777 3388 mea
811 3335 1010 3387 iterum
1042 3332 1404 3387 :edificabitur
1431 3331 1498 3386 ⁸⁸.
1536 3349 1555 3383 ι
1591 3330 1656 3385 Ει
1698 3331 1897 3386 iterum
1931 3347 1948 3386 :
1985 3349 2005 3383 ‹
2054 3328 2396 3384 Conversum
2445 3338 2533 3386 est
2570 3346 2667 3387 cor
2696 3348 2877 3389 meum
2926 3335 2983 3390 in
3032 3337 3158 3402 hoc,
3190 3343 3515 3394 conturbata
3570 3350 3657 3396 est

428 3422 754 3491 pmnitentia
816 3435 955 3480 mea.
1009 3433 1352 3489 nequaquam
1415 3418 1610 3474 faciam
1661 3417 1965 3473 secundum
2016 3415 2156 3471 iram
2213 3416 2418 3474 furoris
2476 3419 2556 3473 tui
2604 3422 2676 3475 ”.
2720 3440 2740 3474 ι
2798 3420 2902 3478 Ubi
2933 3427 3194 3481 sacerdos
3255 3431 3657 3497 contemplatus

431 3510 618 3575 fuerit,
655 3508 856 3576 inquit,
906 3508 1111 3576 lepram
1166 3505 1421 3560 diffusam
1451 3514 1508 3560 et
1534 3520 1810 3575 sparsam,
1839 3504 1997 3573 jubet
2029 3504 2263 3572 lapides,
2317 3506 2373 3560 in
2419 3507 2627 3576 quibus
2656 3508 2822 3579 lepra:
2850 3512 3043 3566 vitium
3095 3514 3337 3580 laeserit,
3388 3519 3555 3571 eximi
3603 3530 3657 3573 et

427 3598 555 3665 cjici
585 3615 599 3651 :
630 3598 795 3665 inque
824 3594 1023 3649 horum
1061 3596 1239 3648 locum
1293 3595 1433 3648 alios
1479 3593 1619 3647 bene
1650 3593 1850 3661 politos
1902 3591 2185 3647 substitui.
2233 3591 2371 3646 Nam
2416 3593 2509 3646 ubi
2540 3596 2711 3650 semel
2740 3600 3143 3667 praeteritorum
3195 3603 3520 3658 delictorum
3557 3606 3659 3659 im-

428 3684 827 3752 petraverimns
860 3682 1103 3744 veniam,
1154 3688 1207 3735 et
1255 3680 1403 3734 Deus
1447 3679 1575 3734 inde
1620 3679 1894 3734 invenerit
1944 3680 2000 3732 in
2040 3678 2202 3733 nobis
2247 3679 2404 3744 vitia,
2457 3688 2612 3736 certe
2642 3681 2781 3737 iram
2833 3700 2992 3741 suam
3031 3690 3270 3744 ostendit
3307 3692 3363 3745 in
3396 3693 3652 3746 vitiorum

427 3786 632 3825 causas
666 3788 680 3824 :
717 3784 819 3824 nec
860 3770 914 3822 in
948 3772 1136 3823 omnia
1163 3768 1442 3822 invehitur
1486 3768 1642 3829 vitia,
1674 3767 1769 3821 sed
1818 3773 2054 3821 conatur
2098 3764 2419 3820 exscindere
2450 3769 2579 3822 mali
2625 3772 2998 3828 occasionem.
3039 3773 3132 3829 Sic
3159 3778 3356 3845 priscis
3389 3779 3656 3848 tempori-

429 3861 555 3921 bus,
600 3873 723 3911 cum
785 3868 973 3911 essent
1019 3854 1535 3925 pseudoprophetm,
1598 3854 2066 3923 loquerenturque
2109 3864 2219 3902 non
2259 3849 2501 3920 impulsu
2537 3851 2803 3923 Spiritus,
2832 3860 2928 3911 sed
2983 3874 3163 3927 prava:
3210 3864 3409 3916 mentis
3466 3864 3655 3931 perciti

426 3943 750 4005 dictamine,
784 3940 939 4009 jubet
970 3939 1094 3993 illos
1134 3940 1300 4007 abjici
1332 3956 1346 4004 ;
1394 3953 1502 4008 qua
1554 3953 1614 3991 rc
1639 3937 1881 3991 declarat
1921 3936 2357 4003 segregationem
2408 3947 2502 3993 aut
2538 3949 2707 3996 totam
2750 3942 3141 4011 abjectionem,
3177 3950 3429 4002 utetiam
3463 3950 3529 4002 de
3560 3948 3655 4003 Je-

427 4029 627 4082 chonia
664 4027 807 4081 Deus
833 4026 1003 4080 dicit:
1047 4044 1065 4076 ι
1101 4023 1296 4087 Terra,
1327 4033 1495 4087 terra,
1533 4021 1664 4076 audi
1694 4036 2005 4075 sermonem
2039 4023 2277 4076 Domini.
2310 4023 2503 4079 Scribe
2535 4027 2714 4081 virum
2738 4028 2888 4084 hunc
2914 4030 3250 4101 abdicatum,
3287 4037 3368 4089 vel
3411 4038 3654 4105 proscri-

429 4126 578 4185 ptum
606 4114 675 4169 ".
718 4133 737 4166 ι
772 4112 849 4167 De
902 4112 1189 4181 prophetis
1228 4110 1380 4164 falsis
1422 4111 1475 4163 in
1534 4108 1682 4162 hunc
1712 4108 1932 4161 modum
1983 4112 2382 4165 concinnatur:
2422 4131 2441 4163 ‹
2485 4112 2788 4184 Propterea
2830 4118 3033 4172 abstuli
3083 4123 3385 4191 prophetas
3415 4133 3647 4186 vestros,

425 4211 482 4257 et
518 4201 770 4256 interfeci
802 4215 897 4255 eos
927 4199 1112 4253 verbis
1137 4190 1265 4249 oris‘
1284 4195 1387 4249 mei
1419 4195 1490 4250 '°.
1526 4213 1544 4244 ι
1587 4193 1655 4247 Ει
1692 4194 1928 4249 iterum:
1968 4213 1986 4246 ι
2023 4195 2378 4268 Quapropter
2406 4201 2577 4255 duces
2605 4202 2794 4272 populi
2830 4205 2935 4258 mei
2973 4190 3268 4274 ejicientur
3300 4224 3364 4263 ex
3397 4209 3650 4264 domibus

428 4292 671 4360 ipsorum
718 4289 859 4341 mala
908 4287 974 4338 θ’.
1014 4303 1032 4335 ι
1091 4282 1293 4337 Verum
1350 4282 1443 4334 alii
1477 4280 1894 4335 substituuntur
1944 4281 1995 4334 in
2043 4282 2224 4335 locum
2283 4285 2527 4348 illorum,
2561 4288 2662 4355 qui
2696 4286 2909 4344 fuerint
2957 4295 3217 4362 expulsi:
3276 4311 3395 4365 quae
3433 4297 3652 4365 quidem

427 4377 611 4430 omnia
644 4376 755 4445 agit
794 4374 956 4437 Deus,
991 4372 1084 4442 qui
1125 4371 1182 4423 in
1216 4369 1397 4422 locum
1435 4367 1600 4435 ejecti
1638 4376 1751 4419 tum
1797 4366 1944 4453 regis
1995 4375 2108 4420 tum
2156 4372 2436 4440 propheta:
2472 4374 2639 4427 alium
2681 4376 2960 4433 submittit
2991 4389 3104 4433 tum
3144 4397 3331 4452 regem
3368 4399 3489 4437 cum
3531 4398 3656 4453 pro-

425 4465 671 4533 phetam,
722 4468 781 4514 ut
815 4468 965 4529 patet
1013 4473 1081 4511 ex
1136 4455 1423 4526 prophetia
1478 4453 1633 4507 Isaiae
1670 4453 1710 4515 ⁸,
1757 4452 1851 4522 qui
1888 4454 2153 4510 describit
2179 4458 2347 4531 354
2378 4462 2567 4516 multis
2614 4478 2725 4533 quo
2759 4475 2923 4536 pacto
2959 4484 3057 4523 sua
3100 4469 3392 4539 dignitate,
3428 4452 3655 4532 honore,

424 4549 713 4617 otlicioque
748 4554 949 4601 exutus
989 4546 1064 4599 sit
1099 4544 1284 4597 Sobna
1338 4552 1584 4611 quzestor
1637 4541 1868 4595 terarius
1897 4557 1910 4594 :
1950 4546 2004 4595 et
2037 4545 2315 4611 quomodo
2362 4546 2416 4600 in
2458 4547 2628 4616 hujus
2662 4550 2841 4604 locum
2873 4554 3211 4624 subrogatus
3249 4556 3324 4609 sit
3358 4553 3560 4610 Helkim
3594 4557 3658 4610 fi-

428 4637 534 4689 lius
566 4634 859 4696 Heliakim,
908 4647 1070 4701 quem
1125 4638 1335 4695 patrem
1386 4627 1509 4682 fore
1562 4628 1935 4682 incolentibus
1984 4626 2291 4685 Jerusalem
2334 4634 2689 4692 vaticinatur.
2723 4638 2888 4693 Jubet
2927 4639 3156 4706 deinde,
3199 4651 3257 4695 ut
3286 4642 3393 4694 alia
3429 4644 3657 4697 materia

425 4722 709 4776 oblinatur
737 4723 954 4786 domus,
1009 4729 1118 4773 etc.
1165 4715 1330 4770 Tales
1376 4722 1511 4769 sunt
1556 4716 1860 4783 proplietze,
1913 4716 2005 4785 qui
2042 4716 2353 4775 oblinentes
2396 4736 2516 4787 eos,
2555 4724 2651 4793 qui
2681 4736 3139 4783 commeruerunt
3164 4743 3386 4799 gravem
3418 4731 3656 4796 culpam,

426 4810 785 4865 sermonibus
816 4807 1208 4863 adhortatoriis
1243 4812 1457 4857 tantum
1492 4801 1798 4871 profecere,
1838 4810 1897 4855 ut
1928 4814 2251 4872 peccatores
2293 4813 2359 4860 ad
2396 4810 2780 4878 paenitentiam
2815 4816 2979 4883 pleno
3018 4818 3190 4885 gradu
3234 4818 3658 4881 contenderent,

427 4899 647 4966 Deoque
678 4912 738 4953 se
777 4897 1185 4952 committerent
1217 4900 1388 4947 totos.
1442 4890 1595 4946 Talis
1629 4896 1715 4944 est
1757 4891 1874 4946 haec
1915 4893 2240 4962 prophetica
2291 4895 2606 4952 adhortatio
2640 4915 2652 4951 :
2692 4917 2711 4950 ε
2771 4899 3058 4970 Exquirite
3085 4903 3290 4958 bonum
3320 4912 3376 4959 et
3406 4920 3515 4959 non
3548 4920 3664 4958 ma-

427 4986 560 5047 lum,
592 4993 651 5038 ut
678 4983 899 5039 vivatis.
932 4982 1001 5036 Et
1056 4982 1139 5036 sic
1188 4980 1297 5036 erit
1352 4980 1641 5034 vobiscum
1697 4976 1964 5033 Dominus
1999 4978 2143 5034 Deus
2190 4980 2507 5037 dominator
2541 4984 2583 5036 ’.
2640 5004 2658 5036 ι
2686 4984 2789 5050 εδί,
2825 4988 2918 5041 ubi
2967 4994 3166 5045 mutati
3198 4989 3408 5046 fuerint
3443 4990 3658 5046 aditici‘

427 5072 663 5142 lapides,
696 5074 895 5127 iterum
934 5085 993 5125 se
1017 5068 1308 5124 videndam
1356 5065 1620 5121 obtulerit
1669 5066 1821 5133 lepra
1852 5085 1863 5118 :
1896 5065 2046 5119 nulla
2092 5075 2346 5137 superest
2376 5085 2504 5140 spes
2532 5071 2755 5127 salutis.
2789 5072 2996 5130 Domus
3026 5077 3305 5143 diruatur,
3338 5087 3394 5132 et
3429 5078 3661 5132 materia

426 5159 612 5212 otnnis
638 5161 756 5213 sive
798 5158 1001 5212 rudera
1049 5163 1414 5226 exponentur
1462 5152 1620 5211 urbe.
1665 5160 1721 5204 ct
1771 5150 2109 5220 abjicianlur
2148 5156 2203 5208 in
2247 5155 2426 5208 locum
2465 5157 2836 5222 immundum,
2882 5162 2977 5229 qui
3007 5163 3301 5221 ordinatus
3328 5174 3414 5220 est
3446 5167 3501 5219 in
3534 5165 3661 5227 hoc,

426 5254 488 5303 ut
517 5247 757 5317 excipiat
798 5247 1017 5315 impura
1056 5246 1146 5298 illa
1181 5242 1402 5296 rudera.
1438 5239 1739 5309 Postquam
1786 5240 1913 5292 mali
1965 5238 2217 5296 homines
2261 5251 2316 5295 et
2358 5242 2658 5301 facinorosi
2696 5245 2902 5302 fuerint
2937 5264 3007 5304 ex
3038 5251 3204 5307 domo
3230 5253 3459 5323 deiecti,
3492 5263 3548 5308 et
3572 5263 3666 5307 sa-

494 5451 543 5523 ”_
569 5451 767 5523 JeremA.
807 5467 867 5512 tt,
897 5450 985 5505 50.
1060 5452 1113 5503 ⁸⁹ν
1135 5450 1313 5506 Galat.
1344 5450 1559 5523 [‘73-‘91
1618 5448 1665 5482 ⁹⁰
1691 5446 1899 5523 J‘et'ﬁem.
1928 5451 2126 5523 xtv,_7.
2203 5453 2245 5486 ⁹¹
2277 5453 2478 5509 Jerctn.
2515 5473 2631 5521 vttt,
2664 5455 2717 5513 6.
2795 5458 2839 5521 3'
2865 5456 3071 5513 Jerem.
3104 5477 3176 5523 tv,
3225 5460 3312 5517 M.
3386 5460 3433 5494 "
3459 5460 3665 5517 Ezeeh.

404 5538 482 5585 tv.
518 5521 598 5597 6.__
658 5520 968 5597 "lat-har.
1011 5523 1187 5597 1,-12.
1264 5523 1309 5553 ⁸⁸
1340 5520 1474 5597 ibid.
1504 5520 1590 5573 l6.
1690 5516 1907 5597 ’fpsce
1938 5535 2003 5582 χι,

2067 5519 2103 5574 ς.
2139 5523 2192 5578 9.
2271 5527 2314 5557 '7
2346 5525 2549 5582 Jerem.
2580 5516 2716 5597 xxu,
2751 5516 2820 5583 29
2851 5566 2867 5592 ,
2888 5525 2975 5581 '50.
3000 5528 3043 5561 "
3071 5516 3203 5584 Osee
3224 5529 3348 5597 vt,5.
3438 5533 3484 5565 θ’
3526 5516 3666 5586 Osee

405 5604 486 5659 Ix,
533 5592 622 5647 15.
702 5594 717 5623 ¹
750 5594 857 5649 lsa.
883 5609 1018 5660 xxii,
1053 5592 1119 5645 15
1150 5606 1303 5660 seqq.
1381 5592 1402 5621 '
1431 5590 1596 5644 Amos
1621 5605 1672 5653 v,
1711 5588 1800 5642 H.
