4050 6212
299 387 412 458 νεεδ
1371 377 1906 441 COMMENTARII
1941 379 2022 438 1N
2064 371 2502 442 LEVITICUM.
3451 377 3557 446 746

302 511 374 561 tis
406 513 687 572 superque
720 496 1127 568 prophetarum
1165 493 1406 550 solantia
1446 492 1614 548 verba
1645 491 2002 556 audiverunt,
2047 490 2140 544 sed
2157 503 2284 544 cum
2321 497 2664 559 contemptu,
2701 475 2893 544 Judaei:
2927 489 3068 544 redit
3101 491 3556 548 consideraturus

301 605 458 648 suam
490 589 716 644 domum
749 583 1040 638 Dominus.
1071 581 1206 635 Nam
1233 581 1428 636 Sermo
1459 579 1778 632 incarnatus
1815 584 1871 629 ut
1925 575 2074 630 venit
2119 577 2173 629 in
2229 578 2518 641 mundum,
2574 585 2628 631 et
2660 577 3036 632 consideravit
3059 576 3370 632 Judaeorum
3424 577 3536 650 Syn

300 691 530 749 agogam
587 673 824 744 pristino
863 670 1192 740 implicitam
1251 669 1469 730 morbo.
1504 666 1643 736 legis
1671 664 1926 720 ordinem
1975 655 2275 728 destruxit,
2319 672 2534 732 gentem
2569 662 2890 718 Judzeorum
2927 664 2983 718 in
3019 679 3213 720 omnes
3239 665 3394 720 orbis
3432 675 3553 720 tra-

301 774 424 820 ctus
475 761 770 833 dispersit,
824 760 984 836 jqxta
1022 757 1158 812 illud
1217 756 1544 826 prophetae:
1585 773 1602 805 ι
1639 753 1960 821 Dispergam
2014 768 2110 808 eos
2139 753 2192 805 in
2251 766 2470 806 omnem
2520 761 2766 816 ventum,
2809 762 2904 806 aut
2949 753 3328 808 disseminabo
3361 768 3458 810 eos
3499 755 3552 808 in

300 865 494 906 Omnes
525 858 719 920 gentes
746 849 820 900 ³.»
855 846 1124 901 Similiter
1153 843 1221 898 de
1252 843 1457 912 templo
1482 843 1564 896 sic
1597 840 1827 896 disserit
1860 837 2116 894 Salvator
2145 857 2158 892 :
2188 857 2205 889 ι
2237 837 2358 892 Non
2395 837 2640 908 manebit
2675 837 2768 892 hic
2803 839 2942 909 lapis
2974 855 3140 910 super
3164 841 3427 910 lapidem,
3457 843 3554 910 qui

303 953 411 994 non
486 939 818 992 destruatur
877 933 920 988 ⁸.
960 952 978 986 ι
1031 963 1098 972 --
1137 952 1154 984 ι
1192 931 1319 996 Qui,
1368 932 1466 996 ait,
1513 929 1796 984 introierit
1840 928 1896 980 in
1957 926 2182 980 domum
2235 937 2605 996 segregatam,
2657 926 2905 996 impurus
2945 929 3051 982 erit
3113 944 3284 997 usque
3333 927 3402 982 ad
3458 945 3554 982 ve-

303 1043 554 1099 speram;
615 1035 671 1083 et
727 1025 823 1096 qui
877 1024 932 1078 in
1003 1023 1108 1076 hac
1155 1019 1403 1086 dormit,
1469 1017 1675 1074 lavabit
1729 1013 2052 1070 vestimenta
2094 1029 2234 1078 sua,
2273 1024 2328 1069 et
2377 1015 2632 1085 impurus
2692 1017 2800 1071 erit
2831 1032 3006 1086 usque
3033 1017 3098 1072 ad
3141 1011 3466 1087 vesperam;
3499 1023 3556 1071 ct

303 1123 392 1192 qui
429 1122 487 1176 in
530 1121 654 1192 ipsa
719 1119 853 1174 edit.
889 1137 908 1168 ι
945 1116 1048 1182 Qui
1081 1115 1228 1170 enim
1260 1129 1384 1168 cum
1415 1111 1643 1182 perﬁdis
1675 1119 1731 1164 et
1759 1108 1996 1179 abjectis
2023 1106 2230 1163 Iudaeis
2260 1109 2316 1162 in
2346 1109 2606 1164 omnibus
2639 1109 2723 1192 vel
2753 1124 2862 1164 uno
2888 1109 3144 1178 dogmate
3185 1111 3554 1174 consenserit,

303 1189 350 1264 is
425 1189 806 1264 non—carebit
874 1201 1216 1274 impuritatis
1273 1201 1514 1263 macula,
1579 1197 1944 1266 eamdemque
1994 1197 2346 1252 limreditahit
2405 1189 2805 1266 impuritatem.
2889 1214 2907 1247 ι
2971 1197 3076 1252 Sed
3143 1196 3188 1250 si
3243 1197 3554 1267 ingressus.

303 1297 506 1366 inquit,
541 1294 815 1350 invenerit
848 1293 1056 1359 lepram
1088 1297 1366 1352 curatam,
1425 1286 1622 1340 iterum
1653 1283 1944 1338 mundabit
1986 1284 2161 1350 illam,
2202 1303 2221 1336 ›
2258 1283 2706 1340 ethudaeorum
2743 1283 3014 1354 siquidem
3045 1283 3332 1354 Synagoga
3365 1298 3557 1366 reprog

305 1363 424 1434 bata
459 1389 685 1450 propter
737 1379 909 1448 impia
956 1376 1234 1436 facinora,
1289 1389 1412 1444 qua:
1459 1373 1514 1426 in
1547 1369 1829 1424 Christum
1883 1372 2265 1438 commiserat,
2309 1381 2432 1442 post
2460 1371 2836 1438 impletionem
2870 1371 3142 1440 gentium,
3185 1377 3326 1426 teste
3358 1363 3562 1424 PauloIs

304 1469 356 1521 in
389 1468 662 1536 integrum
695 1467 1022 1520 restituetur
1049 1479 1144 1532 per
1172 1461 1333 1516 ﬁdem
1380 1459 1504 1526 Dei,
1561 1459 1658 1529 qui
1689 1458 1874 1512 denuo
1921 1458 2098 1528 ipsam
2147 1472 2346 1526 magna
2383 1457 2764 1512 misericordia
2800 1457 3046 1512 visitabit
3083 1458 3138 1511 in
3173 1457 3418 1512 secundo
3453 1473 3556 1512 suo

303 1554 560 1616 adventu,
593 1551 756 1606 sicuti
799 1567 864 1606 ex
889 1551 994 1605 hoc
1023 1548 1327 1618 Scriptura:
1357 1547 1626 1602 vaticinio
1679 1546 1895 1600 elucet:
1936 1562 1954 1595 ‹
1995 1544 2054 1598 In
2089 1543 2184 1598 illo
2223 1537 2334 1610 die,
2361 1539 2496 1597 dicit
2533 1541 2822 1608 Dominus,
2857 1545 3112 1615 colligam
3143 1546 3464 1612 contritam,
3503 1559 3556 1601 et

305 1641 562 1710 reiectam
617 1639 940 1708 suscipiam,
995 1648 1050 1693 et
1079 1653 1220 1707 quos
1272 1636 1454 1704 rcpuli
1492 1653 1504 1688 :
1566 1647 1620 1690 et
1649 1647 1848 1704 ponam
1897 1632 2199 1686 contritam
2237 1631 2290 1685 in
2323 1631 2586 1700 reliquias
2611 1631 2652 1684 ⁸.
2695 1653 2714 1684 ι
2757 1631 2820 1684 Et
2854 1633 3094 1686 iterum:
3129 1649 3148 1682 ‹
3186 1631 3324 1698 Quia
3357 1633 3556 1688 diebus

303 1728 492 1782 multis
520 1727 791 1782 sedcbunt
821 1726 916 1779 lilii
967 1725 1161 1788 Israel,
1195 1725 1404 1793 absque
1447 1739 1596 1793 rege.
1647 1721 1860 1790 absque
1891 1721 2243 1789 magistratu,
2297 1721 2508 1790 absque
2543 1719 2850 1785 sacriﬁcio,
2879 1722 3089 1792 absque
3120 1723 3306 1786 altari,
3340 1723 3556 1794 absque

301 1817 644 1880 sacerdotio,
685 1816 894 1884 absque
949 1813 1516 1870 manifestationibus.
1560 1811 1629 1866 Et
1671 1821 1862 1882 postea
1905 1815 2304 1866 convertentur
2347 1807 2448 1861 ﬁlii
2495 1807 2690 1875 Israel,
2723 1816 2778 1864 et
2818 1807 3230 1880 iuvestigabunt
3261 1809 3553 1884 Dominum

305 1827 644 1880 sacerdotio,
685 1827 894 1884 absque
949 1827 1516 1870 manuestattomnus.
1560 1827 1629 1866 ut
1671 1827 1862 1882 posma
1905 1827 2304 1866 convertentur
2348 1827 2448 1861 mn
2497 1827 2690 1875 Israel,
2723 1827 2778 1864 el.
2818 1827 3230 1880 mvesugaount
3261 1827 3356 1865 υοι
3401 1827 3553 1868 munt

305 1897 474 1958 Deum
516 1919 699 1968 suum,
727 1911 780 1958 et
811 1901 1070 1956 Davidem
1102 1917 1285 1980 regem
1323 1899 1511 1966 suum,
1545 1908 1600 1956 et
1645 1899 2044 1970 obstupescent
2091 1912 2260 1966 super
2291 1893 2550 1962 Domino,
2591 1905 2645 1952 et
2685 1913 2853 1968 super
2893 1899 3178 1954 beneﬁciis
3208 1895 3330 1970 ejus
3357 1827 3418 1956 Tn
3451 1917 3557 1957 no-

305 1992 533 2047 vissimo
569 1985 784 2046 dierum
823 1992 864 2045 ".
899 2010 919 2042 ›
955 1979 1052 2046 ilis
1096 1979 1372 2060 expeditis
1415 1987 1624 2058 prefert
1678 1989 1793 2052 illa,
1845 1987 2049 2058 quibus
2097 1985 2299 2040 domus
2331 1994 2600 2056 purgatur
2631 2004 2644 2040 :
2679 1986 2770 2040 illa
2796 2001 3018 2056 quoque
3044 1987 3291 2042 adhibita
3327 1990 3460 2044 sltnt
3501 1989 3555 2042 in

305 2078 520 2148 leproso
559 2077 872 2148 purgando,
911 2086 973 2132 ut
1014 2093 1186 2148 supra
1238 2075 1519 2132 dedimus.
1551 2075 1732 2132 Filum
1778 2089 2120 2146 purpureum
2171 2080 2228 2128 et
2270 2081 2588 2128 contortum
2629 2072 2908 2144 signiﬁcat
2938 2074 3089 2128 illam
3121 2075 3556 2140 confessionem,

304 2181 412 2236 qua
449 2166 778 2221 conﬁtemur
804 2173 858 2221 et
890 2167 1337 2222 demonstremus
1372 2179 1476 2221 nos
1506 2163 1623 2219 sola
1656 2171 1839 2219 morte
1869 2160 2182 2218 Salvatoris
2223 2162 2467 2218 salutem
2500 2162 2786 2232 indipisci.
2819 2161 2967 2216 Idem
2995 2163 3249 2218 innuitur
3276 2165 3330 2217 in
3363 2164 3556 2218 Canti-

305 2255 386 2306 eis
418 2254 766 2308 canticorum
821 2268 920 2324 per
969 2253 1086 2307 haec
1137 2252 1304 2306 verba
1338 2268 1350 2302 :
1425 2270 1444 2304 ‹
1488 2249 1554 2306 Ut
1603 2259 1850 2321 spartum
1899 2255 2238 2319 purpureum
2289 2249 2435 2303 labia
2459 2257 2577 2313 tua,
2612 2263 2776 2304 soror
2804 2260 2858 2304 et
2893 2265 3100 2318 sponsa
3131 2265 3250 2304 mea
3280 2249 3324 2303 ⁸.
3365 2270 3382 2302 ι
3417 2249 3556 2304 Nam

307 2337 568 2395 Ecclesia:
595 2339 742 2394 labia
776 2340 1152 2410 deprzedicant
1185 2339 1448 2400 salutem,
1482 2353 1606 2406 qua:
1639 2338 1805 2393 nobis
1855 2352 1952 2406 per
1981 2338 2308 2406 Sanguinem
2356 2337 2572 2392 Chriin
2621 2337 2866 2392 obvenit.
2909 2337 3133 2392 Christo
3165 2337 3269 2392 niti
3299 2337 3413 2392 'vult
3449 2337 3554 2393 Ec-

301 2427 474 2481 'elesia
511 2441 695 2480 veram
733 2424 860 2479 ﬁdei
916 2425 1354 2480 confessionem.
1409 2423 1502 2478 Sic
1536 2431 1590 2478 et
1633 2439 1792 2480 caena
1838 2425 2070 2494 mystica
2125 2424 2515 2493 complectitur
2564 2419 3300 2481 annuntiationem'mortis
3348 2426 3554 2482 Christi

303 2515 536 2584 ejusque
589 2514 1043 2570 resurrectionis.
1099 2513 1336 2583 Propter
1384 2512 1502 2566 haec
1552 2511 1662 2566 duo
1711 2511 2032 2567 accedimus
2065 2513 2133 2566 ad
2179 2521 2600 2568 sacrosanctum
2631 2513 2904 2582 baptisma
2937 2514 3168 2582 perfecti
3199 2523 3253 2568 et
3287 2529 3554 2570 consum-

303 2601 438 2654 mati
469 2601 738 2670 sanguine
776 2600 968 2655 aeterni
1014 2600 1356 2655 testamenti.
1403 2598 1678 2654 Caeterum
1715 2605 1970 2652 Sanctum
2017 2599 2292 2669 baptisma
2337 2600 2473 2654 satis
2515 2599 2825 2669 explicatur
2854 2599 2924 2652 ab
2957 2599 3242 2654 Ezechiele
3266 2602 3554 2670 propheta,

299 2689 558 2744 dicente:
599 2701 618 2741 δ
651 2689 716 2742 Et
743 2690 1011 2760 accipiam
1045 2703 1148 2744 vos
1173 2704 1240 2744 ex
1279 2689 1564 2758 gentibus,
1594 2697 1649 2743 et
1701 2687 2054 2758 congregabo
2103 2701 2202 2742 vos
2229 2703 2298 2742 ex
2330 2689 2490 2753 locis,
2525 2698 2578 2742 et
2604 2677 2883 2741 eﬁundain
2919 2687 2972 2740 in
3007 2703 3105 2742 vos
3139 2704 3337 2758 aquam
3373 2689 3553 2759 limpi-

299 2777 455 2841 dam,
481 2787 532 2831 et
559 2776 964 2831 mundabimini
991 2779 1032 2831 ’.
1067 2795 1086 2827 ι
1115 2807 1184 2816 —
1210 2795 1228 2828 ε
1273 2776 1504 2830 Avicula
1540 2775 1821 2830 emittitur
1851 2783 2008 2829 extra
2056 2775 2269 2840 urbem,
2309 2794 2328 2827 ›
2363 2781 2470 2830 etc.
2500 2774 2768 2828 Nimi'rltm
2814 2783 2970 2829 extra
3011 2775 3200 2830 orbem
3249 2785 3549 2834 terrarum.

300 2855 375 2918 Ut
411 2865 557 2919 enim
589 2865 722 2919 urbs
759 2865 924 2920 habet
952 2865 1126 2918 multa
1160 2865 1390 2918 aediﬁcia
1421 2902 1436 2926 ,
1498 2863 1580 2918 sic
1635 2861 1792 2916 orbis
1839 2861 2076 2932 plurima
2118 2861 2366 2917 continet
2415 2862 2700 2914 hominum
2727 2876 2954 2931 genera,
2984 2871 3040 2916 et
3071 2863 3232 2932 quasi
3261 2879 3421 2918 muro
3451 2881 3552 2918 un-

299 2950 474 3019 dique
513 2951 760 3006 ambitur
795 2953 1167 3006 ﬁrmamento.
1203 2950 1344 3005 Huic
1374 2951 1593 3006 demum
1645 2949 1900 3004 succedit
1937 2949 2248 3004 latissimus
2277 2958 2330 3003 et
2361 2949 2692 3017 purissimus
2727 2949 2958 3018 superni
2989 2949 3178 3003 mundi
3207 2961 3463 3022 campus,
3497 2953 3552 3006 in

299 3053 467 3108 quem
509 3038 760 3092 introivit
808 3039 1088 3094 Christus.
1126 3038 1282 3104 Quod
1321 3053 1448 3093 vero
1484 3038 1724 3093 mundus
1765 3037 2079 3100 universus,
2132 3043 2346 3089 constet
2377 3034 2593 3088 duabus
2623 3035 2896 3102 partibus,
2938 3036 3158 3090 scilicet
3193 3037 3422 3101 visibili,
3461 3039 3548 3092 in-

299 3139 492 3194 qnam,
529 3133 583 3179 ct
619 3125 884 3181 invisibili
923 3127 1150 3188 mundo,
1183 3125 1499 3180 declaratur
1532 3141 1626 3196 per
1663 3125 1804 3182 duas
1851 3124 1974 3179 illas
2007 3123 2274 3176 aviculas.
2306 3121 2554 3176 Alterius
2586 3135 2755 3176 cruor
2781 3131 3188 3177 commonstrat
3215 3123 3377 3194 355
3405 3126 3548 3196 ejus,

297 3213 398 3282 qui
432 3229 631 3283 passus
661 3221 766 3278 est,
809 3211 1100 3284 templum.
1148 3214 1382 3284 Lignum
1427 3215 1714 3269 cedrinnm
1774 3217 1943 3284 typus
1975 3219 2058 3266 est
2121 3209 2375 3278 corporis
2421 3209 2652 3274 Christi,
2699 3208 2846 3278 quod
2883 3211 3020 3263 nulli
3061 3213 3409 3280 corruptioni
3449 3213 3553 3268 ob-

297 3301 530 3354 noxium
577 3309 680 3356 est.
729 3299 1012 3371 liyssopus
1070 3301 1346 3370 signiﬁcat
1393 3301 1680 3371 spiritum.
1721 3297 1900 3354 Filum
1939 3300 2260 3354 coccineum
2309 3301 2670 3366 repraesentat
2699 3313 2884 3352 veram
2945 3297 3068 3354 ﬁdei
3118 3299 3550 3368 confessionem,

293 3403 424 3456 quae
455 3389 714 3443 innititur
753 3389 1015 3460 sanguini
1048 3387 1254 3443 Christi
1287 3403 1387 3458 pro
1417 3389 1578 3442 nobis
1612 3389 1758 3442 fuso.
1793 3388 1949 3441 Aoua
1974 3388 2096 3440 viva
2138 3385 2452 3456 symbolum
2487 3393 2573 3440 est
2613 3386 2900 3456 baptismi.

385 3475 534 3539 Viro,
572 3480 658 3530 cui
708 3477 968 3546 contingit
997 3475 1180 3545 ﬂuxus
1209 3491 1274 3528 ex
1300 3491 1539 3544 corpore,
1576 3483 1682 3530 etc.
1721 3473 1862 3545 μιν,
1893 3473 1976 3546 ‘2].
2011 3475 2162 3528 Mens
2187 3473 2412 3536 etenim,
2468 3473 2514 3528 si
2557 3472 2740 3527 dedita
2777 3475 2851 3528 sit
2885 3474 3176 3533 inutilibus
3209 3479 3398 3548 rebus,
3433 3498 3554 3553 quae

293 3565 452 3620 nullo
489 3565 670 3618 studio
697 3565 874 3634 digna:
905 3567 1177 3628 feruntur,
1213 3563 1460 3632 profecto
1493 3562 1824 3626 absumitur,
1855 3571 1908 3616 ct
1941 3562 1987 3616 si
2019 3577 2176 3616 suam
2215 3561 2590 3632 operationem
2617 3563 2882 3616 extendat
2911 3565 2978 3618 ad
3009 3580 3096 3630 ea,
3137 3583 3258 3636 qua:
3289 3585 3398 3624 non
3454 3587 3554 3625 ne-

291 3653 544 3707 c'essaria
576 3661 724 3709 sunt.
757 3661 812 3706 et
843 3653 1120 3722 prOpriam
1165 3667 1324 3707 suam
1361 3653 1740 3720 operationem
1774 3649 2029 3720 negligit,
2063 3657 2212 3702 certe
2249 3649 2432 3702 nullos
2461 3660 2828 3718 consequetur
2859 3652 3054 3722 dignos
3091 3653 3320 3722 fructus,
3361 3671 3550 3712 verum

291 3755 532 3808 prorsus
575 3738 740 3792 rebus
773 3739 1144 3793 deterioribus
1203 3745 1492 3792 atteretur.
1525 3737 1659 3791 Nam
1701 3738 1896 3802 homo,
1928 3737 2046 3806 qui,
2091 3741 2230 3790 teste
2259 3731 2428 3788 Paulo
2469 3735 2532 3802 ¹⁰,
2565 3735 2820 3791 conditus
2850 3749 2935 3791 est
2973 3739 3039 3792 ad
3072 3739 3238 3810 opera
3284 3743 3422 3796 bona
3446 3782 3461 3807 ,
3507 3745 3554 3798 si

291 3826 420 3878 haec
474 3823 780 3887 obmiserit,
813 3834 868 3877 et
891 3824 1170 3878 diversum
1203 3833 1423 3878 secutus
1457 3823 1622 3878 fuerit
1651 3823 1866 3880 callem.
1901 3822 2276 3891 reputet-itque
2303 3835 2490 3874 veram
2522 3822 2591 3876 de
2623 3823 2733 3876 Dco
2762 3823 3100 3892 opinionem,
3153 3827 3266 3890 hic,
3305 3829 3554 3898 inquam,

291 3909 630 3981 planissime
662 3911 938 3964 exorbitat
969 3925 998 3964 a
1041 3926 1168 3964 vera
1208 3911 1499 3980 religione.
1541 3909 1779 3965 Proinde
1808 3909 2066 3964 vitandus
2085 3917 2190 3972 est,
2211 3925 2280 3963 ne
2311 3923 2410 3962 sua
2440 3909 2648 3963 malitia
2683 3910 2846 3964 etiam
2878 3927 2980 3968 nos
3011 3913 3238 3969 inliciat.
3274 3915 3552 3987 Scriptum

293 4011 540 4064 namque
573 4003 657 4050 est
692 4013 704 4049 :
743 4014 762 4048 ι
797 3997 898 4062 Qui
944 3998 1166 4067 attingit
1207 3998 1405 4067 plcem,
1443 3997 1910 4052 contaminabitur
1941 3997 2008 4048 ιι.
2051 4015 2070 4046 ι
2121 3993 2389 4049 Praeterea
2423 4014 2436 4048 :
2476 4014 2494 4046 ε
2540 3995 2708 4049 Serva
2743 3997 2974 4068 Ieipsum
3017 3999 3238 4068 purum,
3273 4019 3374 4058 nec
3404 4021 3558 4060 com-

290 4085 669 4138 municaveris
720 4085 914 4140 alienis
977 4087 1220 4155 peccatis
1255 4081 1322 4141 ι’.
1381 4105 1400 4138 ι
1469 4085 1738 4141 Caeterum
1784 4083 1877 4139 illa
1933 4085 2118 4138 omnia
2167 4081 2482 4152 repurgabit
2522 4081 2803 4138 Christus.
2853 4081 2962 4139 Lex
3012 4085 3160 4141 enim
3197 4089 3410 4144 inﬁrma
3447 4105 3553 4155 est,

295 4185 406 4224 nec
439 4171 528 4223 illa
563 4171 753 4224 tollere
789 4172 906 4240 quit
937 4173 1202 4226 maculas.

375 4257 762 4328 Sipuriﬁcatus
783 4259 944 4328 fuerit
965 4261 1140 4327 is,qui
1164 4258 1370 4311 laborat
1402 4257 1663 4326 proﬂuvio
1697 4256 1932 4322 seminis,
1955 4257 2166 4326 alﬂuxu
2217 4275 2334 4324 suo,
2374 4265 2479 4316 etc.
2517 4257 2660 4332 [XV,
2691 4255 2800 4334 l5].
2842 4261 2981 4320 Ecce
3011 4263 3206 4320 iterum
3245 4271 3556 4338 pttt‘lﬁcatio

293 4347 364 4398 ﬁt
407 4347 716 4400 interventu
772 4361 927 4416 aqua:
959 4355 1012 4400 et
1043 4346 1350 4416 sanguinis.
1382 4347 1608 4413 Oportet
1639 4353 1823 4399 autem
1861 4360 1963 4400 nos
1998 4347 2054 4400 in
2085 4348 2230 4402 diem
2271 4349 2589 4416 septimum,
2619 4345 2672 4404 id
2703 4359 2808 4412 est,
2851 4367 2947 4421 per
2991 4367 3154 4410 omne
3193 4356 3318 4410 vita:
3355 4367 3558 4414 nostra:

295 4445 524 4504 tempus
566 4437 854 4506 repurgari
896 4449 926 4489 a
955 4437 1127 4491 vitiis.
1167 4435 1302 4490 Nam
1347 4434 1700 4503 septenarius
1741 4434 1900 4502 quasi
1947 4435 2070 4490 linis
2105 4445 2190 4490 est
2227 4435 2586 4493 revolutionis
2623 4447 2958 4507 temporum,
3023 4441 3114 4496 cui
3163 4445 3424 4502 succedet
3471 4463 3558 4502 re-

297 4523 671 4577 surrectionis
704 4531 937 4578 octavus
963 4523 1101 4588 dies,
1139 4523 1248 4576 imo
1271 4522 1590 4576 universum
1621 4529 1857 4590 tempus,
1891 4524 2036 4592 quod
2075 4523 2336 4593 sequetur
2367 4525 2826 4582 incarnationem;
2866 4527 2936 4580 At
2960 4527 3288 4587 Emmanuel
3317 4549 3416 4604 pro
3453 4550 3556 4590 no-

291 4610 386 4662 bis
431 4610 682 4664 ultimum
727 4610 994 4664 sustinuit
1029 4611 1390 4680 supplicium,
1425 4609 1810 4678 przeliguratus
1830 4607 1943 4678 jam
1977 4611 2106 4663 olim
2142 4611 2196 4665 in
2225 4613 2342 4682 lege
2366 4611 2469 4666 sub
2503 4613 2683 4682 specie
2717 4615 2948 4669 turturis
2974 4623 3027 4670 et
3055 4617 3344 4674 columbae.
3377 4619 3556 4692 Hujus

299 4711 454 4750 mors
480 4711 644 4768 quam
661 4713 760 4767 pro
797 4699 955 4752 nobis
987 4697 1204 4752 miseris
1223 4697 1606 4767 peccatoribus
1623 4696 1781 4759 adiit,
1805 4697 1942 4751 mire
1961 4697 2294 4767 fragrantem
2315 4699 2538 4755 odorem
2555 4699 2892 4756 transfundit
2917 4702 2986 4757 ad
3007 4702 3222 4762 Patrem
3247 4709 3552 4766 caelestem.

289 4783 646 4856 Quapropter
687 4787 856 4840 altera
891 4785 1010 4840 avis
1056 4785 1370 4841 caedebatur
1391 4801 1491 4856 pro
1527 4792 1778 4854 peccato,
1819 4785 1990 4838 altera
2019 4792 2134 4836 tota
2174 4785 2656 4852 concremabatur,
2687 4793 2908 4841 utesset
2947 4783 3360 4848 holocaustum.
3393 4792 3554 4858 Quod

293 4883 430 4924 vero
463 4887 559 4940 pro
593 4881 817 4940 peccato
845 4872 1003 4926 nobis
1032 4871 1191 4925 ﬁebat
1215 4871 1554 4940 pr0pitiatio,
1593 4872 1728 4926 satis
1784 4871 2172 4926 manifestatur
2201 4870 2287 4926 bis
2317 4871 2503 4925 verbis
2527 4889 2539 4926 :
2568 4890 2585 4924 ι
2610 4869 2675 4926 Ει
2704 4861 2946 4942 placabit
2975 4889 3074 4944 pro
3097 4890 3162 4932 eo
3193 4879 3478 4936 sacerdos.
3527 4903 3546 4934 ι

375 4959 491 5024 Vir,
523 4960 588 5013 de
615 4977 717 5030 quo
743 4959 1015 5030 egreditur
1072 4959 1334 5014 somniale
1362 4977 1557 5024 semen,
1591 4969 1696 5014 etc.
1733 4958 1874 5031 [16].
1909 4959 2087 5028 Supra
2123 4975 2248 5013 eum
2284 4959 2450 5014 verba
2481 4959 2692 5014 faceret
2723 4955 2790 5014 de
2824 4961 3101 5031 profluvio
3131 4967 3360 5024 seminis
3393 4971 3552 5039 geni-

293 5046 467 5111 talis,-
501 5048 722 5116 longum
770 5055 823 5102 et
860 5049 1186 5101 continuum
1236 5047 1530 5117 descripsit
1592 5049 1868 5102 morbum.
1927 5045 2085 5106 Nunc
2117 5059 2251 5100 vero
2289 5039 2536 5116 disputat
2579 5049 2646 5101 de
2699 5049 2916 5114 morbo,
2953 5066 3116 5119 quem
3146 5053 3290 5122 parit
3321 5055 3552 5114 Seminis

289 5134 658 5206 proﬂuvium,
708 5137 1052 5206 particulari.
1114 5135 1230 5190 Hac
1277 5137 1332 5190 in
1381 5153 1440 5191 re
1502 5153 1612 5192 non
1667 5136 1884 5192 abludit
1911 5135 1980 5192 ab'
2017 5131 2103 5188 his
2135 5133 2338 5198 verbis,
2367 5149 2600 5203 quorum
2635 5135 2720 5189 hic
2755 5143 2914 5190 tenor
2943 5146 3026 5192 est
3053 5156 3066 5192 :
3094 5159 3112 5192 ι
3143 5139 3200 5194 Si
3239 5143 3364 5212 quis
3401 5147 3550 5200 enim

289 5229 470 5276 letam
523 5224 696 5294 legem
743 5231 1038 5279 exsecutus
1073 5223 1262 5290 fuerit,
1313 5231 1367 5278 et
1403 5224 1746 5279 aberraverit
1777 5225 1846 5280 ab
1880 5221 1984 5278 una
2007 5261 2024 5286 ,
2071 5223 2318 5277 omnimn
2365 5221 2545 5277 factus
2575 5232 2656 5276 est
2691 5239 2817 5280 reus
2863 5227 2926 5280 ³³.
2969 5246 2988 5280 ι
3035 5225 3138 5294 Qui
3173 5231 3318 5284 cnim
3354 5232 3494 5288 dixit
3532 5252 3548 5292 :

293 5329 316 5362 ι
363 5309 482 5365 Νοη
511 5313 830 5366 committes
861 5311 1224 5376 adulterium,
1270 5331 1290 5364 ι
1331 5310 1475 5365 dixit
1507 5321 1728 5382 quoque
1759 5329 1773 5368 :
1815 5331 1832 5364 ι
1869 5297 1946 5366 Ne
1993 5312 2236 5367 occidas.
2273 5331 2292 5363 ι
2323 5309 2380 5365 Si
2427 5327 2536 5368 non
2569 5313 2897 5369 adulterium
2937 5319 3274 5386 committas,
3304 5329 3362 5375 at
3398 5323 3544 5378 occi~

287 5398 407 5462 dis,
445 5399 559 5470 jam
609 5399 746 5470 legis
795 5399 974 5454 factus
1017 5415 1077 5453 es
1123 5407 1523 5471 transgressor.
1585 5395 1783 5454 Verum
1829 5399 1885 5454 in
1926 5399 2148 5455 Christo
2183 5401 2483 5471 puritatem
2516 5404 2878 5472 consequitur
2909 5413 2963 5460 et
3001 5406 3111 5462 ille.
3169 5407 3276 5462 Sed
3327 5411 3546 5464 interim

287 5501 440 5555 aqua
494 5489 796 5558 requiritur
847 5486 913 5540 ad
968 5487 1264 5556 puritatem
1315 5487 1752 5558 adipiscendam.
1793 5489 2003 5544 Christi
2049 5504 2181 5543 vero
2221 5487 2491 5544 adventus
2527 5489 2684 5546 nobis
2727 5492 3048 5562 pra-dicitur
3081 5496 3184 5550 hoc
3223 5496 3377 5560 loco,
3413 5495 3546 5552 dum

370 5665 390 5696 ³
419 5665 616 5721 ]ι“1⁶ο²111.
655 5683 800 5734 xux,
835 5671 923 5724 δὲ.
1003 5670 1024 5700 ⁵
1051 5672 1237 5726 Matth.
1278 5689 1424 5736 xxiv.
1461 5677 1514 5728 εὶ.
1592 5676 1612 5704 ⁸
1645 5671 1798 5726 Rau).
1828 5688 1908 5736 ιι,
1962 5675 1969 5724 1

1962 5673 2054 5728 25.
2129 5673 2150 5704 ⁸
2185 5673 2344 5728 Μία-Ιι.
2377 5689 2448 5730 ιν.
2481 5673 2534 5736 6,
2574 5675 2624 5731 7.
2708 5673 2726 5702 ⁷
2750 5671 2888 5728 Osee
2919 5689 2995 5728 ιιι,
3027 5675 3078 5732 4,
3111 5673 3160 5726 5.
3241 5670 3440 5724 ’Cattl.
3471 5681 3549 5735 ιν,

287 5735 351 5791 '5.
429 5739 448 5768 ³
487 5737 681 5792 ΕιιιιοΙι.
717 5755 892 5803 nm,
925 5743 1014 5806 τῃ,
1042 5743 1132 5795 ‘23.
1214 5745 1256 5774 ²⁰
1288 5744 1326 5796 Il
1373 5735 1517 5798 'rltll.
1559 5761 1643 5811 ιιι,
1685 5745 1774 5798 17.
1853 5746 1886 5776 ¹¹

1772 5787 1774 5794 .
1853 5735 2086 5800 ¹³⁷ΕευΙὶ.
2122 5761 2240 5812 aut,
2281 5745 2329 5798 Ι.
2408 5743 2495 5796 ¹¹Ι
2537 5743 2675 5796 ’[ίειι.
2711 5759 2760 5808 v,
2789 5743 2878 5796 ‘22.
2961 5743 3004 5773 ⁸³
3035 5743 3150 5796 Jac.
3187 5759 3246 5802 ll.
3287 5741 3371 5796 l0.

616 5837 882 5896 l‘aruoc.
932 5839 1042 5900 Gtt.
1083 5841 1452 5904 LXXXVII.

3124 5834 3199 5896 2h
