4050 6212
1286 270 1293 275 ·
1308 266 1371 281 ’9³⁸⁸

426 328 565 407 Ἶῇτ
1756 321 2025 391 ῬΗΟΩΟῙ

2113 328 2129 388 [
2158 326 2403 389 GAzan
3594 330 3712 406 rm

462 436 853 511 pronuntiatur
890 435 993 493 ille
1032 451 1156 493 esse
1202 432 1726 506 immnndus‘usquc
1756 435 1824 490 ad
1861 449 2167 506 vesperam.
2209 434 2364 489 Haud
2398 431 2669 489 dissimile
2696 433 2920 507 genitali
2958 436 3228 505 proﬂuvio
3267 447 3351 496 est
3388 443 3715 512 proﬂuvium

422 548 431 553 λ
462 522 754 597 sanguinis
784 523 1033 579 mulieris
1065 523 1444 587 immodicum,
1487 522 1693 577 malum
1740 522 2163 579 immedicabile.
2194 523 2265 576 At
2296 521 2519 577 morbos
2548 521 2671 577 illos
2695 536 2890 578 omnes
2926 525 3072 579 tollit
3115 533 3169 580 et
3209 537 3409 599 purgat
3435 528 3715 588 Christus.

463 605 670 668 Verum
706 611 1024 682 purificatio
1058 626 1187 685 vera
1233 625 1342 665 non
1384 611 1495 674 hic,
1540 611 1634 665 sed
1677 610 1730 664 in
1768 609 1954 664 futuro
1983 610 2185 665 saeculo
2218 609 2492 679 obtinget.
2526 607 2702 679 Hujus
2730 610 2888 680 quasi
2916 598 3243 681 praeludium
3280 616 3491 670 exstitit
3523 626 3717 673 octava

460 698 896 754 resurrectionis
921 698 1064 762 dies,
1095 697 1150 752 in
1179 712 1289 767 quo
1324 697 1631 753 resurrexit
1658 696 1916 751 Christus
1945 696 2448 766 irreprebensibilis
2479 697 2680 752 hostia.
2714 697 2970 754 Christus
2997 708 3180 754 autem
3220 708 3281 755 ut
3309 702 3720 760 demonstraret

460 786 519 840 in
551 783 738 840 futuro
769 786 971 840 saeculo
1004 799 1108 840 nos
1145 784 1469 840 inventuros
1498 782 1798 854 perfectam
1835 781 2127 850 puritatem
2149 826 2165 850 ,
2203 784 2457 853 leprosos
2489 785 2704 839 sanavit
2731 785 2923 850 verbo,
2954 794 3009 842 et
3048 801 3166 842 sute
3196 804 3396 845 manus
3425 800 3713 847 contactu.

460 875 730 932 Prmterea
775 875 1043 945 elargitus
1080 884 1165 931 est
1198 875 1497 943 puritatem
1546 872 1763 928 mulieri
1815 868 2101 939 sanguinis
2131 868 2404 941 proﬂuvio
2455 870 2752 939 laboranti,
2790 888 2914 927 cum
2948 875 3277 944 contigisset
3322 877 3593 931 fimbriam
3625 894 3720 933 ve-

420 963 705 1020 ~stimenti
745 964 942 1034 ipsius.
981 962 1329 1033 Quapropter
1368 962 1480 1031 jam
1514 969 1878 1028 utrorumque
1917 965 2029 1010 tam
2075 957 2441 1026 leprosorum,
2482 971 2651 1026 quam
2691 958 2983 1028 sanguinis
3028 957 3303 1029 proﬂuvio
3343 961 3719 1016 laborantium

430 1050 750 1121 limpuritas
783 1060 837 1106 et
882 1049 1105 1106 fmditas
1139 1049 1429 1121 purificata
1461 1058 1564 1103 est.
1605 1048 1734 1101 Haec
1779 1044 1991 1115 puritas
2021 1042 2242 1097 obvenit
2288 1057 2353 1096 cx
2396 1043 2679 1098 consortio
2709 1058 2899 1098 eorum
2942 1046 3037 1115 qui
3069 1047 3365 1116 puritatem
3399 1060 3528 1104 sunt
3562 1064 3719 1102 assc-

460 1140 613 1194 cuti:
642 1147 697 1194 et
727 1153 791 1193 ex
829 1139 1034 1192 virtute
1075 1137 1295 1191 illorum
1328 1135 1423 1205 qui
1470 1133 1755 1203 repnrgati
1789 1138 1917 1188 sunt
1956 1129 2027 1187 ab
2079 1127 2378 1183 illiusmodi
2436 1127 2800 1184 fmditatibus.
2832 1129 2946 1185 Nec
2986 1146 3093 1185 non
3140 1133 3444 1202 plurimum
3470 1134 3614 1203 juvit
3662 1136 3719 1189 in

460 1229 564 1281 hac
587 1240 647 1279 re
674 1225 1027 1296 participatio
1048 1224 1301 1293 spiritus,
1325 1222 1419 1292 qui
1454 1222 1670 1275 fortiter
1697 1218 2025 1273 munditiem
2061 1214 2279 1270 inducit
2301 1214 2569 1271 sordibus
2597 1216 2887 1271 abstersis.
2922 1214 3217 1273 Promovet
3242 1219 3387 1275 hanc
3419 1223 3717 1290 puritatem

462 1312 808 1367 familiaritas
837 1326 1052 1373 eorum,
1095 1309 1189 1379 qui
1236 1308 1557 1378 impuritate
1591 1312 1825 1367 carent;
1873 1305 1925 1357 in
1959 1303 2161 1373 quibus
2190 1310 2276 1358 est
2323 1302 2581 1374 spiritus,
2627 1310 2688 1357 ut
2720 1302 2936 1373 possint
2966 1305 3264 1373 purificare
3303 1318 3358 1362 et
3399 1309 3714 1377 purificent.

461 1396 595 1453 Nam
624 1399 749 1454 talis
775 1396 1151 1452 manifestatio
1180 1395 1415 1467 spiritus
1445 1401 1531 1450 est
1562 1393 1740 1448 utilis.
1775 1390 2060 1461 Siquidem
2095 1390 2226 1455 data
2252 1399 2337 1444 est
2368 1388 2748 1444 manifestatio
2776 1390 3005 1460 spiritus
3036 1391 3104 1445 ad
3142 1394 3437 1449 utilitatem
3478 1396 3544 1449 ¹⁸.

536 1506 603 1561 Et
640 1523 742 1560 non
774 1503 1145 1577 ingrediantur
1178 1503 1321 1558 omni
1350 1512 1585 1572 tempore
1612 1502 1665 1556 in
1697 1499 2090 1563 sanctuarium,
2141 1505 2250 1553 etc.
2288 1495 2457 1570 DIVI,
2480 1495 2560 1570 2].
2595 1496 2898 1569 Oportebat
2927 1498 3071 1555 enim
3105 1509 3292 1572 typum
3327 1501 3493 1575 356
3530 1520 3720 1561 sacer-

463 1596 597 1651 dotii
622 1592 1159 1653 Christiconservari
1186 1606 1407 1663 purum,
1434 1590 1532 1660 qui
1562 1590 1732 1644 semel
1762 1587 2016 1643 introivit
2046 1586 2100 1640 in
2131 1584 2333 1640 Sancta
2366 1592 2706 1650 sanctorum,
2744 1591 2951 1639 aeterna
2986 1585 3364 1657 redemptione
3394 1603 3631 1661 reperta.
3661 1594 3717 1647 fit

464 1690 523 1736 ut
548 1682 651 1738 sub
678 1688 806 1751 typo
835 1678 1070 1752 quodam
1098 1678 1574 1734 demonstraretur
1599 1676 1799 1753 priscis
1830 1672 2173 1736 mortalibus,
2206 1670 2520 1741 pontiﬂcem
2551 1670 2851 1740 quotannis
2867 1671 3037 1726 semel
3070 1673 3125 1727 in
3158 1673 3366 1728 Sancta
3396 1684 3718 1731 sanctorum

436 1802 439 1805 -
464 1775 675 1826 intrare
706 1768 1011 1840 oportebat.
1039 1766 1180 1820 Hinc
1209 1782 1318 1822 non
1349 1766 1416 1822 ab
1440 1781 1502 1821 re
1530 1766 1709 1837 inquit
1734 1764 2026 1819 Christus:
2048 1778 2066 1812 ι
2094 1758 2207 1828 Ego
2240 1772 2362 1813 sum
2390 1757 2598 1812 veritas
2624 1758 2667 1789 ¹³
2688 1774 2735 1823 ,ι
2772 1757 2825 1811 id
2854 1767 2962 1822 est,
2993 1757 3238 1828 impletio
3271 1769 3553 1832 typorum,
3580 1780 3720 1833 quos

435 1880 447 1895 ε·
468 1860 553 1912 lex
588 1856 856 1911 continet.
892 1854 1177 1924 Siquidem
1211 1854 1337 1908 linis
1368 1854 1501 1923 legis
1531 1860 1587 1907 et
1617 1854 2011 1923 prophetarum
2047 1855 2126 1901 est
2152 1844 2431 1899 Christus.
2466 1841 2526 1897 Si
2554 1856 2685 1897 vero
2726 1843 2965 1913 capitale
3004 1845 3338 1915 suppliciqu
3370 1848 3721 1918 irrogabatur

465 1941 810 2014 deliuquenti
842 1941 896 1994 in
927 1949 1107 2012 typos,
1141 1955 1251 2010 qua
1286 1954 1448 2009 pmna
1479 1937 1762 1993 feriendus
1794 1946 1915 2001 est,
1956 1934 2051 2005 qui
2081 1932 2378 2002 deliquerit
2423 1931 2478 1985 in
2512 1930 2690 2001 ipsam
2733 1930 3023 1987 veritatem
3041 1965 3071 1995 .-
3088 1935 3178 1989 cui
3211 1949 3309 1990 sua
3336 1934 3721 1991 incredulitate

468 2046 693 2102 magnas
721 2030 1085 2084 contumelias
1115 2027 1295 2084 fecere
1323 2025 1532 2082 Judaei!

539 2142 602 2195 Et
634 2141 859 2195 intrabit
887 2141 1070 2199 Aaron
1104 2140 1159 2193 in
1199 2137 1457 2195 Sanctum
1483 2155 1600 2193 cum
1622 2138 1897 2206 sacriﬁcio
1921 2134 2107 2202 uituli,
2135 2140 2243 2188 etc.
2284 2130 2423 2205 [f2].
2461 2132 2669 2199 Aaron,
2704 2131 2835 2189 licet
2860 2129 3001 2187 foret
3026 2140 3190 2205 typus
3212 2133 3435 2203 Christi,
3467 2152 3591 2195 cum
3633 2148 3733 2193 ιιι-ι

448 2245 594 2284 Διιιριι
636 2228 857 2297 interim
900 2235 1048 2282 esset
1085 2227 1270 2291 homo,
1307 2241 1536 2282 necesse
1569 2234 1725 2291 erat,
1763 2233 1823 2278 ut
1862 2238 1963 2279 sua
2029 2238 2047 2291 ι

2120 2230 2251 2274 :cata
2302 2219 2584 2275 sacrificio
2628 2219 2898 2287 expiaret.
2948 2218 3060 2279 Nec
3107 2229 3293 2281 tamen
3339 2213 3598 2303 aeternam
3630 2242 3719 2281 re-

465 2316 840 2386 demptionem
877 2313 1085 2367 invenit
1110 2308 1557 2383 per'sanguiuem
1585 2312 1865 2365 hircorum
1899 2320 1954 2365 et
1985 2308 2306 2363 vitulorum.
2338 2303 2535 2361 Verum
2554 2302 2831 2370 Christus.
2861 2306 2955 2376 qui
2989 2322 3086 2377 per
3115 2323 3279 2365 suum
3301 2302 3622 2381 sanguinem
3657 2312 3717 2365 in

471 2402 676 2457 Sancta
715 2413 1035 2455 sanctorum
1070 2415 1192 2455 sese
1223 2401 1449 2470 recepit,
1502 2399 1571 2461 is,
1606 2399 1855 2468 inquam,
1889 2413 1990 2452 nos
2018 2392 2261 2467 perfecte
2305 2392 2557 2447 redemit.
2584 2390 2687 2448 Per
2715 2392 2862 2447 hunc
2893 2392 3165 2463 siquidem
3200 2395 3365 2450 etiam
3404 2398 3721 2454 sacerdotes

466 2487 926 2559 purificabantur.
958 2484 1230 2541 Ctetcrum
1262 2484 1470 2540 Christi
1510 2484 1840 2539 sacrificium
1875 2484 2047 2538 fuisse
2077 2484 2323 2553 undique
2352 2483 2667 2538 absolutum
2701 2491 2755 2538 et
2782 2482 3091 2553 perfeczum
3124 2486 3317 2542 edocet
3342 2486 3566 2543 vitulus.
3589 2488 3723 2544 Per—

465 2577 607 2632 fecta
658 2577 801 2631 enim
851 2584 904 2629 et
934 2573 1222 2643 magnifica
1258 2573 1417 2627 docet
1461 2570 1584 2628 esse
1627 2573 1719 2626 illa
1759 2569 2052 2634 sacrificia,
2086 2586 2209 2640 quae
2242 2585 2341 2640 pro
2384 2569 2595 2625 sanctis
2626 2570 2934 2625 caeduntur.
2999 2570 3157 2647 Quod
3195 2587 3323 2629 vero
3368 2573 3544 2629 fertur
3580 2574 3719 2632 illud

465 2663 795 2721 sacrificium
823 2677 1022 2718 suaves
1041 2659 1266 2715 fundere
1291 2662 1510 2724 odores,
1540 2657 1858 2715 memineris
1887 2658 2019 2713 illud
2048 2655 2383 2713 sacrificium
2410 2656 2598 2714 arietis
2622 2670 2722 2711 sua
2748 2656 3155 2727 jucundissima
3174 2657 3468 2729 fragrantia
3499 2660 3720 2734 fugasse

468 2760 692 2806 nostros
730 2756 905 2805 tetros
938 2747 1172 2812 odores,
1202 2746 1409 2817 quibus
1442 2761 1647 2800 numen
1682 2745 2083 2801 offendebatur.
2120 2746 2315 2823 Aaron,
2354 2752 2541 2799 autem
2588 2759 2693 2799 non
2720 2744 2953 2814 jubetur
2986 2745 3045 2799 in
3084 2747 3273 2801 habitu
3306 2748 3585 2816 pontificio
3617 2766 3718 2805 ex-

450 2837 616 2909 piare
643 2851 742 2892 sua
773 2842 1021 2906 peccata,
1049 2849 1173 2903 qua:
1197 2833 1439 2888 insciens
1469 2832 1819 2887 commiserat
1844 2849 1859 2899 ;
1885 2847 1993 2885 non
2027 2831 2173 2886 enim
2198 2835 2281 2886 fas
2309 2840 2451 2895 erat,
2485 2840 2544 2886 ut
2570 2833 2708 2899 ipse,
2738 2832 2867 2886 dum
2886 2848 2999 2889 rem
3027 2847 3242 2889 sacram
3274 2849 3373 2905 pro
3398 2851 3458 2891 se
3488 2837 3719 2904 faceret,

465 2924 880 2995 conspiceretur
913 2931 1144 2977 ornatus
1172 2921 1377 2976 vestitu
1410 2919 1714 2989 pontificio,
1740 2935 1850 2988 quo
1881 2918 2149 2973 referebat
2170 2916 2471 2982 Christum,
2506 2917 2890 2988 quiignoravit
2923 2928 3233 2988 peccatum,
3264 2929 3319 2976 et
3345 2938 3531 2992 quem,
3556 2928 3719 2994 quasi

452 3012 572 3066 -sub
595 3019 746 3082 typo,
788 3007 1244 3064 demonstrabant
1270 3006 1638 3062 sacerdotium
1686 3014 1742 3060 et
1782 3006 1929 3076 regia
1975 3013 2230 3075 pmestas.
2288 3002 2439 3074 Opus
2475 3015 2593 3058 erat
2624 3005 2841 3060 lavacro
2885 3008 3316 3076 regenerationis
3364 3012 3580 3079 paranti
3630 3013 3717 3068 in-

451 3100 622 3170 ;gredi
667 3100 720 3152 in
755 3096 954 3151 Sancta
999 3105 1340 3157 sanctorum,
1377 3093 1585 3147 scilicet
1624 3092 1678 3146 in
1717 3092 2129 3147 tabernaculum
2166 3108 2377 3158 verum,
2432 3092 2579 3163 quod
2622 3093 2738 3147 fixit
2771 3093 3064 3163 Dominus,
3094 3103 3149 3151 et
3184 3112 3293 3151 non
3343 3098 3527 3155 homo.
3567 3099 3720 3167 Qua-

458 3191 695 3254 propter
736 3183 919 3237 Aaron
966 3196 1107 3250 aqua
1148 3181 1264 3233 viva
1297 3178 1450 3249 prius
1481 3178 1772 3232 irroratur.
1811 3177 1880 3232 At
1922 3179 2055 3233 odor
2086 3180 2168 3235 vel
2203 3194 2371 3248 vapor
2402 3180 2807 3251 thymiamatis,
2855 3181 3017 3261 quasi
3073 3184 3216 3239 nube
3262 3186 3547 3254 obtegebat
3587 3204 3719 3260 pro-

469 3270 833 3341 pitiatorium.
871 3267 1153 3339 Siquidem
1203 3266 1455 3321 Christus
1503 3265 1820 3319 immolatus
1870 3275 1953 3319 est
1998 3273 2058 3319 ut
2105 3267 2315 3322 vitulus
2361 3274 2464 3321 :et
2506 3281 2607 3321 ceu
2656 3266 3043 3325 holocaustum
3086 3270 3275 3327 arietis
3319 3272 3581 3329 incensus
3609 3285 3716 3331 est.

470 3358 688 3430 Spargit
709 3348 787 3411 de
822 3370 886 3411 se
917 3353 1314 3409 suavissimum
1349 3352 1605 3417 odorem,
1640 3358 1700 3405 ut
1735 3359 1899 3407 tenue
1947 3360 2002 3406 et
2036 3354 2236 3419 subtile
2275 3353 2589 3424 thymiama,
2621 3364 2673 3410 et
2701 3356 2884 3425 explet
2918 3356 3237 3427 fragrantia,
3264 3376 3389 3431 qua:
3431 3362 3720 3421 intellectu

469 3444 795 3516 percipitur,
829 3451 1084 3507 sanctum
1136 3441 1578 3507 tabernaculum,
1611 3454 1806 3508 nempe
1837 3439 2159 3496 Ecelesiam.
2205 3438 2442 3495 Proinde
2479 3439 2723 3496 Ecclesia
2758 3443 3047 3500 Christum
3088 3447 3329 3517 appellat
3363 3448 3450 3505 bis
3484 3451 3668 3506 verbis
3698 3470 3713 3507 :

474 3551 494 3584 ε
525 3523 874 3603 Unguentum
904 3527 1136 3584 effusum
1167 3542 1362 3581 nomen
1395 3534 1551 3580 tuum
1590 3534 1698 3580 est.
1763 3525 2110 3596 QuaprOpter
2174 3527 2607 3582 adolescentulae
2647 3528 2955 3585 dilexerunt
2990 3539 3065 3596 te,
3107 3533 3162 3587 in
3197 3534 3366 3591 odore
3406 3546 3717 3608 unguento-

469 3635 590 3675 rum
635 3627 856 3691 tuorum
888 3614 1264 3671 curremus“.
1310 3633 1327 3666 ι
1369 3614 1434 3667 Et
1475 3614 1590 3669 haec
1619 3613 1837 3687 quidem
1882 3613 2226 3683 pertinebant
2264 3613 2330 3669 ad
2368 3614 2736 3680 sacrificium,
2771 3632 2881 3685 quo
2916 3633 2976 3675 se
3006 3620 3263 3690 expiabat
3302 3622 3508 3677 Aaron.
3543 3623 3721 3681 Caele.

469 3722 590 3762 rum
623 3719 723 3777 pro
753 3703 937 3775 populi
974 3702 1192 3757 delictis
1236 3701 1607 3772 poscebantur
1638 3701 1748 3755 duo
1792 3701 1930 3755 hirci
1972 3716 2097 3753 cum
2130 3701 2331 3768 ariete,
2362 3702 2455 3771 qui
2500 3702 2755 3773 explebat
2800 3705 3207 3763 holocaustum.
3255 3708 3419 3766 Sorte
3465 3726 3599 3767 vero
3648 3728 3719 3769 et

468 3792 642 3848 hircis
688 3790 1015 3859 eligebatur,
1060 3789 1152 3861 qui
1194 3789 1593 3865 immolandos,
1622 3796 1675 3843 et
1706 3789 1801 3859 qui
1839 3787 2203 3843 dimittendus
2233 3789 2287 3843 in
2319 3778 2676 3846 solitudinem
2714 3803 2927 3849 vastam
2972 3804 3138 3850 esset.
3166 3798 3397 3862 Quidam
3429 3800 3721 3870 perhibent

468 3881 703 3935 alterum
739 3877 981 3944 hircum,
1002 3877 1095 3948 qui
1126 3874 1535 3939 dimittcliatur,
1558 3874 1871 3938 consecrari
1903 3874 2133 3927 daeruoni
2167 3875 2385 3930 cuidam
2419 3878 2807 3949 Ap0pompaeo.
2840 3878 2943 3936 Sed
2974 3881 3087 3936 haec
3117 3884 3305 3953 Opinio
3325 3887 3720 3955 superstitione

472 3966 616 4021 haud
636 3973 812 4028 vacat,
840 3963 1122 4034 legemque
1147 3961 1453 4026 insimulat,
1488 3961 1647 4030 quasi
1671 3960 2116 4030 superstitionem
2151 3962 2375 4029 doceat;
2396 3980 2520 4020 cum
2550 3973 2730 4021 tamen
2761 3968 2995 4023 summis
3027 3970 3237 4026 viribus
3265 3970 3318 4027 id
3344 3982 3574 4029 conetur
3607 3976 3717 4043 lex,

474 4062 649 4108 utnos
670 4051 1083 4106 abidolotatriae
1101 4050 1316 4104 insania
1338 4048 1554 4103 liberet.
1588 4047 1732 4102 Deus
1757 4048 1957 4103 etenim
1981 4049 2133 4103 solus
2163 4050 2399 4119 ignoscit
2421 4059 2477 4105 et
2506 4052 2947 4108 remittitdelicta
2969 4070 2984 4120 ;
3003 4063 3058 4110 et
3074 4057 3408 4113 sacrificium
3433 4060 3583 4130 quod
3605 4062 3715 4116 im-

475 4141 711 4195 molatur
740 4138 875 4201 Deo,
898 4138 1025 4207 quis
1045 4136 1265 4204 negabit
1288 4150 1410 4191 esse
1429 4134 1715 4190 sanctum?
1734 4133 1889 4200 Quod
1913 4149 2043 4189 vero
2059 4149 2416 4191 consecratur
2438 4137 2569 4204 Deo,
2598 4139 2652 4193 id
2675 4141 2806 4195 nulli
2824 4141 2914 4196 alii
2943 4152 3028 4199 est
3044 4144 3427 4202 addicendum.
3444 4148 3498 4201 Si
3515 4156 3714 4205 cetera

473 4227 772 4291 sacrificia,
807 4226 1014 4295 quibus
1066 4224 1417 4279 immolantes
1445 4238 1543 4278 sua
1585 4234 1801 4294 peccata
1834 4223 2143 4292 imponunt,
2174 4232 2303 4285 sunt
2335 4214 2548 4301 sancta,
2578 4234 2727 4281 certe
2761 4227 2898 4283 satis
2930 4230 3098 4299 liquet
3126 4214 3293 4287 etiam
3325 4234 3471 4288 illum
3495 4235 3711 4289 hircum

478 4324 733 4369 sanctum
764 4310 1006 4366 censori.
1029 4309 1230 4364 Verum
1264 4310 1566 4364 necessitas
1590 4309 1915 4374 postulabat,
1947 4318 2007 4362 ut
2036 4310 2420 4364 ostenderetur
2447 4312 2610 4365 Deum
2643 4312 2947 4383 imperasse
2980 4325 3039 4369 ut
3069 4318 3173 4373 sibi
3203 4319 3370 4374 etiam
3399 4319 3687 4376 oﬂerretur

474 4399 688 4466 hircus,
734 4397 829 4467 qui
862 4396 1286 4465 deportabatur.
1327 4395 1385 4449 ld
1416 4395 1638 4466 quidem
1675 4396 1832 4450 facile
1859 4397 2089 4466 probatu
2118 4406 2225 4451 est.
2272 4395 2409 4449 Nam
2474 4398 2652 4467 inquit
2684 4417 2697 4453 :
2735 4418 2753 4450 ι
2786 4400 3038 4468 Accipies
3071 4403 3286 4465 hircum
3314 4406 3498 4461 vivum
3527 4422 3718 4465 coram

474 4486 731 4549 Domino,
753 4490 815 4536 ut
840 4481 1082 4551 expiatio
1108 4496 1204 4551 per
1232 4496 1356 4536 eum
1372 4482 1485 4545 fiat,
1508 4491 1561 4536 et
1577 4482 1910 4551 relegeturiu
1933 4482 2232 4538 desertum.
2254 4501 2273 4534 ι
2296 4481 2450 4548 Quod
2471 4485 2695 4553 quidem
2718 4487 3108 4558 interpretatus
3133 4501 3220 4546 est
3237 4491 3464 4563 Aquilas
3492 4496 3544 4549 in
3573 4496 3723 4553 hunc

475 4570 698 4627 modum
720 4609 740 4635 ,
781 4577 841 4622 ut
881 4565 1190 4622 referantur
1221 4567 1480 4634 praedicta
1511 4567 1677 4621 verba
1702 4568 1768 4621 ‘iu
1801 4568 2053 4633 hircum,
2082 4568 2176 4638 qni
2208 4569 2262 4623 in
2296 4569 2644 4624 solitudinem
2674 4572 3055 4629 emittebatur;
3086 4577 3159 4632 Ut
3200 4592 3381 4643 autem
3409 4582 3486 4635 rei
3514 4584 3721 4639 veritas

480 4658 876 4723 cognoscatur,
924 4649 1241 4738 memineris
1268 4649 1483 4704 duabus
1513 4650 1756 4706 sortibus
1794 4652 1978 4706 hircos
2010 4652 2133 4709 illos
2168 4655 2340 4712 fuisse
2381 4659 2674 4714 discretos.
2707 4661 2875 4715 Alteri
2937 4664 3341 4721 inscribebatur
3373 4686 3389 4723 :
3422 4668 3723 4738 Dominus;

478 4742 633 4794 alteri
675 4761 689 4795 ;
715 4737 1124 4826 Apopompa'us.
1154 4734 1261 4826 Qui
1290 4736 1530 4826 habebat
1564 4737 1979 4826 inscriptionem
2018 4739 2257 4809 Domini,
2282 4746 2618 4813 caedebatur,
2640 4756 2695 4802 et
2723 4751 3084 4805 consecrabat
3107 4767 3209 4808 suo
3237 4769 3436 4811 cruore
3467 4734 3722 4815 intimum

479 4826 922 4891 tabernaculum,
949 4833 1005 4879 et
1036 4824 1213 4880 altare
1238 4822 1373 4879 foris
1400 4824 1590 4878 situm.
1626 4822 2033 4895 Apoponipazus
2075 4828 2457 4887 dimittebatur
2488 4834 2545 4889 in
2570 4844 2783 4888 vastam
2820 4835 3194 4904 solitudinem,
3227 4848 3280 4895 et
3304 4843 3508 4897 inviam
3533 4885 3550 4910 ,
3594 4861 3721 4901 cum

480 4917 639 4987 prius
673 4915 936 5002 sacerdos
969 4921 1199 4986 peccata
1254 4916 1425 4968 totius
1458 4913 1645 5002 populi
1698 4915 1754 4967 in
1796 4914 1975 4984 ipsius
2016 4923 2183 4985 caput
2225 4917 2538 4982 effudisset.
2575 4918 2814 4991 Uterque
2842 4937 2972 4977 vero
3021 4925 3212 4983 hircus
3272 4927 3551 4985 Christum
3585 4947 3723 5002 prae-

480 5004 777 5073 tigurabat,
819 4998 954 5088 Nam
1019 5002 1241 5058 occisus
1297 5010 1383 5056 est
1445 5007 1520 5088 ut»
1564 5000 1780 5068 homo,
1836 5002 1930 5072 qni
1997 5002 2160 5058 nobis
2212 5013 2568 5074 peccatorum
2627 5009 2843 5063 veniam
2907 5010 3245 5081 impetraret.
3305 5012 3453 5072 Idem
3506 4998 3725 5088 quoque

479 5090 787 5146 sanctificat
815 5087 975 5160 357
1012 5088 1344 5153 Ecclesiam,
1379 5086 1528 5160 quod
1561 5088 1692 5143 inde
1725 5088 2081 5159 intelligitur,
2110 5092 2260 5160 quod
2285 5091 2408 5161 ejus
2448 5093 2679 5163 sanguis
2716 5095 2773 5149 in
2808 5094 3009 5155 Sancta
3037 5109 3353 5157 sanctorum
3388 5110 3474 5158 est
3513 5086 3721 5161 illatus.

479 5177 595 5233 lmo
631 5177 988 5232 sanctitatem
1026 5175 1450 5246 impertiebatur
1480 5183 1537 5230 et
1564 5175 1674 5240 his,
1708 5175 1802 5246 qui
1840 5176 1949 5233 sub
1977 5176 2097 5247 lege
2124 5184 2309 5231 erant.
2347 5177 2464 5233 Hoc
2495 5181 2675 5250 ipsum
2708 5182 3057 5251 significabat
3093 5187 3269 5246 altare
3308 5188 3445 5245 foris
3480 5191 3725 5255 colloca-

481 5277 619 5320 tum.
651 5262 789 5318 Nam
818 5263 961 5319 citra
993 5279 1213 5318 omnem
1240 5262 1767 5329 contradictionem,
1806 5263 1954 5333 quod
1993 5262 2179 5318 minus
2217 5272 2303 5319 est
2332 5279 2364 5318 a
2401 5266 2612 5336 majore
2647 5268 3019 5325 benedicitur.
3050 5273 3188 5333 Cum
3220 5275 3481 5335 Christus
3516 5278 3729 5334 sancti-

480 5360 646 5406 tatem
683 5358 937 5420 praastet,
963 5350 1220 5420 profecto
1252 5349 1474 5405 videtur
1499 5349 1589 5406 lex
1615 5350 1802 5422 inopia
1821 5350 2099 5420 laborare,
2124 5366 2227 5406 nec
2258 5366 2426 5421 posse
2445 5354 2878 5416 sanctimoniam
2902 5360 3057 5414 dare.
3090 5362 3224 5417 Nam
3259 5364 3315 5418 in
3344 5340 3727 5423 liuncmodum

479 5440 645 5494 docet
674 5436 881 5495 Paulus
921 5456 934 5492 :
972 5457 989 5488 ι
1024 5437 1303 5504 Scientes,
1326 5436 1475 5507 quod
1503 5452 1611 5491 non
1633 5437 2160 5508 justificaturhomo
2187 5453 2254 5493 ex
2276 5438 2540 5508 operibus
2567 5441 2727 5513 legis,
2764 5444 2871 5499 nisi
2898 5461 2996 5516 per
3028 5448 3190 5503 ἢάειιι
3244 5449 3372 5507 Jesu
3405 5453 3633 5509 Christi.
3660 5454 3732 5512 Et

478 5542 582 5607 nos
614 5524 673 5581 in
695 5524 980 5583 Christum
1013 5523 1203 5581 Jesum
1234 5524 1575 5581 credidimus
1608 5525 1673 5581 ".
1717 5544 1737 5577 ι
1758 5524 1896 5581 Cum
1927 5526 2097 5597 igitur
2127 5542 2227 5598 pro
2261 5528 2423 5583 nobis
2450 5543 2698 5587 amarum
2735 5534 3066 5604 supplicium
3103 5553 3403 5609 perpessus
3437 5553 3610 5611 esset,
3639 5558 3733 5600 reo

556 5702 592 5735 ιδ
628 5704 646 5755 ι
680 5702 807 5760 Cor.
868 5717 961 5767 xu,
1009 5702 1062 5755 7.
1141 5698 1370 5757 "Joan.
1427 5717 1552 5788 jxtv,
1587 5702 1642 5758 ϐ.
1722 5702 1765 5737 ³⁸
1802 5702 1963 5759 Cant.
2030 5718 2079 5771 ι,
2130 5703 2187 5772 2,
2210 5705 2271 5764 3.
2350 5706 2395 5741 "
2448 5705 2607 5764 Rom.
2676 5725 2756 5777 Ill,
2813 5710 2948 5779 20.;
3004 5713 3182 5771 Galat.
3218 5718 3377 5784 n.16.
