4050 6212
279 339 388 404 749
1344 335 1876 399 COMMENTARII
1919 335 2000 396 ΙΝ
2034 336 2470 396 LEVITICUM.
3437 337 3542 398 750

219 477 224 482 -
281 452 441 516 vixit,
476 457 530 505 et
566 449 620 504 in
645 447 830 505 locum
865 447 1186 506 hominibus
1213 449 1592 516 inaccessum,
1616 465 1810 520 nempe
1829 449 2028 504 coelum
2071 449 2354 520 profectus
2387 457 2496 513 est,
2520 455 2748 518 portans
2782 454 2833 500 et
2868 445 3129 516 bajulans
3161 447 3322 516 quasi
3351 459 3536 504 nostra

281 547 537 611 peccata.
579 539 706 608 Ipse
749 543 924 604 enim,
986 547 1046 595 ut
1091 541 1386 612 Scriptura
1446 551 1636 594 monet
1663 540 1726 602 ’⁸,
1772 545 1996 608 peccata
2044 543 2234 591 nostra
2281 537 2433 602 tulit,
2472 545 2526 590 et
2581 549 2680 606 pro
2717 535 2875 590 nobis
2928 535 3290 605 gravissimos
3325 536 3545 592 dolorcs

288 629 580 684 sustinuit.
608 627 679 684 Ut
719 627 888 698 igitur
919 643 1005 682 res
1029 635 1177 683 esset
1211 627 1530 693 dilucidior,
1582 626 1948 698 Symmachus
1981 623 2064 678 sic
2091 635 2421 694 pratscntem
2458 624 2638 678 locum
2671 623 2956 678 transmlit
2987 640 2999 674 :
3043 621 3250 678 Sortem
3287 639 3448 678 unam
3475 627 3542 678 ad

282 720 492 772 hircum
527 718 834 770 abeuntem.
869 715 1006 770 Nam
1035 717 1297 772 Christus
1331 716 1700 770 transmissus
1727 725 1833 778 est,
1862 713 2022 783 quasi
2052 731 2116 768 ex
2151 713 2314 767 nobis
2346 711 2398 763 in
2431 711 2813 764 cmlicolarum
2852 709 3068 770 urbem,
3105 715 3165 760 ut
3195 717 3458 776 appareat
3489 711 3545 762 in

281 813 590 874 conspectu
639 803 732 858 Dei
773 811 827 858 et
863 813 1114 858 nostram
1145 819 1374 858 causam
1423 803 1726 870 suscipiat.
1775 809 1830 856 et
1863 815 1960 868 pro
1999 801 2162 854 nobis
2206 799 2374 852 dicat.
2442 795 2656 850 Idcirco
2690 797 2762 848 ait
2795 793 3040 850 Joannes
3079 812 3092 846 :
3127 813 3144 844 ι
3187 793 3390 858 Filioli,
3433 797 3548 848 hate

283 893 470 947 scribo
503 891 687 953 vobis,
711 897 772 944 ut
813 903 921 943 non
943 891 1208 960 peccetis.
1241 889 1306 943 Et
1341 891 1386 944 si
1414 891 1544 960 quis
1585 889 1925 960 peccaverit,
1953 887 2280 940 advocatum
2313 892 2367 938 et
2389 889 2682 952 patronum
2719 883 2988 937 habemus
3023 881 3166 952 apud
3199 879 3421 936 Patrem
3461 880 3550 937 Je—

285 995 410 1036 sum
439 979 726 1034 Christum
746 977 962 1048 justum
997 997 1012 1033 :
1044 988 1100 1032 et
1125 981 1246 1048 ipse
1274 991 1360 1034 est
1395 978 1718 1048 propitiatio
1750 990 1850 1046 pro
1877 974 2121 1044 peccatis
2149 972 2383 1032 nostris,
2423 983 2528 1024 nec
2547 972 2727 1023 solum
2759 983 2860 1038 pro
2890 969 3128 1032 nostris,
3165 967 3264 1021 sed
3294 983 3393 1038 pro
3421 983 3548 1039 pec-

284 1073 423 1122 catis
461 1067 634 1122 totitts
683 1067 872 1122 mundi
909 1068 972 1120 ".
1012 1085 1032 1118 ι
1088 1065 1243 1129 Nam,
1287 1075 1344 1120 ut
1393 1069 1561 1122 habet
1613 1059 2278 1128 testinmniumeli",
2343 1072 2656 1127 pratcursor
2685 1071 2787 1126 pro
2837 1057 2998 1112 nobis
3042 1055 3328 1124 ingressus
3367 1065 3452 1112 est
3491 1057 3546 1109 in

283 1156 512 1216 ctnlum,
557 1163 612 1206 et
673 1153 792 1222 ipse
833 1153 992 1208 nobis
1048 1155 1264 1222 paravit
1303 1155 1448 1208 viam
1495 1165 1772 1209 recentem
1809 1157 1862 1204 et
1913 1149 2118 1200 vivam~
2149 1148 2522 1201 introeuntem
2581 1145 2726 1198 intra
2779 1145 2982 1199 velum.
3041 1142 3231 1213 Itaque
3290 1144 3450 1212 quasi
3493 1145 3548 1198 in

287 1245 463 1296 forma
519 1242 660 1298 hirci
705 1250 886 1311 portat
940 1251 1164 1312 peccata
1211 1252 1422 1297 nostra.
1475 1241 1608 1295 Nam
1671 1241 1860 1294 hircus
1903 1249 2002 1303 pro
2057 1233 2300 1302 peccatis
2357 1231 2590 1286 cadebat
2653 1231 2902 1285 victima.
2961 1229 3206 1283 Duorum
3265 1231 3546 1284 hircorum

291 1331 582 1397 mqualitas
607 1333 866 1400 stthtypn
896 1329 1620 1384 demonstravitChristum.
1659 1325 1940 1380 Nonenim
1968 1323 2172 1377 licebat
2219 1337 2422 1376 caesum
2465 1322 2682 1376 hircum
2731 1321 3085 1376 reviviscere.
3138 1320 3358 1390 Alioqui
3408 1322 3546 1377 nihil

287 1419 443 1472 risus
510 1427 658 1472 esset
725 1417 949 1472 differre
995 1431 1026 1469 a
1080 1427 1320 1486 spectro.
1395 1419 1464 1471 At
1522 1415 1665 1470 Deus
1739 1413 1908 1470 nullis
1969 1410 2143 1462 utitur
2211 1407 2548 1478 praestigiis,
2617 1423 2742 1462 cum
2801 1409 2986 1462 omnia
3041 1407 3219 1476 possit
3281 1408 3545 1478 singulari

291 1500 530 1569 quadam
564 1499 880 1554 uaconomia
909 1500 1160 1568 exsequi.
1211 1498 1358 1554 Hirci
1387 1499 1702 1569 deliguntur
1741 1499 1852 1552 duo
1881 1509 1934 1552 et
1961 1497 2203 1564 aequales
2229 1495 2282 1550 in
2306 1497 2508 1564 quibus
2539 1495 2676 1548 nihil
2711 1495 2846 1548 vitio
2873 1501 3086 1550 vertere
3121 1495 3208 1548 vel
3234 1495 3547 1564 improbare

293 1588 496 1656 possis.
535 1587 684 1642 Idem
731 1587 822 1640 hic
843 1585 1074 1650 accidit,
1129 1587 1276 1656 quod
1310 1587 1362 1640 in
1397 1587 1778 1655 puriﬁcatione
1805 1585 2034 1655 leprosi.
2065 1581 2201 1634 Nam
2249 1582 2376 1636 istic
2402 1596 2508 1634 una
2546 1581 2762 1636 avicula
2791 1595 3014 1650 quoque
3051 1581 3464 1645 immolabatur,
3493 1593 3548 1637 et

288 1677 466 1728 altera
489 1675 910 1746 permittebatur
941 1674 1184 1730 avolare.

363 1763 470 1825 Ὃς
501 1759 578 1812 ἂν
601 1759 808 1827 σφάξῃ
831 1757 1433 1826 μόσχονῆπρόϐατον
1455 1759 1490 1828 ἢ
1505 1755 1662 1828 αἶγα.
1684 1762 1755 1813 Τὸ
1775 1763 1871 1830 μὲν

2047 1758 2366 1826 Quicunque
2399 1757 2714 1810 mactaverit
2739 1755 2989 1822 vitulum,
3021 1764 3116 1808 aut
3148 1769 3315 1820 avent,
3341 1764 3436 1808 aut
3459 1771 3552 1808 ca-

303 1848 592 1920 Ἐϐραῖκδν
623 1847 720 1916 τὴν
751 1845 1038 1916 παροῦσαν
1073 1847 1188 1916 ἔχει
1219 1847 1379 1920 ῥῆσιν
1433 1851 1572 1918 μετὰ
1603 1849 1704 1920 τὴν
1739 1849 1868 1918 περὶ

287 1940 386 1992 τοῦ
412 1939 825 2008 ἀποπομπαίου,
860 1938 928 1990 τὰ
967 1937 1025 1990 δὲ
1056 1937 1212 1990 κοινὰ
1245 1939 1554 2010 ἀντίγραφα
1589 1939 1688 2010 τὴν
1735 1941 1867 2011 περὶ

233 2035 242 2044 '
289 2029 386 2084 τοῦ
449 2028 702 2098 ἱλασμοῦ.
769 2029 1130 2099 Ἀπαγορεύει
1170 2029 1226 2084 δὲ
1274 2030 1464 2086 θυσίαν
1525 2031 1760 2102 ἀλλαχοῦ
1791 2032 1865 2102 μὴ

289 2119 538 2187 γίνεσθαι
587 2118 684 2186 τῆς
731 2119 958 2187 σκηνῆς,
995 2117 1092 2185 τῆς
1125 2116 1442 2184 Αἰγυπτίων
1495 2117 1690 2180 αὐτοὺς
1730 2117 1867 2172 ἀπο-

293 2209 476 2282 φέρων
514 2209 826 2272 πολυθεῖας.
863 2207 936 2259 Τὸ
968 2207 1076 2278 γὰρ
1105 2205 1190 2258 ἐπ’
1217 2207 1402 2268 ἁδείας
1428 2207 1578 2260 θύειν
1603 2207 1868 2276 σφαλερὸν

293 2301 374 2363 εἰς
410 2297 715 2360 εὐσέϐειαν,
751 2296 848 2352 καὶ
867 2296 1108 2367 παρέχον
1135 2295 1385 2362 ἐξουσίαν
1412 2296 1504 2348 τοῦ
1553 2295 1702 2352 θύειν
1753 2291 1872 2351 οἷσ-

293 2406 400 2462 περ
431 2389 496 2444 ἂν
521 2388 750 2452 ἕλοιντο,
769 2389 912 2442 κατά
941 2389 1002 2440 τὸ
1025 2387 1310 2458 ποιητικὸν
1337 2388 1398 2439 τὸ
1425 2385 1586 2456 λέγον
1609 2404 1623 2418 ·
1653 2388 1873 2452 Ἄλλος

293 2481 464 2546 ἄλλῳ
498 2480 667 2548 ἐρεξε
703 2477 856 2534 θεῶν
884 2478 1022 2546 (15).
1085 2476 1250 2530 Ὅθεν
1277 2475 1352 2538 ὡς
1380 2475 1561 2546 ψυχὴν
1614 2477 1874 2546 ἀναιροῖνν

295 2574 356 2626 ὲν
391 2573 492 2643 [etp
525 2572 687 2642 φόνου
719 2570 833 2642 ἔχει
862 2571 922 2624 τὸ
949 2569 1234 2639 ἔγκλημα.

1973 1863 2148 1916 prem,
2187 1855 2300 1902 etc.
2345 1844 2530 1917 [XVI],
2565 1845 2644 1918 3.]
2674 1843 2944 1900 Hebraeus
2981 1844 3240 1900 relationi
3289 1857 3552 1914 apopom-

1973 1939 2076 2010 ptei
2112 1937 2300 1992 subdit
2322 1939 2484 1994 modo
2507 1939 2738 1994 recitata
2751 1937 2940 1992 verba.
2969 1935 3076 1990 Sed
3096 1936 3344 2006 quaedam
3368 1951 3552 1992 exem-

1972 2033 2150 2103 plaria
2201 2031 2548 2098 subiungunt
2596 2030 2936 2100 expiationis
2986 2037 3042 2084 et
3083 2029 3554 2086 reconciliationis

1975 2125 2168 2180 ritum.
2195 2123 2467 2180 Caeterum
2507 2122 2875 2194 prohibentur
2894 2121 3068 2177 Judazi
3099 2121 3256 2188 alibi,
3287 2137 3454 2191 quam
3485 2123 3552 2176 ad

1977 2215 2398 2270 tabernaculum
2423 2216 2679 2268 victimas
2711 2213 2921 2268 caedere
2953 2231 2965 2266 :
2999 2214 3126 2266 etin
3147 2213 3294 2267 hunc
3329 2212 3551 2267 modum

1979 2302 2048 2358 ab
2081 2301 2467 2372 Egyptiorum
2509 2299 2825 2354 idololatria
2862 2312 2958 2352 eos
2993 2297 3316 2352 dehortatur
3350 2296 3554 2353 Moses.

1973 2387 2112 2444 Nam
2159 2391 2207 2442 si
2242 2389 2332 2442 cui
2365 2386 2693 2441 conceditur
2729 2386 3055 2440 immolandi
3088 2387 3248 2456 plena
3283 2395 3554 2456 potestas.

1977 2481 2142 2534 lacile
2180 2478 2431 2548 profecto
2461 2477 2786 2548 prolabetur
2833 2477 2890 2528 in
2927 2476 3154 2532 vetitam
3204 2477 3554 2546 religionem,

1979 2576 2032 2627 et
2061 2570 2342 2624 exorietur
2374 2568 2510 2622 illud
2557 2576 2734 2637 poeta)
2769 2585 2784 2618 :
2823 2568 2978 2622 Alius
3014 2567 3115 2622 atii
3149 2567 3366 2622 deorum
3396 2583 3556 2622 sacra

1984 2660 2238 2714 faciebat.
2261 2659 2612 2730 Quapropter
2631 2659 2730 2728 qui
2761 2657 2998 2712 animam
3015 2657 3340 2730 exstinguit,
3359 2655 3556 2716 eodem

1981 2752 2236 2814 crimine,
2273 2767 2381 2820 quo
2411 2749 2712 2814 homicida,
2749 2755 2988 2804 tenetur.

371 2839 427 2893 Si
460 2849 642 2894 autem
679 2845 841 2908 typus
867 2841 953 2888 est
988 2830 1198 2885 Christi
1237 2829 1449 2886 vitulus
1473 2847 1572 2902 pro
1595 2843 1819 2902 peccato
1843 2844 2148 2898 sacerdotis
2176 2844 2495 2912 igneranter
2521 2850 2856 2912 perpetrato,
2887 2841 3026 2897 satis
3045 2840 3404 2898 manifestum
3432 2855 3562 2898 esse

296 2928 538 2982 arbitror
567 2926 622 2980 in
645 2925 779 2980 solis
806 2921 1187 2977 tabernaculis
1217 2921 1451 2984 sanctis,
1483 2935 1682 2992 nempe
1719 2926 1978 2985 ecclesiis
2025 2931 2396 3001 peragendum
2436 2945 2564 2984 esse
2602 2927 2810 2984 Christi
2839 2929 3190 2998 mysterium.
3227 2926 3363 2982 Nam
3395 2933 3450 2984 et
3487 2927 3558 2984 de

299 3029 446 3084 agno
473 3012 718 3084 paschali
755 3017 1088 3081 praeceptum
1121 3016 1217 3076 iest
1258 3023 1271 3059 :
1311 3026 1328 3058 t
1367 3007 1426 3062 in
1465 3023 1574 3066 una
1619 3009 1784 3065 domo
1814 3012 2102 3072 edatur".
2139 3037 2156 3070 ι
2198 3015 2316 3072 Non
2349 3016 2496 3072 enim
2549 3016 2890 3072 sacriﬁcium
2927 3014 3064 3070 illud
3103 3007 3557 3072 eﬁ‘erendum’cst

297 3104 358 3157 in
391 3102 778 3156 haereticorum
817 3096 1013 3151 domos
1051 3111 1064 3148 :
1101 3095 1214 3149 in:o
1263 3093 1660 3150 hereticorum
1702 3105 2086 3158 conventicula
2114 3104 2374 3176 fugienda
2411 3113 2566 3159 sunt.
2607 3102 2719 3158 Nec
2748 3101 3011 3160 convenit
3050 3115 3274 3172 quoque
3307 3099 3560 3156 dividere

293 3204 446 3248 eum,
479 3187 574 3256 qui
607 3201 701 3255 per
729 3199 788 3238 se
816 3181 1174 3237 indivisibilis
1214 3189 1322 3236 est.

386 3277 446 3332 Ἠ
465 3279 575 3346 γὰρ
603 3275 774 3344 ψυχὴ
813 3273 1018 3341 πάσης
1047 3273 1276 3344 σαρκὸς
1305 3271 1449 3344 αἷμα
1491 3277 1678 3331 αὐτοῦ
1721 3277 1875 3332 ἐστι.

297 3369 365 3422 Εἰ
385 3369 514 3439 περὶ
541 3367 649 3420 τῶν
673 3367 1008 3436 ἐσθιομένων
1035 3369 1064 3418 ὁ
1091 3366 1268 3434 λόγος,
1289 3366 1446 3436 δῆλον
1471 3365 1548 3430 ὡς
1571 3368 1669 3433 τὴν
1693 3367 1873 3440 ψυχὴν

277 3459 412 3514 ’τῶν
441 3461 650 3528 ἀλόγων
708 3453 848 3529 αἷμα
895 3459 1070 3520 καλεῖ,
1107 3459 1183 3521 ὡς
1209 3459 1626 3529 προηγούμενον
1683 3461 1872 3530 σχῆμα

296 3553 401 3619 τῆς
457 3549 599 3602 κατὰ
645 3549 746 3616 τὴν
797 3548 1008 3601 τοιάνδε
1057 3543 1260 3617 κρᾶσιν
1307 3549 1623 3626 ἀναλογίας,
1653 3549 1720 3602 δι’
1751 3545 1872 3622 ἧςὴ

299 3643 506 3695 τούτων
559 3639 728 3708 ψυχή.
785 3639 1090 3708 Τοιγαροῦν
1137 3637 1586 3692 ἀντιδιαστέλλων
1637 3643 1704 3711 τῇ
1767 3641 1876 3692 τῶν

303 3732 402 3786 ἀνθ
412 3729 632 3800 ρώπων,
656 3730 788 3798 φησι
809 3745 822 3758 ·
855 3748 874 3780 t
895 3729 1002 3784 Kal.
1031 3729 1142 3798 ἐγὼ
1157 3729 1332 3782 ἔδωκα
1356 3731 1486 3798 ὑμῖν
1505 3729 1638 3784 αὐτὸ
1661 3732 1756 3786 ἐπὶ
1785 3732 1876 3786 τοῦ

301 3821 698 3892 θυσιαστηρίου
769 3819 1152 3884 ἐξιλάσκεσθαι
1206 3822 1338 3890 περὶ
1399 3819 1510 3872 τῶν
1569 3821 1756 3890 ψυχῶν
1815 3825 1876 3875 ὑ-

305 3916 445 3988 μῶν,
473 3933 491 3965 ι
527 3913 603 3976 ὡς
663 3909 956 3974 ἀθανάτοις
1013 3909 1212 3979 ψυχαῖς
1255 3909 1688 3972 ἀντιδιαστείλας
1751 3909 1880 3982 θνη-

311 4008 435 4070 τὰς.

2059 3281 2202 3338 Nam
2253 3287 2432 3340 anima
2482 3287 2652 3340 omnis
2702 3283 2880 3336 carnis
2905 3281 3126 3352 sanguis
3157 3281 3272 3350 ejus
3321 3288 3422 3348 est,
3451 3287 3562 3334 etc.

1987 3374 2126 3448 [|0.]
2169 3376 2224 3430 Si
2281 3377 2530 3446 disputat
2573 3389 2723 3428 nunc
2783 3372 2852 3428 de
2899 3371 3272 3434 animalibus,
3323 3384 3562 3439 quorum

1981 3483 2112 3522 esus
2156 3467 2520 3536 permittitur,
2567 3466 2832 3520 nimirum
2872 3463 3138 3517 omnibus
3179 3469 3330 3530 patet
3373 3459 3562 3518 Mosen

1983 3570 2182 3610 vocare
2221 3556 2548 3625 sanguinem
2587 3555 2871 3606 hrutorum
2921 3551 3246 3604 animalium
3294 3551 3562 3604 animam.

1996 3645 2237 3716 Sanguis
2270 3647 2546 3714 siquidem
2593 3653 2682 3700 est
2715 3644 2992 3713 quoddam
3027 3643 3186 3711 quasi
3221 3641 3563 3705 vehiculum,

1985 3751 2096 3806 quo
2117 3736 2338 3789 illorqu
2361 3735 2560 3788 animm
2588 3732 2894 3788 secundum
2923 3731 3336 3800 proportionem
3365 3743 3566 3798 quam-

1987 3824 2113 3876 dam
2167 3823 2466 3876 vehuntur.
2505 3820 2668 3875 Velut
2699 3831 2896 3874 caetera
2926 3819 3192 3872 animalia
3223 3819 3292 3872 ab
3323 3818 3567 3872 homini-

1989 3918 2096 3972 bus
2131 3915 2442 3984 distinguat
2470 3923 2528 3970 et
2557 3923 2838 3980 secernat,
2875 3913 3058 3982 inquit
3088 3930 3101 3966 ;
3147 3929 3166 3964 t
3215 3913 3282 3966 Et
3305 3927 3406 3982 ego
3440 3912 3568 3968 dedi

1991 4005 2150 4058 vobis
2177 4007 2385 4072 ipsum,
2411 4011 2472 4056 ιιι
2503 4003 2556 4056 in
2584 4002 2744 4056 altari
2769 4001 3004 4072 expietis
3037 4001 3249 4056 animas
3276 4007 3514 4066 vestras,
3545 4019 3566 4052 ι

1991 4097 2205 4150 scilicet
2239 4109 2544 4164 segregans
2581 4093 2848 4147 mortales
2880 4092 2952 4146 ab
2999 4092 3406 4150 immortalibus
3450 4091 3572 4146 ani-

1995 4185 2208 4242 tuabus.

378 4283 512 4358 Quas
543 4299 694 4339 cnun
739 4283 882 4336 ratio
929 4280 1160 4350 patitur,
1205 4287 1266 4332 ut
1310 4279 1564 4334 divinum
1593 4277 1934 4350 spiraculum
1972 4295 2082 4334 non
2107 4281 2180 4336 sit
2217 4279 2574 4336 immortale?
2603 4275 2896 4345 inspiravit
2941 4289 3179 4344 namque
3225 4282 3448 4330 terreno
3473 4273 3574 4345 lig-

303 4384 491 4428 mento
548 4374 674 4428 vitae
725 4371 1062 4440 spiraculum
1095 4383 1278 4423 rerum
1311 4367 1494 4437 epifex
1519 4383 1794 4422 summus.

375 4461 534 4524 Τινὲς
572 4460 629 4512 δέ
655 4475 844 4528 φασιν,
880 4457 956 4524 ὡς
1007 4458 1180 4512 τύπον
1223 4459 1322 4528 τῆς
1350 4457 1644 4530 ἀνθρώπου
1698 4459 1881 4530 ψυχῆς

293 4553 366 4606 ’τὸ
385 4552 490 4604 τῶν
521 4550 674 4615 ζώων
691 4551 1049 4620 ,παρείληφεν
1077 4545 1217 4620 αἷμα
1243 4568 1256 4581 ο
1295 4549 1356 4602 τὸ
1393 4551 1490 4620 μὲν
1521 4550 1629 4603 τῶν
1677 4552 1880 4622 ἱερουρ·

2067 4457 2306 4526 Quidam
2357 4459 2632 4516 allirmant
2667 4455 2838 4516 Deum
2887 4456 3010 4514 loco
3049 4453 3304 4510 humana:
3351 4467 3567 4518 anim.

1995 4549 2112 4603 sive
2147 4550 2204 4604 in
2243 4558 2372 4620 typo
2401 4549 2656 4604 humana:
2693 4548 2951 4618 accipere
2981 4545 3310 4614 sanguinem
3351 4545 3570 4598 anima-

307 4643 588 4712 γουμὲνων
645 4639 821 4706 ζώων,
877 4641 1284 4711 προσχεόμενον
1327 4639 1406 4710 τῷ
1455 4640 1878 4714 θυσιαστηρῑῳυ

1995 4639 2153 4704 lium,
2184 4640 2386 4710 quibus
2415 4639 2698 4704 litabatur,
2734 4648 2788 4692 et
2813 4649 3050 4706 quorum
3069 4635 3296 4704 sanguis
3325 4633 3574 4690 aliunde-

305 4735 368 4788 τδ
397 4735 454 4787 δὲ
481 4733 590 4785 τῶν
624 4733 818 4794 ἄλλως⁹
856 4731 1157 4801 θυομένων,
1208 4731 1588 4804 κρυπτόμενον
1620 4733 1726 4784 ὑπὸ
1759 4735 1881 4802 γῆς.

311 4820 572 4890 Σύμϐολα
597 4817 716 4886 τοῦ,
745 4821 793 4872 εἰ
819 4821 912 4872 καὶ
933 4822 988 4873 ὲν
1014 4820 1143 4890 ᾅδου
1217 4821 1581 4890 τυγχάνουσιν
1611 4823 1666 4874 αἱ
1692 4820 1884 4890 ψυχαὶ,

314 4913 390 4982 μὴ
419 4911 622 4982 ὁμοίως
655 4911 733 4980 τῷ
778 4910 996 4980 σώματι
1045 4910 1378 4998 διαλύεσθαι.
1411 4913 1485 4966 Οὐ
1532 4913 1642 4983 γὰρ
1692 4907 1804 4966 οἷόν
1829 4929 1890 4964 τε

308 5000 464 5074 ἦντὸ
505 5002 636 5054 ῐδιον
693 5004 794 5072 τῆς
845 5001 1138 5071 ἀνθρώπου
1205 5001 1384 5070 ψυχῆς
1423 5002 1776 5073 παραστῆσαι
1824 5001 1892 5053 δι’

311 5095 544 5166 αἱματος
591 5095 938 5163 ἀνθρωπίνου
972 5109 986 5122 ·
1027 5096 1166 5166 ὅπερ
1204 5095 1280 5166 μὴ
1323 5097 1602 5166 ἐκκεῖσθαι
1627 5095 1889 5161 διέταξεν.

324 5187 410 5248 Ὠς
431 5186 528 5240 οὖν
575 5185 850 5255 σύμσαλον
871 5185 1096 5257 χωρίζει
1125 5187 1220 5240 τοῦ
1245 5187 1519 5257 σώματος.

387 5487 432 5520 ’⁸
466 5485 568 5544 Isa.
597 5505 712 5556 [.lll,
745 5491 798 5542 4.
877 5489 918 5520 ⁸·
945 5489 962 5542 Ι
987 5487 1148 5542 Joan.
1183 5505 1246 5554 ιι,
1281 5491 1332 5554 l,
1365 5491 1420 5544 2.
1497 5492 1543 5522 "
1589 5490 1751 5546 llcbr.
1786 5509 1863 5558 vt,
1913 5521 1918 5524 -

1993 4729 2158 4782 batur
2189 4745 2319 4783 arae.
2354 4727 2556 4784 Verum
2595 4728 2886 4792 animalia,
2927 4727 2974 4781 si
3010 4725 3215 4796 alioqui
3241 4727 3569 4796 mactabau-

1993 4825 2103 4880 tur,
2142 4832 2335 4872 eorum
2380 4816 2609 4886 sanguis
2633 4814 2993 4868 occulebatur
3025 4820 3197 4866 terra.
3231 4809 3339 4864 Sed
3373 4827 3433 4866 ea
3483 4827 3571 4866 res

1999 4905 2338 4974 symbolum,
2399 4905 2504 4958 etsi
2550 4907 2602 4957 in
2643 4903 2864 4958 inferno
2891 4901 3058 4972 358
3095 4902 3207 4956 sint
3237 4903 3453 4964 animas,
3489 4912 3572 4954 ta-

1998 5013 2122 5052 men
2149 5013 2244 5052 eas
2272 5011 2382 5050 non
2415 4991 2486 5051 eo'
2513 4996 2694 5056 modo.
2737 5009 2846 5065 quo
2872 5009 3127 5063 corpora.
3171 4993 3418 5048 interire.
3453 4993 3576 5048 Non

1999 5089 2149 5142 enim
2199 5087 2402 5142 licebat
2451 5085 2842 5156 proprietatem
2895 5085 3153 5138 humana:
3186 5085 3382 5138 animae
3412 5085 3575 5139 nobis

1995 5187 2440 5234 commonstrare
2493 5191 2592 5246 per
2644 5177 2970 5246 sanguinem
3023 5177 3360 5238 humanum,
3407 5193 3572 5244 quem

1995 5269 2230 5326 fundere
2261 5267 2728 5340 Deusprobibuit.
2757 5267 2990 5337 Separat
3011 5267 3196 5338 itaque
3220 5269 3573 5336 sanguinem,

1993 5371 2056 5418 ut
2076 5362 2410 5434 symbolum,
2441 5375 2486 5414 a'
2510 5373 2764 5430 corpore.

2017 5497 2107 5552 20.
2185 5497 2225 5529 "
2269 5495 2443 5552 Exod.
2487 5511 2582 5561 HI,
2636 5493 2722 5548 i6.

1811 5610 2048 5669 NCT/f3.

335 5745 344 5754 ν
388 5721 502 5794 (13)
547 5721 606 5776 Ὀ
639 5717 844 5794 ’Ὀμηελ
889 5725 946 5774 ἰν
969 5723 1110 5794 στίγ.
1147 5730 1194 5774 υ⁹
1238 5723 1335 5790 τῆς
1366 5723 1408 5794 β’
1605 5727 1699 5795 τῆς
1751 5727 1928 5782 Ίλιέιδ.
