4050 6212
424 262 529 332 Ἰῗιι
1570 316 1578 321 .
1726 259 2023 323 ΡΒΟΟΟΡῙ

2121 259 2367 320 GAZZEI
3026 275 3038 289 ο
3584 246 3696 320 752

507 380 666 447 Quod
700 378 896 434 dicitur
933 395 946 430 :
982 376 1056 436 Ut
1125 379 1276 434 olera
1317 377 1586 449 graminis
1623 377 1803 435 edetis
1832 381 1902 444 ²¹,
1937 396 1954 429 ι
1981 385 2133 445 etc.;
2170 377 2320 432 hunc
2354 375 2523 431 habet
2556 390 2784 433 sensum
2820 375 2978 432 :vult
3021 375 3405 432 demonstrare
3442 375 3692 439 Noaeho,

435 468 579 538 quod
620 481 845 547 gramen
876 466 947 520 sit
977 474 1127 520 terra
1162 472 1218 521 et
1253 481 1320 520 ex
1352 474 1499 521 terra
1542 472 1888 536 prorumpat.
1922 463 2075 531 Quod
2108 478 2241 519 vero
2267 462 2620 533 sanguinem,
2656 462 2753 533 qui
2777 478 3002 534 quoque
3032 479 3095 518 ex
3139 472 3288 518 terra
3328 461 3639 533 proveniat,
3665 475 3694 511 a

432 554 763 623 corporibus
791 546 1216 622 segregandum‘
1237 554 1550 623 praecipiat,
1578 554 1632 607 id
1661 552 1785 606 ideo
1810 550 1955 615 ﬁeri,
1984 559 2045 605 ut
2070 551 2298 621 sanguis
2333 550 2407 606 sit
2437 551 2600 620 quasi
2637 551 2949 621 sym'bolum
2977 550 3175 605 animae
3205 549 3478 604 humanae.
3518 546 3693 602 Simul

435 640 656 712 qttoqtie
683 640 1020 705 declaratur,
1057 638 1207 711 quod
1248 649 1603 709 comparatur
1635 640 1817 694 brutis
1852 638 2207 704 animalibus,
2252 645 2509 708 respectu
2547 638 2779 702 mortis,
2817 637 2985 692 homo
3010 679 3024 703 ,
3069 637 3199 691 licet
3236 636 3421 706 quoad
3455 644 3696 690 mentem

437 732 597 798 longe
621 728 713 782 illa
749 728 1067 781 antecedat.
1104 727 1204 781 Sin
1246 737 1429 781 autem
1459 737 1647 798 spreta
1678 734 1861 782 mente
1887 734 2155 797 sequatur
2176 725 2530 779 turbulentos
2559 722 2811 792 aﬂ'ectus,
2840 739 2939 794 per
2969 723 3160 778 omnia
3189 722 3534 778 assimilatur
3576 720 3696 776 bel—

438 816 564 869 luis.
596 813 732 868 Nam
766 814 950 883 qualis
983 821 1067 868 est
1092 828 1243 868 mors
1273 815 1516 877 illarum,
1548 814 1730 885 inquit
1760 813 2073 883 Scriptura,
2109 812 2236 868 talis
2266 822 2352 867 est
2383 826 2535 867 mors
2566 811 2739 867 illius.

508 921 612 989 Qui
662 935 794 975 vero
844 921 997 975 nullo
1044 921 1259 976 delectu
1309 908 1524 986 habito,
1575 936 1678 976 nec
1724 936 2022 992 perpessus
2055 907 2098 965 Α

2207 919 2268 972 '0
2293 919 2349 972 δὲ
2378 919 2558 984 ὲξίσου
2582 922 2695 982 τοῖς
2727 920 2925 991 κρέασι
2953 936 3047 974 και
3067 920 3144 992 τῷ
3173 920 3369 991 αἵματι
3395 917 3700 989 χρώμενος,

440 1017 558 1083 lege
588 1012 777 1067 divina
807 1022 915 1065 tam
948 1012 1214 1068 carnibus
1246 1028 1411 1083 quam
1441 1013 1715 1084 sanguine
1735 1014 2021 1068 victitave-

2129 1009 2574 1081 ὲξολοθρεύεται,
2636 1011 2922 1064 τουτέστιν
2967 1013 2997 1064 6
3037 1011 3326 1081 γινόμενος
3376 1008 3547 1079 σὰρξ,
3610 1010 3706 1062 καὶ

440 1105 533 1169 rit,
579 1103 984 1167 eradicabitur,
1043 1103 1097 1157 id
1128 1113 1232 1168 est,
1280 1104 1378 1173 qui
1418 1103 1646 1172 penitus
1694 1105 2021 1174 exsequitur

2129 1099 2369 1171 φθείρων
2419 1101 2500 1163 είς
2560 1100 2742 1171 σάρκα
2769 1101 2831 1154 τὺ
2868 1101 3081 1172 νοερὸν,
3134 1101 3227 1155 καὶ
3276 1100 3338 1154 τὸ
3386 1098 3704 1169 ὲμφυσηθὲν

439 1196 719 1252 dictamen
751 1195 960 1257 carnis,
997 1207 1107 1261 qua
1141 1192 1581 1263 impiersuii‘ocat
1610 1203 1851 1249 mentem
1875 1194 2022 1249 divi-

2119 1191 2199 1253 εἰς
2233 1190 2348 1244 ἴσον
2377 1188 2454 1260 τῷ
2482 1189 2775 1251 πλασθέντι
2833 1191 3141 1257 καθέλκων,
3174 1191 3268 1245 καὶ
3290 1189 3531 1256 δοξάζων
3560 1187 3705 1242 οὕτω

440 1287 595 1340 nitus
618 1285 972 1355 inspiratam,
1011 1298 1133 1353 qua:
1163 1295 1248 1339 est
1275 1284 1459 1354 imago
1491 1285 1588 1340 Dei
1618 1285 1721 1355 (sic
1741 1287 1888 1340 enim
1920 1301 2024 1343 nos

2123 1281 2255 1352 περὶ
2293 1280 2496 1351 ψυχῆς.
2533 1280 2592 1334 '0
2622 1280 2733 1352 γὰρ
2778 1280 2921 1334 κατά
2946 1283 3129 1353 σάρκα
3177 1282 3286 1346 ζῶν
3317 1280 3699 1339 ἀποθανεῖται.

441 1374 593 1442 loqui
630 1372 698 1427 de
722 1371 906 1425 anima
939 1372 1143 1440 decet),
1177 1386 1415 1441 eamque
1446 1371 1761 1426 contemnit
1787 1378 1844 1427 et
1870 1373 2027 1443 igno-

2123 1374 2199 1435 ὡς
2221 1371 2512 1443 τῇἐαυτοῦ
2560 1373 2706 1443 ψυχῇ
2757 1374 2927 1443 τιμὴν
2964 1373 3040 1444 μὴ
3078 1373 3278 1436 διδούς.
3309 1373 3473 1437 Ἤτις
3495 1372 3609 1426 οὐδ’
3634 1372 3701 1425 ἂν

444 1466 680 1520 miniose
704 1463 1031 1527 tractatjs.
1052 1463 1301 1534 inquam,
1334 1464 1625 1531 morietur,
1651 1471 1713 1519 ut
1739 1464 1833 1534 qui
1865 1480 2023 1521 suam

2126 1467 2402 1539 ἐχωρίσθη
2425 1467 2523 1522 τοῦ
2553 1466 2827 1538 σώματος,
2851 1472 2900 1522 εί
2930 1470 3005 1540 μὴ
3027 1469 3117 1522 διὰ
3139 1470 3240 1538 τῆς
3301 1469 3520 1538 ἀπάτης
3548 1465 3706 1534 τεθή-

445 1559 740 1617 dedecoret
780 1564 835 1610 et
871 1555 1205 1611 dehonestet
1237 1556 1505 1609 animam.
1537 1554 1649 1610 Nec
1681 1557 1797 1612 hare
1827 1572 2022 1615 exces~

2133 1577 2312 1630 ρευτο.
2369 1559 2459 1612 Διὸ
2520 1560 2617 1612 καὶ
2644 1596 2653 1609 .
2681 1561 2810 1631 περί
2865 1560 3228 1631 θηρευμάτων
3283 1559 3557 1629 ἐπήνεγκε
3607 1554 3706 1626 τὴν

443 1649 609 1705 sisset
640 1661 902 1717 corpore,
933 1647 979 1702 si
1022 1661 1131 1721 non
1158 1646 1322 1715 quasi
1362 1647 1646 1703 venatoris
1685 1662 1851 1718 opera
1881 1648 2022 1705 fuis-

2128 1649 2419 1723 ἀνθρώπου
2496 1650 2715 1722 ψυχὴν,
2780 1650 2881 1723 τὴν
2952 1651 3318 1723 θηρευθεῖσαν
3382 1646 3702 1717 αἰνιττόμε-

445 1746 528 1793 set
549 1744 732 1807 capta.
766 1734 1122 1805 Quapropter
1157 1734 1304 1789 inter
1336 1734 1454 1796 illa,
1487 1749 1610 1802 qua:
1639 1734 1896 1789 venando
1931 1749 2022 1790 ac-
2129 1758 2239 1805 vo;.

442 1828 768 1897 quiruntur,
799 1824 1290 1881 collocavitetiam
1322 1824 1564 1880 hominis
1586 1825 1829 1880 animam
1866 1825 2150 1900 indagine,
2194 1838 2443 1911 inquam,
2511 1836 2751 1892 cinctam
2791 1844 2849 1893 et
2916 1851 2973 1889 ιιι
3031 1834 3318 1891 venatoris
3387 1838 3705 1903 potestatem

446 1922 744 1976 redactam.
2210 1930 2227 1935 “

516 2016 670 2083 Quod
706 2017 782 2069 ait
820 2032 834 2067 :
872 2034 889 2065 ι
931 2014 1107 2070 Homo
1139 2014 1207 2070 de
1240 2015 1371 2072 (iliis
1406 2016 1577 2072 Israel
1616 2025 1670 2071 et
1710 2017 2023 2088 proselyto-

2203 2018 2282 2072 Δι’
2320 2013 2394 2072 ὧν
2430 2032 2619 2088 φησιν,
2661 2035 2680 2070 ι
2715 2015 3041 2088 Ἄνθρωπος
3073 2014 3182 2068 τῶν
3219 2014 3352 2067 υἱῶν
3367 2010 3582 2084 Ἰσραὴλ
3615 2007 3711 2063 καὶ

443 2126 592 2175 rum,
628 2129 647 2161 ι
678 2120 810 2171 ete.,
856 2108 1137 2178 signiﬁcat
1172 2110 1418 2179 gentium
1453 2124 1581 2165 cum
1624 2111 1900 2167 Israelitis
1932 2125 2025 2165 so-

2131 2112 2239 2167 τῶν
2268 2110 2651 2183 προσηλύτων,
2684 2129 2702 2161 ι
2728 2110 2828 2180 τὴν
2852 2108 2961 2162 τῶν
2986 2107 3158 2162 ἐθνῶν
3195 2106 3332 2177 πρὸς
3370 2104 3459 2159 τὸν
3493 2100 3711 2174 Ἰσραὴλ

445 2201 703 2255 cietatem
737 2208 791 2254 et
823 2198 1303 2254 communionem.
1347 2198 1482 2253 Nam
1511 2209 1565 2255 et
1596 2198 1860 2256 Israelita:
1892 2201 2025 2255 olim

2110 2204 2423 2259 κοινωνίαν
2445 2204 2613 2271 δηλοῖ,
2642 2197 2718 2257 ὧν
2746 2197 2890 2274 ἦσαν
2925 2202 3081 2255 αὐτοὶ
3111 2200 3389 2271 πρότεροι.
3414 2198 3504 2251 Διὸ
3536 2196 3709 2264 λέγει,

449 2292 603 2347 fuere
644 2293 712 2347 de
743 2306 979 2361 corpore
1009 2292 1320 2361 gentilium.
1374 2290 1724 2361 Quapropter
1751 2292 1960 2347 infert:
2000 2312 2018 2343 ι

2141 2316 2159 2349 ι
2184 2296 2306 2349 Τῶν
2334 2293 2747 2365 προσκειμένων
2773 2295 2830 2347 ἐν
2858 2292 3010 2361 ὑμῖν.
3042 2310 3061 2344 ι
3099 2291 3211 2345 Καὶ
3236 2291 3318 2343 ὅτι
3344 2289 3440 2343 τοῦ
3493 2286 3710 2358 Ἰσραὴλ

447 2384 551 2451 Qui
583 2390 879 2438 versantur
911 2384 1058 2438 inter
1074 2398 1175 2439 vos
1205 2382 1493 2454 religionis
1517 2384 1715 2455 gratia.
1760 2402 1778 2435 ι
1842 2384 2029 2454 Siqui-

2133 2387 2322 2455 ῑδιονή
2353 2348 2584 2454 ίνῶσις,
2605 2380 2666 2437 οὒ
2696 2383 2793 2438 καὶ
2852 2348 2908 2437 ai
2950 2380 3229 2453 διαθῆκαι,
3287 2378 3441 2450 δηλοῖ
3489 2348 3708 2444 λέίωνλ

446 2477 572 2531 dem
631 2490 758 2530 vera
793 2473 922 2542 .Βυί-
956 2475 1155 2528 notitia
1194 2474 1338 2528 inter
1366 2474 1520 2529 solos
1563 2473 1669 2528 fuit
1719 2472 2030 2542 Israelitas,

2135 2498 2152 2530 ι
2176 2480 2284 2531 Καὶ
2314 2468 2443 2528 εἶπα
2474 2476 2591 2538 τοῖς
2613 2475 2751 2538 υἱοῖς
2795 2474 3016 2546 Ἰσραὴλ
3038 2513 3053 2540 ,
3083 2469 3232 2543 Αἷμα
3267 2472 3449 2542 πάσης
3505 2469 3711 2540 σαρκὸς

408 2616 414 2623 .
446 2582 682 2637 quorum
719 2575 774 2621 et
804 2572 1138 2620 testamenta
1166 2564 1345 2621 fuere.
1381 2564 1600 2620 Idcirco
1626 2564 1814 2635 inquit
1851 2584 1864 2620 :
1909 2582 1928 2616 ι
1964 2563 2006 2617 Ε

2127 2570 2188 2621 οὐ
2233 2566 2497 2637 φάγεσθε,
2529 2585 2547 2619 ι
2586 2568 2645 2619 ὲν
2694 2565 2989 2639 προσθήκῃ
3018 2558 3087 2619 τά
3116 2564 3246 2636 ἔθνη
3279 2564 3472 2619 ποιῶν.
3498 2564 3619 2616 ὀτι
3652 2558 3710 2614 δὲ

447 2657 561 2713 dixi
596 2658 725 2713 (iliis
773 2655 966 2721 Israel,
999 2654 1333 2726 Sanguinem
1362 2655 1548 2711 omnis
1576 2655 1772 2709 carnis
1798 2669 1906 2710 non
1937 2669 2034 2711 co-

2126 2659 2328 2731 ήμελλε
2382 2662 2693 2730 προτερεῖν,
2754 2659 2851 2711 καὶ
2906 2656 3067 2711 τοῦτο
3108 2656 3400 2727 δηλοῦται,
3450 2655 3593 2710 κατά
3625 2654 3710 2720 τὸ,

448 2750 725 2817 medetis,
782 2766 801 2799 ι
847 2754 986 2812 ete.,
1024 2748 1129 2803 sub
1165 2747 1374 2818 quibus
1416 2746 1606 2802 verbis
1653 2746 2027 2818 signiﬁcatur.

2134 2751 2372 2803 «Ἔσται
2412 2752 2440 2803 ὀ
2473 2748 2815 2820 προσήλυτος
2870 2749 2930 2802 ὲν
2982 2749 3114 2819 ὑμῖν
3171 2749 3250 2812 ei;
3302 2746 3564 2818 κεφαλὴν,
3616 2745 3715 2799 καὶ

446 2855 638 2914 gentes
686 2841 847 2912 quasi
895 2839 1333 2895 additamentum
1386 2837 1667 2910 quoddam
1706 2839 2028 2909 Obrepsisse

2130 2839 2287 2913 ὑμεῖς
2310 2842 2500 2895 ἔσεσθε
2530 2843 2611 2905 εἰς
2632 2841 2819 2912 οὐράν.
2842 2859 2860 2892 ι
2908 2840 3041 2894 Ἰδοὺ
3074 2841 3185 2912 γὰρ
3209 2840 3302 2894 νῦν
3319 2841 3347 2893 6
3381 2839 3479 2910 μὲν
3495 2836 3715 2909 Ἰσραὴλ

451 2937 552 3006 legi
583 2934 806 2990 divinae.
849 2931 1008 3000 Quod
1039 2946 1170 2986 vero
1201 2932 1411 3001 primas
1449 2931 1597 2985 inter
1626 2929 1851 2986 Iudaeos
1892 2947 2027 3002 gen-

2130 2934 2274 2987 κατὰ
2307 2933 2487 3003 σάρκα
2509 2934 2600 3004 ζῇ,
2633 2933 2702 2986 τὰ
2730 2932 2789 2985 δὲ
2815 2931 2944 2999 ἔθνη
2976 2930 3121 2985 κατὰ
3148 2930 3387 3002 πνεῦμα.
3422 2931 3611 3002 Σάρκα
3628 2924 3711 2999 δὲ,

450 3035 535 3080 tes
584 3030 772 3079 essent
811 3022 1107 3087 habiturae,
1142 3021 1451 3077 ostendunt
1493 3021 1782 3092 sequentia
1815 3023 2024 3077 verba:

2131 3021 2287 3089 φασὶ,
2308 3022 2464 3076 καλεῖ
2482 3022 2572 3075 τὸν
2592 3021 2900 3095 ἄνθρωπον,
2925 3021 3154 3075 καθόλου
3180 3022 3355 3092 λέγων
3381 3026 3507 3093 περὶ
3533 3023 3709 3087 ζώων·

456 3136 474 3167 ι
502 3115 627 3169 Erit
658 3114 999 3184 proselytus,
1032 3113 1127 3182 qui
1173 3112 1317 3166 inter
1348 3127 1448 3167 vos
1480 3120 1591 3177 est,
1632 3113 1686 3165 in
1726 3120 1893 3182 caput
1933 3120 2027 3167 :et

2132 3114 2166 3184 ἡ
2198 3112 2307 3184 γὰρ
2334 3113 2481 3184 ψυχὴ
2515 3114 2694 3184 πάσης
2734 3114 2939 3186 σαρκὸς
2964 3109 3105 3184 αἷμα
3134 3115 3303 3169 αὑτοῦ
3341 3117 3492 3168 ἐστιν
3524 3133 3537 3145 ·
3572 3115 3710 3169 ἀλλὰ

452 3222 552 3261 vos
589 3205 746 3260 eritis
791 3206 847 3257 in
880 3202 1127 3271 Lcaudam
1155 3204 1221 3258 ”.
1262 3223 1281 3255 ι
1315 3201 1589 3258 Praeterea
1614 3203 1944 3269 etiamnum,
1984 3204 2029 3259 si

2137 3206 2231 3259 καὶ
2260 3205 2438 3276 ψυχὴν
2455 3205 2543 3258 τὸν
2569 3204 2875 3278 ἄνθρωπον.
2917 3224 2935 3257 ι
2968 3207 3123 3259 Πᾶσα
3149 3206 3259 3278 γὰρ
3287 3207 3433 3278 ψυχὴ
3455 3208 3578 3277 ἥτις
3605 3208 3712 3277 φά-

452 3298 767 3368 ειιοηιριιιῐιι
792 3293 1194 3350 conferendum
1225 3305 1331 3360 est,
1361 3295 1531 3351 Israel
1565 3296 1698 3350 vivit
1730 3296 2031 3351 secundum

1516 3296 1531 3348 l
1565 3296 1698 3350 vivit
1730 3296 2031 3351 secundum
2139 3313 2295 3365 γεται
2331 3296 2674 3367 θνησιμαῖον,
2696 3314 2715 3345 ›
2752 3295 2848 3349 καὶ
2869 3296 2937 3349 τὰ
2966 3297 3112 3367 ἑξῆς.

454 3414 677 3454 carnem
723 3414 736 3451 :
780 3404 835 3450 at
884 3404 1077 3467 gentes
1127 3397 1321 3451 vivunt
1389 3397 1697 3452 secundum
1748 3397 2027 3468 spiritum.
2068 3400 2338 3470 Inquiunt
2367 3399 2616 3470 quidam,
2646 3398 2902 3454 hocloco
2934 3409 3159 3452 carnem
3226 3400 3339 3448 dlCl
3401 3392 3753 3471 nominem;.

418 3505 578 3560 ‘quaz
644 3504 778 3544 caro
818 3487 1216 3544 universaliter
1269 3489 1338 3544 de
1428 3489 1691 3546 onmibus
1734 3479 2072 3561 praedicatur
2147 3492 2546 3549 animantibus.
2605 3491 2743 3547 Nam
2790 3492 2978 3547 anima
3021 3489 3204 3545 omnis
3255 3486 3445 3541 carnis
3490 3485 3719 3556 sanguis

456 3583 579 3655 ejus
609 3594 717 3640 est.
752 3582 950 3637 Anima
980 3592 1245 3653 praeterea
1290 3582 1602 3653 appellatur
1638 3586 1828 3642 homo.
1861 3585 1996 3642 Nam
2024 3606 2037 3643 :
2084 3605 2102 3639 ι
2134 3586 2328 3643 Omnis
2349 3590 2554 3654 anima,
2581 3604 2705 3660 quae
2725 3588 2904 3645 ederit
2933 3586 3190 3650 cadaver,
3233 3601 3252 3636 ι
3286 3591 3397 3638 etc.

531 3703 627 3759 Sic
657 3704 711 3758 in
743 3703 890 3758 libro
928 3700 1209 3757 Geneseos
1239 3699 1443 3771 legitur
1469 3719 1482 3755 :
1517 3719 1536 3753 ι
1567 3701 1637 3756 Et
1671 3711 1830 3759 erant
1859 3718 2055 3762 omnes
2099 3705 2299 3762 animae
2323 3747 2340 3775 ,
2369 3722 2495 3778 quae
2526 3723 2590 3763 ex
2620 3706 2792 3763 Jacob
2827 3718 3141 3779 progressa!
3166 3710 3344 3768 erant,
3368 3697 3719 3770 septuaginta

459 3792 705 3862 quinque
734 3789 802 3844 “.
839 3807 857 3840 ι

491 3924 498 3933 ’
530 3905 664 3972 Quae
697 3920 827 3960 vero
871 3903 1139 3959 dicuntur
1179 3904 1246 3959 de
1279 3902 1571 3962 abluendis
1615 3905 1885 3973 vestibus,
1932 3908 2090 3969 huc(

2180 3916 2186 3923 ’
2222 3910 2286 3964 Ἦ
2316 3910 2511 3975 πλύσις
2530 3911 2637 3965 τῶν
2661 3911 2895 3982 ἱματίων
2926 3910 3076 3980 καὶῆ
3104 3886 3307 3971 λοῦσις,
3339 3904 3440 3975 τὴν
3488 3900 3598 3959 ἀπὸ
3631 3918 3716 3955 νε-

460 4001 758 4070 pertinent,
806 4004 865 4052 ut
902 3998 1159 4054 eluamus
1201 3997 1489 4054 mortifera
1533 4012 1725 4069 opera,
1770 4000 1867 4071 qui
1916 4002 2043 4070 puri

2139 4001 2289 4073 κρῶν
2310 4002 2490 4073 ἔργων
2524 4002 2800 4074 κάθαρσιν
2825 4001 3004 4073 δηλοῖ,
3048 3999 3144 4070 τὴν
3178 3999 3268 4052 διὰ
3288 3994 3517 4066 λουτροῦ
3580 3996 3715 4046 ἀπο-

464 4092 809 4163 reperiamur
852 4090 906 4145 in
940 4090 1134 4145 futuro
1174 4091 1406 4146 saculo.
1441 4088 1575 4145 Nam
1609 4092 1832 4163 inquit:
1873 4110 1892 4143 ι
1929 4091 2039 4146 Im-

2137 4094 2468 4166 τελουμένην
2520 4096 2601 4158 είς
2647 4095 2740 4149 τὸν
2780 4093 3047 4164 μέλλοντα
3095 4090 3291 4144 αἰῶνα.
3324 4108 3343 4139 ι
3384 4085 3714 4155 Ἀκάθαρτος

461 4199 637 4253 purus
674 4182 783 4237 erit
826 4196 1007 4250 usque
1051 4180 1122 4235 ad
1168 4196 1479 4251 vesperam,
1534 4189 1588 4236 et
1629 4196 1802 4251 purus
1841 4181 1973 4236 erit.
2014 4200 2032 4233 ι

2136 4184 2265 4255 γὰρ,
2326 4187 2511 4255 φησὶν,
2558 4184 2713 4238 ἔσται
2772 4185 2879 4248 ἕως
2935 4184 3238 4253 ἑσπέρας.»
3286 4177 3522 4247 Ἑσπέρα
3557 4175 3614 4228 δὲ
3650 4174 3713 4228 τὸ

464 4271 709 4344 Vespera
799 4270 1092 4341 portendit
1189 4270 1759 4325 consummationem.
1832 4270 2044 4327 Idcirco

2144 4274 2316 4340 τέλος.
2352 4278 2462 4349 (14)
2488 4278 2595 4332 Καὶ
2623 4280 2651 4331 6
2683 4285 2757 4348 μὴ
2783 4275 3138 4346 λουσάμενος,
3208 4271 3344 4343 μηδὲ
3386 4268 3484 4340 τὴν
3514 4267 3571 4322 ἑν
3601 4265 3715 4336 (I5)

461 4378 637 4434 agnus
665 4362 1060 4416 immolabatur
1080 4359 1188 4415 sub
1219 4374 1505 4429 vesperam
1534 4361 1748 4415 mundi.
1774 4360 1879 4427 Qui
1909 4376 2041 4417 vero

1960 4376 2041 4417 :l'o
2146 4365 2416 4436 πνεύματι
2437 4366 2620 4421 λαὸὼν
2651 4367 2877 4436 ἐσθῆτα,
2918 4365 3150 4436 λήψεται
3179 4363 3276 4434 τὴν
3308 4359 3559 4432 ἀνομίαν.

465 4471 574 4510 ιιοιι
610 4455 779 4509 fuerit
805 4454 978 4515 lotus,
1000 4449 1101 4505 sed
1134 4450 1457 4504 immundus
1482 4450 1692 4516 illuvie,
1723 4466 1824 4507 nec
1846 4452 2087 4509 induerit
2111 4456 2456 4527 splendidum
2490 4459 2776 4526 vestitum,
2810 4459 3026 4515 scilicet
3086 4458 3146 4512 in
3212 4456 3435 4529 spiritu,
3502 4455 3572 4517 is,
3634 4452 3721 4507 in-

460 4562 647 4619 quam,
675 4544 912 4613 accipiet
950 4556 1107 4599 suam
1132 4540 1501 4611 iniquitatem.

533 4660 664 4713 Ideo
696 4658 924 4711 fertur:
967 4675 985 4707 ι
1022 4653 1129 4721 Qui
1165 4669 1275 4709 non
1316 4653 1483 4709 fuerit
1510 4662 1674 4708 natus
1702 4654 1758 4708 in
1789 4671 1933 4727 aqua
1961 4666 2015 4714 et
2038 4662 2263 4731 spiritu,
2292 4662 2350 4718 in
2382 4678 2608 4736 regnum
2642 4663 2878 4720 caeleste
2904 4677 3012 4718 non
3047 4661 3392 4732 ingredietur
3425 4661 3506 4727 "i;
3546 4680 3566 4712 ι
3603 4660 3723 4731 qui-

464 4750 566 4824 bus
598 4746 782 4802 verbis
808 4744 1194 4816 perceliuntur
1225 4741 1383 4812 impii
1409 4748 1463 4796 et
1497 4740 1791 4797 increduli.

537 4857 606 4912 Et
634 4858 688 4911 in
707 4856 952 4926 legitimis
970 4872 1153 4909 eorum
1177 4871 1278 4908 non
1309 4852 1678 4920 ambulabitis,
1698 4862 1806 4911 etc.
1826 4854 2052 4928 [XVIII,'

2212 4862 2415 4935 Πορεία
2465 4864 2573 4933 γάρ
2603 4881 2689 4928 τις
2741 4862 3152 4934 ἐκτετριμμένη
3212 4862 3314 4932 τῆς
3374 4860 3718 4929 εὐσεϐείαςή

464 4950 546 5023 5.]
587 4948 724 5003 Nam
759 4949 969 5003 malitia
1010 4950 1127 5003 sive
1165 4954 1455 5017 peccatum
1500 4954 1587 5002 est
1632 4948 1740 5002 iter
1766 4950 2042 5018 quoddam

2142 4955 2399 5027 πονηρία,
2433 4955 2502 5026 ἢν
2535 4958 2755 5019 ἑαυτοῖς
2814 4956 3115 5024 ἐπενόησαν
3166 4954 3464 5023 ἄνθρωποι,
3504 4951 3604 5021 τὴν
3626 4949 3720 5002 τοῦ

465 5042 682 5104 tritum,
727 5039 873 5109 quod
918 5038 1198 5093 exorbitat
1230 5053 1258 5090 a
1292 5044 1443 5091 recta
1478 5046 1531 5090 et
1570 5036 1721 5107 regia
1760 5040 1867 5093 via.
1903 5038 2043 5094 Illud

2148 5045 2284 5100 Θεοῦ
2317 5046 2545 5120 πορείαν
2568 5048 2662 5101 καὶ
2683 5047 2825 5100 κατά
2871 5047 3034 5115 φύσιν
3063 5046 3317 5114 ἀφέντες,
3342 5044 3439 5097 καὶ
3460 5041 3558 5112 τὴν
3586 5040 3722 5093 ἰδίαν

467 5137 569 5188 iter
599 5132 988 5200 excogitarunt
1012 5138 1067 5184 et
1101 5132 1433 5184 invenerunt
1460 5128 1567 5183 sibi
1596 5128 1872 5199 homines,
1909 5132 2042 5187 reli-

2151 5139 2736 5211 ἀντινομοθετήσαντες
2768 5139 2830 5203 ἐξ
2879 5137 3222 5201 ἀποστασίας
3271 5133 3589 5206 ἀρξαμένην
3619 5130 3720 5200 τῆς

465 5233 556 5280 cta
609 5222 800 5277 divina
843 5230 897 5276 et
931 5221 1178 5276 naturali
1222 5221 1331 5275 via.
1364 5219 1606 5275 Proinde
1647 5221 1885 5292 ingressi
1912 5232 2043 5279 sunt

2149 5231 2295 5287 κατά
2320 5231 2410 5286 τδν
2446 5232 2636 5303 Ἀδάμ.
2676 5232 2768 5284 Διὸ
2797 5228 2979 5297 ξένους
3016 5229 3125 5284 τῶν
3150 5232 3207 5282 ὲν
3237 5224 3548 5298 ἀνθρώποις
3582 5220 3719 5276 ἐθῶν

538 5341 581 5370 ’³
638 5339 776 5395 Gen.
830 5353 907 5402 ix,
939 5335 995 5391 5.
1073 5334 1120 5366 ⁸³
1165 5333 1327 5390 Deut.
1360 5333 1669 5399 suum“.
1746 5334 1794 5366 ⁸⁸
1830 5335 1967 5391 Gen.
1991 5318 2136 5398 mi,

1165 5333 1327 5390 Deut.
1360 5348 1555 5399 xxvm,
1580 5333 1669 5390 44.
1746 5334 1794 5366 ⁸⁸
1830 5335 1967 5391 Gen.
1991 5318 2136 5398 sur,
2162 5333 2252 5411 27.
2287 5340 2332 5374 ³³
2356 5339 2518 5395 Joan.
2568 5358 2651 5408 ιιι,
2688 5340 2739 5395 5.

1962 5426 2195 5484 NOTAE.

541 5525 655 5639 $14)
690 5523 937 5592 Ἐσπέρα
953 5522 1063 5601 γυὰρ
1086 5520 1149 5572 τὸ
1184 5517 1356 5580 τέλος.
1390 5516 1480 5599 an:
1510 5517 1603 5605 καὶ
1628 5518 1816 5606 “disab;
1857 5518 2045 5604 ἐθύετο
2225 5524 2338 5594 (15)
2372 5525 2483 5596 Τὴν
2514 5524 2747 5596 φαιδρὰν
2774 5523 2979 5592 ἐσθῆτα
3010 5517 3332 5610 μεταλαρὼν
3360 5516 3458 5591 τὴν
3479 5515 3542 5574 ἐν
3567 5486 3742 5595 nica:

541 5613 606 5639 nc
640 5594 879 5639 ὲππέοαν
908 5609 1002 5639 του
1028 5589 1471 5639 κόσμουιπαθων.
1556 5590 1595 5639 0
1621 5589 1678 5639 οὲ
1712 5607 1784 5639 u'n
1810 5591 2038 5639 λουσαυ..
2157 5613 2299 5639 ιιριιτιΔ
2338 5596 2564 5639 liene-mi
2596 5596 2694 5639 risv
2713 5594 2943 5639 ἀνομίαν
2977 5609 3166 5639 αυτου-
3230 5594 3271 5639 Ο
3302 5592 3422 5639 αὐτ.

472 5589 606 5667 πρῦς
640 5589 882 5718 έσπέρὲν
908 5594 1002 5645 τοῦ
1028 5589 1471 5657 κόσμουιπαθών.
1539 5589 1595 5641 '0
1621 5589 1678 5641 δὲ
1711 5592 1785 5662 μὴ
1810 5591 2038 5660 λουσάμ.
2155 5589 2565 5666 ματι,’λήᾇεται
2596 5589 2694 5666 τῆν
2713 5589 2943 5666 ἀνομίαν
2977 5589 3166 5647 αυτοῦ.
3213 5590 3271 5645 ⁸0
3302 5589 3422 5646 αὐτ-ζ

472 5664 635 5720 utﬁt)
658 5664 764 5733 ’τῆς
796 5704 811 5718 .
844 5666 932 5730 ὑγ.
963 5662 1092 5716 κώό.
