4050 6212
338 251 444 315 7ἶ3
1346 254 1883 327 COMMENTARII
1914 260 1998 323 IN
2039 260 2479 323 LEVITICUM.
3500 262 3601 327 7M

338 366 464 429 τοὺς
494 366 659 435 ἰδίους
696 376 858 440 ποιεῖ,
890 375 1220 449 ἀποτρέπων
1238 372 1361 430 ὀδοῦ
1386 373 1496 428 τῶν
1524 373 1651 428 ὅθεν
1673 369 1921 443 ἐξῆλθον,
1950 380 2000 437 Α
2025 372 2117 427 itet

1973 381 2000 436 ι
2025 372 2134 427 iter
2173 372 2518 428 contrarium
2553 370 2755 428 divinae
2786 371 2922 439 viae;
2955 378 3008 428 et
3049 372 3193 429 istud
3220 374 3401 428 secuti
3445 386 3598 436 sunt,

339 459 432 512 καὶ
470 460 551 523 εἰς
578 460 674 527 οὓς
696 467 1134 539 εἰσπορεύονται.
1168 527 1181 539 ,
2020 462 2117 519 tam

2020 462 2167 519 facto
2196 463 2359 518 initio
2393 478 2422 517 a
2456 463 2703 533 primaevi
2736 463 2980 518 hominis
3023 463 3249 523 delicto.
3296 464 3422 523 Ideo
3456 464 3600 520 Deus

340 554 587 610 ostendit
613 572 744 615 suas
771 561 1201 617 consuetudines
1227 558 1526 631 plurimum
1554 548 1829 616 diti'erre'a
1869 556 2369 615 consuetudinibus
2400 556 2708 621 hominum,
2744 557 3178 627 adhortaturque
3200 567 3259 611 ut
3284 559 3510 613 redeant
3543 559 3595 612 in

338 646 504 714 viam,
546 662 614 702 ex
653 663 761 719 qua
799 648 1134 707 deﬂexerant
1163 649 1353 721 impie.
3054 634 3067 643 ’

512 757 578 815 Et
651 762 886 820 habetur
918 764 974 819 in
1007 764 1231 821 Psalmo
1262 784 1275 820 :
1312 784 1331 817 ι
1366 765 1506 821 Vide
1532 781 1601 820 an
1628 767 1717 820 via
1745 765 2058 836 iniquitatis
2100 765 2170 819 sit
2202 764 2256 818 in
2286 778 2395 828 me,
2434 770 2488 818 et
2514 763 2622 818 duc
2655 778 2743 817 me
2772 765 2828 819 in
2866 766 3062 820 semita
3089 772 3297 820 aeterna
3330 765 3398 820 “.
3437 764 3594 819 Pert-

338 850 420 905 bit
447 850 598 905 enim
627 849 926 921 impiorum
952 852 1041 906 via
1073 853 1117 883 ”
1149 870 1161 906 :
1195 871 1214 905 ι
1249 862 1302 908 et
1330 853 1480 917 illos,
1504 852 1599 922 qui
1636 867 1734 922 per
1753 853 1898 907 hanc
1928 852 2209 920 incedunt,
2226 851 2432 907 Paulus
2463 859 2624 906 vocat
2649 852 2884 921 perditos
2920 853 3169 920 ".tQuae
3200 853 3411 910 faciens
3435 853 3598 908 homo

341 938 489 993 vivet
517 938 571 992 in
599 937 705 1001 eis,
733 959 751 991 ι
780 949 889 995 etc.
921 938 1059 993 Nam
1089 949 1148 995 et
1197 942 1281 996 lex
1327 954 1551 1010 quoque
1589 939 1761 993 vitam
1806 940 2101 1011 pollicetur
2134 958 2147 993 :
2179 946 2235 992 et
2280 935 2539 992 Salvator
2580 939 2849 1008 quaerenti
2896 940 3066 994 vitam
3114 939 3427 1011 praescribit
3468 939 3601 1009 legis

342 1042 535 1097 opera.
569 1026 868 1094 Ceterum,
918 1036 982 1083 ut
1010 1043 1113 1084 nos
1154 1029 1224 1083 ab
1259 1028 1365 1083 hac
1399 1029 1513 1083 vita
1538 1028 1594 1082 in
1624 1035 1888 1083 aeternam
1934 1026 2176 1081 deducat
2210 1024 2586 1089 Christus,ita
2611 1027 2859 1095 loquitur
2898 1045 2911 1081 :
2954 1042 3102 1093 eum,
3127 1043 3288 1098 quem
3325 1043 3435 1084 non
3457 1028 3597 1083 libe-

342 1131 464 1170 rum
510 1114 707 1170 fecerit
734 1113 936 1179 Filius,
975 1132 1083 1171 non
1116 1131 1342 1173 manere
1374 1116 1429 1170 in
1461 1117 1624 1171 domo
1665 1116 1719 1170 in
1757 1114 1923 1185 359
1952 1122 2222 1169 aeternum
2251 1111 2320 1166 ”.
2359 1110 2644 1182 Siquidem
2680 1128 2877 1168 servus
2903 1114 2994 1177 sit,
3039 1121 3093 1169 et
3118 1116 3298 1170 adhuc
3343 1122 3599 1169 teneatur

341 1213 396 1257 et
429 1202 766 1258 sollicitctur
798 1203 985 1259 servili
1026 1212 1174 1259 metu
1206 1220 1221 1258 :
1262 1204 1676 1274 plurimumque
1709 1201 1988 1271 discrepet
2022 1217 2053 1255 a
2082 1200 2219 1266 (ilio,
2251 1198 2344 1269 qui
2372 1199 2627 1254 libertate
2657 1207 2711 1254 et
2750 1201 2989 1255 veritate
3015 1188 3242 1255 fruitur.

415 1292 470 1346 Ν
474 1294 613 1348 ullus
634 1294 705 1347 ad
721 1296 1073 1365 propinquum
1095 1297 1271 1351 carnis
1289 1313 1398 1351 sum
1416 1295 1653 1363 accedat,
1676 1302 1782 1349 etc.
1804 1291 2019 1365 [XVIIL
2036 1290 2116 1365 6.]
2140 1292 2265 1360 Vult
2295 1299 2356 1345 ut
2384 1291 2652 1363 sanguine
2678 1292 2840 1348 nobis
2872 1294 3186 1363 conjunctis
3222 1295 3474 1365 personis
3503 1312 3602 1350 sua

344 1381 657 1436 reverentia
693 1390 746 1435 et
778 1382 1023 1450 gravitas
1051 1391 1424 1438 conservetur
1456 1383 1692 1438 illibata.
1730 1380 2004 1437 Praeterea
2049 1379 2347 1449 diligenter
2384 1379 2517 1449 agit,
2562 1389 2624 1433 ut
2668 1380 2886 1451 singula
2917 1396 3118 1452 genera
3161 1398 3272 1437 non
3301 1383 3599 1456 dcturpen~

346 1476 437 1521 tur
459 1466 814 1531 confusione,
872 1469 1093 1524 scilicet
1130 1485 1201 1525 ne
1256 1469 1403 1525 filius
1452 1470 1525 1525 sit
1555 1468 1807 1539 ejusdem
1840 1468 2057 1531 matris,
2105 1468 2265 1536 cujus
2317 1465 2464 1521 filius
2514 1474 2621 1529 est,
2678 1468 2847 1522 etiam
2902 1469 3181 1524 maritus:
3219 1479 3273 1525 et
3308 1485 3377 1525 ne
3406 1471 3475 1534 is,
3508 1471 3600 1540 qui

345 1562 503 1625 pater
529 1564 613 1609 est
647 1554 894 1623 alicujus
919 1556 1066 1622 illim,
1090 1557 1340 1628 ejusdem
1375 1556 1501 1612 ﬁlim
1533 1572 1754 1628 quoque
1784 1556 1857 1611 sit
1899 1555 2156 1610 maritus.
2195 1553 2321 1609 llaec
2345 1562 2399 1610 et
2432 1553 2518 1608 his
2550 1553 2751 1607 similia
2792 1555 3088 1624 generibus
3120 1571 3373 1627 magnam
3402 1557 3597 1628 impOr-

345 1647 461 1695 tant
497 1642 903 1715 confusionem,
933 1657 1059 1697 cum
1093 1643 1359 1699 decorum
1392 1658 1504 1699 non
1537 1646 1893 1700 observatur.
1945 1641 2084 1696 Nam
2124 1657 2291 1698 nemo
2322 1649 2611 1698 reveretur
2639 1642 2764 1697 illas
2804 1657 3096 1711 personas,
3130 1659 3255 1699 cum
3284 1645 3485 1714 quibus
3511 1661 3612 1714 per

344 1728 524 1796 stupri
560 1728 1020 1785 consuetudinem
1046 1729 1446 1786 commiscetur
1478 1747 1494 1786 :
1534 1730 1645 1785 imo
1686 1730 1866 1799 pudor
1895 1737 1950 1784 et
1985 1729 2294 1785 reverentia
2327 1729 2519 1801 omnis
2558 1729 2864 1783 evanescit.
2899 1729 3129 1784 Etiamsi
3158 1730 3284 1799 quis
3316 1731 3607 1794 concedat,

345 1824 405 1867 ut
429 1814 555 1884 quis
593 1830 702 1869 rem
734 1815 955 1880 habeat,
991 1816 1087 1872 sed
1121 1817 1188 1871 ad
1214 1816 1379 1871 breve
1409 1823 1648 1886 tempus,
1687 1831 1815 1871 cum
1873 1815 2105 1870 muliere
2134 1829 2326 1870 severa
2355 1823 2411 1870 et
2440 1815 2644 1885 pudica
2692 1833 2707 1869 :
2745 1814 3116 1872 nihilominus
3163 1818 3346 1887 pudor
3375 1823 3430 1872 et
3455 1833 3613 1873 reve-

346 1902 521 1956 rentia
550 1902 1002 1973 exstinguuntur.
1034 1903 1154 1969 Quo
1177 1903 1327 1959 circa
1365 1902 1577 1960 Paulus
1616 1903 2020 1959 continentiam
2055 1909 2343 1979 nuncupat
2375 1902 2663 1959 honestam
2690 1901 2757 1955 '°.
2795 1900 2866 1957 Ut
2911 1912 3097 1959 autem
3134 1904 3339 1961 timore
3368 1904 3610 1976 quodam

309 1991 701 2047 -inhibcanlur
733 1991 802 2046 ab
834 1991 1118 2062 impudico
1154 1992 1249 2047 illo
1272 1992 1598 2056 concubitu,
1635 1991 1790 2047 addit
1826 2011 1840 2046 :
1878 2010 1898 2043 ‹
1928 1992 2042 2062 Ego
2075 1989 2363 2047 Dominus.
2400 2009 2419 2042 ι
3280 1994 3293 2001 ”

414 2106 487 2159 Τὸ
511 2106 569 2160 δὲ
594 2106 693 2177 τῆς
720 2106 1065 2177 ὁμοπατρίας
1090 2106 1349 2179 ᾁδελφῆς,
1383 2106 1459 2170 ὡς
1483 2106 1573 2160 διὰ
1624 2105 1920 2177 συνήθειαν
1949 2092 1997 2150 Α
2093 2107 2117 2172 (

1973 2093 1997 2150 ι
2093 2107 2226 2174 Quae
2254 2107 2549 2163 traduntur
2579 2110 2647 2163 de
2697 2122 2891 2164 sorore
2927 2123 2993 2163 ex
3028 2108 3224 2164 eodem
3274 2116 3430 2178 patre
3469 2116 3613 2174 orta,

344 2198 804 2269 καταφρονεῖσθαι
831 2199 1158 2269 δυνάμενον·
1181 2200 1263 2253 διὸ
1293 2201 1386 2253 καὶ
1406 2199 1595 2268 ἔλεγεν
1641 2199 1919 2271 Ἀϐραὰμ,
2034 2196 2117 2250 Illi]

2034 2196 2183 2250 hunc
2234 2194 2539 2266 praeferunt
2591 2212 2839 2263 sensum,
2885 2197 3044 2267 quasi
3097 2198 3271 2268 ipsam
3320 2199 3447 2267 quis
3488 2213 3619 2252 con-

349 2309 368 2341 ι
409 2288 636 2359 Ἀδελφὴ
684 2288 794 2358 γάρ
855 2288 956 2357 μού
997 2290 1115 2343 ἐστι
1149 2288 1287 2359 πρὸς
1309 2289 1539 2358 πατρὸς,
1566 2287 1628 2341 οὐ
1657 2287 1793 2361 πρὸς
1825 2304 1929 2358 μη·
2035 2295 2117 2341 tc‘n

2035 2295 2283 2342 temnere
2312 2286 2488 2356 possit
2519 2296 2744 2357 propter
2774 2286 3110 2357 quotidianae
3153 2288 3277 2342 vitae
3315 2295 3618 2342 consuetu-

343 2380 489 2451 τρός.
544 2399 563 2432 ι
622 2378 900 2451 Προῦταξέ
950 2398 1012 2434 τε
1062 2382 1163 2451 τῆς
1229 2382 1360 2451 περὶ
1409 2380 1516 2450 τῆς
1594 2381 1735 2450 πρὸς
1812 2395 1920 2449 μη·
2033 2378 2117 2432 (illi

2033 2378 2240 2433 dinem.
2290 2376 2471 2431 Nimia
2524 2377 2797 2447 siquidem
2858 2376 3207 2433 familiaritas
3243 2387 3616 2448 contemptum

343 2471 471 2538 τρδς
521 2469 757 2542 ἀδελφῆς
782 2471 1233 2543 ,ἀπαγορεύσεωᾳ
1268 2514 1281 2539 ,
1341 2471 1438 2523 καὶ
1483 2469 1693 2545 προῖὼν
1751 2471 1918 2523 ἐπαν-
2033 2482 2117 2538 pat

2033 2468 2202 2538 parit.
2238 2467 2453 2523 Idcirco
2487 2468 2768 2522 Abraham
2799 2468 3017 2524 dicebat
3050 2485 3063 2523 :
3096 2467 3265 2523 Sordr
3292 2484 3411 2524 mea
3443 2476 3525 2522 est
3552 2485 3618 2521 ex

346 2560 531 2615 ἔλασε.
1201 2573 1208 2580 ’
1932 2610 1942 2621 ,
2036 2569 2117 2630 pal

2036 2568 2218 2630 patre,
2252 2568 2307 2614 at
2335 2575 2443 2614 non
2467 2575 2535 2615 ex
2564 2568 2741 2614 matre
2770 2560 2839 2612 3‘.
2873 2578 2893 2609 ι
2942 2560 3213 2617 Caeterum
3246 2562 3353 2615 hoc
3388 2561 3618 2614 interdi-

346 2659 520 2717 ctum,
561 2651 607 2706 si
633 2650 887 2706 ordinem
949 2649 1242 2719 respicias,
1284 2649 1469 2719 priore
1486 2644 1613 2702 loco
1643 2647 1849 2717 posuit,
1881 2652 1935 2701 et
1972 2645 2146 2716 legem
2178 2647 2244 2703 de
2270 2663 2381 2701 non
2426 2647 2677 2703 ducenda
2751 2661 2944 2701 sorore
2998 2663 3062 2702 ex
3151 2656 3328 2704 matre
3377 2648 3620 2704 secundo

349 2742 473 2798 loco
504 2743 704 2798 locavit
724 2751 778 2798 et
814 2743 964 2798 illam
997 2743 1053 2797 in
1091 2740 1450 2813 sequentibus
1480 2739 1753 2809 repetivit.

421 2857 556 2928 Περὶ
582 2858 845 2925 γυναικὸς
875 2857 1184 2927 ἀλλοτρίας,
1215 2856 1292 2919 ὡς
1322 2853 1587 2927 ἀκριϐοῦς
1640 2854 1921 2927 μολυσμοῦ
2107 2857 2117 2904 1

2107 2853 2240 2907 Cum
2278 2866 2410 2907 vero
2445 2853 2610 2908 vellet
2642 2855 2935 2912 ostendere
2964 2857 3239 2913 hominem
3293 2859 3462 2930 pollui
3494 2877 3623 2933 gra-

350 2946 679 3017 προσέθηκε,
706 2947 801 3000 τοῦ
827 2945 1191 3017 ἐκμιανθῆναι
1223 2944 1361 3017 πρὸς
1388 2945 1578 3016 αὐτήν.
2034 2942 2117 2998 vis

2034 2942 2284 3006 vissime,
2323 2943 2369 2998 si
2404 2943 2637 2999 alterius
2683 2960 2808 3000 cum
2857 2962 3030 3003 uxore
3076 2950 3433 3019 concumbat,
3466 2953 3623 3010 addi-

2034 3034 2157 3089 dit:
2197 3053 2214 3086 ι
2248 3033 2319 3089 Ut
2364 3034 2648 3105 polluatur
2682 3051 2807 3092 cum
2842 3054 2929 3095 ea.
2958 3058 2977 3091 ι

437 3123 795 3195 Ἀπαγορεύει
830 3124 967 3194 μηδὲ
989 3123 1100 3177 δύω
1119 3124 1390 3177 συνοικεῖν
1413 3121 1530 3192 ἅμα
1546 3119 1822 3187 ἀδελφαῖς·
1853 3117 1929 3179 ὠς
2108 3123 2117 3177 ]

2108 3123 2372 3180 Prohibet
2407 3141 2649 3197 quoque,
2700 3145 2767 3184 ne
2813 3130 2941 3199 quis
2985 3132 3175 3187 eodem
3212 3142 3455 3204 tempore
3486 3134 3625 3189 duas

357 3229 433 3285 ι..η
464 3213 523 3266 τὸ
558 3214 889 3267 οἰκειότατον
917 3212 1327 3286 πολεμιώτατον
1354 3212 1442 3265 διὰ
1487 3211 1651 3282 ζήλου
1673 3209 1888 3279 γένοιτο
1914 3221 1927 3236 ⁸
2039 3236 2117 3275 ευι

2039 3234 2263 3275 sorores
2295 3218 2347 3272 in
2378 3220 2734 3275 matrimonio
2765 3222 2964 3278 habeat
2995 3241 3008 3279 :
3034 3240 3103 3281 ne
3132 3226 3347 3281 scilicet
3382 3242 3622 3293 sorores,

354 3305 469 3376 (16)
505 3305 598 3360 καὶ
625 3306 686 3360 τὸ
719 3309 784 3378 τῇ
818 3306 1197 3379 καθαιρομένῃ
1228 3307 1492 3371 συνεῖναι,
1521 3304 1609 3357 ἵνα
1636 3302 1736 3374 τὴν
1767 3300 1930 3373 φύσιν
2040 3327 2111 3382 qu

2040 3327 2274 3382 quarum
2305 3320 2389 3368 est
2418 3319 2477 3367 ut
2507 3314 2619 3369 sint
2653 3314 2798 3370 inter
2828 3330 2887 3372 se
2919 3317 3422 3388 conjunctissimae,
3451 3336 3623 3377 aanm-

368 3398 444 3471 μὴ
476 3398 910 3472 ἁπογυμνώσειε.
2040 3403 2109 3459 lat

2040 3403 2247 3459 latione
2280 3412 2595 3474 provocatae
2622 3405 2932 3465 inimicitiis
2972 3410 3198 3466 ardeant
3232 3426 3248 3465 :
3284 3411 3348 3465 Et
3383 3428 3452 3468 ne
3500 3415 3629 3483 quis

1973 3489 2017 3543 Β
2045 3509 2171 3549 cum
2213 3503 2554 3551 menstruata
2604 3500 2936 3556 concumbat
2968 3511 3031 3555 ut
3061 3517 3172 3558 non
3221 3504 3498 3560 reveletur
3531 3522 3628 3559 na-

2043 3594 2188 3640 tura.

368 3740 375 3747 ι
437 3674 790 3744 Ἀπαγορεύει
840 3676 938 3746 τὴν
969 3677 1108 3752 πρὸς
1160 3678 1335 3745 ἄλογα
1391 3674 1561 3746 μῖξιν,
1586 3675 1662 3737 ὡς
1704 3670 1935 3726 αὐτόθεν
2116 3722 2117 3727 η

2116 3676 2420 3731 Damnatur
2450 3686 2504 3732 et
2533 3681 2777 3735 mascula
2811 3680 3021 3746 Venus,
3061 3693 3121 3739 ut
3154 3700 3246 3740 res
3282 3685 3623 3741 absurdissi-

354 3766 577 3829 ἄτοπον,
610 3767 705 3819 καὶ
756 3767 962 3822 ἀτόπου
1000 3769 1219 3839 τρόπων
1279 3766 1587 3823 ἀλλοκότων
1644 3764 1934 3827 κοινωνίας
2046 3783 2117 3821 m:

2046 3783 2130 3821 ma
2159 3776 2212 3822 et
2253 3768 2621 3838 pessimorum
2650 3788 2861 3828 morum
2895 3769 3134 3845 signum.

358 3860 661 3929 σημαντική
670 3876 716 3914 ν.

445 3959 587 4028 Lege
626 3961 895 4026 prmterea
927 3961 1176 4016 cavetur,
1220 3959 1281 4005 ut
1324 3949 1643 4004 abstineant
1678 3946 2476 4019 connubiis-alienigenarum,
2512 3965 2582 4007 ne
2624 3952 2683 4006 iu
2722 3953 3048 4010 servitutem
3084 3955 3261 4016 dediti
3306 3957 3628 4011 inticiantur

354 4048 777 4121 peregrinarum
809 4039 1269 4111 superstitionum
1305 4038 1584 4107 contagio.
1617 4035 1803 4091 Genus
1849 4034 2181 4092 chraicum
2236 4037 2517 4108 quondam
2550 4039 2721 4093 coluit
2754 4040 2921 4108 impie
2946 4040 3161 4096 Moloch
3199 4043 3433 4098 idolum.
3470 4043 3629 4099 Vetat

358 4152 425 4192 ne
455 4134 665 4190 Hebraei
701 4146 834 4187 suos
876 4129 1087 4185 liberos
1132 4127 1267 4183 huic
1322 4125 1471 4181 idolo
1502 4131 1849 4185 consecrent,
1885 4129 1941 4177 et
2007 4134 2294 4176 sacrorum
2340 4123 2626 4179 ministros
2672 4130 3041 4181 constituant.
3094 4128 3231 4182 Nam
3270 4141 3497 4198 propter
3530 4130 3623 4185 illa

357 4226 585 4296 ﬂagitia,
621 4222 828 4292 inquit,
872 4229 1022 4275 terra
1057 4217 1348 4287 indigenas
1382 4214 1648 4269 evomuit.
1687 4211 1971 4283 Siquidem
2030 4211 2084 4266 id
2109 4252 2124 4275 ,
2183 4212 2331 4282 quod
2388 4223 2589 4283 prmter
2615 4223 2872 4269 naturam
2910 4225 3019 4281 est,
3072 4226 3133 4271 ut
3164 4234 3364 4273 causas
3398 4222 3621 4274 morbo-

358 4330 506 4379 rum,
542 4319 742 4366 natura
775 4317 830 4363 et
862 4322 1088 4363 suarum
1112 4313 1499 4359 creaturarum
1532 4301 1817 4370 inspector
1850 4299 1995 4353 Deus
2026 4300 2273 4369 expellit.
2308 4299 2426 4357 Non
2457 4303 2709 4357 rationali
2742 4303 2979 4373 quadam
3018 4305 3235 4361 ratione
3271 4316 3415 4361 terra
3437 4315 3622 4362 extru-

358 4399 438 4452 dit
466 4398 664 4461 malos,
709 4394 806 4450 sed
855 4394 969 4462 ipse
1006 4391 1152 4447 Deus
1202 4391 1331 4445 illos
1365 4388 1517 4458 ejicit
1567 4387 1773 4456 majore
1802 4386 2066 4457 quadam,
2099 4402 2264 4456 quam
2294 4389 2551 4444 rationali
2588 4390 2664 4453 vi,
2701 4405 2825 4444 cum
2878 4392 2950 4445 sit
2996 4394 3215 4447 occulta
3268 4395 3517 4464 qumdam
3568 4405 3622 4465 et

360 4486 659 4541 ineﬂabilis
690 4481 870 4553 ipsius
897 4480 1028 4536 boni
1058 4488 1278 4534 natura.
1309 4477 1429 4532 Non
1461 4477 1631 4548 igitur
1680 4490 1820 4544 opus
1852 4474 2018 4529 habet
2069 4475 2153 4529 vel
2206 4474 2605 4532 deliberatione
2652 4477 2737 4533 vel
2771 4478 3007 4533 ratione.
3044 4478 3181 4534 Nam
3230 4481 3306 4544 td,
3346 4482 3491 4552 quod
3520 4499 3618 4537 sua

359 4582 556 4628 natura
597 4580 651 4626 et
682 4584 782 4641 per
826 4583 887 4624 se
924 4569 1131 4622 bonum
1172 4576 1280 4628 est,
1327 4566 1483 4621 novit
1520 4572 1776 4636 potenter
1806 4564 2091 4617 destruere
2136 4562 2368 4616 malum.
2414 4562 2640 4619 Terram
2673 4565 2938 4634 pollutam
2973 4582 3098 4623 esse
3135 4567 3268 4622 dicit
3299 4567 3443 4630 ideo,
3491 4571 3621 4640 quia

363 4661 598 4729 suscipit
625 4658 833 4723 omnia,
874 4669 998 4725 qua:
1023 4655 1077 4707 in
1103 4654 1222 4724 ipsa
1257 4655 1416 4708 liunt.
1452 4652 1547 4706 Sic
1587 4651 1757 4706 etiam
1794 4650 2034 4704 mundus
2076 4649 2422 4719 inquinatur,
2456 4651 2690 4722 proinde
2734 4668 2957 4722 quoque
3002 4655 3381 4711 innovabitur.
3418 4655 3621 4712 Verum

364 4750 509 4803 Deus
540 4762 652 4800 non
685 4744 977 4815 polluitur.
1006 4742 1128 4796 Non
1170 4742 1314 4797 enim
1352 4742 1407 4795 in
1448 4742 1569 4809 ipso
1614 4746 1765 4804 sunt,
1803 4752 1925 4807 qum
1958 4737 2128 4806 impie
2165 4745 2220 4792 et
2272 4739 2417 4792 male
2457 4750 2746 4809 geruntur,
2783 4739 2879 4794 sed
2916 4750 3069 4794 extra
3117 4741 3304 4810 ipsum
3355 4752 3508 4798 sunt.
3556 4742 3623 4798 At

368 4835 623 4888 Salvator
659 4842 852 4888 noster
881 4844 1006 4884 cum
1051 4843 1160 4883 non
1193 4828 1361 4883 fuerit
1392 4828 1713 4898 inquinatus
1743 4834 1799 4882 et
1827 4834 2237 4892 conspurcatus
2264 4826 2728 4893 quemadmodum
2762 4826 2947 4879 cazteri
2982 4827 3258 4902 homines,
3303 4827 3486 4884 eﬂ‘ecit
3520 4846 3626 4885 suo

366 4921 642 4992 exemplo,
682 4927 742 4973 ut
784 4918 1065 4973 hominem
1101 4924 1158 4970 et
1206 4916 1473 4970 nnmdum
1516 4925 1737 4969 maneat
1788 4922 1941 4968 certa
1972 4912 2277 4966 innovatio.
2320 4909 2388 4965 Ut
2438 4920 2700 4980 appareat
2732 4912 2898 4966 Deum
2928 4927 3040 4966 non
3079 4923 3401 4983 respectum
3464 4933 3626 4987 agere

366 5022 756 5081 personarum,
802 5005 1088 5059 minitatur
1119 5001 1326 5057 ludatis
1364 5003 1585 5058 easdem
1621 5016 1835 5071 pinnas,
1864 5015 2003 5070 quas
2028 5010 2265 5068 expertae
2293 5011 2452 5053 erant
2486 5009 2675 5067 gentes
2704 4998 2967 5069 profante.
2998 4999 3182 5055 Primo
3208 5004 3413 5058 etenim
3439 5006 3620 5069 docet,
3688 5024 3693 5033 ι

367 5097 569 5153 deinde
594 5095 775 5165 punit.
812 5112 831 5145 ‹
858 5092 1050 5147 Sancti
1079 5098 1280 5155 estote,
1330 5091 1460 5160 quia
1495 5096 1550 5145 et
1578 5105 1678 5159 ego
1703 5096 2092 5171 sanctus‘sutn
2120 5088 2188 5151 ³⁸,
2226 5095 2333 5141 etc.
2396 5085 2523 5140 Vult
2557 5096 2619 5141 ut
2656 5086 2819 5142 nobis
2873 5086 3227 5145 familiaritas
3258 5104 3450 5151 sancta
3500 5109 3626 5148 eum

371 5187 511 5257 ipso,
546 5184 755 5255 quiest
785 5192 1039 5242 sanctus,
1076 5178 1388 5233 intercedat
1421 5196 1435 5230 :
1468 5185 1524 5232 et
1550 5178 1663 5232 haec
1695 5186 1901 5231 servat.
3286 5177 3304 5194 °

471 5365 517 5396 ⁵⁸
551 5363 693 5420 Psal.
725 5378 999 5420 cxxxvm.
1032 5363 1123 5418 24.
1232 5363 1276 5394 ’⁷
1310 5359 1462 5417 Psal.
1500 5376 1540 5426 t,
1591 5359 1646 5415 6.
1749 5360 1794 5391 ’⁸
1830 5360 1871 5414 ll
1905 5358 2102 5415 Thess.

1974 5374 2102 5415 lCSS.
2148 5374 2209 5424 ll,
2261 5360 2314 5412 3.
2420 5361 2465 5392 υ
2530 5354 2686 5411 Joau.
2743 5371 2859 5425 vm,
2914 5356 3003 5414 35.
3110 5359 3349 5416 aoHebr.
3386 5373 3505 5417 xm.
3558 5356 3618 5413 ι.

370 5436 410 5467 ⁸¹
445 5434 580 5499 Gen.
612 5451 703 5499 rx,
748 5434 833 5488 12.
911 5434 957 5466 ³¹
990 5431 1170 5488 Levit.
1198 5448 1273 5495 xl,
1316 5433 1405 5486 44.

1887 5504 2118 5601 norm.

441 5662 551 5733 (ili)
611 5659 690 5719 ’ῐᾶ
734 5663 976 5733 ἑπόμενα,
1017 5666 1072 5716 ὲν
1124 5661 1201 5732 τῷ
1275 5661 1377 5731 τῆς
1418 5663 1554 5731 Αὑγ.
1623 5659 1754 5714 κὼδ.
1806 5661 1865 5714 οὐ
1919 5663 2117 5716 κεῖται.
