4050 6212
506 269 615 336 πει

1820 278 2171 348 PROCOPII
2200 290 2442 350 GAZ£I

588 368 964 452 Unusquisque
1025 400 1179 439 suum
1216 393 1420 454 patrem
1478 397 1526 443 et
1566 406 1719 442 suam
1755 400 1975 447 matrem
2020 396 2090 448 ti-
2121 403 2167 462 Α

3657 297 3762 358 Ἷδϐ

2270 400 2576 466 Ἕκαστος
2621 399 2971 456 τὸνάαιοτοῦ
3022 397 3246 467 πατέρα
3280 399 3378 453 καὶ
3406 396 3634 468 μητύρα
3660 419 3770 472 φο-

513 481 654 526 meat
708 470 905 546 [XlX,
967 475 1071 566 3.],
1125 485 1236 533 etc.
1291 477 1504 554 Singuli
1557 492 1910 539 revereantnr
1957 501 2085 542 suos

2195 491 2431 557 σείσθω,
2461 489 2534 554 ὡς
2561 492 2618 545 ὲν
2646 491 2803 562 τύπῳ
2873 490 3029 546 Θεοῦ.
3068 511 3087 542 ι
3110 491 3222 545 Καὶ
3250 491 3318 545 τὰ
3356 490 3615 546 Σάϐϐατά
3664 470 3768 566 μου

514 570 795 629 parentes,
828 565 1289 634 quemadmodum
1323 584 1641 625 reveremur
1677 572 1851 642 ipsum
1878 573 2085 642 Deum;

2196 578 2497 647 φυλάξεσθε
2521 598 2539 630 ι
2570 582 2649 644 εἰς
2675 584 2901 651 σημεῖον
2927 581 3202 650 ἁγιασμοῦ
3224 581 3320 634 τοῦ
3344 583 3402 635 ὲν
3435 581 3770 654 πλησιασμῷ

513 662 885 724 parentesque
934 656 1094 713 nobis
1125 664 1286 727 typus
1318 660 1451 722 sint,
1485 663 1706 717 amandi
1751 664 2002 721 videlicet
2031 676 2085 722 et

2194 669 2352 734 Θεοῦ,
2383 671 2458 734 ὡς
2506 671 2701 737 ἐπάγει
2733 688 2745 700 '
2798 692 2818 725 ι
2859 671 3001 741 Ἐγὼ
3054 672 3311 743 Κύριοςὸ
3339 673 3473 737 Θεὸς
3520 674 3674 745 ὑμῶν
3741 674 3772 727 ὁ

398 774 413 781 ι
516 744 728 799 colendi
763 744 932 800 Deum
964 766 977 801 :
1007 767 1021 799 ι
1060 747 1126 802 Ει
1151 750 1389 810 Sahbata
1424 767 1543 807 mea
1565 754 2081 825 custodietis,ietc.,

2191 760 2436 829 ἁγιάζων
2464 761 2694 836 δηλαδή.
2724 783 2742 816 ι

513 838 796 895 scilicetin
830 843 1047 911 signent
1082 842 1498 912 iantiliaritatis,
1525 862 1629 916 qua
1660 849 1796 904 mihi
1837 849 2387 926 iamiliariterjuncti
2417 859 2573 926 estis,
2598 861 2669 915 oh
2693 874 2861 930 quam
2900 858 3065 915 infert
3097 877 3112 914 :
3146 879 3166 910 ι
3195 858 3306 929 Ego
3330 857 3596 913 Dominus
3621 855 3773 909 Deus

516 938 720 995 vester,
750 931 1012 987 nimirum
1054 935 1412 991 sanctiﬁcans
1445 951 1560 991 vos.
1598 958 1615 990 ι

584 1019 707 1075 Νοη
737 1025 1016 1094 sequimini
1039 1024 1204 1092 idola,
1225 1036 1331 1082 etc.
1367 1024 1471 1099 [4.]
1505 1026 1810 1085 Simulacra
1850 1042 1904 1087 et
1931 1033 2078 1090 idola

514 1121 785 1166 vocantur
837 1113 1104 1185 imagines
1139 1116 1357 1171 illarum
1406 1131 1611 1183 rerum,
1662 1135 1784 1188 qua:
1833 1123 2079 1193 ipsorum

513 1200 882 1258 obversantur
913 1205 1108 1260 oculis.
1141 1206 1278 1263 Deos
1307 1198 1487 1265 autem
1509 1214 1759 1283 appellat,
1795 1230 1903 1269 non
1932 1217 2082 1286 quod

2250 1008 2378 1093 Οὐκ
2426 1036 2953 1105 ἐπακολουθήσετε
2992 1038 3283 1104 εἰδώλοις.
3318 1038 3400 1091 Τὰ
3440 1036 3771 1108 ὁμοιώματα

2182 1128 2294 1182 τῶν
2345 1130 2718 1205 ἐπιφανέντων
2749 1130 2935 1192 αὐτοῖς
2990 1130 3132 1183 κατά
3186 1130 3283 1199 τὴν
3319 1128 3442 1197 ὕψιν
3509 1128 3770 1179 tuteme-

2184 1219 2408 1283 θέντων,
2469 1219 2780 1288 εἰκάσματα
2842 1216 3070 1273 καλοῦσι
3124 1219 3218 1271 καὶ
3242 1217 3473 1270 εἴδωλα*
3517 1214 3677 1279 θεοὺς
3710 1215 3769 1268 δὲ

512 1293 624 1347 sint
667 1294 765 1357 dii,
807 1295 905 1350 sed
944 1298 1088 1366 quod
1150 1299 1224 1353 illi
1277 1299 1441 1356 stulte
1493 1303 1785 1373 opinentur
1824 1306 1914 1360 illa
1959 1323 2085 1365 esse

2187 1327 2374 1383 φησιν’
2400 1311 2477 1374 ὡς
2504 1310 2643 1381 πρὸς
2688 1310 2788 1378 τὴν
2836 1310 3063 1363 ἐκείνων
3106 1306 3395 1377 ὑπόληψιν.
3429 1303 3504 1361 OB
3545 1309 3769 1374 ἀναιρε-

512 1384 669 1440 deos.
706 1386 940 1441 Stultam
983 1389 1179 1445 horum
1216 1393 1528 1462 Opinionem
1561 1395 2082 1469 iniringit’Paulus,

511 1476 642 1531 dum
689 1478 767 1532 ait
797 1478 843 1510 ³⁸
880 1477 1050 1536 Deum
1114 1497 1221 1536 non
1273 1499 1396 1540 esse
1438 1485 1731 1556 imaginem
1788 1491 1874 1545 vel
1908 1490 2083 1546 simu-

510 1567 764 1635 lacrum,
833 1585 934 1626 nec
999 1573 1328 1639 materiam,
1390 1592 1514 1645 quae
1572 1578 1820 1633 funditur
1878 1581 2082 1651 liquata

511 1660 657 1729 igne,
712 1676 891 1732 neque
938 1677 1064 1719 esse
1105 1679 1265 1733 opus,
1304 1667 1453 1735 quod
1500 1668 1799 1726 conﬁciant
1857 1672 2079 1727 humani
2110 1665 2155 1721 Β

511 1748 686 1822 digiti.

2188 1403 2339 1456 τικδν
2361 1402 2443 1467 τὸ,
2496 1403 2633 1472 μήτε
2695 1400 2950 1471 ὁμοίωμα
3010 1400 3156 1453 θεῖον
3196 1394 3357 1464 εἶναι,
3388 1399 3463 1461 ὡς
3495 1400 3526 1452 ὁ
3551 1396 3769 1459 nasia;

2191 1510 2323 1562 φησι
2354 1492 2488 1563 (17),
2535 1494 2672 1564 μήτε
2714 1490 2848 1563 ὑλην
2886 1491 3036 1545 θείαν
3083 1491 3352 1561 χεομένην
3403 1489 3577 1561 πυρὶ,
3615 1489 3758 1561 μήτε

2190 1584 2534 1655 κατασκευὴν
2557 1585 2622 1638 δι’
2634 1582 2994 1656 ἀνθρωπίνων
3013 1581 3313 1638 δακτύλων.

581 1867 746 1939 360
786 1868 846 1923 Si
878 1868 1005 1939 quid
1057 1869 1329 1924 residuum
1374 1875 1627 1928 manserit
1674 1891 1837 1947 usque
1883 1878 1936 1932 iu
1989 1878 2128 1934 diem
2188 1883 2420 1946 tertium,
2472 1883 2589 1952 igne
2641 1881 3090 1944 concremabitur,
3138 1887 3248 1935 etc.
3301 1875 3406 1951 [6.]
3472 1875 3573 1930 Hic
3619 1874 3760 1928 ritus

513 1957 823 2025 symbolum
851 1965 935 2013 est
964 1956 1169 2014 Christi
1198 1958 1474 2028 corporis,
1509 1961 1654 2031 quod
1684 1976 1786 2032 pro
1816 1964 1979 2021 nobis
2014 1967 2359 2022 immolatum
2410 1979 2517 2036 est,
2563 1978 2625 2024 ut
2659 1969 2896 2024 mundus
2922 1964 3277 2023 conscientiae
3302 1978 3430 2020 vera
3478 1963 3774 2049 frueretur.

512 2058 669 2111 pace.

583 2133 719 2189 Nam
756 2137 987 2206 paciﬁca
1033 2139 1322 2195 verissime
1372 2144 1834 2208 reprasentamnt
1878 2139 2083 2199 Christi

513 2226 758 2281 salutare
784 2228 1145 2283 sacriﬁcium.
1188 2229 1306 2285 Sub
1352 2229 1457 2283 hoc
1490 2239 1618 2300 typo
1655 2228 1921 2285 docemur
1943 2248 2084 2300 quo-

511 2329 640 2385 que,
670 2331 737 2371 ne
768 2318 895 2386 quis
928 2316 1094 2387 impie
1144 2327 1307 2389 neget
1345 2318 1805 2375 resurrectionem
1836 2329 2083 2378 mortuo-

510 2421 658 2470 rum,
692 2407 822 2462 dum
847 2409 1013 2463 tertio
1037 2408 1126 2465 die
1163 2424 1270 2464 non
1308 2411 1641 2480 permittitur
1670 2426 1801 2467 esus
1831 2413 2081 2468 carnium

511 2496 766 2552 sacriﬁcii
799 2514 901 2554 ceu
943 2500 1147 2555 mortui
1178 2521 1193 2556 :
1222 2500 1318 2556 sed
1360 2502 1484 2574 igne
1528 2502 1584 2557 in
1612 2518 1741 2559 aera
1791 2506 2079 2562 transmit-

511 2600 703 2643 tuntur
741 2589 846 2645 illae
875 2605 1092 2647 carnes.

579 2675 769 2747 Itaque
824 2679 1103 2735 interitum
1154 2682 1442 2738 minitatur
1468 2684 1577 2749 illi,
1624 2686 1717 2755 qui
1767 2685 1858 2740 die
1914 2687 2079 2741 tertio

509 2769 1089 2825 volueritsacriiicium
1118 2787 1227 2826 non
1251 2787 1375 2827 esse
1405 2774 1611 2838 vivum,
1647 2775 1740 2830 sed
1769 2785 2072 2843 mortuum,

507 2862 666 2930 quasi
710 2876 819 2917 non
855 2862 929 2916 sit
977 2862 1181 2918 domita
1216 2878 1388 2931 mors,
1429 2880 1594 2935 quam
1644 2866 1949 2934 patiuntur,
1980 2869 2075 2938 qui

511 2959 708 3022 putant
741 2952 1022 3009 Christum
1053 2953 1230 3011 solum
1256 2970 1381 3011 esse
1412 2955 1714 3026 hominem.
1747 2973 1846 3013 nec
1875 2958 2076 3015 habere

506 3042 935 3099 resurrectionis
963 3040 1306 3098 facultatem.

2255 2147 2544 2219 Είρηνικδν
2592 2152 2962 2223 ἑρμηνεύεται
3016 2156 3044 2223 ἢ
3095 2148 3190 2204 τοῦ
3246 2146 3514 2217 σωτηρίου
3572 2143 3757 2198 θυσία.

2186 2239 2607 2294 Αίνίττεταιοῦν
2632 2242 2691 2294 τὸ
2715 2242 2790 2312 μὴ
2843 2240 3191 2296 ἀπιστεῖσθαι
3242 2238 3342 2306 τὴν
3369 2237 3427 2288 ὲν
3464 2251 3592 2304 τριη
3606 2234 3759 2303 μέρφ

2184 2330 2480 2384 ἀναστάσει
2518 2331 2667 2401 ζωὴν
2702 2335 2759 2385 ὲν
2792 2329 2869 2402 τῷ
2892 2332 2966 2401 μὴ
3001 2328 3278 2384 ἐσθίεσθαι
3301 2329 3359 2380 ὲν
3388 2328 3453 2394 τῇ
3492 2324 3662 2394 τρίτῃ
3690 2320 3759 2376 τὰ

2184 2421 2324 2491 κρέα
2372 2421 2467 2476 τοῦ
2525 2423 2762 2492 θύματος
2792 2423 2869 2486 ὡς
2903 2421 2998 2475 ἐπὶ
3048 2418 3270 2491 νεκροῦ,
3304 2415 3439 2471 ἀλλὰ
3468 2415 3602 2489 πυρὶ
3628 2417 3757 2467 ἀνα-

2187 2511 2561 2583 λαμϐάνεσθαι
2581 2515 2661 2577 είς
2693 2513 2785 2567 τὸν
2814 2512 2977 2583 ἀέρα.

2265 2694 2325 2745 '0
2353 2692 2462 2764 γὰρ
2487 2695 2545 2746 ὲν
2577 2692 2791 2762 νεκροῖς
2836 2687 3007 2750 τιθεὶς
3038 2687 3097 2740 τὸ
3132 2685 3281 2755 θῦμα
3339 2685 3477 2753 μετὰ
3532 2680 3751 2750 τρίτην,

2184 2783 2259 2847 ὼς
2298 2783 2374 2854 μὴ
2420 2780 2861 2853 καταργηθέντος
2922 2777 3017 2831 τοῦ
3070 2775 3335 2836 θανάτου,
3369 2772 3578 2827 ἀπολεῖ·
3598 2789 3662 2825 αι
3695 2772 3753 2823 ἑν

2183 2875 2422 2943 θανάτῳ.
2448 2873 2617 2926 Τοῦτο
2633 2873 2690 2926 δὲ
2721 2869 2968 2926 ποιοῦσιν
2994 2870 3044 2923 οί
3079 2867 3169 2921 τὸν
3191 2866 3426 2938 Χριστὸν
3452 2862 3751 2935 ἡγούμενοι

2183 2966 2339 3034 ψιλὸν
2360 2963 2454 3019 ἀνθ
2464 2980 2664 3035 ρωπον.

584 3133 647 3188 lli
681 3151 791 3190 non
831 3136 1019 3191 colunt
1070 3135 1384 3204 Christum,
1418 3154 1522 3193 nec
1571 3138 1880 3195 liberantur
1920 3144 2181 3212 peccatis,
2232 3159 2331 3199 nec
2366 3157 2597 3212 possunt
2636 3143 2865 3197 hilarem
2899 3138 3042 3195 hanc
3089 3138 3255 3194 edere
3288 3148 3520 3190 vocem:
3562 3152 3580 3184 ι
3648 3130 3749 3185 Rc-

515 3223 807 3280 suscitabit
838 3240 940 3281 nos
973 3223 1149 3295 (Oscae
1180 3226 1295 3281 haec
1344 3226 1510 3281 verba
1562 3228 1714 3299 sunt)
1751 3228 1841 3283 die
1893 3233 2079 3298 tertio,
2130 3244 2184 3287 et
2233 3235 2482 3290 vivemus
2514 3247 2701 3289 coram
2732 3248 2799 3289 eo
2827 3231 2895 3285 ³⁸.
2921 3249 2941 3284 ο
2980 3228 3118 3285 Nam
3149 3225 3364 3283 Christi
3411 3219 3747 3283 resurrectio
3778 3226 3783 3231 ‘

509 3312 663 3368 nullo
685 3320 846 3382 pacto
873 3311 1102 3368 inscribi
1132 3323 1186 3367 et
1217 3312 1462 3382 insculpi
1512 3322 1691 3383 potest
1731 3316 1938 3369 animis
1968 3317 2406 3374 incredulorum.

575 3400 696 3458 Nox
728 3402 843 3464 illa,
877 3402 932 3456 iu
972 3417 1076 3472 qua
1105 3404 1337 3458 caeditur
1383 3419 1558 3475 agnus
1601 3404 1901 3474 paschalis,
1930 3407 2077 3462 desi-
2104 3414 2171 3474 α,

507 3502 640 3563 gnat
670 3494 956 3560 mundum,
993 3501 1119 3564 post
1151 3511 1313 3566 quem
1345 3496 1496 3550 nulla
1537 3496 1747 3565 reliqua
1778 3497 1882 3550 erit
1914 3512 2078 3550 mor-

434 3580 437 3585 ’
508 3584 580 3639 tis
617 3584 899 3638 memoria.
944 3582 1289 3655 Quapmpter
1316 3585 1384 3641 de
1423 3586 1547 3655 agni
1578 3586 1860 3655 paschalis
1893 3591 2076 3641 carni-

406 3666 415 3679 ’
506 3656 612 3729 bus
660 3672 799 3728 nihil
846 3672 1174 3744 relinquitur
1224 3689 1398 3743 usque
1437 3674 1492 3728 in
1546 3674 1879 3729 matutinum
1932 3683 2071 3730 tem-

505 3779 630 3832 pus.
1360 3772 1364 3781 ‘

576 3851 715 3908 Huic
744 3870 855 3909 non
891 3855 1156 3910 dissimile
1184 3864 1289 3916 est.
1322 3855 1465 3925 quod
1493 3855 1569 3909 ait
1605 3873 1618 3908 :
1679 3873 1698 3905 ι
1733 3854 1790 3925 Si
1820 3855 2072 3929 immola-

507 3946 1039 4007 veris‘sacrificium.
1058 3943 1252 4001 votum
1280 3947 1496 4010 laetitiae,
1532 3945 1763 4002 Domino
1784 3949 1851 4013 ³⁵,
1893 3968 1911 4000 ι
1938 3956 2072 4011 etc.,

505 4028 939 4095 deinde’sub'dit
984 4054 999 4091 :
1062 4057 1081 4090 ι
1130 4037 1246 4093 Non
1303 4038 1624 4108 relinquetis
1684 4041 1750 4092 de
1804 4040 2070 4094 carnibus

508 4144 682 4200 usque
710 4130 767 4184 in
794 4130 1121 4185 matutinum
1151 4138 1370 4201 tempus
1392 4130 1457 4185 “.
1497 4148 1514 4180 ι
1565 4127 1728 4194 Nam,
1763 4129 1923 4185 sicuti
1972 4147 2066 4184 no~

507 4219 590 4275 bis
619 4229 961 4290 compertmn
1008 4229 1114 4285 est,
1174 4219 1464 4291 Scriptura
1518 4235 1677 4275 sacra
1723 4221 1778 4275 in
1823 4221 1935 4275 duo
1987 4223 2072 4276 vel

503 4310 613 4367 tria
658 4311 921 4382 temporis
951 4311 1239 4367 intervalla
1281 4319 1434 4367 secat
1490 4318 1723 4380 tempus.
1774 4312 1885 4365 Aut
1928 4313 2073 4366 enim

506 4404 566 4458 in
590 4403 726 4474 legis
760 4405 840 4458 vel
881 4404 1073 4474 gratim
1099 4411 1347 4472 tempora
1380 4403 1644 4458 dividitur
1674 4411 1892 4471 tempus
1928 4422 1940 4457 :
1979 4413 2073 4457 aut

504 4504 723 4564 tempus
748 4495 1160 4564 prOphetarum,
1213 4493 1361 4562 quod
1396 4494 1710 4548 interventu
1758 4507 1855 4546 suo
1903 4494 2072 4561 legem

504 4592 561 4638 et
590 4584 820 4654 gratiam
841 4584 1152 4654 distinguit,
1179 4569 1658 4640 commemoratur.
1688 4582 1827 4638 Nam
1852 4587 2071 4641 divinus

506 4674 711 4739 cultus,
759 4675 853 4745 qui
886 4676 1187 4731 antecessit
1235 4675 1485 4747 gratiam,
1519 4691 1659 4732 unus
1707 4675 1812 4731 fuit
1861 4685 1915 4730 et
1954 4692 2076 4746 spe-

2263 3410 2349 3465 Ἐν
2377 3413 2435 3466 δὲ
2489 3411 2567 3481 τῷ
2624 3410 2820 3479 Πάσχα
2854 3412 2887 3479 ἠ
2924 3408 3021 3474 νὺξ
3064 3400 3185 3480 ὲνῇ
3238 3404 3451 3469 θύεται,
3496 3399 3588 3453 τὸν
3653 3396 3745 3451 νῦν

2182 3506 2385 3575 κόσμον
2436 3500 2676 3563 ὲντυποϊ,
2722 3500 2841 3570 μεθ’
2875 3498 2934 3551 ὃν
2983 3497 3082 3550 οὐκ
3121 3496 3201 3549 ἔτι
3249 3493 3483 3548 θανάτου
3531 3490 3740 3560 μνήμη.

2182 3596 2272 3650 Διὸ
2307 3594 2404 3663 οὑχ
2428 3591 2812 3646 ὑπολέλειπται
2836 3590 2944 3643 τῶν
2976 3587 3151 3659 κρεῶν
3180 3588 3259 3649 είς
3287 3585 3348 3639 τὸ
3387 3584 3556 3654 πρωϊ.

2250 3855 2502 3910 Τοιοῦτον
2535 3854 2630 3907 καὶ
2653 3852 2733 3916 τὸ,
2773 3872 2792 3904 ι
2823 3844 2948 3904 Ἐάν
2986 3848 3153 3919 θύσῃς
3187 3845 3380 3899 θυσίαν
3409 3843 3575 3913 εὐχὴν
3608 3860 3737 3913 χαρο

2183 3948 2420 4020 μοσύνης
2452 3944 2528 4015 τῷ
2562 3943 2773 4014 Κυρίῳ.
2816 3961 2834 3992 ι
2874 3936 3005 3993 Εἶτα
3061 3938 3289 4005 ἐπάγει·
3319 3954 3337 3986 ι
3366 3934 3440 3988 Οὑ
3492 3931 3739 3987 καταλεί-

2110 4024 2126 4037 .
2176 4039 2306 4110 ψετε
2336 4037 2443 4092 ἀπὸ
2469 4036 2577 4089 τῶν
2604 4033 2781 4105 κρεῶν
2808 4034 2886 4092 εἰς
2910 4031 2971 4082 τὸ
3002 4028 3166 4094 πρωῒ.
3200 4047 3218 4078 ι
3255 4024 3414 4080 Καθὰ
3437 4025 3547 4095 γὰρ
3573 4023 3739 4089 ἔγνω-

2181 4147 2279 4202 μεν
2301 4127 2577 4192 πολλάκις,
2606 4128 2684 4188 είς
2698 4124 2847 4195 τρεῖς
2870 4121 2903 4192 ἢ
2937 4120 3046 4174 δύω
3074 4119 3278 4172 κατατέ
3289 4134 3409 4188 μνει
3431 4117 3521 4168 τὸν
3543 4112 3734 4184 χρόνον

2176 4222 2210 4291 ἠ
2240 4220 2358 4273 θεία
2382 4219 2591 4290 Γραφή.
2629 4213 2699 4267 Ἢ
2722 4216 2829 4283 γὰρ
2876 4215 2955 4275 είς
3007 4209 3098 4262 τὸν
3141 4207 3232 4263 τοῦ
3276 4210 3438 4279 νόμον
3489 4205 3581 4258 καὶ
3633 4202 3733 4271 τῆς

2175 4311 2419 4382 χάριτος,
2455 4308 2488 4380 ἦ
2522 4307 2616 4361 καὶ
2669 4306 2873 4378 μεταξὺ
2905 4303 2995 4357 τδν
3024 4301 3133 4355 τῶν
3185 4298 3479 4371 Προφητῶν
3517 4311 3731 4363 παρεμ-

2176 4404 2361 4457 ϐάλλει
2390 4403 2608 4473 καιρόν·
2653 4399 2766 4455 ἀλλ’
2801 4399 2950 4468 ὅμως
2989 4397 3022 4467 ἠ
3073 4395 3179 4465 πρὸ
3229 4395 3329 4463 τῆς
3381 4391 3598 4461 χάριτος
3643 4385 3740 4438 λα-

2175 4494 2330 4564 τρεία
2357 4494 2454 4563 μία
2487 4493 2644 4563 μόνον
2689 4492 2954 4561 ὑπῆρχεν,
2982 4490 3015 4556 ἡ
3060 4487 3264 4558 νομικὴ
3299 4486 3395 4537 καὶ
3472 4479 3728 4547 σκιώδης.

2176 4584 2392 4654 Πρωΐας
2410 4583 2465 4637 δὲ
2504 4580 2822 4655 γενομένης,
2854 4583 2973 4652 ἢτοι
3021 4580 3115 4632 τοῦ
3160 4577 3343 4649 τρίτου
3375 4572 3567 4643 καιροῦ
3608 4571 3726 4623 δια-

2173 4674 2507 4744 λάμψαντος,
2559 4675 2661 4726 οὑκ
2715 4671 2796 4726 ἔτι
2851 4672 3036 4736 δεκτὸς
3088 4672 3188 4740 τῆς
3242 4668 3371 4737 πρὶν
3418 4661 3674 4732 λατρείας
3704 4659 3735 4711 6

506 4766 676 4821 ctavit
701 4768 769 4821 ad
799 4766 993 4839 legem,
1027 4782 1129 4823 nec
1158 4783 1263 4823 non
1290 4775 1546 4839 typorum
1577 4767 1877 4823 involucris
1905 4770 2076 4823 exsti-

2181 4767 2400 4837 τρόπος.
2434 4765 2695 4838 Βδελυρὸν
2727 4763 2785 4816 δὲ
2808 4764 2920 4816 εἴτε
2971 4761 3176 4832 χθιζὸν,
3197 4760 3307 4813 εἴτε
3367 4756 3610 4827 τριταῖον
3661 4749 3748 4819 εἴη

420 4918 433 4937 γ
508 4857 574 4911 tit
623 4872 853 4928 opacus.
889 4857 1045 4915 Mane
1072 4867 1253 4914 autem
1290 4858 1456 4922 facto,
1509 4858 1562 4913 id
1595 4868 1700 4924 est,
1737 4859 1899 4914 tertio
1937 4866 2079 4913 tem-

504 4964 642 5018 pore
671 4960 1019 5019 coruscante,
1060 4967 1167 5007 non
1203 4951 1438 5022 amplius
1486 4958 1743 5021 acceptus
1777 4962 1860 5007 est
1891 4952 2079 5018 pristi-

508 5056 614 5096 nus
642 5042 857 5098 colendi
884 5044 1044 5109 ritus,
1075 5060 1239 5113 quem
1269 5045 1355 5097 lex
1384 5043 1741 5113 praescripsit.
1782 5042 2080 5098 Abomina-

2174 4860 2235 4909 τὸ
2261 4855 2407 4926 θῦμα
2440 4855 2590 4926 παρᾶ
2625 4854 2815 4924 καιρὸν
2866 4850 3337 4923 προσφερόμενον,
3376 4847 3466 4899 ὅτε
3500 4842 3747 4898 σκύϐαλα

2177 4946 2271 4999 καὶ
2300 4945 2507 5016 ζημίαν
2539 4947 2568 4998 ὁ
2593 4943 2799 5007 Παῦλος
2852 4944 3008 4997 καλεῖ
3033 4943 3103 4996 τὰ
3151 4939 3297 4995 κατά
3347 4936 3512 5007 νόμον
3581 4934 3753 5002 αὐχήν

2186 5050 2349 5104 ματα,
2406 5033 2496 5087 διὰ
2520 5033 2581 5085 τὸ
2605 5032 2874 5103 ὑπερέχον
2926 5032 3024 5102 τῆς
3073 5030 3327 5094 γνώσεως
3364 5025 3458 5079 τοῦ
3513 5020 3756 5096 Χριστοῦ

458 5185 465 5191 ,
509 5126 618 5183 bile
645 5144 776 5184 vero
803 5137 888 5186 est
918 5131 1279 5195 sacrificium.
1315 5132 1360 5188 si
1389 5133 1469 5187 vel
1512 5132 1566 5187 in
1600 5132 1832 5187 alterum
1863 5132 1944 5187 vel
1970 5142 2080 5186 tero

2182 5126 2276 5180 τοῦ
2302 5125 2566 5188 εἰπόντος,
2608 5143 2627 5177 ι
2650 5121 2850 5178 Θυσίαν
2870 5123 2964 5176 καὶ
2984 5121 3301 5194 προσφορὰν
3326 5122 3428 5174 οὐκ
3451 5119 3752 5191 ἠθέλησας,

508 5218 647 5273 tium
672 5219 843 5275 fuerit
868 5234 1252 5278 conservatum
1290 5222 1455 5278 diem.
1490 5224 1627 5289 Quia
1661 5238 1849 5292 parum
1876 5238 2079 5292 oppor-

2187 5216 2349 5286 σῶμα
2374 5215 2433 5269 δὲ
2450 5215 2763 5286 κατηρτίσω
2799 5231 2909 5284 μοι.
2931 5233 2949 5266 ι

511 5318 642 5364 tune
691 5310 1022 5366 immolatur.
1075 5310 1283 5367 Idcirco
1335 5311 1536 5367 Paulus
1596 5320 1942 5367 excrementa
1992 5317 2046 5364 et
2112 5310 2372 5369 darnnum
2402 5313 2619 5375 reputat
2641 5306 2753 5374 illa,
2779 5305 2982 5376 quibus
3012 5304 3318 5362 secundum
3386 5303 3555 5373 legem
3621 5300 3747 5371 plu-

580 5462 626 5495 ³³
652 5461 806 5518 Rom.
844 5481 881 5529 ι,
915 5463 1008 5518 25.
1075 5463 1130 5494 ³⁸
1162 5459 1300 5518 Osee
1354 5480 1428 5529 vi,
1461 5462 1519 5516 5.
1592 5462 1636 5495 ³⁸
1665 5461 1837 5521 Levit.
1864 5477 1998 5526 xx",
2031 5459 2085 5516 ἓξ

2198 5459 2242 5491 ⁸⁸
2268 5459 2402 5515 ibid.
2436 5456 2527 5515 ὅθ.

583 5667 695 5739 (17)
723 5668 818 5724 Ἵσ.
863 5670 925 5723 ὲκ
948 5669 1041 5723 τοῦ
1066 5675 1170 5738 κγ’,
1199 5669 1275 5723 ὶδ.
1298 5669 1392 5722 τοῦ
1420 5676 1465 5723 α’
1506 5686 1629 5739 κεφ.
1656 5650 1755 5741 τῆς
1787 5669 1921 5743 πρὸς
1959 5575 2398 5743 Ῥῗῗιῖιὲηφθῃ
