4050 6212
364 306 473 372 157
1391 299 1925 362 COMMENTABII
1972 297 2052 357 IN
2092 291 2535 356 LEVlTlCUMZ
3536 254 3638 339 758

373 424 573 475 rimum
607 430 668 473 se
695 415 889 472 efferre
937 421 1148 484 posset,
1224 425 1448 485 prOpter
1483 415 1847 471 excellentem
1896 410 2269 481 cognitionem
2321 404 2529 461 Christi
2567 402 2637 466 ³⁷,
2688 396 2780 469 qui
2857 396 2993 451 dicit
3047 412 3062 450 :
3112 415 3127 446 ι
3182 394 3222 450 S
3261 389 3533 450 criﬁcidu
3586 397 3642 445 et

372 511 699 568 oblationem
753 523 863 563 non
941 505 1189 565 Voluisti.
1244 506 1314 592 At
1374 522 1575 576 corpus
1634 506 1837 576 optasti
1879 506 2015 558 mihi
2042 504 2110 556 ³⁸.
2142 521 2160 552 ι

437 623 713 678 Praeterea
744 632 846 692 per
890 621 1031 690 legis
1061 621 1271 675 cultum
1304 635 1470 676 nemo
1500 621 1647 675 'veuit
1686 620 1752 674 ad
1786 616 2031 673 Patrem.
2076 614 2352 682 Quocirca
2420 607 2601 678 inquit
2642 623 2655 658 :
2706 624 2723 657 ι
2766 603 2939 658 Nemo
2972 598 3126 657 venit
3175 595 3242 653 ad
3275 584 3492 651 Patrem
3534 596 3642 651 nisi

372 728 475 785 per
508 725 597 765 me
616 710 689 765 ⁸⁸.
734 727 755 761 ι

438 825 550 881 Καὶ
598 825 672 879 τὰ
734 824 1153 879 (inculator-ta
1211 823 1320 878 τοῦ
1372 824 1659 891 θερισμοῦ
1716 838 1836 876 σου
1872 822 1945 875 οὐ
1977 804 2022 862 Α

2125 812 2249 868 Non
2269 808 2614 867 cindemiabis
2633 804 2800 878 [xm
2817 802 2918 875 9.],
2935 811 3043 859 etc.
3064 797 3472 855 Meminerimus
3492 810 3644 891 coni-

371 915 719 980 συυιλέξεις.
787 914 906 967 Ἵνα
948 913 1009 965 τὸ
1038 913 1298 966 κοινωνὸν
1354 886 1453 983 τῆς
1506 886 1723 981 φὴύσεως
1767 914 1952 980 ἐπιγιο

2075 902 2454 959 municandum
2509 913 2633 954 esse
2670 894 2987 953 necessitati
3038 904 3367 962 pauperum,
3397 886 3674 958 quamvis.

371 1008 656 1065 vilicm-icit.
675 1003 817 1059 κατὰ
840 1004 902 1058 τὸ
928 1005 1149 1059 δυνατὸν
1183 1006 1572 1069 κοινωνοῦντες
1600 1009 1712 1069 τοῖς
1730 1005 1951 1062 ,δίκαιον

2081 997 2213 1051 ιιιΙΙο
2233 999 2521 1049 contractu
2554 990 2645 1046 his
2671 989 2846 1044 simus
2875 983 3149 1043 obstricti.
3166 980 3313 1052 Satis
3339 977 3647 1049 argumenti
3674 1021 3680 1029 .

372 1097 659 1160 κοινωνίας
690 1095 790 1149 οὐκ
824 1095 1031 1165 ἔχουσι,
1056 1094 1198 1167 πλὴν
1226 1095 1330 1149 τοῦ.
1356 1096 1498 1149 κατὰ
1529 1096 1717 1166 φύσιν,
1743 1099 1826 1151 ὃτι
1858 1097 1954 1152 av.
2061 1094 2146 1143 εει
2176 1100 2286 1157 quo
2339 1081 2721 1137 COﬂViIICilmll‘
2778 1076 3116 1149 pauperibus
3150 1071 3607 1167 Denﬁfacicndum
3629 1104 3646 1130 9

374 1189 607 1261 θρωποι.
1156 1165 1164 1167 ﬁ
1544 1165 1548 1166 ν
2063 1178 2209 1249 quod
2232 1176 2396 1232 etiam
2419 1172 2679 1229 homines
2705 1178 2858 1236 sunt,
2884 1165 3384 1224 communicatione
3440 1167 3648 1216 natum

2062 1285 2164 1324 nos
2186 1269 2480 1338 attingunt.

371 1424 375 1428 ,
449 1368 532 1420 Οὐ
575 1364 856 1433 κλέψετε.
916 1366 1152 1431 Δούλων,
1202 1368 1305 1420 οὐκ
1360 1366 1665 1438 ἐλευθέρων
1718 1366 1788 1420 τὰ
1834 1370 1956 1421 ἐπι·

2139 1359 2262 1415 Non
2295 1358 2637 1430 furabimini,
2677 1364 2787 1412 etc.
2816 1352 2957 1428 [H.i
2994 1352 3120 1408 Haec
3153 1352 3334 1407 edicta
3372 1358 3485 1438 non
3512 1344 3650 1438 libe-

373 1458 650 1527 τάγματαε
713 1457 778 1511 Ἠ
833 1457 893 1511 δέ
941 1457 1103 1529 χάρις
1152 1457 1294 1528 μετὰ
1355 1436 1616 1529 μέμψεώς
1678 1462 1957 1542 παραινεῖ.

2068 1468 2179 1512 ros,
2207 1450 2304 1507 sed
2341 1462 2534 1504 servos
2565 1452 2927 1523 concernunt.
2959 1443 3093 1498 Nam
3119 1444 3207 1497 lex
3232 1440 3427 1511 gratiae
3451 1436 3650 1491 itaim-

383 1526 576 1603 «Διατί
618 1550 676 1603 δὲ
706 1549 831 1620 οὐχ).
889 1526 1091 1620 μάλλον
1142 1526 1456 1618 ἀδικείσδεξ
1486 1526 1511 1603 ί»
1543 1552 1724 1627 Ὅπερ
1761 1526 1854 1605 rei}.
1882 1551 1957 1622 μὴ

2147 1551 2223 1597 rat
2243 1555 2367 1597 cum
2400 1540 2831 1610 reprehensione
2864 1555 2878 1590 :
2914 1555 2933 1589 ι
2958 1535 3149 1603 Quare
3187 1549 3297 1588 non
3333 1530 3518 1603 potius
3562 1526 3650 1582 in-
3743 1567 3746 1570 ι

376 1640 585 1697 ἀδικεῖν
608 1619 1168 1713 πολλῷτελειδτερον.
1302 1641 1307 1645 ’
1326 1662 1331 1668 ’
1687 1619 1703 1627 ’
1883 1619 1893 1622 ⁷
1946 1619 1953 1621 ἡ

2060 1634 2262 1703 iuriam
2293 1631 2544 1702 accipitis
2570 1630 2617 1669 “
2653 1630 2678 1684 ?
2711 1648 2730 1681 ι
2758 1627 3042 1698 Siquidem
3086 1623 3348 1694 iniuriam
3380 1619 3650 1690 accipere,

2063 1738 2229 1794 quam
2257 1721 2460 1785 facere,
2487 1721 2663 1775 multo
2693 1717 3080 1791 praestabilius
3118 1723 3224 1772 est.

458 1818 518 1872 '0
548 1817 646 1888 μὲν
697 1817 863 1887 νόμος
916 1816 1015 1888 τὴν
1056 1816 1363 1889 ἐπιορκίαν,
1391 1818 1425 1888 ἡ
1452 1817 1509 1871 δὲ
1539 1817 1702 1888 χάρις
1742 1819 1953 1887 ἀπαγο-

2133 1817 2243 1871 Lex
2284 1816 2538 1887 prohibet
2585 1813 2894 1886 periurium
2946 1832 2961 1868 :
3005 1819 3062 1866 at
3089 1811 3176 1866 lex
3207 1810 3406 1882 gratis:
3441 1805 3654 1862 inhibet

381 1911 531 1981 ρεύει
550 1910 640 1964 τὸν
670 1910 854 1981 ὅρκον,
888 1909 1059 1981 τιμῆς
1084 1909 1252 1964 ἕνεκα
1274 1910 1524 1981 μείζονος
1551 1910 1655 1982 τῆς
1692 1911 1830 1981 πρὸς
1865 1912 1956 1964 τὸν

2057 1912 2240 1978 ipsum
2290 1906 2711 1982 iusiurandum,
2770 1920 2882 1977 quo
2939 1904 3117 1976 magis
3168 1904 3474 1959 honoratur
3533 1897 3655 1967 ipse

379 1976 532 2057 θεόν.
702 1976 715 1981 ﬁ
950 1976 961 1981 '
1014 1976 1023 1979 ν
1275 1976 1288 1981 ⁷
1607 1976 1621 1982 “
1739 1976 1750 1981 ”

2065 1999 2239 2055 Deus.
2520 1976 2535 2001 ’

452 2114 578 2171 Νοη
618 2116 953 2186 pernoctabit
999 2131 1196 2171 merces
1251 2117 1567 2172 mercenarii
1598 2118 1742 2188 apud
1774 2125 1821 2172 te
1856 2131 2018 2187 usque
2048 2112 2119 2169 ad
2164 2124 2370 2185 tempus
2440 2112 2763 2167 matutinum
2797 2109 2961 2184 [15.],
3012 2118 3121 2166 etc.
3169 2106 3446 2177 Prospicit
3486 2106 3650 2160 etiam

379 2205 718 2276 pauperibus
745 2210 799 2260 et
822 2204 1013 2275 egenis
1047 2203 1213 2266 Deus.
1249 2218 1319 2259 ne
1347 2203 1742 2259 defraudentur
1772 2205 2027 2259 ιιὶιιιειιδο
2054 2211 2112 2258 et
2146 2201 2397 2260 mercede
2445 2212 2565 2267 sua,
2594 2215 2693 2270 pro
2732 2214 2839 2270 qua
2880 2198 3151 2254 laborant.
3186 2193 3465 2265 Siquidem
3512 2192 3656 2249 Deus

365 2292 585 2370 _victum
614 2292 886 2363 elargitur
915 2291 1321 2348 esurientibus.
2028 2284 2029 2287 “

447 2408 534 2462 Οὐ
559 2405 763 2473 κακῶς
778 2395 943 2473 ’ἐρεῖς
980 2405 1204 2473 κωφόν.
1261 2403 1501 2476 Κήδεται
1546 2403 1657 2457 τῶν
1686 2404 1762 2475 μὴ
1799 2404 1961 2459 δυνα-
1996 2399 2036 2453 Β

2138 2403 2266 2459 Non
2314 2402 2600 2458 maledices
2674 2409 2852 2464 muto,
2903 2408 3010 2454 etc.
3061 2391 3206 2468 [LL]
3264 2392 3467 2447 Curam
3518 2390 3673 2461 gerit-

389 2498 569 2570 μένων
617 2497 833 2569 βοηθεῖν
858 2498 1097 2560 ἑαυτοῖς.
1154 2495 1312 2550 Οὕτω
1338 2498 1450 2558 τοῖς
1480 2494 1603 2548 καθ’
1633 2496 1850 2567 ἡμέραν
1872 2496 1966 2567 ἔρ-

2076 2497 2222 2552 Deus
2276 2496 2440 2551 etiam
2493 2494 2751 2554 illorum,
2807 2489 2901 2561 qui
2957 2495 3240 2559 nequeunt
3280 2484 3386 2541 sibi
3444 2480 3658 2537 auxilio

384 2603 504 2657 γοις
526 2586 812 2659 ἄνθρωπος
844 2583 1083 2649 ἐθίζεται
1099 2583 1393 2654 γινώσκειν
1414 2582 1575 2639 Θεόν.

2076 2604 2221 2643 esse.
2266 2585 2332 2640 Et
2379 2585 2446 2639 ad
2493 2584 2641 2638 hunc
2673 2581 2896 2637 modum
2930 2577 3206 2634 assuescit
3253 2576 3423 2631 homo
3462 2573 3654 2643 cogni-

1012 2665 1028 2681 ’
1831 2721 1836 2726 .
2078 2678 2213 2732 lioni
2264 2676 2394 2742 Dei,
2444 2690 2608 2746 quam
2656 2671 2806 2745 capit
2850 2685 2914 2728 ex
2967 2668 3304 2740 quotidianae
3347 2664 3473 2721 vita:
3516 2662 3656 2719 acti-

2060 2770 2203 2823 .bus.

455 2850 538 2903 οὐ
586 2848 870 2915 ποιήσετε
921 2846 1134 2902 ἄδικον
1176 2848 1246 2901 ἐν
1295 2847 1513 2917 κρίσει.
1589 2848 1664 2901 Τὸ
1733 2846 1834 2916 μὲν
1884 2864 1968 2914 γι-

2156 2856 2279 2912 Non
2321 2856 2485 2926 facies
2534 2856 2798 2925 injustam
2846 2851 3105 2924 quiddam
3152 2851 3207 2905 in
3256 2845 3499 2928 judicio,
3546 2852 3653 2900 etc.

385 2939 620 2995 νώσιιειν
646 2941 708 2995 τὸ
742 2940 974 3022 δίκαιον,
1002 2940 1067 2992 ἐκ
1100 2938 1317 3009 φύσεώς
1343 2956 1402 2991 τε
1452 2938 1549 2991 καὶ
1583 2937 1749 3007 νόμον
1772 2951 1784 2965 ·
1821 2936 1882 2989 τὸ
1913 2936 1970 2989 δὲ

2070 2947 2215 3022 [l5.]
2244 2946 2423 3005 Nosse
2453 2949 2634 3017 ipsum
2661 2942 2878 3014 iustum
2914 2959 3022 2998 non
3055 2943 3421 2996 humanarum
3457 2937 3654 2991 virium

388 3031 703 3101 φυλάττειν.
731 3031 796 3084 ἐκ
843 3030 941 3083 τοῦ
970 3029 1045 3099 μὴ
1076 3030 1269 3095 εἴκειν,
1312 3027 1456 3081 αίδοῖ
1510 3027 1606 3081 καὶ
1664 3026 1816 3095 ἐλέῳ.
1859 3027 1970 3079 Καὶ

2068 3044 2152 3090 est
2181 3053 2196 3089 :
2229 3035 2325 3090 sed
2371 3034 2609 3090 discitur
2648 3048 2717 3087 ex
2763 3032 3135 3102 inspiratione
3184 3029 3372 3084 divina
3419 3033 3473 3081 et
3517 3025 3653 3096 lege.

384 3123 541 3195 παρὰ
566 3121 688 3193 Θεῷ
720 3122 799 3184 δὲ,
841 3122 931 3176 ὅτε
982 3121 1185 3194 κρίσις,
1239 3121 1339 3175 οὐκ
1392 3121 1473 3175 ἐτι
1503 3120 1674 3184 ἔλεος,
1724 3119 1843 3173 ἀλλ’
1877 3118 1969 3188 ἐρ-

2084 3124 2343 3180 Praeterea
2363 3123 2615 3193 ejusdem
2646 3121 2739 3177 Dei
2775 3135 2978 3177 munus
3010 3128 3119 3187 est,
3166 3130 3329 3190 posse
3364 3115 3683 3172 observare-

386 3232 500 3284 γων
529 3213 642 3285 (18)
682 3214 964 3302 ⁵ιὶντίδοιιις
998 3228 1014 3244 ο
1050 3211 1241 3284 ὥσπερ
1280 3212 1398 3278 νῦν,
1437 3212 1527 3265 ὅτε
1582 3212 1764 3283 χάρις,
1815 3210 1970 3267 οὔπω

2062 3217 2313 3287 iustum,
2359 3222 2419 3270 ut
2467 3230 2568 3270 nec
2622 3215 2798 3285 gratia
2849 3214 2937 3269 vel
2983 3209 3370 3269 misericordia
3406 3223 3658 3264 comun-

387 3305 588 3377 κρίσις,
621 3304 789 3378 ἀλλ’ἢ
820 3305 958 3375 πρὸς
985 3304 1048 3358 τὸ
1079 3303 1382 3365 παιδεύειν.
1419 3304 1427 3312 ’

2097 3309 2242 3365 naris.
2279 3307 2373 3363 Sic
2409 3306 2550 3377 apud
2596 3305 2766 3361 Deum
2804 3320 2928 3360 cum
2960 3306 3196 3377 iudicat,
3232 3302 3458 3358 lacessit
3490 3302 3696 3355 missu

385 3394 664 3461 rirordia,
725 3403 781 3450 et
827 3394 1129 3464 unicuique
1186 3394 1379 3449 tribuit
1428 3393 1734 3450 secundum
1781 3408 1970 3465 opera.
2012 3397 2105 3454 Sic
2148 3399 2315 3454 etiam
2368 3404 2542 3462 none,
2597 3408 2722 3452 cum
2765 3397 2942 3468 gratia
2985 3404 3200 3468 regnat,
3268 3399 3453 3450 cessat
3511 3390 3657 3463 iudi-

392 3486 563 3546 cium.
614 3486 723 3541 nisi
776 3486 1031 3542 fortassis
1079 3486 1335 3540 instituat
1388 3500 1491 3541 nos
1540 3486 1742 3542 docere
1771 3494 1826 3542 et
1858 3490 2106 3547 erudire.
2478 3497 2486 3510 '
2572 3507 2576 3510 '

462 3582 598 3635 Nam
629 3577 771 3631 Deus
803 3591 910 3631 non
953 3578 1103 3632 misit
1130 3574 1331 3630 Filium
1371 3587 1429 3631 ut
1455 3576 1669 3645 iudicet
1696 3580 1903 3635 mundu
1930 3595 1986 3644 ιι,
2024 3583 2117 3638 sed
2151 3592 2209 3637 ut
2240 3582 2483 3637 mundus
2518 3589 2777 3637 servetur
2819 3595 2915 3652 per
2946 3582 3154 3651 ipsum.

456 3672 580 3723 οὐκ
604 3668 994 3737 ἐπισυστήσῃ
1028 3668 1118 3737 ἐφ’
1135 3670 1388 3737 αἵματος
1403 3670 1511 3723 τοῦ
1536 3670 1808 3737 πλησίον
1820 3688 1957 3728 σου.
1993 3681 2037 3738 C

2140 3670 2265 3730 Non
2288 3674 2457 3729 stabis
2502 3674 2759 3729 adversus
2797 3675 3111 3744 sanguinem
3151 3666 3387 3742 ﬁroximi
3417 3673 3518 3735 tui,
3547 3682 3658 3727 etc.

403 3758 720 3825 ’Δποτεμὼν
751 3758 951 3821 αὐτοὺς
979 3759 1087 3811 τῶν
1108 3759 1282 3812 ἄλλων
1309 3759 1500 3824 ἐθνῶν,
1524 3760 1594 3813 τὰ
1617 3762 1753 3831 πρὸς
1800 3764 1963 3837 ἀλλήο

2073 3765 2213 3839 [16.]
2265 3768 2405 3834 Quia
2464 3767 2609 3821 Deus
2662 3765 3020 3820 Hebraeorum
3066 3773 3285 3836 gentem
3375 3762 3534 3836 quasi
3595 3764 3664 3817 ab

389 3851 517 3915 ὶους
542 3850 724 3913 αὐτοῖς
746 3846 922 3919 ὁρίζει
943 3849 1126 3903 δίκαια
1155 3862 1171 3880 ·
1202 3848 1351 3920 ἡμᾶς
1372 3850 1430 3903 δέ
1463 3851 1737 3921 ἀναμίξας
1760 3854 1961 3919 ἔθνεσι,

2071 3856 2301 3929 reliquis
2336 3858 2596 3929 gentibus
2630 3856 2867 3911 abscidit
2893 3854 2948 3913 et
2979 3856 3316 3927 segregavit,
3369 3862 3430 3909 ut
3478 3861 3533 3909 et
3580 3854 3664 3909 le-

388 3943 530 4016 πρὸς
560 3941 770 4004 πάντας
798 3938 1014 3994 κελεύει
1044 3938 1335 4009 φυλάττειν
1361 3940 1419 3993 τὸ
1447 3938 1680 4009 δίκαιον,
1706 3943 1810 3998 κᾶν
1828 3937 1965 3999 ὦσιν

2070 3949 2230 4018 gibus
2280 3948 2350 4004 ab
2385 3948 2497 4003 illis
2524 3955 2888 4005 secernantur
2920 3946 3121 4011 sancit,
3163 3961 3306 4017 quas
3348 3945 3491 4000 inter
3539 3958 3661 3999 sese

388 4037 476 4090 ἐτε
485 4032 712 4106 ρόδοξοι.

2070 4038 2218 4110 leges
2253 4040 2548 4096 observare
2576 4038 2848 4095 debeant.
2890 4037 3002 4095 Nos
3037 4046 3219 4094 autem
3264 4037 3393 4092 dum
3454 4035 3663 4092 admis-

387 4129 502 4185 cuit
551 4125 830 4199 gentibus,
887 4121 1062 4192 inbet,
1112 4129 1171 4177 ut
1218 4134 1342 4177 cum
1386 4118 1642 4177 omnibus
1685 4121 1956 4192 iustitiam
1996 4128 2393 4195 observantes,
2427 4143 2653 4202 agamus
2690 4130 2962 4201 quidquid
3048 4130 3366 4202 egerimus,
3439 4127 3653 4184 etiamsi

388 4222 468 4286 hi,
495 4234 620 4276 cum
653 4218 855 4290 quibus
891 4214 1049 4288 361
1086 4214 1245 4270 nobis
1274 4214 1667 4271 commercium
1700 4222 1805 4282 est,
1860 4230 2165 4289 sequantur
2203 4225 2480 4280 diversam
2508 4222 2855 4294 religionem.

488 4356 571 4409 οὐ
615 4350 906 4422 μισήσεις
960 4346 1070 4401 τὸν
1122 4344 1392 4415 ἀδελφόν
1436 4359 1553 4400 σου
1597 4345 1673 4415 τῇ
1729 4347 1970 4419 διανοίᾳ

2143 4354 2267 4411 Non
2297 4356 2419 4413 odio
2437 4356 2652 4412 habebis
2671 4357 2893 4427 fratrem
2924 4366 3074 4411 tuum
3110 4356 3166 4411 in
3192 4354 3359 4411 mente
3395 4366 3509 4420 tua,
3549 4365 3656 4412 etc.

390 4462 529 4503 σου.
556 4445 711 4514 Μήτε
742 4444 919 4514 μισεῖν
961 4438 1022 4505 ἐξ
1063 4437 1302 4507 ὑποψίας
1350 4437 1615 4507 διδάσκει,
1652 4440 1790 4510 μήτε
1862 4441 1969 4513 μὴν

2068 4445 2209 4518 [ιη.
2231 4446 2397 4502 Docet
2430 4464 2532 4503 nos
2558 4464 2625 4503 ue
2663 4448 2989 4504 leviusculis
3007 4446 3424 4517 suspicionibus
3459 4448 3660 4515 impul-

392 4538 741 4611 ἁμαρτόντας
799 4532 1134 4604 ἀμύνασθαι.
1187 4526 1349 4601 Ἰἣιϊν
1401 4530 1458 4584 δὲ
1504 4532 1599 4584 καὶ
1650 4532 1787 4602 πρὸς
1832 4533 1970 4587 πάν-

2066 4538 2135 4601 si,
2164 4538 2448 4595 oderimus
2477 4539 2762 4608 proximos
2801 4548 3046 4595 nostros.
3092 4538 3203 4594 Nec
3238 4539 3377 4601 vult,
3415 4545 3475 4593 ut
3521 4539 3665 4594 ulci-

390 4648 491 4694 τας
541 4630 752 4690 ταῦτα,
801 4626 883 4679 ὅτι
948 4624 1043 4678 καὶ
1095 4622 1314 4678 πάντων
1373 4623 1498 4694 ἥκει
1555 4623 1746 4695 Σωτὴρ
1776 4626 1805 4678 ὁ
1834 4624 1970 4696 Χρι-

2074 4644 2295 4686 scamur
2323 4645 2440 4696 eos,
2479 4632 2572 4701 qui
2616 4631 2779 4686 nobis
2812 4631 3073 4700 iniuriam
3105 4629 3363 4687 fecerint.
3393 4629 3454 4685 In
3509 4631 3659 4686 hunc

394 4720 540 4784 στός.
1674 4722 1678 4725 ’
2075 4720 2294 4777 modum
2319 4738 2449 4794 erga
2470 4739 2663 4778 omnes
2698 4738 2798 4780 nos
2824 4724 3054 4780 affectos
3085 4739 3211 4781 esse
3236 4724 3425 4780 docet.
3470 4725 3666 4797 Siqui-

627 4856 633 4861 .
2072 4810 2195 4869 dein
2218 4825 2274 4870 et
2299 4815 2550 4872 Christus
2578 4815 2839 4871 omnibus
2866 4814 3129 4883 ignoscit.

465 4890 576 4947 Καί
599 4890 939 4962 ἀγαπήσεις
956 4890 1064 4944 τὸν
1104 4891 1375 4959 πλησίον
1425 4906 1542 4945 σου
1574 4891 1653 4958 ὠς
1685 4892 1969 4947 σεαυτόν.

2146 4904 2346 4977 Diliges
2367 4908 2671 4973 proximum
2699 4918 2846 4960 mum
2871 4915 2929 4961 ut
2960 4908 3207 4976 teipsum.
3252 4907 3367 4980 Ego
3399 4924 3522 4963 eum
3556 4906 3663 4961 Do.

412 4983 556 5054 Ἐγὼ
583 4985 796 5052 Κύριος
832 4985 866 5037 ὁ
899 4983 1045 5049 Θεὸς
1111 4983 1300 5053 ὑμῶν.
1362 4984 1595 5048 Φυσικδς
1627 4987 1655 5038 ὁ
1685 4984 1967 5053 λογισμὸς,

2073 4994 2269 5057 minus,
2300 5005 2408 5049 etc.
2440 4994 2578 5068 [18.]
2599 4992 2871 5053 .Naturale
2891 5000 2984 5066 ius
3009 4997 3114 5054 hoc
3135 4997 3310 5054 dictat
3338 5006 3432 5054 :et
3468 4998 3525 5053 in
3556 4997 3664 5052 hoc

399 5079 478 5140 είς
506 5077 564 5131 ὃν
595 5077 690 5130 καὶ
714 5077 892 5130 πάντα
911 5078 940 5130 ὁ
965 5076 1157 5148 Σωτὴρ
1201 5077 1740 5147 ἀνεκεφαλαιώσατο,
1779 5079 1966 5133 είπών·

2069 5084 2164 5155 ius
2198 5095 2297 5140 ceu
2318 5084 2852 5158 tontemquemdam
2895 5090 3122 5145 reduxit
3166 5091 3352 5145 omnia
3399 5089 3661 5144 Salvator

407 5187 428 5221 ι
461 5165 662 5232 Καθὼς
713 5167 920 5236 θέλετε,
951 5168 1038 5222 ἵνα
1080 5168 1310 5223 ποιῶσιν
1356 5169 1486 5240 ὑμῖν
1519 5170 1569 5223 oi
1622 5168 1927 5241 ἄνθρωποι,
1954 5191 1972 5225 ι

2075 5177 2233 5248 quasi
2276 5176 2328 5231 in
2371 5178 2780 5246 compendium,
2814 5179 3007 5234 dicens
3047 5196 3064 5234 :
3114 5199 3133 5232 ι
3171 5180 3661 5249 Quemadmodum

402 5258 498 5315 καὶ
528 5259 599 5315 τὰ
616 5259 779 5333 ’ἑξῆς

2060 5268 2267 5338 _vu|tis,
2302 5276 2365 5324 ut
2391 5266 2548 5324 vobis
2575 5266 2780 5325 iaciant
2811 5270 3066 5327 homines
3088 5271 3154 5337 “,
3188 5291 3205 5324 ι
3234 5282 3339 5329 etc.

474 5437 518 5471 "
544 5437 782 5509 Philipp.
826 5434 910 5501 ιιι,
944 5436 996 5492 8.
1074 5436 1118 5470 ³⁸
1146 5434 1295 5491 Psal.
1329 5453 1516 5504 xxxix,
1548 5439 1604 5492 7.
1677 5438 1720 5472 ”
1755 5438 1915 5497 Joau.
1948 5458 2060 5509 xiv,
2089 5445 2143 5498 6.
2218 5446 2263 5485 δ’
2292 5445 2310 5502 l
2340 5447 2467 5505 Cor.
2495 5466 2570 5519 ιἰ,
2601 5451 2652 5506 7.
2731 5449 2776 5483 ⁸⁸
2799 5449 2995 5507 Matth.
3039 5466 3135 5513 vn.
3170 5449 3253 5502 εὶ.

1933 5575 2167 5638 ΝΟΤΕ.

481 5680 591 5755 H8)
640 5680 799 5741 Ἀλλὰ
864 5683 1006 5741 κατὰ
1051 5683 1122 5739 τὰ
1182 5682 1341 5767 ἔργα.
1411 5684 1499 5741 Ἐν
1526 5685 1601 5759 τῷ
1643 5686 1744 5757 τῆς
1788 5687 1924 5759 Δὺγ.
1951 5687 2081 5745 κὼδ.
