4050 6212
432 190 531 256 159
1734 205 2001 270 PROCO]

2137 210 2407 272 GAZzEl
3508 214 3511 215 ί
3567 221 3675 286 τεο

498 318 631 422 lluc
653 321 804 378 enim
845 323 936 381 lex
964 332 1019 381 et
1046 324 1330 397 propheta:
1358 329 1687 401 respiciunt.
1709 331 2030 407 Quaeigitur
2045 338 2183 395 velis
2204 338 2321 394 ﬁeri
2362 338 2485 403 tibi,
2507 339 2697 396 eadem
2715 339 2802 395 lae
2825 306 3080 412 proximo
3104 348 3201 399 tuo
3228 343 3299 411 δ’,
3333 346 3428 416 qui
3455 358 3684 422 quoque

338 474 339 477 η
427 407 525 465 Dei
552 418 659 464 est.

498 492 628 593 {Van
658 493 961 593 conjunges
989 494 1240 593 jumenta
1288 503 1384 593 tua
1409 512 1533 593 cum
1572 498 1796 593 ulterius
1820 505 2058 593 _generis
2087 495 2437 580 animalibus,
2474 524 2584 570 etc.
2616 515 2785 588 [Xlx,
2819 517 2932 591 19,]
2962 517 3096 585 Quae
3142 519 3417 590 iniustitia
3471 532 3579 593 est,
3626 530 3679 583 si

427 581 581 679 quis,
613 590 673 637 ut
718 583 897 679 faciat.
917 596 1077 679 opus,
1114 580 1328 679 iungat
1345 583 1561 679 asinum
1591 585 1718 642 bovi
1953 607 2063 647 non
2084 594 2193 651 huc
2237 599 2417 654 tendit
2454 580 2738 672 legislator
2770 580 2790 659 ξ
2839 580 2947 660 sub
2975 580 3090 661 hoc
3122 580 3253 678 typo
3299 580 3578 679 imperat:

425 669 665 767 velimus
710 686 838 729 cum
882 668 1186 767 incredulis
1224 671 1446 767 trahere
1474 671 1706 767 iugum,
1751 675 1857 767 nisi
1895 676 2150 767 fortassis
2172 683 2320 740 hunc
2351 668 2646 757 praefixum
2684 692 2810 762 quis
2853 692 3054 749 habeat
3077 668 3330 763 scopum,
3359 668 3420 750 ut
3469 668 3688 767 quaerat

428 760 649 855 lucrari.
689 775 806 817 suae
836 758 1124 855 religionis
1153 751 1433 855 homines.
1472 751 1529 815 Si
1579 770 1764 818 autem
1818 764 2020 855 impius
2070 783 2166 825 seu
2208 751 2533 832 incredulus
2576 751 2834 846 discedit,
2881 751 3149 837 discedat.
3175 751 3686 855 'Huc'facit‘quod

425 848 698 937 pracipit,
723 864 793 937 ne
819 847 1044 937 diverso
1075 846 1289 937 semine
1325 859 1694 937 conserantur
1729 850 1945 922 agri,et
1979 869 2048 909 ne
2071 854 2368 917 indnamus
2405 871 2590 920 vestes
2611 880 2675 921 es
2717 865 2923 922 diversi
2962 868 3179 936 generis
3219 868 3327 924 ﬁlis
3368 846 3686 937 contentas,

427 936 628 990 Verum
655 936 869 1023 sub.his
900 934 1204 1023 involucris
1228 934 1560 1006 gravissime
1586 938 1777 1002 edicit,
1799 954 1872 995 ne
1910 940 2088 996 simus
2116 944 2433 1003 adulatores
2460 958 2518 1005 et
2553 950 2879 1022 hypOcritae.
2908 934 3046 1006 Nam
3079 955 3545 1023 quemadmodum
3584 934 3688 1013 de;

426 1030 533 1084 θοι,
582 1030 642 1075 ιιι
665 1021 915 1091 jumenta
950 1020 1115 1076 nobis
1140 1020 1555 1093 obsequantur,
1590 1024 1665 1079 ita
1700 1026 1971 1082 rationem
2020 1039 2264 1087 nostram
2297 1020 2684 1106 obtemperare
2704 1047 2925 1107 oportet
2964 1020 3212 1098 Dem—Sic
3233 1041 3510 1098 Cherubin
3539 1059 3692 1098 com-

425 1117 696 1178 parantur
744 1108 1041 1197 arboribus
1070 1123 1101 1162 a
1140 1109 1252 1197 Deo
1287 1110 1572 1180 plantatis.
1609 1111 1880 1171 Similiter
1907 1123 1962 1172 et
2006 1115 2266 1176 Christus
2317 1140 2421 1180 nos
2455 1125 2582 1182 fecit
2620 1128 2727 1183 sibi
2778 1114 3187 1197 indumentum,
3207 1130 3338 1186 dum
3377 1148 3582 1196 assum;
3609 1134 3688 1187 sit

425 1210 628 1264 corpus
686 1204 939 1251 sanctum
985 1194 1055 1249 ab
1099 1196 1248 1251 omni
1296 1197 1503 1266 peccati
1540 1201 1758 1265 macula
1791 1217 1991 1272 purum
2032 1214 2090 1260 et
2119 1207 2422 1265 sincerum.
2466 1211 2615 1268 Idem
2659 1214 2923 1272 Christus
2970 1194 3233 1273 insistens
3281 1219 3473 1272 currui
3521 1194 3679 1273 divi-

426 1297 619 1337 narum
653 1290 710 1337 et
739 1275 1112 1357 spiritualium
1143 1284 1436 1350 virtutum,
1468 1285 1634 1343 sicuti
1666 1287 1831 1344 docnt
1862 1290 2001 1345 Davi

2110 1295 2249 1362 [uasi
2282 1311 2477 1369 agrum
2529 1301 2662 1356 colit
2701 1298 2949 1359 hominis
2972 1310 3251 1368 naturam,
3296 1312 3351 1360 et
3402 1306 3564 1376 quasi
3627 1306 3683 1358 in

423 1383 552 1459 area
584 1380 836 1459 segregat
868 1377 923 1425 et
968 1368 1582 1459 secernitl‘rumentum
1619 1388 1648 1427 a
1685 1375 1880 1445 paleis.
1913 1376 2049 1435 Nam
2079 1391 2139 1438 ut
2175 1368 2339 1441 habet
2374 1389 2661 1459 prophetia
2692 1391 2851 1447 Isaire
2887 1410 2901 1446 :
2941 1391 3113 1447 Vinea
3157 1392 3373 1448 Domini
3420 1368 3681 1447 'Sabaoth

422 1456 620 1551 domus
644 1456 779 1512 lrael
813 1466 920 1551 est,
953 1466 1007 1512 et
1024 1458 1107 1512 vir
1135 1456 1278 1551 {uda
1308 1474 1449 1551 nova
1473 1467 1527 1515 et
1557 1462 1758 1520 dilecta
1791 1466 2041 1536 plantula
2069 1469 2138 1526 “.
2181 1491 2202 1525 ι
2228 1456 2400 1531 Nemo
2433 1456 2679 1547 prudens
2708 1480 2989 1551 quispiam
3014 1483 3261 1549 patiatur
3302 1482 3473 1536 aridis
3507 1482 3650 1536 semi
3672 1512 3685 1524 .

425 1543 589 1640 nibus
612 1545 828 1640 conseri
859 1544 1098 1640 vineam.
1135 1543 1272 1599 Nam
1288 1546 1462 1640 Ivinea
1485 1562 1707 1620 quoque
1729 1550 1810 1606 sic
1832 1554 2055 1623 arescit,
2089 1568 2146 1615 et
2174 1543 2536 1621 sterilescunt
2557 1543 2984 1625 vitem-Proinde
3005 1543 3110 1623 non
3134 1567 3374 1624 absurde
3404 1567 3692 1640 praedictis

423 1631 527 1687 sub
557 1632 855 1688 involucris
884 1631 1137 1701 prohibet
1171 1646 1240 1688 ne
1270 1632 1541 1689 diversam
1570 1644 1849 1693 sectemur
1874 1641 2213 1712 religionem.

494 1743 805 1815 Quicunque
861 1745 1142 1799 dormierit
1208 1760 1330 1809 rum
1405 1747 1630 1805 muliere
1709 1752 1995 1806 concubitu

2172 1764 2242 1812 κ’.
2293 1758 2433 1813 Ἐάν
2484 1777 2576 1826 τις
2619 1761 2878 1832 κοιμηθῇ
2930 1766 3081 1834 μετὰ
3124 1764 3412 1836 γυναικὸς
3471 1765 3693 1830 κοίτην

425 1835 660 1899 seminis,
710 1851 827 1904 qua:
871 1834 1073 1889 ancilla
1114 1844 1215 1894 est.
1264 1836 1356 1891 sed
1403 1837 1516 1891 viro
1562 1838 1806 1906 addicta,
1893 1849 1999 1897 etc.

424 1925 560 1977 Cum
593 1924 786 1979 eadem
828 1934 1029 1980 natura
1078 1928 1151 1981 sit
1196 1934 1308 1981 tam
1356 1927 1583 1998 ingenui
1625 1946 1793 2000 quam
1834 1934 2000 1997 servi,

424 2015 518 2084 qni
574 2014 634 2075 fit
661 2015 807 2083 quod
837 2015 1069 2072 libertas
1099 2024 1156 2071 et
1184 2017 1429 2083 servitus
1470 2019 1841 2080 ditl‘erentiam
1870 2022 2005 2079 deli-

424 2116 635 2161 ctorum
674 2106 1132 2163 invehuntiNam
1170 2124 1337 2180 supra
1385 2111 1751 2173 diﬂ‘ercntiam
1805 2129 2000 2184 quam~

424 2198 547 2253 dam
584 2207 916 2268 pepererunt
949 2200 1003 2253 in
1037 2200 1358 2263 homicidio.
1386 2208 1440 2257 et
1467 2216 1616 2257 nunc
1647 2203 1701 2256 in
1743 2202 2002 2260 adulterii

424 2290 658 2344 crimine
705 2288 1072 2355 differentiam
1120 2288 1400 2348 sanciunt.
1458 2292 1632 2349 Parva
1693 2294 1807 2350 Deo
1860 2296 2006 2351 ratio

425 2387 528 2441 fuit
548 2387 957 2459 symbolarum,
983 2396 1039 2442 at
1061 2402 1254 2459 magna
1281 2403 1414 2444 cura
1443 2390 1726 2444 accuravit
1748 2386 2007 2463 illa,qure

424 2479 532 2534 sub
575 2477 846 2550 symbolis
895 2479 1274 2535 continentur.
1324 2479 1512 2549 Itaque
1565 2480 1670 2535 sub
1710 2481 1821 2535 illis
1856 2480 2005 2553 typis

424 2571 1137 2642 demonstranturinjuriae,
1167 2571 1369 2640 quibus
1397 2571 1713 2627 aiIiciuntur
1739 2575 1915 2628 sancti
1949 2581 2003 2630 et

424 2663 497 2733 pii
555 2663 826 2719 homines.
878 2661 1020 2719 Sunt
1073 2663 1344 2734 siquidem
1393 2663 1469 2735 pii
1517 2664 1674 2719 liberi
1709 2671 1805 2719 :at
1847 2666 1999 2736 impii

423 2764 556 2810 sunt
610 2754 782 2811 servi.
823 2772 842 2806 ι
879 2753 983 2822 Qui
1015 2770 1114 2812 vos
1156 2755 1351 2825 tangit,
1379 2754 1580 2826 inquit,
1605 2756 1765 2826 quasi
1795 2756 1840 2812 si
1877 2766 1999 2812 tan-

2105 1846 2451 1918 σπέρματος
2483 1890 2499 1917 ,
2546 1851 2648 1905 καὶ
2696 1840 2866 1921 αὕτη
2907 1854 3092 1920 ἱκέτις
3146 1852 3689 1923 διαπεφυλαγμένη

2104 1941 2415 2010 ἀνθρώπῳ.
2449 1944 2598 2009 Mne;
2617 1943 2786 2017 οὔσης
2813 1945 2913 2014 τῆς
2944 1946 3179 2015 φύσεως,
3200 1945 3318 2009 πῶς
3346 1946 3406 1998 τὺ
3426 1945 3692 2015 διάφορον

2104 2032 2164 2085 ὲν
2195 2032 2527 2105 ἀδικήμασιν
2581 2033 2867 2106 ἐλευθερία.
2919 2037 3015 2088 καὶ
3045 2036 3261 2089 δουλεία
3291 2037 3458 2100 ποιεῖ,
3505 2034 3604 2088 ἐπι
3630 2052 3691 2087 τε

2108 2122 2355 2193 μοιχείας
2413 2122 2529 2188 νῦν,
2580 2124 2676 2179 καὶ
2731 2124 2843 2178 ἄνω
2875 2124 3055 2179 πάλυῖ
3072 2124 3165 2177 ἐπὶ
3207 2124 3405 2193 φόνου;
3450 2122 3592 2177 Ἀλλ’
3626 2123 3687 2177 οὐ

2104 2212 2212 2264 τῶν
2249 2212 2537 2282 συμϐόλων
2568 2212 2646 2283 τῷ
2679 2213 2818 2284 Θεῷ,
2859 2214 2969 2267 τῶν
2994 2214 3052 2266 δὲ
3078 2214 3146 2267 δι’
3169 2212 3351 2266 αὐτῶν
3412 2231 3688 2286 σημαινο-

2106 2302 2285 2372 μένων
2314 2304 2572 2374 ὲμέλησε.
2603 2305 2849 2376 Διαφθρὰ
2886 2306 3067 2359 τοίνυν
3093 2307 3200 2360 τῶν
3234 2308 3314 2371 εἰς
3348 2308 3535 2375 ἁγίους
3569 2309 3687 2380 (19)

2103 2394 2597 2467 πλημμελημάτων
2621 2397 2969 2466 σημαίνεται.
2999 2398 3061 2449 Oi
3097 2397 3197 2466 μὲν
3217 2397 3329 2469 γὰρ
3383 2397 3561 2450 δοῦλοι
3580 2437 3599 2462 ,
3636 2398 3697 2449 οἴ

2100 2482 2161 2536 δὲ
2197 2480 2494 2555 ἐλεύθεροι.
2537 2503 2556 2536 ι
2584 2485 2695 2538 Καὶ
2723 2487 2751 2538 ὁ
2787 2485 3092 2557 ἁπτόμενος
3139 2486 3344 2556 dudm,-
3387 2488 3575 2557 φησὶν,
3609 2487 3687 2549 ὡς

2107 2576 2137 2628 ὁ
2156 2574 2462 2646 ἁπτόμενος
2484 2575 2583 2644 τῆς
2614 2576 2780 2646 κόρης
2815 2577 2910 2628 τοῦ
2943 2575 3222 2646 ὀφθαλμοῦ
3252 2576 3417 2630 αὐτοῦ
3439 2592 3454 2607 ο
3496 2595 3514 2627 ι
3549 2576 3649 2629 καὶ
3668 2616 3687 2641 ,

2115 2685 2134 2717 ι
2178 2665 2514 2736 Ἑφεισάμην
2548 2664 2660 2734 ἐγώ
2684 2682 2779 2719 σου
2811 2666 2904 2718 τοῦ
2938 2666 3014 2736 μὴ
3042 2667 3310 2738 ἁμαρτεῖν
3336 2668 3417 2730 εἰς
3451 2667 3691 2737 ἐμὲιδιὰ

2109 2756 2211 2827 τῆς
2241 2757 2321 2822 εἰς
2354 2757 2445 2809 τὸν
2478 2758 2764 2829 προφήτην
2785 2756 3018 2821 ἀδικίας,
3051 2776 3071 2812 ι

424 2854 515 2920 gat
538 2848 685 2903 oculi
725 2848 811 2904 sui
852 2834 1117 2919 pupillam
1148 2846 1216 2901 “.
1253 2844 1355 2915 Et:
1389 2865 1408 2899 ι
1460 2846 1574 2921 Ego
1608 2850 1830 2921 peperci
1861 2850 1993 2916 tibi,
2020 2866 2088 2907 ne
2143 2850 2276 2922 quid
2319 2850 2373 2904 in
2434 2866 2521 2905 me
2593 2851 2996 2917 committeres,
3027 2851 3157 2905 dum
3206 2851 3442 2922 parabas
3480 2849 3687 2908 inferre

425 2941 685 3012 injuriam
701 2944 985 3014 prOphetze
1019 2942 1088 2997 “.
1139 2960 1158 2993 ι

495 3035 767 3090 Caeterum
804 3044 1114 3105 peccatum,
1154 3034 1303 3105 quod
1340 3042 1575 3092 mortem
1611 3045 1870 3108 apportat
1910 3051 2004 3093 sa-

424 3124 636 3183 criﬁcio
660 3125 935 3196 expiatur.
964 3124 1056 3183 Sic
1087 3133 1398 3196 peceatum.
1423 3141 1533 3198 quo
1564 3141 1628 3184 se
1658 3127 2001 3184 contamina-

427 3210 507 3273 vit
537 3216 711 3285 Judas
742 3217 1072 3275 lschariotes
1105 3216 1387 3288 prodendo
1419 3218 1729 3284 Christum,
1758 3234 1870 3283 non
1909 3234 2002 3279 τοτ-

426 3307 749 3375 mittebatur
799 3308 872 3362 ei.
935 3305 1172 3363 Noverat
1215 3308 1386 3372 enim,
1427 3322 1490 3365 se
1547 3322 1660 3364 non
1702 3308 1759 3363 in
1810 3309 1999 3365 liberae

427 3398 765 3456 conditionis
805 3398 1083 3455 hominem
1116 3396 1450 3478 solumksed
1488 3401 1656 3455 etiam
1715 3400 1773 3455 in
1820 3400 2001 3470 ipsum

427 3493 749 3565 delinquere
778 3490 1095 3555 Dominum.
1128 3489 1242 3556 Illis
1274 3505 1427 3558 vero,
1458 3492 1555 3563 qui
1592 3491 1920 3562 ignoranter
1945 3492 2000 3546 in

2191 3028 2257 3083 Ἥ
2288 3029 2364 3102 μὴ
2400 3028 2539 3101 πρὸς
2588 3027 2820 3084 θάνατον
2873 3025 2968 3084 οὖν
2998 3029 3243 3101 ἁμαρτία
3270 3029 3358 3084 διὰ
3382 3030 3574 3095 θυσίας
3591 3031 3685 3086 0s-

2115 3120 2437 3191 ραπεύεται.
2485 3120 2642 3173 Οὕτω
2668 3120 2730 3173 τὸ
2758 3102 2845 3183 ἓῑς
2891 3120 3127 3193 Χριστὸν
3159 3119 3554 3191 ἀσυγχώρητον
3583 3124 3686 3193 μὲν

2119 3208 2309 3283 Ἰούδᾳ,
2358 3212 2441 3265 ὅτι
2499 3211 2620 3284 ᾔδει
2649 3211 2960 3276 uacation
2995 3212 3227 3283 ἐτόλμα,
3263 3213 3367 3265 οὐκ
3396 3212 3684 3283 ἐλευθέρου

2111 3302 2295 3374 μόνον,
2326 3301 2468 3359 ἀλλὰ
2501 3303 2596 3357 καὶ
2652 3301 2926 3356 Δεσπότου
2954 3320 2968 3334 ·
3007 3305 3121 3367 τοῖς
3163 3303 3221 3356 δέ
3268 3320 3335 3373 γε
3386 3304 3687 3373 ἡγνοηκόσι

2112 3396 2468 3469 συγχωρητδν
2497 3434 2514 3461 ,
2579 3395 2655 3459 ὡς
2704 3396 2788 3459 εἰς
2842 3394 3134 3467 ἄνθρωπον
3209 3397 3304 3450 κοιλ⁸
3355 3397 3436 3460 εἰς
3499 3396 3686 3460 δοῦλον

2112 3488 2376 3560 πραχθέν.

426 3586 577 3650 hunc
614 3594 999 3664 peccaverant.
1035 3592 1321 3658 peccatum
1353 3584 1516 3643 facile
1554 3584 1996 3653 contionabatur,
2031 3582 2160 3641 dum
2201 3583 2384 3658 ipsum
2431 3580 2815 3639 existimarent
2860 3581 3039 3638 solum
3085 3580 3367 3637 hominem
3437 3588 3494 3637 et
3567 3593 3685 3635 ξεττ

427 3694 577 3736 vum.
1983 3736 1987 3740 .

497 3770 738 3841 Fructus
769 3772 885 3844 ejus
921 3773 1089 3829 tribus
1129 3773 1284 3828 annis
1313 3772 1416 3827 erit
1456 3770 1602 3840 vobis
1634 3772 1691 3827 in
1738 3772 2004 3843 prwputia

428 3864 508 3931 uel
544 3865 875 3932 immundus,
905 3874 1010 3922 etc.
1036 3864 1167 3939 {23]
1212 3865 1385 3921 Audis
1418 3864 1511 3921 hic
1556 3863 1816 3936 anigma,
1855 3864 2005 3937 quod

427 3956 690 4028 competit
724 3956 783 4015 in
831 3956 1094 4028 populum
1122 3954 1548 4031 Judaicum.qui
1577 3955 1760 4013 tribus
1790 3963 2009 4026 tempo—

426 4048 605 4115 ribus,
629 4049 852 4119 quando
889 4048 1243 4108 mittebantur
1289 4046 1594 4118 prophetae,
1637 4047 2007 4120 neglexerunt

425 4139 675 4207 proferre
700 4136 960 4193 fructum.
998 4135 1112 4192 Sub
1144 4136 1308 4200 Isaia,
1341 4137 1446 4192 sub
1473 4135 1733 4201 Ieremia,
1766 4137 1873 4191 sub
1896 4134 2005 4189 Za-

427 4229 639 4297 rharia,
688 4229 817 4296 illis,
864 4229 1111 4298 inquam,
1176 4228 1352 4283 tribus
1407 4227 1775 4297 temporibus,
1843 4226 1998 4282 fuere

428 4301 1178 4393 steriles,'quemadmodum
1241 4317 1449 4374 Christi
1497 4318 1657 4387 docet
1713 4318 1998 4387 parabola,

427 4430 552 4470 cum
578 4407 848 4497 quaereret
878 4410 1056 4466 tribus
1076 4410 1235 4477 annis
1265 4409 1505 4464 fructum
1538 4407 1591 4462 in
1618 4407 1813 4463 arbore
1840 4406 2000 4468 licus.

426 4522 531 4562 nec
556 4504 877 4575 reperisset.
924 4500 1134 4566 Quarta
1164 4506 1347 4555 autem
1380 4505 1543 4553 aetate
1584 4497 1827 4563 fructum
1862 4498 2003 4571 alla-

2140 3762 2149 3765 ;
2189 3772 2253 3826 '0
2279 3768 2508 3840 καρπὸς
2534 3764 2724 3822 αὐτοῦ
2771 3765 2907 3833 τρία
2944 3764 3050 3830 ἔτη
3084 3763 3257 3818 ἔσται
3290 3762 3436 3832 ὑμῖν
3475 3762 3679 3832 ἁπεριο

2108 3861 2515 3933 κάθαρτος,οὐ
2532 3857 2934 3929 βρωθήσεται.
2972 3856 3216 3926 Αἵνιγμα
3269 3854 3432 3908 τοῦτο
3477 3855 3558 3917 εἰς
3592 3852 3681 3905 τὸν

2107 3953 2256 4019 λαὸν,
2287 3952 2381 4007 ἐπὶ
2408 3953 2561 4021 τρεῖς
2609 3950 2709 4021 μὲν
2754 3947 2984 4020 καιροὺς
3035 3947 3344 4015 ἀποστολῆς
3386 3944 3676 4016 προφητῶν

2108 4047 2169 4109 οὐ
2198 4044 2461 4115 μέλλοντα
2488 4042 2688 4098 διδόναι
2714 4039 2928 4112 καρπόν
2949 4054 2963 4070 ⁸
2994 4040 3091 4092 ἐπὶ
3104 4038 3214 4093 τῶν
3239 4039 3368 4109 περὶ
3387 4036 3673 4107 Ἰερεμίαν,

2114 4140 2207 4193 καὶ
2246 4138 2355 4191 τῶν
2409 4137 2539 4206 περί
2602 4132 2901 4203 Ζαχαρίαν,
2954 4130 3031 4195 ὡς
3088 4130 3182 4184 καὶ
3217 4129 3373 4202 ήτοῦ
3435 4125 3666 4198 Χριστοῦ

2115 4229 2374 4301 σημαίνει
2422 4224 2709 4299 παραϐολή
2732 4244 2745 4257 ·
2776 4227 2859 4280 ὅτι
2913 4224 3042 4296 τρία,
3063 4222 3157 4295 ἐτη
3184 4222 3364 4292 ζητῶν
3380 4218 3584 4291 καρπὸν
3613 4218 3668 4268 ὲν

2111 4322 2179 4391 τῇ
2204 4321 2367 4391 συκῇ,
2393 4320 2492 4391 οὐχ
2547 4318 2795 4391 εὑρίσκει
2815 4315 3091 4386 ’τετάρτῳ
3118 4315 3175 4368 δὲ
3204 4311 3381 4384 καιρῷ
3421 4310 3676 4382 μέλλοντα
3754 4324 3765 4333 ‘

2110 4411 2189 4482 τῷ
2217 4411 2409 4482 Κυρίῳ
2443 4410 2815 4481 καρποφορεῖν
2855 4409 2983 4471 τοὺς
3018 4405 3379 4468 ἀποστόλους.
3432 4405 3676 4472 Συνεχω-

2115 4501 2256 4573 ρήθη
2281 4500 2339 4554 δὲ
2364 4499 2426 4553 τὸ
2452 4500 2735 4572 τέταρτον.
2774 4497 2863 4552 ἴνα
2890 4496 2970 4567 τῷ
3019 4496 3261 4566 πέμπτῳ
3306 4491 3602 4559 ὲκκοπείη,
3635 4488 3683 4540 εἰ

427 4596 538 4650 turi
568 4599 728 4651 erant
775 4584 1009 4647 Domino
1043 4589 1297 4658 apostoli.
1324 4588 1601 4657 Concessa
1643 4603 1773 4643 vero
1820 4597 1907 4663 est
1947 4594 2001 4643 et

2110 4595 2188 4666 μὴ
2212 4593 2710 4666 καρποφορήσειεν.
2752 4592 2842 4644 Ἐν
2900 4585 2998 4644 οὖν
3047 4588 3125 4660 τῷ
3178 4587 3421 4657 πέμπτῳ
3467 4581 3681 4654 καρπδς

430 4693 630 4757 quarta
673 4683 938 4753 temporis
989 4680 1361 4753 intercapedo,
1387 4688 1448 4736 ut
1481 4680 1676 4751 quinta
1708 4680 1996 4737 excidere-

431 4790 544 4845 tnr,
567 4777 616 4832 si
644 4776 862 4832 solitam
897 4775 1158 4830 retineret
1185 4773 1555 4846 sterilitatem.
1595 4771 1800 4839 Quinta
1842 4779 2005 4828 aetate

432 4867 709 4923 fructibus
734 4865 949 4921 fruetur
981 4865 1220 4936 pepulus
1257 4879 1383 4921 cum
1430 4878 1491 4919 se
1517 4863 1769 4931 iunxerit
1807 4864 2009 4936 divina;

431 4958 685 5031 religioni
715 4968 770 5013 et
804 4957 873 5013 ad
898 4957 1068 5013 Deum
1093 4972 1153 5013 se
1184 4957 1569 5027 applieaverit.

2111 4688 2193 4752 εἰς
2220 4686 2543 4753 ἀπόλαυσιν,
2585 4686 2675 4739 ὅτε
2705 4682 2896 4737 ἑαυτὸν
2947 4681 3194 4755 εὑρίσκει
3219 4681 3248 4733 ὁ
3272 4678 3404 4742 λαὸς
3461 4673 3686 4729 επανελ-

2116 4777 2280 4841 θόντα
2301 4779 2381 4851 εἰς
2401 4777 2559 4836 θεόν.

493 5065 909 5142 Verumtamen.
927 5081 997 5121 ne
1012 5066 1127 5121 haec
1144 5066 1525 5136 scrupulosius
1538 5065 1700 5143 362
1714 5039 1998 5129 rimentur,
2017 5061 2301 5132 Scriptura
2321 5058 2488 5117 Hesus
2504 5057 2808 5127 comparari
2828 5065 3009 5127 potest
3027 5053 3409 5143 amoenissimo
3427 5051 3683 5124 paradiso

432 5168 485 5211 et
510 5153 682 5210 variis
706 5140 1000 5208 arboribus
1029 5155 1271 5207 exculto.
1305 5156 1372 5206 At
1395 5169 1617 5209 sensum
1653 5140 2004 5214 historicum,
2035 5152 2128 5220 qui
2157 5147 2441 5204 confertur
2480 5146 2643 5217 lignis
2666 5152 2720 5198 et
2752 5145 3013 5206 materiae,
3064 5150 3118 5196 te
3150 5140 3374 5195 auferre
3420 5144 3669 5210 oportet.

435 5254 491 5301 et
528 5242 596 5297 ad
624 5242 806 5313 ipsum
826 5225 1127 5312 Scriptum
1159 5248 1454 5309 penetrare
1488 5255 1606 5295 cor.
1640 5239 1808 5296 Docet
1841 5239 1949 5301 tria
1984 5237 2158 5295 fuisse
2203 5234 2470 5308 temporis
2501 5233 2813 5300 intervalla,
2851 5230 3056 5302 quibus
3090 5230 3174 5299 lex~
3225 5228 3395 5285 fuerit
3443 5223 3687 5281 nondum

509 5411 557 5443 "
584 5407 722 5465 Tob.
781 5422 857 5471 IV,
912 5404 1026 5468 i6;
1082 5399 1273 5457 Matth.
1310 5416 1408 5465 vn,
1453 5399 1537 5454 12.
1615 5399 1789 5456 “lsa.
1829 5414 1881 5465 ν,
1925 5398 1976 5452 7.
2050 5396 2095 5429 ιι
2124 5393 2355 5449 Zachar.
2395 5351 2457 5460 tt,
2499 5392 2553 5447 8.
2628 5391 2675 5426 ⁸³
2705 5389 2843 5448 Gen.
2878 5405 2969 5456 xx,
2996 5388 3053 5444 6.

1965 5529 2198 5587 ΝΟΤᾹῖ.

519 5649 908 5741 (19)Πρόσθες,
945 5648 1037 5705 καὶ
1062 5649 1139 5713 εἰς
1169 5645 1545 5722 ἁμαρτωλούς,
