  <div class='ocr_page' id='page_1' title='image "/cluster/home/n/w/nwhite01/storage/ocr_20150623/87:1/hvd.32044073502353/386.png"; bbox 0 0 4050 6212; ppageno 0'>
   <div class='ocr_carea' id='block_1_1' title="bbox 320 190 3568 311">
    <p class='ocr_par' dir='ltr' id='par_1_1' title="bbox 320 190 3568 311">
     <span class='ocr_line' id='line_1_1' title="bbox 320 190 3568 311; baseline -0.001 -5"><span class='ocrx_word' id='word_1_1' title='bbox 320 239 426 306; x_wconf 72' lang='lat'><strong>731</strong></span> <span class='ocrx_word' id='word_1_2' title='bbox 1330 240 1864 301; x_wconf 71' lang='lat' dir='ltr'><strong>COMMENTARII</strong></span> <span class='ocrx_word' id='word_1_3' title='bbox 1906 240 1985 298; x_wconf 89' lang='lat' dir='ltr'><strong>IN</strong></span> <span class='ocrx_word' id='word_1_4' title='bbox 2028 235 2468 299; x_wconf 74' lang='lat' dir='ltr'><strong>LEVlTiCUM.</strong></span> <span class='ocrx_word' id='word_1_5' title='bbox 2784 305 2799 311; x_wconf 56' lang='grc'><strong><em>,</em></strong></span> <span class='ocrx_word' id='word_1_6' title='bbox 3464 190 3568 305; x_wconf 59' lang='lat'><strong>762</strong></span> 
     </span>
    </p>
   </div>
   <div class='ocr_carea' id='block_1_2' title="bbox 329 352 3568 427">
    <p class='ocr_par' dir='ltr' id='par_1_2' title="bbox 329 352 3568 427">
     <span class='ocr_line' id='line_1_2' title="bbox 329 352 3568 427; baseline 0 -13"><span class='ocrx_word' id='word_1_7' title='bbox 329 361 467 414; x_wconf 85' lang='lat' dir='ltr'><strong>bene</strong></span> <span class='ocrx_word' id='word_1_8' title='bbox 492 361 746 427; x_wconf 81' lang='lat' dir='ltr'><strong>purgata,</strong></span> <span class='ocrx_word' id='word_1_9' title='bbox 768 353 983 410; x_wconf 92' lang='lat' dir='ltr'><strong>scilicet</strong></span> <span class='ocrx_word' id='word_1_10' title='bbox 1013 353 1182 419; x_wconf 81' lang='lat' dir='ltr'><strong>Mosc,</strong></span> <span class='ocrx_word' id='word_1_11' title='bbox 1215 352 1384 411; x_wconf 82' lang='lat' dir='ltr'><strong>.losue</strong></span> <span class='ocrx_word' id='word_1_12' title='bbox 1410 366 1457 411; x_wconf 88' lang='lat' dir='ltr'><strong>et</strong></span> <span class='ocrx_word' id='word_1_13' title='bbox 1493 356 1783 412; x_wconf 76' lang='lat' dir='ltr'><strong>iudicibus</strong></span> <span class='ocrx_word' id='word_1_14' title='bbox 1812 357 2194 426; x_wconf 83' lang='lat' dir='ltr'><strong>regnantibus.</strong></span> <span class='ocrx_word' id='word_1_15' title='bbox 2225 354 2438 421; x_wconf 84' lang='lat' dir='ltr'><strong>Quarta</strong></span> <span class='ocrx_word' id='word_1_16' title='bbox 2465 359 2648 418; x_wconf 66' lang='lat' dir='ltr'><strong>tetate,</strong></span> <span class='ocrx_word' id='word_1_17' title='bbox 2676 366 2798 423; x_wconf 83' lang='lat' dir='ltr'><strong>quae</strong></span> <span class='ocrx_word' id='word_1_18' title='bbox 2824 355 3219 423; x_wconf 86' lang='lat' dir='ltr'><strong>prephetarum</strong></span> <span class='ocrx_word' id='word_1_19' title='bbox 3246 364 3349 419; x_wconf 90' lang='lat' dir='ltr'><strong>est,</strong></span> <span class='ocrx_word' id='word_1_20' title='bbox 3378 357 3446 411; x_wconf 68' lang='lat' dir='ltr'><strong>ab</strong></span> <span class='ocrx_word' id='word_1_21' title='bbox 3479 360 3568 415; x_wconf 74' lang='lat' dir='ltr'><strong>his</strong></span> 
     </span>
    </p>
   </div>
   <div class='ocr_carea' id='block_1_3' title="bbox 327 438 3572 511">
    <p class='ocr_par' dir='ltr' id='par_1_3' title="bbox 327 438 3572 511">
     <span class='ocr_line' id='line_1_3' title="bbox 327 438 3572 511; baseline -0.001 -12"><span class='ocrx_word' id='word_1_22' title='bbox 327 452 557 500; x_wconf 88' lang='lat' dir='ltr'><strong>sanctus</strong></span> <span class='ocrx_word' id='word_1_23' title='bbox 590 449 676 496; x_wconf 87' lang='lat' dir='ltr'><strong>est</strong></span> <span class='ocrx_word' id='word_1_24' title='bbox 725 441 1074 502; x_wconf 83' lang='lat' dir='ltr'><strong>decantatus,</strong></span> <span class='ocrx_word' id='word_1_25' title='bbox 1103 442 1566 511; x_wconf 83' lang='lat' dir='ltr'><strong>quemadmodum</strong></span> <span class='ocrx_word' id='word_1_26' title='bbox 1604 445 1880 497; x_wconf 76' lang='lat' dir='ltr'><strong>memoria:</strong></span> <span class='ocrx_word' id='word_1_27' title='bbox 1930 442 2205 511; x_wconf 73' lang='lat' dir='ltr'><strong>proditum</strong></span> <span class='ocrx_word' id='word_1_28' title='bbox 2236 449 2323 495; x_wconf 88' lang='lat' dir='ltr'><strong>est</strong></span> <span class='ocrx_word' id='word_1_29' title='bbox 2354 458 2367 494; x_wconf 92' lang='lat'><strong>:</strong></span> <span class='ocrx_word' id='word_1_30' title='bbox 2401 441 2471 495; x_wconf 87' lang='lat' dir='ltr'><strong>ab</strong></span> <span class='ocrx_word' id='word_1_31' title='bbox 2502 438 2707 495; x_wconf 70' lang='lat' dir='ltr'><strong>Jndaais</strong></span> <span class='ocrx_word' id='word_1_32' title='bbox 2747 447 3116 506; x_wconf 83' lang='lat' dir='ltr'><strong>contemptus,</strong></span> <span class='ocrx_word' id='word_1_33' title='bbox 3145 440 3238 494; x_wconf 84' lang='lat' dir='ltr'><strong>sed</strong></span> <span class='ocrx_word' id='word_1_34' title='bbox 3275 443 3572 500; x_wconf 74' lang='lat' dir='ltr'><strong>manifeste</strong></span> 
     </span>
    </p>
   </div>
   <div class='ocr_carea' id='block_1_4' title="bbox 330 527 3568 599">
    <p class='ocr_par' dir='ltr' id='par_1_4' title="bbox 330 527 3568 599">
     <span class='ocr_line' id='line_1_4' title="bbox 330 527 3568 599; baseline -0.001 -12"><span class='ocrx_word' id='word_1_35' title='bbox 330 528 696 587; x_wconf 80' lang='lat' dir='ltr'><strong>annuntiatus</strong></span> <span class='ocrx_word' id='word_1_36' title='bbox 723 536 811 583; x_wconf 72' lang='grc' dir='ltr'><strong>εει</strong></span> <span class='ocrx_word' id='word_1_37' title='bbox 843 527 1120 583; x_wconf 74' lang='lat' dir='ltr'><strong>Christus.</strong></span> <span class='ocrx_word' id='word_1_38' title='bbox 1149 528 1434 599; x_wconf 87' lang='lat' dir='ltr'><strong>Prophctis</strong></span> <span class='ocrx_word' id='word_1_39' title='bbox 1458 530 1673 584; x_wconf 84' lang='lat' dir='ltr'><strong>vicinus</strong></span> <span class='ocrx_word' id='word_1_40' title='bbox 1695 527 1799 582; x_wconf 78' lang='lat' dir='ltr'><strong>fuit</strong></span> <span class='ocrx_word' id='word_1_41' title='bbox 1832 543 2141 597; x_wconf 72' lang='lat' dir='ltr'><strong>prmcursor</strong></span> <span class='ocrx_word' id='word_1_42' title='bbox 2167 529 2392 594; x_wconf 77' lang='lat' dir='ltr'><strong>Christi,</strong></span> <span class='ocrx_word' id='word_1_43' title='bbox 2417 528 2513 599; x_wconf 88' lang='lat' dir='ltr'><strong>qui</strong></span> <span class='ocrx_word' id='word_1_44' title='bbox 2534 530 2606 582; x_wconf 87' lang='lat' dir='ltr'><strong>ita</strong></span> <span class='ocrx_word' id='word_1_45' title='bbox 2632 527 3099 583; x_wconf 89' lang='lat' dir='ltr'><strong>concinnabatur:</strong></span> <span class='ocrx_word' id='word_1_46' title='bbox 3137 546 3156 579; x_wconf 74' lang='grc' dir='ltr'><strong>ι</strong></span> <span class='ocrx_word' id='word_1_47' title='bbox 3183 528 3568 586; x_wconf 73' lang='lat' dir='ltr'><strong>Pmnitentiam</strong></span> 
     </span>
    </p>
   </div>
   <div class='ocr_carea' id='block_1_5' title="bbox 328 615 3569 693">
    <p class='ocr_par' dir='ltr' id='par_1_5' title="bbox 328 615 3569 693">
     <span class='ocr_line' id='line_1_5' title="bbox 328 615 3569 693; baseline -0.002 -16"><span class='ocrx_word' id='word_1_48' title='bbox 328 623 493 693; x_wconf 86' lang='lat' dir='ltr'><strong>agite.</strong></span> <span class='ocrx_word' id='word_1_49' title='bbox 549 618 702 677; x_wconf 72' lang='lat' dir='ltr'><strong>Nam&quot;.</strong></span> <span class='ocrx_word' id='word_1_50' title='bbox 735 634 961 690; x_wconf 78' lang='lat' dir='ltr'><strong>regnum</strong></span> <span class='ocrx_word' id='word_1_51' title='bbox 1009 620 1277 676; x_wconf 72' lang='lat' dir='ltr'><strong>caelorum</strong></span> <span class='ocrx_word' id='word_1_52' title='bbox 1328 620 1787 691; x_wconf 72' lang='lat' dir='ltr'><strong>appmpinquavit</strong></span> <span class='ocrx_word' id='word_1_53' title='bbox 1821 620 1887 672; x_wconf 68' lang='grc'><strong>⁸⁸.</strong></span> <span class='ocrx_word' id='word_1_54' title='bbox 1949 637 1969 671; x_wconf 86' lang='grc'><strong>›</strong></span> <span class='ocrx_word' id='word_1_55' title='bbox 2011 617 2136 672; x_wconf 80' lang='lat' dir='ltr'><strong>Fuit</strong></span> <span class='ocrx_word' id='word_1_56' title='bbox 2170 616 2394 688; x_wconf 84' lang='lat' dir='ltr'><strong>quidem</strong></span> <span class='ocrx_word' id='word_1_57' title='bbox 2432 623 2659 672; x_wconf 84' lang='lat' dir='ltr'><strong>sanctus</strong></span> <span class='ocrx_word' id='word_1_58' title='bbox 2683 630 2878 686; x_wconf 83' lang='lat' dir='ltr'><strong>nempe</strong></span> <span class='ocrx_word' id='word_1_59' title='bbox 2920 615 3178 671; x_wconf 74' lang='lat' dir='ltr'><strong>Christus</strong></span> <span class='ocrx_word' id='word_1_60' title='bbox 3205 625 3259 670; x_wconf 90' lang='lat' dir='ltr'><strong>et</strong></span> <span class='ocrx_word' id='word_1_61' title='bbox 3290 618 3343 670; x_wconf 91' lang='lat' dir='ltr'><strong>in</strong></span> <span class='ocrx_word' id='word_1_62' title='bbox 3375 627 3569 686; x_wconf 87' lang='lat' dir='ltr'><strong>quarta</strong></span> 
     </span>
    </p>
   </div>
   <div class='ocr_carea' id='block_1_6' title="bbox 330 706 3567 777">
    <p class='ocr_par' dir='ltr' id='par_1_6' title="bbox 330 706 3567 777">
     <span class='ocr_line' id='line_1_6' title="bbox 330 706 3567 777; baseline 0.001 -13"><span class='ocrx_word' id='word_1_63' title='bbox 330 718 517 773; x_wconf 72' lang='lat' dir='ltr'><strong>astate,</strong></span> <span class='ocrx_word' id='word_1_64' title='bbox 553 715 941 763; x_wconf 76' lang='lat' dir='ltr'><strong>verumtamen</strong></span> <span class='ocrx_word' id='word_1_65' title='bbox 1002 709 1198 777; x_wconf 91' lang='lat' dir='ltr'><strong>quinta</strong></span> <span class='ocrx_word' id='word_1_66' title='bbox 1247 708 1467 763; x_wconf 91' lang='lat' dir='ltr'><strong>demum</strong></span> <span class='ocrx_word' id='word_1_67' title='bbox 1507 717 1665 765; x_wconf 66' lang='lat' dir='ltr'><strong>aetate</strong></span> <span class='ocrx_word' id='word_1_68' title='bbox 1692 708 1811 764; x_wconf 90' lang='lat' dir='ltr'><strong>esui</strong></span> <span class='ocrx_word' id='word_1_69' title='bbox 1872 706 2106 762; x_wconf 90' lang='lat' dir='ltr'><strong>idoneus</strong></span> <span class='ocrx_word' id='word_1_70' title='bbox 2153 715 2289 761; x_wconf 89' lang='lat' dir='ltr'><strong>erat.</strong></span> <span class='ocrx_word' id='word_1_71' title='bbox 2326 706 2668 775; x_wconf 84' lang='lat' dir='ltr'><strong>Quapropter</strong></span> <span class='ocrx_word' id='word_1_72' title='bbox 2693 706 2746 759; x_wconf 91' lang='lat' dir='ltr'><strong>in</strong></span> <span class='ocrx_word' id='word_1_73' title='bbox 2797 708 3052 776; x_wconf 70' lang='lat' dir='ltr'><strong>praesenti</strong></span> <span class='ocrx_word' id='word_1_74' title='bbox 3083 717 3232 762; x_wconf 82' lang='lat' dir='ltr'><strong>textu</strong></span> <span class='ocrx_word' id='word_1_75' title='bbox 3285 706 3518 764; x_wconf 83' lang='lat' dir='ltr'><strong>habetur</strong></span> <span class='ocrx_word' id='word_1_76' title='bbox 3554 729 3567 766; x_wconf 76' lang='grc' dir='ltr'><strong>ε</strong></span> 
     </span>
    </p>
   </div>
   <div class='ocr_carea' id='block_1_7' title="bbox 341 792 3573 866">
    <p class='ocr_par' dir='ltr' id='par_1_7' title="bbox 341 792 3573 866">
     <span class='ocr_line' id='line_1_7' title="bbox 341 792 3573 866; baseline 0.001 -18"><span class='ocrx_word' id='word_1_77' title='bbox 341 816 362 848; x_wconf 70' lang='grc' dir='ltr'><strong>ε</strong></span> <span class='ocrx_word' id='word_1_78' title='bbox 396 797 464 851; x_wconf 84' lang='lat' dir='ltr'><strong>Et</strong></span> <span class='ocrx_word' id='word_1_79' title='bbox 492 794 685 850; x_wconf 84' lang='lat' dir='ltr'><strong>licebit</strong></span> <span class='ocrx_word' id='word_1_80' title='bbox 714 795 880 849; x_wconf 86' lang='lat' dir='ltr'><strong>vobis</strong></span> <span class='ocrx_word' id='word_1_81' title='bbox 908 809 1267 866; x_wconf 77' lang='lat' dir='ltr'><strong>congregare.</strong></span> <span class='ocrx_word' id='word_1_82' title='bbox 1314 813 1333 846; x_wconf 74' lang='grc' dir='ltr'><strong>ι</strong></span> <span class='ocrx_word' id='word_1_83' title='bbox 1357 792 1491 849; x_wconf 76' lang='lat' dir='ltr'><strong>Nam</strong></span> <span class='ocrx_word' id='word_1_84' title='bbox 1524 804 1729 866; x_wconf 67' lang='lat' dir='ltr'><strong>praeter</strong></span> <span class='ocrx_word' id='word_1_85' title='bbox 1758 795 2111 866; x_wconf 84' lang='lat' dir='ltr'><strong>Evangelium</strong></span> <span class='ocrx_word' id='word_1_86' title='bbox 2144 795 2305 849; x_wconf 88' lang='lat' dir='ltr'><strong>etiam</strong></span> <span class='ocrx_word' id='word_1_87' title='bbox 2338 794 2445 858; x_wconf 83' lang='lat' dir='ltr'><strong>lex,</strong></span> <span class='ocrx_word' id='word_1_88' title='bbox 2485 794 2530 849; x_wconf 90' lang='lat' dir='ltr'><strong>si</strong></span> <span class='ocrx_word' id='word_1_89' title='bbox 2553 794 2918 863; x_wconf 86' lang='lat' dir='ltr'><strong>spiritualiter</strong></span> <span class='ocrx_word' id='word_1_90' title='bbox 2945 805 3273 863; x_wconf 79' lang='lat' dir='ltr'><strong>exponatur,</strong></span> <span class='ocrx_word' id='word_1_91' title='bbox 3306 796 3458 850; x_wconf 88' lang='lat' dir='ltr'><strong>utilis</strong></span> <span class='ocrx_word' id='word_1_92' title='bbox 3486 806 3573 852; x_wconf 91' lang='lat' dir='ltr'><strong>est</strong></span> 
     </span>
    </p>
   </div>
   <div class='ocr_carea' id='block_1_8' title="bbox 328 882 3572 955">
    <p class='ocr_par' dir='ltr' id='par_1_8' title="bbox 328 882 3572 955">
     <span class='ocr_line' id='line_1_8' title="bbox 328 882 3572 955; baseline 0.001 -15"><span class='ocrx_word' id='word_1_93' title='bbox 328 884 668 941; x_wconf 84' lang='lat' dir='ltr'><strong>Christianis</strong></span> <span class='ocrx_word' id='word_1_94' title='bbox 689 892 745 938; x_wconf 89' lang='lat' dir='ltr'><strong>et</strong></span> <span class='ocrx_word' id='word_1_95' title='bbox 766 884 875 951; x_wconf 86' lang='lat' dir='ltr'><strong>piis</strong></span> <span class='ocrx_word' id='word_1_96' title='bbox 908 884 1250 939; x_wconf 90' lang='lat' dir='ltr'><strong>hominibus.</strong></span> <span class='ocrx_word' id='word_1_97' title='bbox 1287 883 1638 955; x_wconf 77' lang='lat' dir='ltr'><strong>Quapropter</strong></span> <span class='ocrx_word' id='word_1_98' title='bbox 1664 885 1927 941; x_wconf 88' lang='lat' dir='ltr'><strong>Christus</strong></span> <span class='ocrx_word' id='word_1_99' title='bbox 1955 885 2032 938; x_wconf 91' lang='lat' dir='ltr'><strong>sic</strong></span> <span class='ocrx_word' id='word_1_100' title='bbox 2056 882 2201 938; x_wconf 81' lang='lat' dir='ltr'><strong>fatur</strong></span> <span class='ocrx_word' id='word_1_101' title='bbox 2234 901 2247 936; x_wconf 90' lang='lat'><strong>:</strong></span> <span class='ocrx_word' id='word_1_102' title='bbox 2290 902 2308 933; x_wconf 75' lang='grc' dir='ltr'><strong>ε</strong></span> <span class='ocrx_word' id='word_1_103' title='bbox 2347 882 2539 938; x_wconf 87' lang='lat' dir='ltr'><strong>Omnis</strong></span> <span class='ocrx_word' id='word_1_104' title='bbox 2562 882 2743 937; x_wconf 86' lang='lat' dir='ltr'><strong>scriba</strong></span> <span class='ocrx_word' id='word_1_105' title='bbox 2773 883 2968 938; x_wconf 91' lang='lat' dir='ltr'><strong>doctus</strong></span> <span class='ocrx_word' id='word_1_106' title='bbox 2991 883 3058 938; x_wconf 87' lang='lat' dir='ltr'><strong>ad</strong></span> <span class='ocrx_word' id='word_1_107' title='bbox 3094 899 3324 954; x_wconf 84' lang='lat' dir='ltr'><strong>regnum</strong></span> <span class='ocrx_word' id='word_1_108' title='bbox 3351 885 3572 942; x_wconf 72' lang='lat' dir='ltr'><strong>ctelestc</strong></span> 
     </span>
    </p>
   </div>
   <div class='ocr_carea' id='block_1_9' title="bbox 330 964 2796 1041">
    <p class='ocr_par' dir='ltr' id='par_1_9' title="bbox 330 964 2796 1041">
     <span class='ocr_line' id='line_1_9' title="bbox 330 964 2796 1041; baseline -0.004 -16"><span class='ocrx_word' id='word_1_109' title='bbox 330 971 528 1031; x_wconf 81' lang='lat' dir='ltr'><strong>similis</strong></span> <span class='ocrx_word' id='word_1_110' title='bbox 558 977 643 1026; x_wconf 91' lang='lat' dir='ltr'><strong>est</strong></span> <span class='ocrx_word' id='word_1_111' title='bbox 677 970 888 1024; x_wconf 87' lang='lat' dir='ltr'><strong>homini</strong></span> <span class='ocrx_word' id='word_1_112' title='bbox 919 968 1091 1041; x_wconf 91' lang='lat' dir='ltr'><strong>opule</strong></span> <span class='ocrx_word' id='word_1_113' title='bbox 1131 976 1217 1032; x_wconf 69' lang='lat' dir='ltr'><strong>to,</strong></span> <span class='ocrx_word' id='word_1_114' title='bbox 1249 971 1343 1041; x_wconf 86' lang='lat' dir='ltr'><strong>qui</strong></span> <span class='ocrx_word' id='word_1_115' title='bbox 1376 969 1651 1040; x_wconf 82' lang='lat' dir='ltr'><strong>depromit</strong></span> <span class='ocrx_word' id='word_1_116' title='bbox 1675 986 1742 1025; x_wconf 79' lang='lat' dir='ltr'><strong>ex</strong></span> <span class='ocrx_word' id='word_1_117' title='bbox 1778 973 2043 1025; x_wconf 88' lang='lat' dir='ltr'><strong>thesauro</strong></span> <span class='ocrx_word' id='word_1_118' title='bbox 2078 981 2180 1021; x_wconf 90' lang='lat' dir='ltr'><strong>suo</strong></span> <span class='ocrx_word' id='word_1_119' title='bbox 2208 972 2392 1019; x_wconf 83' lang='lat' dir='ltr'><strong>vetera</strong></span> <span class='ocrx_word' id='word_1_120' title='bbox 2421 972 2473 1019; x_wconf 88' lang='lat' dir='ltr'><strong>et</strong></span> <span class='ocrx_word' id='word_1_121' title='bbox 2500 979 2638 1019; x_wconf 88' lang='lat' dir='ltr'><strong>nova</strong></span> <span class='ocrx_word' id='word_1_122' title='bbox 2668 964 2737 1029; x_wconf 62' lang='grc' dir='ltr'><strong>η,</strong></span> <span class='ocrx_word' id='word_1_123' title='bbox 2776 983 2796 1015; x_wconf 74' lang='grc' dir='ltr'><strong>ι</strong></span> 
     </span>
    </p>
   </div>
   <div class='ocr_carea' id='block_1_10' title="bbox 404 1064 2003 1149">
    <p class='ocr_par' dir='ltr' id='par_1_10' title="bbox 404 1064 1980 1149">
     <span class='ocr_line' id='line_1_10' title="bbox 404 1064 1980 1149; baseline -0.002 -14"><span class='ocrx_word' id='word_1_124' title='bbox 404 1080 503 1149; x_wconf 78' lang='grc' dir='ltr'><strong>Μὴ</strong></span> <span class='ocrx_word' id='word_1_125' title='bbox 547 1080 760 1135; x_wconf 72' lang='grc' dir='ltr'>ἕσθετε</span> <span class='ocrx_word' id='word_1_126' title='bbox 783 1079 881 1132; x_wconf 76' lang='grc' dir='ltr'><strong>ἐπὶ</strong></span> <span class='ocrx_word' id='word_1_127' title='bbox 912 1078 1031 1133; x_wconf 73' lang='grc' dir='ltr'><strong>τῶν</strong></span> <span class='ocrx_word' id='word_1_128' title='bbox 1073 1077 1277 1147; x_wconf 76' lang='grc' dir='ltr'><strong>ὀρέων.</strong></span> <span class='ocrx_word' id='word_1_129' title='bbox 1311 1098 1330 1132; x_wconf 78' lang='lat' dir='ltr'><strong>r</strong></span> <span class='ocrx_word' id='word_1_130' title='bbox 1375 1080 1454 1133; x_wconf 87' lang='grc' dir='ltr'><strong>υύ</strong></span> <span class='ocrx_word' id='word_1_131' title='bbox 1513 1079 1741 1133; x_wconf 83' lang='grc' dir='ltr'><strong>δύνασθε</strong></span> <span class='ocrx_word' id='word_1_132' title='bbox 1770 1095 1903 1149; x_wconf 84' lang='grc' dir='ltr'>τρα-</span> <span class='ocrx_word' id='word_1_133' title='bbox 1933 1064 1980 1119; x_wconf 80' lang='grc' dir='ltr'>Α</span> 
     </span>
    </p>
   </div>
   <div class='ocr_carea' id='block_1_11' title="bbox 1972 1064 3571 1149">
    <p class='ocr_par' dir='ltr' id='par_1_11' title="bbox 1972 1070 3571 1146">
     <span class='ocr_line' id='line_1_11' title="bbox 1972 1070 3571 1146; baseline 0.006 -27"><span class='ocrx_word' id='word_1_134' title='bbox 1972 1103 1980 1119; x_wconf 80' lang='grc'><strong>.</strong></span> <span class='ocrx_word' id='word_1_135' title='bbox 2088 1070 2213 1125; x_wconf 83' lang='grc' dir='ltr'><strong>Νοη</strong></span> <span class='ocrx_word' id='word_1_136' title='bbox 2237 1071 2517 1126; x_wconf 76' lang='lat' dir='ltr'><strong>comedetis</strong></span> <span class='ocrx_word' id='word_1_137' title='bbox 2557 1072 2609 1125; x_wconf 82' lang='lat' dir='ltr'><strong>in</strong></span> <span class='ocrx_word' id='word_1_138' title='bbox 2634 1072 2918 1136; x_wconf 77' lang='lat' dir='ltr'><strong>montibus,</strong></span> <span class='ocrx_word' id='word_1_139' title='bbox 2946 1079 3057 1130; x_wconf 82' lang='lat' dir='ltr'><strong>etc.</strong></span> <span class='ocrx_word' id='word_1_140' title='bbox 3087 1071 3256 1143; x_wconf 79' lang='lat' dir='ltr'><strong>[XlX,</strong></span> <span class='ocrx_word' id='word_1_141' title='bbox 3285 1073 3379 1146; x_wconf 90' lang='lat'><strong>26]</strong></span> <span class='ocrx_word' id='word_1_142' title='bbox 3411 1093 3429 1126; x_wconf 76' lang='grc' dir='ltr'><strong>ι</strong></span> <span class='ocrx_word' id='word_1_143' title='bbox 3456 1073 3571 1128; x_wconf 85' lang='lat' dir='ltr'><strong>Non</strong></span> 
     </span>
    </p>
   </div>
   <div class='ocr_carea' id='block_1_12' title="bbox 330 1162 1929 1240">
    <p class='ocr_par' dir='ltr' id='par_1_12' title="bbox 330 1168 1895 1240">
     <span class='ocr_line' id='line_1_12' title="bbox 330 1168 1895 1240; baseline -0.001 -19"><span class='ocrx_word' id='word_1_144' title='bbox 330 1168 501 1239; x_wconf 76' lang='grc' dir='ltr'><strong>πέζης</strong></span> <span class='ocrx_word' id='word_1_145' title='bbox 532 1168 737 1238; x_wconf 68' lang='grc' dir='ltr'>Κυρίου</span> <span class='ocrx_word' id='word_1_146' title='bbox 768 1168 1042 1239; x_wconf 77' lang='grc' dir='ltr'><strong>μετέχειν,</strong></span> <span class='ocrx_word' id='word_1_147' title='bbox 1090 1169 1186 1222; x_wconf 78' lang='grc' dir='ltr'>καὶ</span> <span class='ocrx_word' id='word_1_148' title='bbox 1231 1169 1514 1240; x_wconf 80' lang='grc' dir='ltr'><strong>τραπέζης</strong></span> <span class='ocrx_word' id='word_1_149' title='bbox 1537 1168 1849 1240; x_wconf 79' lang='grc' dir='ltr'>δαιμονῐων.</span> <span class='ocrx_word' id='word_1_150' title='bbox 1877 1186 1895 1220; x_wconf 72' lang='grc' dir='ltr'><strong>ι</strong></span> 
     </span>
    </p>
   </div>
   <div class='ocr_carea' id='block_1_13' title="bbox 1976 1162 3575 1240">
    <p class='ocr_par' dir='ltr' id='par_1_13' title="bbox 2007 1162 3575 1233">
     <span class='ocr_line' id='line_1_13' title="bbox 2007 1162 3575 1233; baseline 0.001 -16"><span class='ocrx_word' id='word_1_151' title='bbox 2007 1164 2238 1233; x_wconf 87' lang='lat' dir='ltr'><strong>potestis</strong></span> <span class='ocrx_word' id='word_1_152' title='bbox 2285 1177 2487 1217; x_wconf 71' lang='lat' dir='ltr'><strong>mensae</strong></span> <span class='ocrx_word' id='word_1_153' title='bbox 2515 1162 2734 1217; x_wconf 90' lang='lat' dir='ltr'><strong>Domini</strong></span> <span class='ocrx_word' id='word_1_154' title='bbox 2770 1164 3066 1232; x_wconf 91' lang='lat' dir='ltr'><strong>participes</strong></span> <span class='ocrx_word' id='word_1_155' title='bbox 3106 1180 3246 1227; x_wconf 89' lang='lat' dir='ltr'><strong>esse,</strong></span> <span class='ocrx_word' id='word_1_156' title='bbox 3281 1173 3332 1219; x_wconf 89' lang='lat' dir='ltr'><strong>et</strong></span> <span class='ocrx_word' id='word_1_157' title='bbox 3375 1179 3575 1220; x_wconf 74' lang='lat' dir='ltr'><strong>mensa:</strong></span> 
     </span>
    </p>
   </div>
   <div class='ocr_carea' id='block_1_14' title="bbox 343 1241 1942 1332">
    <p class='ocr_par' dir='ltr' id='par_1_14' title="bbox 343 1258 1658 1332">
     <span class='ocr_line' id='line_1_14' title="bbox 343 1258 1658 1332; baseline -0.001 -19"><span class='ocrx_word' id='word_1_158' title='bbox 343 1260 430 1313; x_wconf 83' lang='grc' dir='ltr'>Ἐν</span> <span class='ocrx_word' id='word_1_159' title='bbox 453 1261 563 1332; x_wconf 85' lang='grc' dir='ltr'><strong>γὰρ</strong></span> <span class='ocrx_word' id='word_1_160' title='bbox 594 1262 710 1323; x_wconf 83' lang='grc' dir='ltr'>τοῖς</span> <span class='ocrx_word' id='word_1_161' title='bbox 737 1259 925 1329; x_wconf 73' lang='grc' dir='ltr'>ὄρεσιν</span> <span class='ocrx_word' id='word_1_162' title='bbox 951 1259 1009 1312; x_wconf 80' lang='grc' dir='ltr'><strong>ὲθ</strong></span> <span class='ocrx_word' id='word_1_163' title='bbox 1021 1258 1354 1332; x_wconf 82' lang='grc' dir='ltr'>ρησκεύοντο</span> <span class='ocrx_word' id='word_1_164' title='bbox 1380 1261 1658 1330; x_wconf 72' lang='grc' dir='ltr'>δαίμονες.</span> 
     </span>
    </p>
   </div>
   <div class='ocr_carea' id='block_1_15' title="bbox 1976 1241 3575 1332">
    <p class='ocr_par' dir='ltr' id='par_1_15' title="bbox 2004 1241 3575 1310">
     <span class='ocr_line' id='line_1_15' title="bbox 2004 1241 3575 1310; baseline -0.001 -3"><span class='ocrx_word' id='word_1_165' title='bbox 2004 1241 2396 1308; x_wconf 68' lang='lat' dir='ltr'><strong>daemoniorum</strong></span> <span class='ocrx_word' id='word_1_166' title='bbox 2418 1254 2485 1306; x_wconf 60' lang='grc'><strong>⁸⁸.</strong></span> <span class='ocrx_word' id='word_1_167' title='bbox 2519 1271 2538 1304; x_wconf 76' lang='grc' dir='ltr'><strong>ι</strong></span> <span class='ocrx_word' id='word_1_168' title='bbox 2571 1251 2706 1307; x_wconf 85' lang='lat' dir='ltr'><strong>Nam</strong></span> <span class='ocrx_word' id='word_1_169' title='bbox 2751 1253 2806 1307; x_wconf 89' lang='lat' dir='ltr'><strong>in</strong></span> <span class='ocrx_word' id='word_1_170' title='bbox 2866 1253 3141 1310; x_wconf 89' lang='lat' dir='ltr'><strong>montibus</strong></span> <span class='ocrx_word' id='word_1_171' title='bbox 3174 1269 3331 1309; x_wconf 86' lang='lat' dir='ltr'><strong>sacra</strong></span> <span class='ocrx_word' id='word_1_172' title='bbox 3378 1254 3575 1309; x_wconf 79' lang='lat' dir='ltr'><strong>ﬁebant</strong></span> 
     </span>
    </p>
   </div>
   <div class='ocr_carea' id='block_1_16' title="bbox 582 1344 2309 1399">
    <p class='ocr_par' dir='ltr' id='par_1_16' title="bbox 582 1344 2309 1399">
     <span class='ocr_line' id='line_1_16' title="bbox 582 1344 2309 1399; baseline -0.003 6"><span class='ocrx_word' id='word_1_173' title='bbox 582 1362 589 1369; x_wconf 85' lang='lat'><strong>‘</strong></span> <span class='ocrx_word' id='word_1_174' title='bbox 933 1387 936 1391; x_wconf 60' lang='grc' dir='ltr'><em>η</em></span> <span class='ocrx_word' id='word_1_175' title='bbox 2008 1344 2309 1399; x_wconf 80' lang='lat' dir='ltr'><strong>daemoniis.</strong></span> 
     </span>
    </p>
   </div>
   <div class='ocr_carea' id='block_1_17' title="bbox 404 1434 2003 1508">
    <p class='ocr_par' dir='ltr' id='par_1_17' title="bbox 404 1436 1901 1508">
     <span class='ocr_line' id='line_1_17' title="bbox 404 1436 1901 1508; baseline -0.001 -16"><span class='ocrx_word' id='word_1_176' title='bbox 404 1441 524 1492; x_wconf 83' lang='grc' dir='ltr'><strong>Οὐκ</strong></span> <span class='ocrx_word' id='word_1_177' title='bbox 559 1439 884 1503; x_wconf 77' lang='grc' dir='ltr'><strong>οιωνεῒσθε,</strong></span> <span class='ocrx_word' id='word_1_178' title='bbox 931 1438 1074 1493; x_wconf 78' lang='grc' dir='ltr'><strong>οὐδὲ</strong></span> <span class='ocrx_word' id='word_1_179' title='bbox 1131 1436 1744 1508; x_wconf 68' lang='grc' dir='ltr'>ὀρνιθοσκοπήσεσθε,</span> <span class='ocrx_word' id='word_1_180' title='bbox 1792 1436 1901 1491; x_wconf 78' lang='grc' dir='ltr'>Τοῦ</span> 
     </span>
    </p>
   </div>
   <div class='ocr_carea' id='block_1_18' title="bbox 1974 1434 3573 1508">
    <p class='ocr_par' dir='ltr' id='par_1_18' title="bbox 2084 1434 3573 1505">
     <span class='ocr_line' id='line_1_18' title="bbox 2084 1434 3573 1505; baseline 0.003 -17"><span class='ocrx_word' id='word_1_181' title='bbox 2084 1434 2205 1489; x_wconf 87' lang='grc' dir='ltr'><strong>Νοη</strong></span> <span class='ocrx_word' id='word_1_182' title='bbox 2260 1434 2588 1499; x_wconf 81' lang='lat' dir='ltr'><strong>divinabitis,</strong></span> <span class='ocrx_word' id='word_1_183' title='bbox 2634 1451 2798 1505; x_wconf 82' lang='lat' dir='ltr'><strong>neque</strong></span> <span class='ocrx_word' id='word_1_184' title='bbox 2848 1435 3074 1502; x_wconf 82' lang='lat' dir='ltr'><strong>auguria</strong></span> <span class='ocrx_word' id='word_1_185' title='bbox 3124 1437 3434 1505; x_wconf 80' lang='lat' dir='ltr'><strong>captabitis,</strong></span> <span class='ocrx_word' id='word_1_186' title='bbox 3464 1445 3573 1492; x_wconf 82' lang='lat' dir='ltr'><strong>etc.</strong></span> 
     </span>
    </p>
   </div>
   <div class='ocr_carea' id='block_1_19' title="bbox 330 1524 1929 1603">
    <p class='ocr_par' dir='ltr' id='par_1_19' title="bbox 330 1531 1900 1603">
     <span class='ocr_line' id='line_1_19' title="bbox 330 1531 1900 1603; baseline 0 -19"><span class='ocrx_word' id='word_1_187' title='bbox 330 1532 437 1603; x_wconf 80' lang='grc' dir='ltr'><strong>γὰρ</strong></span> <span class='ocrx_word' id='word_1_188' title='bbox 464 1532 650 1586; x_wconf 79' lang='grc' dir='ltr'>Λάὁαν</span> <span class='ocrx_word' id='word_1_189' title='bbox 674 1533 737 1584; x_wconf 85' lang='grc' dir='ltr'><strong>τὸ</strong></span> <span class='ocrx_word' id='word_1_190' title='bbox 759 1531 963 1600; x_wconf 83' lang='grc' dir='ltr'>λέγειν,</span> <span class='ocrx_word' id='word_1_191' title='bbox 991 1551 1010 1583; x_wconf 79' lang='grc' dir='ltr'><strong>ι</strong></span> <span class='ocrx_word' id='word_1_192' title='bbox 1032 1533 1385 1603; x_wconf 76' lang='grc' dir='ltr'>Οἰωνισάμην</span> <span class='ocrx_word' id='word_1_193' title='bbox 1414 1533 1480 1588; x_wconf 81' lang='grc' dir='ltr'>ἂν</span> <span class='ocrx_word' id='word_1_194' title='bbox 1509 1532 1603 1584; x_wconf 76' lang='grc' dir='ltr'>ἐπὶ</span> <span class='ocrx_word' id='word_1_195' title='bbox 1635 1531 1714 1602; x_wconf 83' lang='grc' dir='ltr'>τῷ</span> <span class='ocrx_word' id='word_1_196' title='bbox 1745 1531 1900 1585; x_wconf 76' lang='grc' dir='ltr'>παιδί</span> 
     </span>
    </p>
   </div>
   <div class='ocr_carea' id='block_1_20' title="bbox 1976 1524 3575 1603">
    <p class='ocr_par' dir='ltr' id='par_1_20' title="bbox 2010 1524 3575 1597">
     <span class='ocr_line' id='line_1_20' title="bbox 2010 1524 3575 1597; baseline 0.001 -17"><span class='ocrx_word' id='word_1_197' title='bbox 2010 1525 2145 1580; x_wconf 83' lang='lat' dir='ltr'><strong>Nam</strong></span> <span class='ocrx_word' id='word_1_198' title='bbox 2171 1524 2353 1579; x_wconf 88' lang='lat' dir='ltr'><strong>Laban</strong></span> <span class='ocrx_word' id='word_1_199' title='bbox 2383 1525 2524 1580; x_wconf 87' lang='lat' dir='ltr'><strong>solet</strong></span> <span class='ocrx_word' id='word_1_200' title='bbox 2557 1524 2741 1580; x_wconf 85' lang='lat' dir='ltr'><strong>dicere</strong></span> <span class='ocrx_word' id='word_1_201' title='bbox 2775 1543 2789 1579; x_wconf 91' lang='lat'><strong>:</strong></span> <span class='ocrx_word' id='word_1_202' title='bbox 2826 1545 2844 1576; x_wconf 87' lang='grc'><strong><em>‹</em></strong></span> <span class='ocrx_word' id='word_1_203' title='bbox 2872 1528 3188 1597; x_wconf 83' lang='lat' dir='ltr'><strong>Auguratns</strong></span> <span class='ocrx_word' id='word_1_204' title='bbox 3214 1544 3334 1582; x_wconf 91' lang='lat' dir='ltr'><strong>sum</strong></span> <span class='ocrx_word' id='word_1_205' title='bbox 3382 1529 3436 1583; x_wconf 91' lang='lat' dir='ltr'><strong>in</strong></span> <span class='ocrx_word' id='word_1_206' title='bbox 3466 1528 3575 1582; x_wconf 82' lang='lat' dir='ltr'><strong>lilio</strong></span> 
     </span>
    </p>
   </div>
   <div class='ocr_carea' id='block_1_21' title="bbox 335 1614 1934 1695">
    <p class='ocr_par' dir='ltr' id='par_1_21' title="bbox 335 1622 1900 1695">
     <span class='ocr_line' id='line_1_21' title="bbox 335 1622 1900 1695; baseline -0.001 -18"><span class='ocrx_word' id='word_1_207' title='bbox 335 1640 429 1678; x_wconf 92' lang='grc' dir='ltr'><strong>σου</strong></span> <span class='ocrx_word' id='word_1_208' title='bbox 456 1624 591 1695; x_wconf 78' lang='lat'><strong>(20).</strong></span> <span class='ocrx_word' id='word_1_209' title='bbox 611 1643 630 1678; x_wconf 73' lang='grc' dir='ltr'><strong>ι</strong></span> <span class='ocrx_word' id='word_1_210' title='bbox 653 1623 901 1678; x_wconf 84' lang='grc' dir='ltr'>Μάταιον</span> <span class='ocrx_word' id='word_1_211' title='bbox 947 1623 1057 1694; x_wconf 82' lang='grc' dir='ltr'>γὰρ</span> <span class='ocrx_word' id='word_1_212' title='bbox 1077 1622 1155 1694; x_wconf 82' lang='grc' dir='ltr'>τῷ</span> <span class='ocrx_word' id='word_1_213' title='bbox 1186 1623 1327 1677; x_wconf 78' lang='grc' dir='ltr'>κατὰ</span> <span class='ocrx_word' id='word_1_214' title='bbox 1358 1624 1673 1695; x_wconf 76' lang='grc' dir='ltr'><strong>συντυχίαν,</strong></span> <span class='ocrx_word' id='word_1_215' title='bbox 1706 1624 1781 1687; x_wconf 82' lang='grc' dir='ltr'><strong>ὡς</strong></span> <span class='ocrx_word' id='word_1_216' title='bbox 1814 1625 1900 1676; x_wconf 81' lang='grc' dir='ltr'><strong>αἱ-</strong></span> 
     </span>
    </p>
   </div>
   <div class='ocr_carea' id='block_1_22' title="bbox 1972 1614 3571 1695">
    <p class='ocr_par' dir='ltr' id='par_1_22' title="bbox 2010 1614 3571 1685">
     <span class='ocr_line' id='line_1_22' title="bbox 2010 1614 3571 1685; baseline -0.001 -13"><span class='ocrx_word' id='word_1_217' title='bbox 2010 1627 2104 1672; x_wconf 85' lang='grc' dir='ltr'><strong>ιυο</strong></span> <span class='ocrx_word' id='word_1_218' title='bbox 2138 1616 2206 1671; x_wconf 72' lang='lat'><strong>“.</strong></span> <span class='ocrx_word' id='word_1_219' title='bbox 2250 1636 2268 1668; x_wconf 77' lang='grc' dir='ltr'><strong>ι</strong></span> <span class='ocrx_word' id='word_1_220' title='bbox 2296 1614 2607 1669; x_wconf 79' lang='lat' dir='ltr'><strong>Vanissima</strong></span> <span class='ocrx_word' id='word_1_221' title='bbox 2641 1616 2912 1685; x_wconf 86' lang='lat' dir='ltr'><strong>siquidem</strong></span> <span class='ocrx_word' id='word_1_222' title='bbox 2947 1617 3274 1685; x_wconf 89' lang='lat' dir='ltr'><strong>superstitio</strong></span> <span class='ocrx_word' id='word_1_223' title='bbox 3313 1626 3398 1673; x_wconf 88' lang='lat' dir='ltr'><strong>est</strong></span> <span class='ocrx_word' id='word_1_224' title='bbox 3426 1618 3571 1673; x_wconf 82' lang='lat' dir='ltr'><strong>acci-</strong></span> 
     </span>
    </p>
   </div>
   <div class='ocr_carea' id='block_1_23' title="bbox 330 1707 1929 1790">
    <p class='ocr_par' dir='ltr' id='par_1_23' title="bbox 330 1714 1901 1790">
     <span class='ocr_line' id='line_1_23' title="bbox 330 1714 1901 1790; baseline 0.001 -21"><span class='ocrx_word' id='word_1_225' title='bbox 330 1714 433 1787; x_wconf 78' lang='grc' dir='ltr'>τεῳ</span> <span class='ocrx_word' id='word_1_226' title='bbox 472 1715 801 1788; x_wconf 80' lang='grc' dir='ltr'><strong>προσέχειν·</strong></span> <span class='ocrx_word' id='word_1_227' title='bbox 843 1714 979 1770; x_wconf 79' lang='grc' dir='ltr'>ἀλλὰ</span> <span class='ocrx_word' id='word_1_228' title='bbox 1023 1714 1120 1771; x_wconf 74' lang='grc' dir='ltr'><strong>καὶ</strong></span> <span class='ocrx_word' id='word_1_229' title='bbox 1163 1716 1436 1790; x_wconf 73' lang='grc' dir='ltr'><strong>δαιμόνων</strong></span> <span class='ocrx_word' id='word_1_230' title='bbox 1462 1718 1518 1772; x_wconf 82' lang='grc' dir='ltr'><strong>αἱ</strong></span> <span class='ocrx_word' id='word_1_231' title='bbox 1552 1718 1631 1781; x_wconf 82' lang='grc' dir='ltr'><strong>εἰς</strong></span> <span class='ocrx_word' id='word_1_232' title='bbox 1677 1714 1901 1789; x_wconf 77' lang='grc' dir='ltr'>ὄρνιθας</span> 
     </span>
    </p>
   </div>
   <div class='ocr_carea' id='block_1_24' title="bbox 1975 1707 3574 1790">
    <p class='ocr_par' dir='ltr' id='par_1_24' title="bbox 2001 1707 3574 1779">
     <span class='ocr_line' id='line_1_24' title="bbox 2001 1707 3574 1779; baseline -0.001 -16"><span class='ocrx_word' id='word_1_233' title='bbox 2001 1708 2154 1764; x_wconf 90' lang='lat' dir='ltr'><strong>denti</strong></span> <span class='ocrx_word' id='word_1_234' title='bbox 2204 1708 2321 1761; x_wconf 87' lang='lat' dir='ltr'><strong>sive</strong></span> <span class='ocrx_word' id='word_1_235' title='bbox 2371 1707 2602 1779; x_wconf 85' lang='lat' dir='ltr'><strong>fortuito</strong></span> <span class='ocrx_word' id='word_1_236' title='bbox 2638 1714 2898 1776; x_wconf 89' lang='lat' dir='ltr'><strong>tanquam</strong></span> <span class='ocrx_word' id='word_1_237' title='bbox 2934 1709 3258 1764; x_wconf 63' lang='lat' dir='ltr'><strong>certissimae</strong></span> <span class='ocrx_word' id='word_1_238' title='bbox 3286 1717 3574 1764; x_wconf 83' lang='lat' dir='ltr'><strong>eventuum</strong></span> 
     </span>
    </p>
   </div>
   <div class='ocr_carea' id='block_1_25' title="bbox 330 1797 3577 1879">
    <p class='ocr_par' dir='ltr' id='par_1_25' title="bbox 330 1797 3577 1879">
     <span class='ocr_line' id='line_1_25' title="bbox 330 1797 3577 1879; baseline -0.002 -20"><span class='ocrx_word' id='word_1_239' title='bbox 330 1806 629 1879; x_wconf 69' lang='grc' dir='ltr'>ἐνέργειαι.</span> <span class='ocrx_word' id='word_1_240' title='bbox 1782 1877 1789 1879; x_wconf 16' lang='grc' dir='ltr'><strong>Α</strong></span> <span class='ocrx_word' id='word_1_241' title='bbox 2000 1814 2183 1856; x_wconf 77' lang='lat' dir='ltr'><strong>causa:</strong></span> <span class='ocrx_word' id='word_1_242' title='bbox 2211 1798 2455 1852; x_wconf 90' lang='lat' dir='ltr'><strong>animum</strong></span> <span class='ocrx_word' id='word_1_243' title='bbox 2486 1797 2746 1867; x_wconf 85' lang='lat' dir='ltr'><strong>adjicere.</strong></span> <span class='ocrx_word' id='word_1_244' title='bbox 2777 1798 3051 1855; x_wconf 74' lang='lat' dir='ltr'><strong>Praeterea</strong></span> <span class='ocrx_word' id='word_1_245' title='bbox 3083 1801 3431 1869; x_wconf 88' lang='lat' dir='ltr'><strong>operationes</strong></span> <span class='ocrx_word' id='word_1_246' title='bbox 3464 1800 3577 1854; x_wconf 68' lang='lat' dir='ltr'><strong>daa-</strong></span> 
     </span>
    </p>
   </div>
   <div class='ocr_carea' id='block_1_26' title="bbox 1768 1877 3579 1962">
    <p class='ocr_par' dir='ltr' id='par_1_26' title="bbox 1768 1877 3579 1962">
     <span class='ocr_line' id='line_1_26' title="bbox 1768 1877 3579 1962; baseline 0.001 -18"><span class='ocrx_word' id='word_1_247' title='bbox 1768 1877 1789 1900; x_wconf 78' lang='grc'><em>¹</em></span> <span class='ocrx_word' id='word_1_248' title='bbox 2005 1904 2255 1954; x_wconf 90' lang='lat' dir='ltr'><strong>monum,</strong></span> <span class='ocrx_word' id='word_1_249' title='bbox 2288 1888 2493 1959; x_wconf 80' lang='lat' dir='ltr'><strong>quibus</strong></span> <span class='ocrx_word' id='word_1_250' title='bbox 2526 1903 2631 1947; x_wconf 88' lang='lat' dir='ltr'><strong>nos</strong></span> <span class='ocrx_word' id='word_1_251' title='bbox 2665 1889 3026 1947; x_wconf 79' lang='lat' dir='ltr'><strong>ludiﬁcantur</strong></span> <span class='ocrx_word' id='word_1_252' title='bbox 3074 1901 3129 1948; x_wconf 88' lang='lat' dir='ltr'><strong>et</strong></span> <span class='ocrx_word' id='word_1_253' title='bbox 3172 1891 3475 1962; x_wconf 90' lang='lat' dir='ltr'><strong>decipiunt,</strong></span> <span class='ocrx_word' id='word_1_254' title='bbox 3518 1905 3579 1946; x_wconf 88' lang='lat' dir='ltr'><strong>se</strong></span> 
     </span>
    </p>
   </div>
   <div class='ocr_carea' id='block_1_27' title="bbox 2009 1980 3439 2054">
    <p class='ocr_par' dir='ltr' id='par_1_27' title="bbox 2009 1980 3439 2054">
     <span class='ocr_line' id='line_1_27' title="bbox 2009 1980 3439 2054; baseline -0.003 -19"><span class='ocrx_word' id='word_1_255' title='bbox 2009 1996 2228 2054; x_wconf 90' lang='lat' dir='ltr'><strong>quoque</strong></span> <span class='ocrx_word' id='word_1_256' title='bbox 2262 1980 2566 2041; x_wconf 77' lang='lat' dir='ltr'><strong>extendunt</strong></span> <span class='ocrx_word' id='word_1_257' title='bbox 2605 1981 2661 2034; x_wconf 92' lang='lat' dir='ltr'><strong>in</strong></span> <span class='ocrx_word' id='word_1_258' title='bbox 2703 1996 2853 2036; x_wconf 89' lang='lat' dir='ltr'><strong>aves.</strong></span> <span class='ocrx_word' id='word_1_259' title='bbox 3172 2025 3187 2045; x_wconf 82' lang='lat'><strong>,</strong></span> <span class='ocrx_word' id='word_1_260' title='bbox 3321 2020 3331 2030; x_wconf 87' lang='lat'><strong>.</strong></span> <span class='ocrx_word' id='word_1_261' title='bbox 3431 1985 3439 1993; x_wconf 89' lang='lat'><strong>&#39;</strong></span> 
     </span>
    </p>
   </div>
   <div class='ocr_carea' id='block_1_28' title="bbox 405 2088 3578 2162">
    <p class='ocr_par' dir='ltr' id='par_1_28' title="bbox 405 2088 3578 2162">
     <span class='ocr_line' id='line_1_28' title="bbox 405 2088 3578 2162; baseline 0.002 -20"><span class='ocrx_word' id='word_1_262' title='bbox 405 2088 532 2143; x_wconf 83' lang='lat' dir='ltr'><strong>Non</strong></span> <span class='ocrx_word' id='word_1_263' title='bbox 561 2088 763 2147; x_wconf 78' lang='lat' dir='ltr'><strong>radetis</strong></span> <span class='ocrx_word' id='word_1_264' title='bbox 792 2090 848 2146; x_wconf 84' lang='lat' dir='ltr'><strong>in</strong></span> <span class='ocrx_word' id='word_1_265' title='bbox 872 2090 1047 2145; x_wconf 86' lang='lat' dir='ltr'><strong>orbem</strong></span> <span class='ocrx_word' id='word_1_266' title='bbox 1069 2089 1272 2145; x_wconf 83' lang='lat' dir='ltr'><strong>vultum</strong></span> <span class='ocrx_word' id='word_1_267' title='bbox 1309 2089 1502 2159; x_wconf 76' lang='lat' dir='ltr'><strong>capitis</strong></span> <span class='ocrx_word' id='word_1_268' title='bbox 1527 2090 1709 2145; x_wconf 77' lang='lat' dir='ltr'><strong>vestri.</strong></span> <span class='ocrx_word' id='word_1_269' title='bbox 1754 2088 1893 2162; x_wconf 81' lang='lat'><strong>[27.]</strong></span> <span class='ocrx_word' id='word_1_270' title='bbox 1922 2088 2045 2144; x_wconf 69' lang='lat' dir='ltr'><strong>Haec</strong></span> <span class='ocrx_word' id='word_1_271' title='bbox 2076 2090 2454 2159; x_wconf 83' lang='lat' dir='ltr'><strong>interpretatio</strong></span> <span class='ocrx_word' id='word_1_272' title='bbox 2494 2101 2579 2147; x_wconf 90' lang='lat' dir='ltr'><strong>est</strong></span> <span class='ocrx_word' id='word_1_273' title='bbox 2617 2090 2957 2162; x_wconf 86' lang='lat' dir='ltr'><strong>Symmachi.</strong></span> <span class='ocrx_word' id='word_1_274' title='bbox 2992 2091 3061 2145; x_wconf 85' lang='lat' dir='ltr'><strong>At</strong></span> <span class='ocrx_word' id='word_1_275' title='bbox 3109 2090 3462 2162; x_wconf 75' lang='lat' dir='ltr'><strong>Septuaginta</strong></span> <span class='ocrx_word' id='word_1_276' title='bbox 3489 2094 3578 2148; x_wconf 92' lang='lat' dir='ltr'><strong>in-</strong></span> 
     </span>
    </p>
   </div>
   <div class='ocr_carea' id='block_1_29' title="bbox 331 2176 3575 2251">
    <p class='ocr_par' dir='ltr' id='par_1_29' title="bbox 331 2176 3575 2251">
     <span class='ocr_line' id='line_1_29' title="bbox 331 2176 3575 2251; baseline 0 -19"><span class='ocrx_word' id='word_1_277' title='bbox 331 2182 696 2248; x_wconf 82' lang='lat' dir='ltr'><strong>terpretesita</strong></span> <span class='ocrx_word' id='word_1_278' title='bbox 724 2180 1072 2251; x_wconf 88' lang='lat' dir='ltr'><strong>interpretati</strong></span> <span class='ocrx_word' id='word_1_279' title='bbox 1095 2186 1226 2235; x_wconf 88' lang='lat' dir='ltr'><strong>sunt</strong></span> <span class='ocrx_word' id='word_1_280' title='bbox 1256 2188 1583 2250; x_wconf 66' lang='lat' dir='ltr'><strong>praesentem</strong></span> <span class='ocrx_word' id='word_1_281' title='bbox 1609 2194 1829 2233; x_wconf 84' lang='lat' dir='ltr'><strong>versum</strong></span> <span class='ocrx_word' id='word_1_282' title='bbox 1863 2197 1876 2231; x_wconf 91' lang='lat'><strong>:</strong></span> <span class='ocrx_word' id='word_1_283' title='bbox 1911 2176 2033 2231; x_wconf 74' lang='lat' dir='ltr'><strong>Non</strong></span> <span class='ocrx_word' id='word_1_284' title='bbox 2062 2177 2114 2229; x_wconf 83' lang='lat' dir='ltr'><strong>in</strong></span> <span class='ocrx_word' id='word_1_285' title='bbox 2148 2178 2430 2230; x_wconf 81' lang='lat' dir='ltr'><strong>rotundum</strong></span> <span class='ocrx_word' id='word_1_286' title='bbox 2459 2178 2804 2231; x_wconf 79' lang='lat' dir='ltr'><strong>attondebitis</strong></span> <span class='ocrx_word' id='word_1_287' title='bbox 2838 2195 3068 2240; x_wconf 87' lang='lat' dir='ltr'><strong>comam,</strong></span> <span class='ocrx_word' id='word_1_288' title='bbox 3092 2189 3199 2233; x_wconf 90' lang='lat' dir='ltr'><strong>etc.</strong></span> <span class='ocrx_word' id='word_1_289' title='bbox 3234 2179 3575 2249; x_wconf 85' lang='lat' dir='ltr'><strong>Capillornm</strong></span> 
     </span>
    </p>
   </div>
   <div class='ocr_carea' id='block_1_30' title="bbox 334 2263 3575 2337">
    <p class='ocr_par' dir='ltr' id='par_1_30' title="bbox 334 2263 3575 2337">
     <span class='ocr_line' id='line_1_30' title="bbox 334 2263 3575 2337; baseline 0.001 -19"><span class='ocrx_word' id='word_1_290' title='bbox 334 2266 560 2332; x_wconf 88' lang='lat' dir='ltr'><strong>ablatio,</strong></span> <span class='ocrx_word' id='word_1_291' title='bbox 594 2264 824 2321; x_wconf 87' lang='lat' dir='ltr'><strong>honoris</strong></span> <span class='ocrx_word' id='word_1_292' title='bbox 853 2277 907 2322; x_wconf 91' lang='lat' dir='ltr'><strong>et</strong></span> <span class='ocrx_word' id='word_1_293' title='bbox 941 2267 1130 2337; x_wconf 78' lang='lat' dir='ltr'><strong>gloriae</strong></span> <span class='ocrx_word' id='word_1_294' title='bbox 1180 2267 1457 2335; x_wconf 89' lang='lat' dir='ltr'><strong>signilicat</strong></span> <span class='ocrx_word' id='word_1_295' title='bbox 1492 2265 1848 2319; x_wconf 86' lang='lat' dir='ltr'><strong>ablationem.</strong></span> <span class='ocrx_word' id='word_1_296' title='bbox 1887 2265 1981 2318; x_wconf 85' lang='lat' dir='ltr'><strong>Sic</strong></span> <span class='ocrx_word' id='word_1_297' title='bbox 2010 2263 2153 2318; x_wconf 88' lang='lat' dir='ltr'><strong>Deus</strong></span> <span class='ocrx_word' id='word_1_298' title='bbox 2183 2264 2555 2317; x_wconf 88' lang='lat' dir='ltr'><strong>comminatur</strong></span> <span class='ocrx_word' id='word_1_299' title='bbox 2596 2280 2696 2334; x_wconf 85' lang='lat' dir='ltr'><strong>per</strong></span> <span class='ocrx_word' id='word_1_300' title='bbox 2724 2263 2921 2320; x_wconf 86' lang='lat' dir='ltr'><strong>Isaiam</strong></span> <span class='ocrx_word' id='word_1_301' title='bbox 2958 2280 3017 2320; x_wconf 91' lang='lat' dir='ltr'><strong>se</strong></span> <span class='ocrx_word' id='word_1_302' title='bbox 3059 2275 3226 2334; x_wconf 89' lang='lat' dir='ltr'><strong>caput</strong></span> <span class='ocrx_word' id='word_1_303' title='bbox 3254 2273 3308 2321; x_wconf 91' lang='lat' dir='ltr'><strong>et</strong></span> <span class='ocrx_word' id='word_1_304' title='bbox 3348 2266 3575 2321; x_wconf 86' lang='lat' dir='ltr'><strong>barbam</strong></span> 
     </span>
    </p>
   </div>
   <div class='ocr_carea' id='block_1_31' title="bbox 335 2348 3579 2423">
    <p class='ocr_par' dir='ltr' id='par_1_31' title="bbox 335 2348 3579 2423">
     <span class='ocr_line' id='line_1_31' title="bbox 335 2348 3579 2423; baseline 0.001 -18"><span class='ocrx_word' id='word_1_305' title='bbox 335 2352 550 2423; x_wconf 81' lang='lat' dir='ltr'><strong>Assyrii</strong></span> <span class='ocrx_word' id='word_1_306' title='bbox 575 2366 854 2406; x_wconf 87' lang='lat' dir='ltr'><strong>rasurum.</strong></span> <span class='ocrx_word' id='word_1_307' title='bbox 882 2352 1045 2409; x_wconf 87' lang='lat' dir='ltr'><strong>Jubet</strong></span> <span class='ocrx_word' id='word_1_308' title='bbox 1083 2363 1350 2423; x_wconf 83' lang='lat' dir='ltr'><strong>praeterea</strong></span> <span class='ocrx_word' id='word_1_309' title='bbox 1375 2352 1593 2407; x_wconf 90' lang='lat' dir='ltr'><strong>tonderi</strong></span> <span class='ocrx_word' id='word_1_310' title='bbox 1620 2361 1676 2407; x_wconf 87' lang='lat' dir='ltr'><strong>et</strong></span> <span class='ocrx_word' id='word_1_311' title='bbox 1715 2350 1835 2405; x_wconf 87' lang='lat' dir='ltr'><strong>radi</strong></span> <span class='ocrx_word' id='word_1_312' title='bbox 1856 2348 2161 2404; x_wconf 84' lang='lat' dir='ltr'><strong>Jerusalem</strong></span> <span class='ocrx_word' id='word_1_313' title='bbox 2198 2352 2268 2405; x_wconf 90' lang='lat' dir='ltr'><strong>ob</strong></span> <span class='ocrx_word' id='word_1_314' title='bbox 2301 2351 2445 2404; x_wconf 86' lang='lat' dir='ltr'><strong>mala</strong></span> <span class='ocrx_word' id='word_1_315' title='bbox 2476 2353 2544 2415; x_wconf 70' lang='grc'><strong>³³,</strong></span> <span class='ocrx_word' id='word_1_316' title='bbox 2578 2367 2700 2421; x_wconf 87' lang='lat' dir='ltr'><strong>quae</strong></span> <span class='ocrx_word' id='word_1_317' title='bbox 2719 2352 2841 2421; x_wconf 85' lang='lat' dir='ltr'><strong>ejus</strong></span> <span class='ocrx_word' id='word_1_318' title='bbox 2872 2352 3025 2407; x_wconf 90' lang='lat' dir='ltr'><strong>urbis</strong></span> <span class='ocrx_word' id='word_1_319' title='bbox 3059 2352 3214 2407; x_wconf 90' lang='lat' dir='ltr'><strong>cives</strong></span> <span class='ocrx_word' id='word_1_320' title='bbox 3243 2362 3429 2409; x_wconf 89' lang='lat' dir='ltr'><strong>essent</strong></span> <span class='ocrx_word' id='word_1_321' title='bbox 3458 2369 3579 2423; x_wconf 86' lang='lat' dir='ltr'><strong>per-</strong></span> 
     </span>
    </p>
   </div>
   <div class='ocr_carea' id='block_1_32' title="bbox 347 2435 3580 2509">
    <p class='ocr_par' dir='ltr' id='par_1_32' title="bbox 347 2435 3580 2509">
     <span class='ocr_line' id='line_1_32' title="bbox 347 2435 3580 2509; baseline 0 -15"><span class='ocrx_word' id='word_1_322' title='bbox 347 2439 590 2509; x_wconf 82' lang='lat' dir='ltr'><strong>pessuri.</strong></span> <span class='ocrx_word' id='word_1_323' title='bbox 618 2440 891 2496; x_wconf 64' lang='lat' dir='ltr'><strong>Ceterum</strong></span> <span class='ocrx_word' id='word_1_324' title='bbox 926 2440 1175 2497; x_wconf 62' lang='lat' dir='ltr'><strong>Nazareni</strong></span> <span class='ocrx_word' id='word_1_325' title='bbox 1218 2448 1273 2496; x_wconf 93' lang='lat' dir='ltr'><strong>et</strong></span> <span class='ocrx_word' id='word_1_326' title='bbox 1312 2440 1550 2496; x_wconf 87' lang='lat' dir='ltr'><strong>Samson</strong></span> <span class='ocrx_word' id='word_1_327' title='bbox 1592 2442 1675 2509; x_wconf 91' lang='lat' dir='ltr'><strong>(ut</strong></span> <span class='ocrx_word' id='word_1_328' title='bbox 1724 2445 1908 2509; x_wconf 87' lang='lat' dir='ltr'><strong>pateat</strong></span> <span class='ocrx_word' id='word_1_329' title='bbox 1940 2437 2177 2503; x_wconf 79' lang='lat' dir='ltr'><strong>gloriam</strong></span> <span class='ocrx_word' id='word_1_330' title='bbox 2210 2435 2442 2491; x_wconf 89' lang='lat' dir='ltr'><strong>iudicari</strong></span> <span class='ocrx_word' id='word_1_331' title='bbox 2491 2453 2586 2509; x_wconf 88' lang='lat' dir='ltr'><strong>per</strong></span> <span class='ocrx_word' id='word_1_332' title='bbox 2616 2439 2927 2508; x_wconf 62' lang='lat' dir='ltr'><strong>caesariem)</strong></span> <span class='ocrx_word' id='word_1_333' title='bbox 2964 2439 3168 2493; x_wconf 88' lang='lat' dir='ltr'><strong>nullam</strong></span> <span class='ocrx_word' id='word_1_334' title='bbox 3211 2440 3580 2496; x_wconf 88' lang='lat' dir='ltr'><strong>admittebant</strong></span> 
     </span>
    </p>
   </div>
   <div class='ocr_carea' id='block_1_33' title="bbox 336 2521 1646 2582">
    <p class='ocr_par' dir='ltr' id='par_1_33' title="bbox 336 2521 1646 2582">
     <span class='ocr_line' id='line_1_33' title="bbox 336 2521 1646 2582; baseline 0.001 -1"><span class='ocrx_word' id='word_1_335' title='bbox 336 2526 682 2582; x_wconf 86' lang='lat' dir='ltr'><strong>novaculam.</strong></span> <span class='ocrx_word' id='word_1_336' title='bbox 704 2521 722 2537; x_wconf 83' lang='grc'><strong><em>⁸</em></strong></span> <span class='ocrx_word' id='word_1_337' title='bbox 1620 2533 1646 2545; x_wconf 84' lang='lat'><strong><em>°</em></strong></span> 
     </span>
    </p>
   </div>
   <div class='ocr_carea' id='block_1_34' title="bbox 402 2628 2001 2705">
    <p class='ocr_par' dir='ltr' id='par_1_34' title="bbox 402 2628 1967 2705">
     <span class='ocr_line' id='line_1_34' title="bbox 402 2628 1967 2705; baseline -0.005 -17"><span class='ocrx_word' id='word_1_338' title='bbox 402 2636 511 2689; x_wconf 78' lang='lat' dir='ltr'><strong>Kal</strong></span> <span class='ocrx_word' id='word_1_339' title='bbox 532 2635 872 2705; x_wconf 78' lang='grc' dir='ltr'>ἐντομίδας.</span> <span class='ocrx_word' id='word_1_340' title='bbox 901 2631 1266 2702; x_wconf 69' lang='grc' dir='ltr'>Λυμαίνονται</span> <span class='ocrx_word' id='word_1_341' title='bbox 1297 2630 1407 2702; x_wconf 82' lang='grc' dir='ltr'><strong>γὰρ</strong></span> <span class='ocrx_word' id='word_1_342' title='bbox 1435 2630 1664 2693; x_wconf 72' lang='grc' dir='ltr'>καὶτοῖς</span> <span class='ocrx_word' id='word_1_343' title='bbox 1704 2628 1892 2697; x_wconf 82' lang='grc' dir='ltr'>σώμα-</span> <span class='ocrx_word' id='word_1_344' title='bbox 1925 2633 1967 2688; x_wconf 85' lang='grc' dir='ltr'><strong>Β</strong></span> 
     </span>
    </p>
   </div>
   <div class='ocr_carea' id='block_1_35' title="bbox 1977 2628 3576 2705">
    <p class='ocr_par' dir='ltr' id='par_1_35' title="bbox 2066 2628 3576 2705">
     <span class='ocr_line' id='line_1_35' title="bbox 2066 2628 3576 2705; baseline 0.005 -22"><span class='ocrx_word' id='word_1_345' title='bbox 2066 2628 2136 2683; x_wconf 87' lang='lat' dir='ltr'><strong>Et</strong></span> <span class='ocrx_word' id='word_1_346' title='bbox 2161 2632 2443 2696; x_wconf 71' lang='lat' dir='ltr'><strong>incisurae,</strong></span> <span class='ocrx_word' id='word_1_347' title='bbox 2471 2641 2576 2688; x_wconf 85' lang='lat' dir='ltr'><strong>etc.</strong></span> <span class='ocrx_word' id='word_1_348' title='bbox 2617 2632 2732 2705; x_wconf 83' lang='lat'><strong>[28]</strong></span> <span class='ocrx_word' id='word_1_349' title='bbox 2784 2634 3066 2691; x_wconf 69' lang='lat' dir='ltr'><strong>Daemones</strong></span> <span class='ocrx_word' id='word_1_350' title='bbox 3129 2637 3333 2690; x_wconf 88' lang='lat' dir='ltr'><strong>etenim</strong></span> <span class='ocrx_word' id='word_1_351' title='bbox 3371 2636 3427 2690; x_wconf 94' lang='lat' dir='ltr'><strong>in</strong></span> <span class='ocrx_word' id='word_1_352' title='bbox 3474 2637 3576 2691; x_wconf 72' lang='lat' dir='ltr'><strong>hoc</strong></span> 
     </span>
    </p>
   </div>
   <div class='ocr_carea' id='block_1_36' title="bbox 336 2721 1935 2799">
    <p class='ocr_par' dir='ltr' id='par_1_36' title="bbox 336 2721 1904 2796">
     <span class='ocr_line' id='line_1_36' title="bbox 336 2721 1904 2796; baseline -0.005 -15"><span class='ocrx_word' id='word_1_353' title='bbox 336 2744 420 2781; x_wconf 91' lang='grc' dir='ltr'><strong>σιν</strong></span> <span class='ocrx_word' id='word_1_354' title='bbox 475 2727 526 2780; x_wconf 78' lang='grc' dir='ltr'><strong>οἱ</strong></span> <span class='ocrx_word' id='word_1_355' title='bbox 570 2729 692 2791; x_wconf 80' lang='grc' dir='ltr'>ταῖς</span> <span class='ocrx_word' id='word_1_356' title='bbox 722 2726 924 2796; x_wconf 79' lang='grc' dir='ltr'>ψυχαῖς</span> <span class='ocrx_word' id='word_1_357' title='bbox 978 2722 1370 2793; x_wconf 83' lang='grc' dir='ltr'>λυμαινόμενοι</span> <span class='ocrx_word' id='word_1_358' title='bbox 1420 2721 1697 2791; x_wconf 81' lang='grc' dir='ltr'>δαίμονες.</span> <span class='ocrx_word' id='word_1_359' title='bbox 1742 2721 1801 2774; x_wconf 88' lang='grc' dir='ltr'>Ὀ</span> <span class='ocrx_word' id='word_1_360' title='bbox 1847 2721 1904 2774; x_wconf 82' lang='grc' dir='ltr'><strong>δὲ</strong></span> 
     </span>
    </p>
   </div>
   <div class='ocr_carea' id='block_1_37' title="bbox 1964 2721 3563 2799">
    <p class='ocr_par' dir='ltr' id='par_1_37' title="bbox 2011 2725 3563 2799">
     <span class='ocr_line' id='line_1_37' title="bbox 2011 2725 3563 2799; baseline 0.005 -24"><span class='ocrx_word' id='word_1_361' title='bbox 2011 2728 2161 2785; x_wconf 88' lang='lat' dir='ltr'><strong>sunt,</strong></span> <span class='ocrx_word' id='word_1_362' title='bbox 2193 2730 2251 2775; x_wconf 92' lang='lat' dir='ltr'><strong>ut</strong></span> <span class='ocrx_word' id='word_1_363' title='bbox 2284 2738 2390 2777; x_wconf 93' lang='lat' dir='ltr'><strong>non</strong></span> <span class='ocrx_word' id='word_1_364' title='bbox 2421 2725 2597 2778; x_wconf 90' lang='lat' dir='ltr'><strong>solum</strong></span> <span class='ocrx_word' id='word_1_365' title='bbox 2628 2737 2830 2794; x_wconf 87' lang='lat' dir='ltr'><strong>corpus</strong></span> <span class='ocrx_word' id='word_1_366' title='bbox 2861 2734 3137 2789; x_wconf 79' lang='lat' dir='ltr'><strong>evastent,</strong></span> <span class='ocrx_word' id='word_1_367' title='bbox 3174 2727 3271 2782; x_wconf 88' lang='lat' dir='ltr'><strong>sed</strong></span> <span class='ocrx_word' id='word_1_368' title='bbox 3302 2739 3362 2781; x_wconf 90' lang='lat' dir='ltr'><strong>ut</strong></span> <span class='ocrx_word' id='word_1_369' title='bbox 3393 2729 3563 2799; x_wconf 85' lang='lat' dir='ltr'><strong>depo-</strong></span> 
     </span>
    </p>
   </div>
   <div class='ocr_carea' id='block_1_38' title="bbox 334 2811 1933 2890">
    <p class='ocr_par' dir='ltr' id='par_1_38' title="bbox 334 2811 1903 2890">
     <span class='ocr_line' id='line_1_38' title="bbox 334 2811 1903 2890; baseline -0.004 -17"><span class='ocrx_word' id='word_1_370' title='bbox 334 2819 467 2882; x_wconf 78' lang='grc' dir='ltr'><strong>Θεδς</strong></span> <span class='ocrx_word' id='word_1_371' title='bbox 494 2820 734 2890; x_wconf 77' lang='grc' dir='ltr'><strong>ἄτμητον</strong></span> <span class='ocrx_word' id='word_1_372' title='bbox 760 2815 939 2886; x_wconf 80' lang='grc' dir='ltr'>ψυχὴν</span> <span class='ocrx_word' id='word_1_373' title='bbox 985 2815 1079 2867; x_wconf 76' lang='grc' dir='ltr'><strong>καὶ</strong></span> <span class='ocrx_word' id='word_1_374' title='bbox 1112 2814 1271 2884; x_wconf 84' lang='grc' dir='ltr'>σῶμα.</span> <span class='ocrx_word' id='word_1_375' title='bbox 1302 2813 1583 2883; x_wconf 80' lang='grc' dir='ltr'>φυλάττει.</span> <span class='ocrx_word' id='word_1_376' title='bbox 1625 2811 1903 2876; x_wconf 85' lang='grc' dir='ltr'><strong>Ένὼσεως</strong></span> 
     </span>
    </p>
   </div>
   <div class='ocr_carea' id='block_1_39' title="bbox 1978 2811 3577 2890">
    <p class='ocr_par' dir='ltr' id='par_1_39' title="bbox 2010 2812 3577 2890">
     <span class='ocr_line' id='line_1_39' title="bbox 2010 2812 3577 2890; baseline 0.007 -27"><span class='ocrx_word' id='word_1_377' title='bbox 2010 2812 2269 2880; x_wconf 90' lang='lat' dir='ltr'><strong>pulentur</strong></span> <span class='ocrx_word' id='word_1_378' title='bbox 2292 2823 2345 2868; x_wconf 92' lang='lat' dir='ltr'><strong>ct</strong></span> <span class='ocrx_word' id='word_1_379' title='bbox 2370 2815 2627 2869; x_wconf 87' lang='lat' dir='ltr'><strong>animam.</strong></span> <span class='ocrx_word' id='word_1_380' title='bbox 2658 2816 2855 2871; x_wconf 84' lang='lat' dir='ltr'><strong>Verum</strong></span> <span class='ocrx_word' id='word_1_381' title='bbox 2885 2817 3027 2873; x_wconf 88' lang='lat' dir='ltr'><strong>Deus</strong></span> <span class='ocrx_word' id='word_1_382' title='bbox 3048 2828 3158 2872; x_wconf 91' lang='lat' dir='ltr'><strong>tam</strong></span> <span class='ocrx_word' id='word_1_383' title='bbox 3182 2834 3384 2889; x_wconf 89' lang='lat' dir='ltr'><strong>corpus</strong></span> <span class='ocrx_word' id='word_1_384' title='bbox 3415 2836 3577 2890; x_wconf 85' lang='lat' dir='ltr'><strong>quam</strong></span> 
     </span>
    </p>
   </div>
   <div class='ocr_carea' id='block_1_40' title="bbox 334 2900 1933 2979">
    <p class='ocr_par' dir='ltr' id='par_1_40' title="bbox 334 2900 1549 2979">
     <span class='ocr_line' id='line_1_40' title="bbox 334 2900 1549 2979; baseline -0.006 -17"><span class='ocrx_word' id='word_1_385' title='bbox 334 2907 441 2979; x_wconf 79' lang='grc' dir='ltr'><strong>γὰρ</strong></span> <span class='ocrx_word' id='word_1_386' title='bbox 471 2907 499 2958; x_wconf 87' lang='grc' dir='ltr'>ὁ</span> <span class='ocrx_word' id='word_1_387' title='bbox 523 2907 676 2970; x_wconf 79' lang='grc' dir='ltr'>Θεὸς,</span> <span class='ocrx_word' id='word_1_388' title='bbox 705 2906 778 2969; x_wconf 82' lang='grc' dir='ltr'><strong>ὡς</strong></span> <span class='ocrx_word' id='word_1_389' title='bbox 803 2905 1058 2973; x_wconf 83' lang='grc' dir='ltr'>δαίμονες</span> <span class='ocrx_word' id='word_1_390' title='bbox 1089 2900 1183 2954; x_wconf 77' lang='grc' dir='ltr'>τοῦ</span> <span class='ocrx_word' id='word_1_391' title='bbox 1220 2901 1549 2973; x_wconf 83' lang='grc' dir='ltr'>σκεδασμοῦ.</span> 
     </span>
    </p>
   </div>
   <div class='ocr_carea' id='block_1_41' title="bbox 1977 2900 3576 2979">
    <p class='ocr_par' dir='ltr' id='par_1_41' title="bbox 2011 2901 3576 2978">
     <span class='ocr_line' id='line_1_41' title="bbox 2011 2901 3576 2978; baseline 0.006 -23"><span class='ocrx_word' id='word_1_392' title='bbox 2011 2901 2250 2957; x_wconf 89' lang='lat' dir='ltr'><strong>animam</strong></span> <span class='ocrx_word' id='word_1_393' title='bbox 2284 2914 2575 2959; x_wconf 79' lang='lat' dir='ltr'><strong>conservat</strong></span> <span class='ocrx_word' id='word_1_394' title='bbox 2609 2907 2903 2977; x_wconf 87' lang='lat' dir='ltr'><strong>integram.</strong></span> <span class='ocrx_word' id='word_1_395' title='bbox 2941 2907 3270 2963; x_wconf 68' lang='lat' dir='ltr'><strong>Concordiae</strong></span> <span class='ocrx_word' id='word_1_396' title='bbox 3306 2910 3576 2978; x_wconf 84' lang='lat' dir='ltr'><strong>siquidem</strong></span> 
     </span>
    </p>
   </div>
   <div class='ocr_carea' id='block_1_42' title="bbox 2011 2995 3508 3062">
    <p class='ocr_par' dir='ltr' id='par_1_42' title="bbox 2011 2995 3508 3062">
     <span class='ocr_line' id='line_1_42' title="bbox 2011 2995 3508 3062; baseline 0.007 -13"><span class='ocrx_word' id='word_1_397' title='bbox 2011 3003 2204 3049; x_wconf 88' lang='lat' dir='ltr'><strong>auctor</strong></span> <span class='ocrx_word' id='word_1_398' title='bbox 2242 2995 2402 3062; x_wconf 90' lang='lat' dir='ltr'><strong>Dens,</strong></span> <span class='ocrx_word' id='word_1_399' title='bbox 2435 3004 2490 3051; x_wconf 88' lang='lat' dir='ltr'><strong>at</strong></span> <span class='ocrx_word' id='word_1_400' title='bbox 2530 2998 2828 3053; x_wconf 89' lang='lat' dir='ltr'><strong>seditionis</strong></span> <span class='ocrx_word' id='word_1_401' title='bbox 2856 3000 3081 3055; x_wconf 88' lang='lat' dir='ltr'><strong>molitor</strong></span> <span class='ocrx_word' id='word_1_402' title='bbox 3112 3012 3198 3056; x_wconf 85' lang='lat' dir='ltr'><strong>est</strong></span> <span class='ocrx_word' id='word_1_403' title='bbox 3232 3002 3508 3058; x_wconf 79' lang='lat' dir='ltr'><strong>diabolus.</strong></span> 
     </span>
    </p>
   </div>
   <div class='ocr_carea' id='block_1_43' title="bbox 417 3074 2016 3166">
    <p class='ocr_par' dir='ltr' id='par_1_43' title="bbox 417 3074 1907 3149">
     <span class='ocr_line' id='line_1_43' title="bbox 417 3074 1907 3149; baseline -0.005 -14"><span class='ocrx_word' id='word_1_404' title='bbox 417 3079 846 3149; x_wconf 80' lang='grc' dir='ltr'>Ἐκπορνεῦσαι</span> <span class='ocrx_word' id='word_1_405' title='bbox 885 3075 1102 3143; x_wconf 71' lang='grc' dir='ltr'>αὐτὴν.</span> <span class='ocrx_word' id='word_1_406' title='bbox 1147 3075 1205 3128; x_wconf 87' lang='lat'><strong>&#39;0</strong></span> <span class='ocrx_word' id='word_1_407' title='bbox 1245 3075 1409 3146; x_wconf 83' lang='grc' dir='ltr'>νόμος</span> <span class='ocrx_word' id='word_1_408' title='bbox 1457 3075 1518 3127; x_wconf 83' lang='grc' dir='ltr'><strong>τὸ</strong></span> <span class='ocrx_word' id='word_1_409' title='bbox 1553 3074 1698 3129; x_wconf 85' lang='grc' dir='ltr'>κατὰ</span> <span class='ocrx_word' id='word_1_410' title='bbox 1744 3075 1907 3143; x_wconf 87' lang='grc' dir='ltr'>φύσιν</span> 
     </span>
    </p>
   </div>
   <div class='ocr_carea' id='block_1_44' title="bbox 1983 3074 3582 3166">
    <p class='ocr_par' dir='ltr' id='par_1_44' title="bbox 2087 3084 3582 3166">
     <span class='ocr_line' id='line_1_44' title="bbox 2087 3084 3582 3166; baseline 0.009 -27"><span class='ocrx_word' id='word_1_411' title='bbox 2087 3084 2154 3138; x_wconf 89' lang='lat' dir='ltr'><strong>Ut</strong></span> <span class='ocrx_word' id='word_1_412' title='bbox 2194 3097 2477 3154; x_wconf 79' lang='lat' dir='ltr'><strong>scorletur,</strong></span> <span class='ocrx_word' id='word_1_413' title='bbox 2507 3096 2615 3144; x_wconf 90' lang='lat' dir='ltr'><strong>etc.</strong></span> <span class='ocrx_word' id='word_1_414' title='bbox 2672 3089 2781 3145; x_wconf 78' lang='lat' dir='ltr'><strong>Lex</strong></span> <span class='ocrx_word' id='word_1_415' title='bbox 2850 3091 3056 3146; x_wconf 89' lang='lat' dir='ltr'><strong>etenim</strong></span> <span class='ocrx_word' id='word_1_416' title='bbox 3117 3091 3210 3147; x_wconf 87' lang='lat' dir='ltr'><strong>Dei</strong></span> <span class='ocrx_word' id='word_1_417' title='bbox 3258 3096 3455 3164; x_wconf 70' lang='lat' dir='ltr'><strong>qumrit</strong></span> <span class='ocrx_word' id='word_1_418' title='bbox 3488 3098 3582 3166; x_wconf 89' lang='lat' dir='ltr'><strong>jus</strong></span> 
     </span>
    </p>
   </div>
   <div class='ocr_carea' id='block_1_45' title="bbox 336 3165 1935 3256">
    <p class='ocr_par' dir='ltr' id='par_1_45' title="bbox 336 3165 1907 3256">
     <span class='ocr_line' id='line_1_45' title="bbox 336 3165 1907 3256; baseline -0.005 -28"><span class='ocrx_word' id='word_1_419' title='bbox 336 3175 509 3256; x_wconf 72' lang='grc' dir='ltr'>ζητεῖ.</span> <span class='ocrx_word' id='word_1_420' title='bbox 542 3174 619 3226; x_wconf 85' lang='grc' dir='ltr'><strong>Οὐ</strong></span> <span class='ocrx_word' id='word_1_421' title='bbox 652 3169 998 3239; x_wconf 17' lang='grc' dir='ltr'>κατὰκφύσιν</span> <span class='ocrx_word' id='word_1_422' title='bbox 1038 3167 1097 3223; x_wconf 86' lang='grc' dir='ltr'><strong>δὲ</strong></span> <span class='ocrx_word' id='word_1_423' title='bbox 1131 3169 1165 3239; x_wconf 77' lang='grc' dir='ltr'><strong>ἡ</strong></span> <span class='ocrx_word' id='word_1_424' title='bbox 1193 3167 1442 3239; x_wconf 71' lang='grc' dir='ltr'>πορνεία.</span> <span class='ocrx_word' id='word_1_425' title='bbox 1473 3167 1610 3222; x_wconf 77' lang='grc' dir='ltr'><strong>Ούδὲ</strong></span> <span class='ocrx_word' id='word_1_426' title='bbox 1659 3166 1766 3240; x_wconf 85' lang='grc' dir='ltr'><strong>γὰρ</strong></span> <span class='ocrx_word' id='word_1_427' title='bbox 1813 3165 1907 3221; x_wconf 74' lang='grc' dir='ltr'><strong>ἐπὶ</strong></span> 
     </span>
    </p>
   </div>
   <div class='ocr_carea' id='block_1_46' title="bbox 1987 3165 3586 3256">
    <p class='ocr_par' dir='ltr' id='par_1_46' title="bbox 2011 3172 3586 3245">
     <span class='ocr_line' id='line_1_46' title="bbox 2011 3172 3586 3245; baseline 0.005 -10"><span class='ocrx_word' id='word_1_428' title='bbox 2011 3172 2285 3236; x_wconf 75' lang='lat' dir='ltr'><strong>naturale.</strong></span> <span class='ocrx_word' id='word_1_429' title='bbox 2321 3182 2463 3238; x_wconf 89' lang='lat' dir='ltr'><strong>lluic</strong></span> <span class='ocrx_word' id='word_1_430' title='bbox 2498 3184 2766 3239; x_wconf 86' lang='lat' dir='ltr'><strong>scortalio</strong></span> <span class='ocrx_word' id='word_1_431' title='bbox 2798 3183 3126 3240; x_wconf 89' lang='lat' dir='ltr'><strong>reluctatur.</strong></span> <span class='ocrx_word' id='word_1_432' title='bbox 3156 3185 3292 3241; x_wconf 86' lang='lat' dir='ltr'><strong>Nam</strong></span> <span class='ocrx_word' id='word_1_433' title='bbox 3325 3204 3436 3243; x_wconf 90' lang='lat' dir='ltr'><strong>non</strong></span> <span class='ocrx_word' id='word_1_434' title='bbox 3469 3204 3586 3245; x_wconf 86' lang='lat' dir='ltr'><strong>ser-</strong></span> 
     </span>
    </p>
   </div>
   <div class='ocr_carea' id='block_1_47' title="bbox 338 3264 1937 3344">
    <p class='ocr_par' dir='ltr' id='par_1_47' title="bbox 338 3264 677 3337">
     <span class='ocr_line' id='line_1_47' title="bbox 338 3264 677 3337; baseline -0.018 -15"><span class='ocrx_word' id='word_1_435' title='bbox 338 3264 677 3337; x_wconf 77' lang='grc' dir='ltr'>παιδογονίᾳ.</span> 
     </span>
    </p>
   </div>
   <div class='ocr_carea' id='block_1_48' title="bbox 1540 3264 3139 3344">
    <p class='ocr_par' dir='ltr' id='par_1_48' title="bbox 2013 3272 3139 3344">
     <span class='ocr_line' id='line_1_48' title="bbox 2013 3272 3139 3344; baseline 0.004 -18"><span class='ocrx_word' id='word_1_436' title='bbox 2013 3273 2092 3327; x_wconf 91' lang='lat' dir='ltr'><strong>vit</strong></span> <span class='ocrx_word' id='word_1_437' title='bbox 2114 3272 2409 3328; x_wconf 85' lang='lat' dir='ltr'><strong>liberorum</strong></span> <span class='ocrx_word' id='word_1_438' title='bbox 2442 3274 2816 3344; x_wconf 86' lang='lat' dir='ltr'><strong>procreationi</strong></span> <span class='ocrx_word' id='word_1_439' title='bbox 2849 3277 3139 3331; x_wconf 88' lang='lat' dir='ltr'><strong>scortatio.</strong></span> 
     </span>
    </p>
   </div>
   <div class='ocr_carea' id='block_1_49' title="bbox 410 3349 2009 3438">
    <p class='ocr_par' dir='ltr' id='par_1_49' title="bbox 410 3349 1909 3427">
     <span class='ocr_line' id='line_1_49' title="bbox 410 3349 1909 3427; baseline -0.007 -13"><span class='ocrx_word' id='word_1_440' title='bbox 410 3361 544 3416; x_wconf 79' lang='lat' dir='ltr'><strong>&quot;Ira</strong></span> <span class='ocrx_word' id='word_1_441' title='bbox 566 3357 652 3427; x_wconf 76' lang='grc' dir='ltr'><strong>μὴ</strong></span> <span class='ocrx_word' id='word_1_442' title='bbox 695 3353 1079 3423; x_wconf 77' lang='grc' dir='ltr'><strong>ἐκπορνεύσῃ</strong></span> <span class='ocrx_word' id='word_1_443' title='bbox 1114 3352 1153 3418; x_wconf 76' lang='grc' dir='ltr'><strong><em>ἠ</em></strong></span> <span class='ocrx_word' id='word_1_444' title='bbox 1184 3351 1284 3422; x_wconf 73' lang='grc' dir='ltr'><strong>γῆ,</strong></span> <span class='ocrx_word' id='word_1_445' title='bbox 1338 3352 1436 3417; x_wconf 71' lang='grc' dir='ltr'><strong>καὶ</strong></span> <span class='ocrx_word' id='word_1_446' title='bbox 1479 3349 1731 3419; x_wconf 74' lang='grc' dir='ltr'><strong>πλησθῇ</strong></span> <span class='ocrx_word' id='word_1_447' title='bbox 1773 3353 1909 3405; x_wconf 83' lang='grc' dir='ltr'><strong>ἀνο-</strong></span> 
     </span>
    </p>
   </div>
   <div class='ocr_carea' id='block_1_50' title="bbox 1993 3349 3592 3438">
    <p class='ocr_par' dir='ltr' id='par_1_50' title="bbox 2094 3362 3592 3438">
     <span class='ocr_line' id='line_1_50' title="bbox 2094 3362 3592 3438; baseline 0.008 -21"><span class='ocrx_word' id='word_1_448' title='bbox 2094 3362 2175 3418; x_wconf 87' lang='lat' dir='ltr'><strong>Ne</strong></span> <span class='ocrx_word' id='word_1_449' title='bbox 2212 3375 2359 3419; x_wconf 89' lang='lat' dir='ltr'><strong>terra</strong></span> <span class='ocrx_word' id='word_1_450' title='bbox 2381 3374 2645 3421; x_wconf 80' lang='lat' dir='ltr'><strong>scortetur</strong></span> <span class='ocrx_word' id='word_1_451' title='bbox 2683 3375 2735 3421; x_wconf 81' lang='lat' dir='ltr'><strong>et</strong></span> <span class='ocrx_word' id='word_1_452' title='bbox 2787 3367 3056 3436; x_wconf 81' lang='lat' dir='ltr'><strong>repleatur</strong></span> <span class='ocrx_word' id='word_1_453' title='bbox 3098 3368 3406 3438; x_wconf 77' lang='lat' dir='ltr'><strong>iniquitate,</strong></span> <span class='ocrx_word' id='word_1_454' title='bbox 3482 3379 3592 3429; x_wconf 79' lang='lat' dir='ltr'><strong>etc.</strong></span> 
     </span>
    </p>
   </div>
   <div class='ocr_carea' id='block_1_51' title="bbox 333 3442 1932 3531">
    <p class='ocr_par' dir='ltr' id='par_1_51' title="bbox 333 3442 1909 3521">
     <span class='ocr_line' id='line_1_51' title="bbox 333 3442 1909 3521; baseline -0.005 -16"><span class='ocrx_word' id='word_1_455' title='bbox 333 3452 496 3521; x_wconf 82' lang='grc' dir='ltr'>μίας.</span> <span class='ocrx_word' id='word_1_456' title='bbox 522 3450 723 3519; x_wconf 85' lang='grc' dir='ltr'>Τρέχει</span> <span class='ocrx_word' id='word_1_457' title='bbox 760 3446 869 3517; x_wconf 82' lang='grc' dir='ltr'><strong>γὰρ</strong></span> <span class='ocrx_word' id='word_1_458' title='bbox 903 3447 986 3508; x_wconf 74' lang='grc' dir='ltr'><strong>εἰς</strong></span> <span class='ocrx_word' id='word_1_459' title='bbox 1027 3443 1235 3514; x_wconf 82' lang='grc' dir='ltr'><strong>πλῆθος</strong></span> <span class='ocrx_word' id='word_1_460' title='bbox 1283 3442 1597 3515; x_wconf 82' lang='grc' dir='ltr'>ἀρξάμενον</span> <span class='ocrx_word' id='word_1_461' title='bbox 1628 3442 1690 3496; x_wconf 88' lang='grc' dir='ltr'>τδ</span> <span class='ocrx_word' id='word_1_462' title='bbox 1717 3444 1909 3497; x_wconf 84' lang='grc' dir='ltr'>κακόν.</span> 
     </span>
    </p>
   </div>
   <div class='ocr_carea' id='block_1_52' title="bbox 1988 3442 3587 3531">
    <p class='ocr_par' dir='ltr' id='par_1_52' title="bbox 2016 3453 3587 3531">
     <span class='ocr_line' id='line_1_52' title="bbox 2016 3453 3587 3531; baseline 0.007 -24"><span class='ocrx_word' id='word_1_463' title='bbox 2016 3453 2149 3508; x_wconf 87' lang='lat' dir='ltr'><strong>Nam</strong></span> <span class='ocrx_word' id='word_1_464' title='bbox 2180 3457 2588 3527; x_wconf 88' lang='lat' dir='ltr'><strong>quamprimum</strong></span> <span class='ocrx_word' id='word_1_465' title='bbox 2617 3464 2781 3528; x_wconf 85' lang='lat' dir='ltr'><strong>caput</strong></span> <span class='ocrx_word' id='word_1_466' title='bbox 2815 3460 3080 3514; x_wconf 81' lang='lat' dir='ltr'><strong>extulerit</strong></span> <span class='ocrx_word' id='word_1_467' title='bbox 3117 3460 3412 3531; x_wconf 90' lang='lat' dir='ltr'><strong>iniquitas,</strong></span> <span class='ocrx_word' id='word_1_468' title='bbox 3454 3478 3587 3517; x_wconf 88' lang='lat' dir='ltr'><strong>con-</strong></span> 
     </span>
    </p>
   </div>
   <div class='ocr_carea' id='block_1_53' title="bbox 340 3535 1939 3625">
    <p class='ocr_par' dir='ltr' id='par_1_53' title="bbox 340 3535 1144 3610">
     <span class='ocr_line' id='line_1_53' title="bbox 340 3535 1144 3610; baseline -0.011 -14"><span class='ocrx_word' id='word_1_469' title='bbox 340 3542 433 3596; x_wconf 75' lang='grc' dir='ltr'><strong>Διὸ</strong></span> <span class='ocrx_word' id='word_1_470' title='bbox 461 3542 559 3594; x_wconf 72' lang='grc' dir='ltr'>καὶ</span> <span class='ocrx_word' id='word_1_471' title='bbox 588 3542 622 3610; x_wconf 79' lang='grc' dir='ltr'>ἡ</span> <span class='ocrx_word' id='word_1_472' title='bbox 650 3538 797 3608; x_wconf 81' lang='grc' dir='ltr'>ἀρχὴ</span> <span class='ocrx_word' id='word_1_473' title='bbox 826 3535 1144 3600; x_wconf 78' lang='grc' dir='ltr'>κολάζεται.</span> 
     </span>
    </p>
   </div>
   <div class='ocr_carea' id='block_1_54' title="bbox 1991 3535 3590 3625">
    <p class='ocr_par' dir='ltr' id='par_1_54' title="bbox 2018 3547 3590 3625">
     <span class='ocr_line' id='line_1_54' title="bbox 2018 3547 3590 3625; baseline 0.007 -26"><span class='ocrx_word' id='word_1_474' title='bbox 2018 3547 2172 3602; x_wconf 88' lang='lat' dir='ltr'><strong>tinuo</strong></span> <span class='ocrx_word' id='word_1_475' title='bbox 2216 3552 2654 3620; x_wconf 87' lang='lat' dir='ltr'><strong>quamplurimos</strong></span> <span class='ocrx_word' id='word_1_476' title='bbox 2692 3552 3059 3611; x_wconf 82' lang='lat' dir='ltr'><strong>contaminat.</strong></span> <span class='ocrx_word' id='word_1_477' title='bbox 3096 3552 3449 3625; x_wconf 85' lang='lat' dir='ltr'><strong>Quapropter</strong></span> <span class='ocrx_word' id='word_1_478' title='bbox 3480 3557 3590 3609; x_wconf 86' lang='lat' dir='ltr'><strong>ini-</strong></span> 
     </span>
    </p>
   </div>
   <div class='ocr_carea' id='block_1_55' title="bbox 2017 3639 3492 3716">
    <p class='ocr_par' dir='ltr' id='par_1_55' title="bbox 2017 3639 3492 3716">
     <span class='ocr_line' id='line_1_55' title="bbox 2017 3639 3492 3716; baseline 0.007 -26"><span class='ocrx_word' id='word_1_479' title='bbox 2017 3639 2245 3708; x_wconf 86' lang='lat' dir='ltr'><strong>quitatis</strong></span> <span class='ocrx_word' id='word_1_480' title='bbox 2283 3642 2608 3711; x_wconf 86' lang='lat' dir='ltr'><strong>principium</strong></span> <span class='ocrx_word' id='word_1_481' title='bbox 2634 3643 2783 3697; x_wconf 90' lang='lat' dir='ltr'><strong>illico</strong></span> <span class='ocrx_word' id='word_1_482' title='bbox 2817 3645 2999 3713; x_wconf 79' lang='lat' dir='ltr'><strong>ptenis</strong></span> <span class='ocrx_word' id='word_1_483' title='bbox 3033 3645 3231 3714; x_wconf 90' lang='lat' dir='ltr'><strong>subjici</strong></span> <span class='ocrx_word' id='word_1_484' title='bbox 3266 3649 3492 3716; x_wconf 83' lang='lat' dir='ltr'><strong>satagit.</strong></span> 
     </span>
    </p>
   </div>
   <div class='ocr_carea' id='block_1_56' title="bbox 410 3749 3589 3825">
    <p class='ocr_par' dir='ltr' id='par_1_56' title="bbox 410 3749 3589 3825">
     <span class='ocr_line' id='line_1_56' title="bbox 410 3749 3589 3825; baseline 0.001 -15"><span class='ocrx_word' id='word_1_485' title='bbox 410 3755 593 3810; x_wconf 83' lang='lat' dir='ltr'><strong>Facile</strong></span> <span class='ocrx_word' id='word_1_486' title='bbox 623 3753 769 3809; x_wconf 89' lang='lat' dir='ltr'><strong>enim</strong></span> <span class='ocrx_word' id='word_1_487' title='bbox 799 3751 1066 3807; x_wconf 85' lang='lat' dir='ltr'><strong>scortatio</strong></span> <span class='ocrx_word' id='word_1_488' title='bbox 1095 3764 1194 3806; x_wconf 88' lang='lat' dir='ltr'><strong>sua</strong></span> <span class='ocrx_word' id='word_1_489' title='bbox 1228 3749 1473 3819; x_wconf 84' lang='lat' dir='ltr'><strong>pomeria</strong></span> <span class='ocrx_word' id='word_1_490' title='bbox 1503 3756 1810 3819; x_wconf 88' lang='lat' dir='ltr'><strong>promovet,</strong></span> <span class='ocrx_word' id='word_1_491' title='bbox 1842 3749 1889 3805; x_wconf 91' lang='lat' dir='ltr'><strong>si</strong></span> <span class='ocrx_word' id='word_1_492' title='bbox 1913 3763 2021 3804; x_wconf 91' lang='lat' dir='ltr'><strong>non</strong></span> <span class='ocrx_word' id='word_1_493' title='bbox 2051 3749 2123 3803; x_wconf 92' lang='lat' dir='ltr'><strong>sit</strong></span> <span class='ocrx_word' id='word_1_494' title='bbox 2159 3764 2320 3809; x_wconf 84' lang='lat' dir='ltr'><strong>uxor,</strong></span> <span class='ocrx_word' id='word_1_495' title='bbox 2353 3765 2482 3804; x_wconf 90' lang='lat' dir='ltr'><strong>cum</strong></span> <span class='ocrx_word' id='word_1_496' title='bbox 2518 3766 2624 3819; x_wconf 88' lang='lat' dir='ltr'><strong>qua</strong></span> <span class='ocrx_word' id='word_1_497' title='bbox 2660 3754 3117 3825; x_wconf 66' lang='lat' dir='ltr'><strong>concumbamus.</strong></span> <span class='ocrx_word' id='word_1_498' title='bbox 3166 3755 3301 3809; x_wconf 88' lang='lat' dir='ltr'><strong>Nam</strong></span> <span class='ocrx_word' id='word_1_499' title='bbox 3332 3755 3589 3813; x_wconf 84' lang='lat' dir='ltr'><strong>Salomon</strong></span> 
     </span>
    </p>
   </div>
   <div class='ocr_carea' id='block_1_57' title="bbox 342 3836 3593 3916">
    <p class='ocr_par' dir='ltr' id='par_1_57' title="bbox 342 3836 3593 3916">
     <span class='ocr_line' id='line_1_57' title="bbox 342 3836 3593 3916; baseline 0.001 -17"><span class='ocrx_word' id='word_1_500' title='bbox 342 3842 521 3913; x_wconf 90' lang='lat' dir='ltr'><strong>inquit</strong></span> <span class='ocrx_word' id='word_1_501' title='bbox 549 3858 564 3895; x_wconf 90' lang='lat'><strong>:</strong></span> <span class='ocrx_word' id='word_1_502' title='bbox 597 3859 617 3892; x_wconf 78' lang='grc' dir='ltr'><strong>ι</strong></span> <span class='ocrx_word' id='word_1_503' title='bbox 646 3838 1085 3907; x_wconf 73' lang='lat' dir='ltr'><strong>Mulierem,quae</strong></span> <span class='ocrx_word' id='word_1_504' title='bbox 1101 3843 1184 3892; x_wconf 86' lang='lat' dir='ltr'><strong>est</strong></span> <span class='ocrx_word' id='word_1_505' title='bbox 1208 3836 1441 3904; x_wconf 84' lang='lat' dir='ltr'><strong>laqueus</strong></span> <span class='ocrx_word' id='word_1_506' title='bbox 1464 3844 1519 3891; x_wconf 86' lang='lat' dir='ltr'><strong>et</strong></span> <span class='ocrx_word' id='word_1_507' title='bbox 1576 3845 1692 3892; x_wconf 88' lang='lat' dir='ltr'><strong>rete</strong></span> <span class='ocrx_word' id='word_1_508' title='bbox 1721 3836 1889 3891; x_wconf 90' lang='lat' dir='ltr'><strong>corde</strong></span> <span class='ocrx_word' id='word_1_509' title='bbox 1916 3852 2019 3892; x_wconf 88' lang='lat' dir='ltr'><strong>suo</strong></span> <span class='ocrx_word' id='word_1_510' title='bbox 2048 3836 2116 3891; x_wconf 81' lang='grc'><strong>⁸⁸.</strong></span> <span class='ocrx_word' id='word_1_511' title='bbox 2151 3856 2170 3889; x_wconf 78' lang='grc' dir='ltr'><strong>ι</strong></span> <span class='ocrx_word' id='word_1_512' title='bbox 2204 3838 2441 3892; x_wconf 85' lang='lat' dir='ltr'><strong>Sabbata</strong></span> <span class='ocrx_word' id='word_1_513' title='bbox 2497 3855 2613 3893; x_wconf 82' lang='lat' dir='ltr'><strong>mea</strong></span> <span class='ocrx_word' id='word_1_514' title='bbox 2647 3842 3091 3908; x_wconf 76' lang='lat' dir='ltr'><strong>custodietis,elc.</strong></span> <span class='ocrx_word' id='word_1_515' title='bbox 3129 3842 3268 3915; x_wconf 66' lang='grc' dir='ltr'><strong>[δελ]</strong></span> <span class='ocrx_word' id='word_1_516' title='bbox 3291 3844 3395 3899; x_wconf 88' lang='lat' dir='ltr'><strong>Sed</strong></span> <span class='ocrx_word' id='word_1_517' title='bbox 3422 3862 3593 3916; x_wconf 85' lang='lat' dir='ltr'><strong>quare</strong></span> 
     </span>
    </p>
   </div>
   <div class='ocr_carea' id='block_1_58' title="bbox 342 3924 894 3987">
    <p class='ocr_par' dir='ltr' id='par_1_58' title="bbox 342 3924 894 3987">
     <span class='ocr_line' id='line_1_58' title="bbox 342 3924 894 3987; baseline -0.014 -1"><span class='ocrx_word' id='word_1_518' title='bbox 342 3936 473 3987; x_wconf 88' lang='lat' dir='ltr'><strong>sunt</strong></span> <span class='ocrx_word' id='word_1_519' title='bbox 503 3924 841 3983; x_wconf 68' lang='lat' dir='ltr'><strong>observanda</strong></span> <span class='ocrx_word' id='word_1_520' title='bbox 870 3924 894 3977; x_wconf 87' lang='lat'><strong>?</strong></span> 
     </span>
    </p>
   </div>
   <div class='ocr_carea' id='block_1_59' title="bbox 413 4027 2012 4110">
    <p class='ocr_par' dir='ltr' id='par_1_59' title="bbox 413 4027 1983 4110">
     <span class='ocr_line' id='line_1_59' title="bbox 413 4027 1983 4110; baseline -0.006 -18"><span class='ocrx_word' id='word_1_521' title='bbox 413 4038 525 4110; x_wconf 79' lang='lat' dir='ltr'><strong>(2i)</strong></span> <span class='ocrx_word' id='word_1_522' title='bbox 561 4036 701 4091; x_wconf 77' lang='grc' dir='ltr'>Οὔτε</span> <span class='ocrx_word' id='word_1_523' title='bbox 745 4035 807 4089; x_wconf 79' lang='grc' dir='ltr'><strong>τὸ</strong></span> <span class='ocrx_word' id='word_1_524' title='bbox 840 4033 1110 4090; x_wconf 77' lang='grc' dir='ltr'>σάϐϐατον</span> <span class='ocrx_word' id='word_1_525' title='bbox 1145 4033 1221 4096; x_wconf 81' lang='grc' dir='ltr'><strong>ὡς</strong></span> <span class='ocrx_word' id='word_1_526' title='bbox 1258 4030 1539 4101; x_wconf 77' lang='grc' dir='ltr'>ὠφέλιμον</span> <span class='ocrx_word' id='word_1_527' title='bbox 1585 4028 1756 4100; x_wconf 80' lang='grc' dir='ltr'>αὐτῷ,</span> <span class='ocrx_word' id='word_1_528' title='bbox 1786 4027 1912 4083; x_wconf 74' lang='grc' dir='ltr'>οὔτε</span> <span class='ocrx_word' id='word_1_529' title='bbox 1940 4050 1983 4109; x_wconf 79' lang='lat' dir='ltr'><strong>c</strong></span> 
     </span>
    </p>
   </div>
   <div class='ocr_carea' id='block_1_60' title="bbox 1986 4027 3585 4110">
    <p class='ocr_par' dir='ltr' id='par_1_60' title="bbox 2089 4028 3585 4109">
     <span class='ocr_line' id='line_1_60' title="bbox 2089 4028 3585 4109; baseline 0.009 -27"><span class='ocrx_word' id='word_1_530' title='bbox 2089 4028 2313 4099; x_wconf 87' lang='lat' dir='ltr'><strong>Prnpter</strong></span> <span class='ocrx_word' id='word_1_531' title='bbox 2344 4033 2590 4102; x_wconf 84' lang='lat' dir='ltr'><strong>symbola</strong></span> <span class='ocrx_word' id='word_1_532' title='bbox 2631 4052 2645 4089; x_wconf 92' lang='lat'><strong>:</strong></span> <span class='ocrx_word' id='word_1_533' title='bbox 2684 4046 2738 4089; x_wconf 89' lang='lat' dir='ltr'><strong>et</strong></span> <span class='ocrx_word' id='word_1_534' title='bbox 2769 4036 2932 4091; x_wconf 87' lang='lat' dir='ltr'><strong>etiam</strong></span> <span class='ocrx_word' id='word_1_535' title='bbox 2971 4050 3196 4109; x_wconf 90' lang='lat' dir='ltr'><strong>propter</strong></span> <span class='ocrx_word' id='word_1_536' title='bbox 3236 4041 3352 4097; x_wconf 73' lang='lat' dir='ltr'><strong>lucc</strong></span> <span class='ocrx_word' id='word_1_537' title='bbox 3395 4044 3585 4099; x_wconf 80' lang='lat' dir='ltr'><strong>obser-</strong></span> 
     </span>
    </p>
   </div>
   <div class='ocr_carea' id='block_1_61' title="bbox 341 4121 1940 4203">
    <p class='ocr_par' dir='ltr' id='par_1_61' title="bbox 341 4121 1911 4200">
     <span class='ocr_line' id='line_1_61' title="bbox 341 4121 1911 4200; baseline -0.006 -16"><span class='ocrx_word' id='word_1_538' title='bbox 341 4131 402 4186; x_wconf 74' lang='grc' dir='ltr'><strong>τὸ</strong></span> <span class='ocrx_word' id='word_1_539' title='bbox 460 4131 728 4200; x_wconf 83' lang='grc' dir='ltr'>ἁγίασμα,</span> <span class='ocrx_word' id='word_1_540' title='bbox 786 4130 834 4182; x_wconf 77' lang='grc' dir='ltr'><strong>εἰ</strong></span> <span class='ocrx_word' id='word_1_541' title='bbox 885 4127 960 4199; x_wconf 84' lang='grc' dir='ltr'>μὴ</span> <span class='ocrx_word' id='word_1_542' title='bbox 1008 4125 1151 4180; x_wconf 84' lang='grc' dir='ltr'>κατὰ</span> <span class='ocrx_word' id='word_1_543' title='bbox 1204 4123 1491 4194; x_wconf 78' lang='grc' dir='ltr'>σύμϐολον.</span> <span class='ocrx_word' id='word_1_544' title='bbox 1545 4121 1671 4183; x_wconf 79' lang='grc' dir='ltr'><strong>Τοῖς</strong></span> <span class='ocrx_word' id='word_1_545' title='bbox 1727 4121 1911 4191; x_wconf 84' lang='grc' dir='ltr'>μέντοι</span> 
     </span>
    </p>
   </div>
   <div class='ocr_carea' id='block_1_62' title="bbox 1985 4121 3584 4203">
    <p class='ocr_par' dir='ltr' id='par_1_62' title="bbox 2015 4121 3584 4203">
     <span class='ocr_line' id='line_1_62' title="bbox 2015 4121 3584 4203; baseline 0.008 -29"><span class='ocrx_word' id='word_1_546' title='bbox 2015 4121 2191 4176; x_wconf 88' lang='lat' dir='ltr'><strong>vanda</strong></span> <span class='ocrx_word' id='word_1_547' title='bbox 2229 4131 2379 4189; x_wconf 89' lang='lat' dir='ltr'><strong>sunt,</strong></span> <span class='ocrx_word' id='word_1_548' title='bbox 2404 4132 2464 4178; x_wconf 92' lang='lat' dir='ltr'><strong>ut</strong></span> <span class='ocrx_word' id='word_1_549' title='bbox 2494 4127 2798 4182; x_wconf 88' lang='lat' dir='ltr'><strong>serviamus</strong></span> <span class='ocrx_word' id='word_1_550' title='bbox 2845 4130 2947 4198; x_wconf 86' lang='lat' dir='ltr'><strong>ipsi</strong></span> <span class='ocrx_word' id='word_1_551' title='bbox 3000 4129 3128 4185; x_wconf 90' lang='lat' dir='ltr'><strong>Deo.</strong></span> <span class='ocrx_word' id='word_1_552' title='bbox 3166 4132 3234 4187; x_wconf 82' lang='lat' dir='ltr'><strong>At</strong></span> <span class='ocrx_word' id='word_1_553' title='bbox 3266 4134 3357 4203; x_wconf 89' lang='lat' dir='ltr'><strong>qui</strong></span> <span class='ocrx_word' id='word_1_554' title='bbox 3414 4134 3584 4190; x_wconf 91' lang='lat' dir='ltr'><strong>Deum</strong></span> 
     </span>
    </p>
   </div>
   <div class='ocr_carea' id='block_1_63' title="bbox 341 4210 1940 4293">
    <p class='ocr_par' dir='ltr' id='par_1_63' title="bbox 341 4210 1914 4290">
     <span class='ocr_line' id='line_1_63' title="bbox 341 4210 1914 4290; baseline -0.008 -14"><span class='ocrx_word' id='word_1_555' title='bbox 341 4221 475 4275; x_wconf 76' lang='grc' dir='ltr'>Θεὸν</span> <span class='ocrx_word' id='word_1_556' title='bbox 507 4221 673 4275; x_wconf 78' lang='grc' dir='ltr'>αὐτὸν</span> <span class='ocrx_word' id='word_1_557' title='bbox 721 4219 958 4290; x_wconf 76' lang='grc' dir='ltr'>ἔχουσιν,</span> <span class='ocrx_word' id='word_1_558' title='bbox 998 4216 1059 4270; x_wconf 85' lang='grc' dir='ltr'><strong>ού</strong></span> <span class='ocrx_word' id='word_1_559' title='bbox 1108 4215 1270 4288; x_wconf 79' lang='grc' dir='ltr'>χρεία</span> <span class='ocrx_word' id='word_1_560' title='bbox 1301 4213 1390 4267; x_wconf 73' lang='grc' dir='ltr'><strong>διὰ</strong></span> <span class='ocrx_word' id='word_1_561' title='bbox 1425 4211 1632 4266; x_wconf 86' lang='grc' dir='ltr'>τούτων</span> <span class='ocrx_word' id='word_1_562' title='bbox 1675 4210 1914 4265; x_wconf 74' lang='grc' dir='ltr'>οἰκειοῦ-</span> 
     </span>
    </p>
   </div>
   <div class='ocr_carea' id='block_1_64' title="bbox 1979 4210 3578 4293">
    <p class='ocr_par' dir='ltr' id='par_1_64' title="bbox 2015 4210 3578 4293">
     <span class='ocr_line' id='line_1_64' title="bbox 2015 4210 3578 4293; baseline 0.01 -29"><span class='ocrx_word' id='word_1_563' title='bbox 2015 4210 2194 4281; x_wconf 90' lang='lat' dir='ltr'><strong>ipsum</strong></span> <span class='ocrx_word' id='word_1_564' title='bbox 2248 4213 2470 4283; x_wconf 90' lang='lat' dir='ltr'><strong>habent,</strong></span> <span class='ocrx_word' id='word_1_565' title='bbox 2522 4216 2572 4270; x_wconf 92' lang='lat' dir='ltr'><strong>hi</strong></span> <span class='ocrx_word' id='word_1_566' title='bbox 2607 4232 2715 4272; x_wconf 92' lang='lat' dir='ltr'><strong>non</strong></span> <span class='ocrx_word' id='word_1_567' title='bbox 2749 4232 2974 4274; x_wconf 87' lang='lat' dir='ltr'><strong>necesse</strong></span> <span class='ocrx_word' id='word_1_568' title='bbox 3004 4221 3225 4289; x_wconf 84' lang='lat' dir='ltr'><strong>habent,</strong></span> <span class='ocrx_word' id='word_1_569' title='bbox 3268 4233 3329 4277; x_wconf 92' lang='lat' dir='ltr'><strong>ut</strong></span> <span class='ocrx_word' id='word_1_570' title='bbox 3361 4240 3459 4293; x_wconf 88' lang='lat' dir='ltr'><strong>per</strong></span> <span class='ocrx_word' id='word_1_571' title='bbox 3488 4226 3578 4279; x_wconf 89' lang='lat' dir='ltr'><strong>illa</strong></span> 
     </span>
    </p>
   </div>
   <div class='ocr_carea' id='block_1_65' title="bbox 345 4302 3533 4384">
    <p class='ocr_par' dir='ltr' id='par_1_65' title="bbox 345 4302 3533 4384">
     <span class='ocr_line' id='line_1_65' title="bbox 345 4302 3533 4384; baseline 0.009 -43"><span class='ocrx_word' id='word_1_572' title='bbox 345 4313 488 4368; x_wconf 51' lang='lat' dir='ltr'><strong>cem.</strong></span> <span class='ocrx_word' id='word_1_573' title='bbox 1454 4342 1459 4351; x_wconf 87' lang='lat'><strong>.</strong></span> <span class='ocrx_word' id='word_1_574' title='bbox 2018 4302 2144 4359; x_wconf 92' lang='lat' dir='ltr'><strong>huic</strong></span> <span class='ocrx_word' id='word_1_575' title='bbox 2169 4305 2494 4376; x_wconf 85' lang='lat' dir='ltr'><strong>jungantur,</strong></span> <span class='ocrx_word' id='word_1_576' title='bbox 2539 4324 2661 4362; x_wconf 87' lang='lat' dir='ltr'><strong>cum</strong></span> <span class='ocrx_word' id='word_1_577' title='bbox 2702 4311 2904 4380; x_wconf 88' lang='lat' dir='ltr'><strong>alioqui</strong></span> <span class='ocrx_word' id='word_1_578' title='bbox 2937 4313 3533 4384; x_wconf 88' lang='lat' dir='ltr'><strong>sintconjunctissimi.</strong></span> 
     </span>
    </p>
   </div>
   <div class='ocr_carea' id='block_1_66' title="bbox 415 4396 3582 4478">
    <p class='ocr_par' dir='ltr' id='par_1_66' title="bbox 415 4396 3582 4478">
     <span class='ocr_line' id='line_1_66' title="bbox 415 4396 3582 4478; baseline 0.002 -17"><span class='ocrx_word' id='word_1_579' title='bbox 415 4406 541 4462; x_wconf 84' lang='lat' dir='ltr'><strong>Non</strong></span> <span class='ocrx_word' id='word_1_580' title='bbox 580 4406 866 4469; x_wconf 78' lang='lat' dir='ltr'><strong>respicietis</strong></span> <span class='ocrx_word' id='word_1_581' title='bbox 900 4411 1017 4474; x_wconf 78' lang='lat' dir='ltr'><strong>post</strong></span> <span class='ocrx_word' id='word_1_582' title='bbox 1048 4400 1322 4472; x_wconf 76' lang='lat' dir='ltr'><strong>pytltones,</strong></span> <span class='ocrx_word' id='word_1_583' title='bbox 1359 4414 1521 4468; x_wconf 79' lang='lat' dir='ltr'><strong>neque</strong></span> <span class='ocrx_word' id='word_1_584' title='bbox 1555 4397 1790 4453; x_wconf 79' lang='lat' dir='ltr'><strong>hariolos</strong></span> <span class='ocrx_word' id='word_1_585' title='bbox 1836 4396 2137 4467; x_wconf 82' lang='lat' dir='ltr'><strong>inquiretis,</strong></span> <span class='ocrx_word' id='word_1_586' title='bbox 2175 4407 2284 4454; x_wconf 90' lang='lat' dir='ltr'><strong>etc.</strong></span> <span class='ocrx_word' id='word_1_587' title='bbox 2315 4398 2455 4473; x_wconf 74' lang='lat'><strong>[31.]</strong></span> <span class='ocrx_word' id='word_1_588' title='bbox 2491 4399 2634 4456; x_wconf 83' lang='lat' dir='ltr'><strong>Nam</strong></span> <span class='ocrx_word' id='word_1_589' title='bbox 2690 4407 2770 4459; x_wconf 61' lang='lat' dir='ltr'><strong>hee</strong></span> <span class='ocrx_word' id='word_1_590' title='bbox 2815 4406 3088 4463; x_wconf 88' lang='lat' dir='ltr'><strong>vanitates</strong></span> <span class='ocrx_word' id='word_1_591' title='bbox 3122 4419 3387 4478; x_wconf 87' lang='lat' dir='ltr'><strong>separant</strong></span> <span class='ocrx_word' id='word_1_592' title='bbox 3427 4428 3527 4467; x_wconf 89' lang='lat' dir='ltr'><strong>nos</strong></span> <span class='ocrx_word' id='word_1_593' title='bbox 3551 4430 3582 4467; x_wconf 89' lang='lat' dir='ltr'><strong>a</strong></span> 
     </span>
    </p>
   </div>
   <div class='ocr_carea' id='block_1_67' title="bbox 347 4483 3582 4565">
    <p class='ocr_par' dir='ltr' id='par_1_67' title="bbox 347 4483 3582 4565">
     <span class='ocr_line' id='line_1_67' title="bbox 347 4483 3582 4565; baseline 0.002 -17"><span class='ocrx_word' id='word_1_594' title='bbox 347 4494 480 4560; x_wconf 89' lang='lat' dir='ltr'><strong>Deo,</strong></span> <span class='ocrx_word' id='word_1_595' title='bbox 512 4494 638 4549; x_wconf 92' lang='lat' dir='ltr'><strong>licet</strong></span> <span class='ocrx_word' id='word_1_596' title='bbox 675 4493 913 4548; x_wconf 89' lang='lat' dir='ltr'><strong>habeant</strong></span> <span class='ocrx_word' id='word_1_597' title='bbox 941 4489 1247 4560; x_wconf 84' lang='lat' dir='ltr'><strong>quidpiam,</strong></span> <span class='ocrx_word' id='word_1_598' title='bbox 1279 4484 1427 4556; x_wconf 88' lang='lat' dir='ltr'><strong>quod</strong></span> <span class='ocrx_word' id='word_1_599' title='bbox 1460 4485 1619 4540; x_wconf 90' lang='lat' dir='ltr'><strong>nobis</strong></span> <span class='ocrx_word' id='word_1_600' title='bbox 1658 4484 1991 4539; x_wconf 86' lang='lat' dir='ltr'><strong>blandiatur.</strong></span> <span class='ocrx_word' id='word_1_601' title='bbox 2032 4483 2230 4541; x_wconf 85' lang='lat' dir='ltr'><strong>Verum</strong></span> <span class='ocrx_word' id='word_1_602' title='bbox 2277 4487 2403 4542; x_wconf 91' lang='lat' dir='ltr'><strong>illas</strong></span> <span class='ocrx_word' id='word_1_603' title='bbox 2452 4491 2879 4558; x_wconf 89' lang='lat' dir='ltr'><strong>superstitiones</strong></span> <span class='ocrx_word' id='word_1_604' title='bbox 2918 4509 3084 4548; x_wconf 90' lang='lat' dir='ltr'><strong>nemo</strong></span> <span class='ocrx_word' id='word_1_605' title='bbox 3113 4506 3385 4565; x_wconf 88' lang='lat' dir='ltr'><strong>sequatur</strong></span> <span class='ocrx_word' id='word_1_606' title='bbox 3419 4498 3582 4554; x_wconf 86' lang='lat' dir='ltr'><strong>Chri-</strong></span> 
     </span>
    </p>
   </div>
   <div class='ocr_carea' id='block_1_68' title="bbox 344 4571 3589 4653">
    <p class='ocr_par' dir='ltr' id='par_1_68' title="bbox 344 4571 3589 4653">
     <span class='ocr_line' id='line_1_68' title="bbox 344 4571 3589 4653; baseline 0.001 -18"><span class='ocrx_word' id='word_1_607' title='bbox 344 4582 574 4641; x_wconf 87' lang='lat' dir='ltr'><strong>stianus,</strong></span> <span class='ocrx_word' id='word_1_608' title='bbox 604 4580 695 4633; x_wconf 90' lang='lat' dir='ltr'><strong>cui</strong></span> <span class='ocrx_word' id='word_1_609' title='bbox 731 4593 858 4648; x_wconf 89' lang='lat' dir='ltr'><strong>spes</strong></span> <span class='ocrx_word' id='word_1_610' title='bbox 907 4589 1099 4631; x_wconf 88' lang='lat' dir='ltr'><strong>omnes</strong></span> <span class='ocrx_word' id='word_1_611' title='bbox 1160 4587 1400 4645; x_wconf 90' lang='lat' dir='ltr'><strong>opesque</strong></span> <span class='ocrx_word' id='word_1_612' title='bbox 1433 4572 1487 4625; x_wconf 92' lang='lat' dir='ltr'><strong>in</strong></span> <span class='ocrx_word' id='word_1_613' title='bbox 1538 4571 1655 4626; x_wconf 89' lang='lat' dir='ltr'><strong>solo</strong></span> <span class='ocrx_word' id='word_1_614' title='bbox 1714 4571 1825 4625; x_wconf 88' lang='lat' dir='ltr'><strong>Deo</strong></span> <span class='ocrx_word' id='word_1_615' title='bbox 1860 4571 1980 4626; x_wconf 74' lang='lat' dir='ltr'><strong>sitae</strong></span> <span class='ocrx_word' id='word_1_616' title='bbox 2013 4580 2162 4627; x_wconf 90' lang='lat' dir='ltr'><strong>sunt.</strong></span> <span class='ocrx_word' id='word_1_617' title='bbox 2200 4572 2266 4626; x_wconf 87' lang='lat' dir='ltr'><strong>Et</strong></span> <span class='ocrx_word' id='word_1_618' title='bbox 2310 4574 2356 4628; x_wconf 94' lang='lat' dir='ltr'><strong>si</strong></span> <span class='ocrx_word' id='word_1_619' title='bbox 2389 4590 2493 4630; x_wconf 92' lang='lat' dir='ltr'><strong>non</strong></span> <span class='ocrx_word' id='word_1_620' title='bbox 2538 4575 2684 4631; x_wconf 87' lang='lat' dir='ltr'><strong>illico</strong></span> <span class='ocrx_word' id='word_1_621' title='bbox 2725 4579 2897 4634; x_wconf 87' lang='lat' dir='ltr'><strong>sentis</strong></span> <span class='ocrx_word' id='word_1_622' title='bbox 2977 4583 3242 4636; x_wconf 74' lang='lat' dir='ltr'><strong>auxilium</strong></span> <span class='ocrx_word' id='word_1_623' title='bbox 3303 4585 3589 4653; x_wconf 86' lang='lat' dir='ltr'><strong>divinum,</strong></span> 
     </span>
    </p>
   </div>
   <div class='ocr_carea' id='block_1_69' title="bbox 346 4657 3591 4741">
    <p class='ocr_par' dir='ltr' id='par_1_69' title="bbox 346 4657 3591 4741">
     <span class='ocr_line' id='line_1_69' title="bbox 346 4657 3591 4741; baseline -0 -17"><span class='ocrx_word' id='word_1_624' title='bbox 346 4670 476 4740; x_wconf 80' lang='lat' dir='ltr'><strong>quid</strong></span> <span class='ocrx_word' id='word_1_625' title='bbox 516 4678 628 4724; x_wconf 89' lang='lat' dir='ltr'><strong>tum</strong></span> <span class='ocrx_word' id='word_1_626' title='bbox 660 4666 974 4738; x_wconf 84' lang='lat' dir='ltr'><strong>‘lpatientia</strong></span> <span class='ocrx_word' id='word_1_627' title='bbox 1008 4679 1147 4732; x_wconf 91' lang='lat' dir='ltr'><strong>opus</strong></span> <span class='ocrx_word' id='word_1_628' title='bbox 1177 4670 1282 4716; x_wconf 92' lang='lat' dir='ltr'><strong>est.</strong></span> <span class='ocrx_word' id='word_1_629' title='bbox 1308 4658 1418 4713; x_wconf 83' lang='lat' dir='ltr'><strong>Nec</strong></span> <span class='ocrx_word' id='word_1_630' title='bbox 1443 4659 1771 4713; x_wconf 89' lang='lat' dir='ltr'><strong>currendum</strong></span> <span class='ocrx_word' id='word_1_631' title='bbox 1807 4657 1874 4712; x_wconf 86' lang='lat' dir='ltr'><strong>ad</strong></span> <span class='ocrx_word' id='word_1_632' title='bbox 1908 4659 2029 4714; x_wconf 89' lang='lat' dir='ltr'><strong>illas</strong></span> <span class='ocrx_word' id='word_1_633' title='bbox 2058 4659 2499 4727; x_wconf 87' lang='lat' dir='ltr'><strong>superstitiones,</strong></span> <span class='ocrx_word' id='word_1_634' title='bbox 2530 4663 2630 4717; x_wconf 81' lang='lat' dir='ltr'><strong>etsi</strong></span> <span class='ocrx_word' id='word_1_635' title='bbox 2674 4665 2935 4719; x_wconf 81' lang='lat' dir='ltr'><strong>auxilium</strong></span> <span class='ocrx_word' id='word_1_636' title='bbox 2972 4668 3067 4722; x_wconf 89' lang='lat' dir='ltr'><strong>tibi</strong></span> <span class='ocrx_word' id='word_1_637' title='bbox 3129 4684 3369 4739; x_wconf 78' lang='lat' dir='ltr'><strong>praesens</strong></span> <span class='ocrx_word' id='word_1_638' title='bbox 3430 4674 3591 4741; x_wconf 86' lang='lat' dir='ltr'><strong>polli-</strong></span> 
     </span>
    </p>
   </div>
   <div class='ocr_carea' id='block_1_70' title="bbox 346 4746 3593 4827">
    <p class='ocr_par' dir='ltr' id='par_1_70' title="bbox 346 4746 3593 4827">
     <span class='ocr_line' id='line_1_70' title="bbox 346 4746 3593 4827; baseline 0 -15"><span class='ocrx_word' id='word_1_639' title='bbox 346 4765 597 4811; x_wconf 89' lang='lat' dir='ltr'><strong>ceantur.</strong></span> <span class='ocrx_word' id='word_1_640' title='bbox 636 4754 841 4811; x_wconf 80' lang='lat' dir='ltr'><strong>Verum</strong></span> <span class='ocrx_word' id='word_1_641' title='bbox 866 4751 1074 4806; x_wconf 85' lang='lat' dir='ltr'><strong>malitia</strong></span> <span class='ocrx_word' id='word_1_642' title='bbox 1103 4747 1357 4802; x_wconf 89' lang='lat' dir='ltr'><strong>omnibus</strong></span> <span class='ocrx_word' id='word_1_643' title='bbox 1382 4746 1693 4812; x_wconf 88' lang='lat' dir='ltr'><strong>allubescit,</strong></span> <span class='ocrx_word' id='word_1_644' title='bbox 1722 4747 1919 4812; x_wconf 89' lang='lat' dir='ltr'><strong>virtus,</strong></span> <span class='ocrx_word' id='word_1_645' title='bbox 1952 4761 2073 4815; x_wconf 73' lang='lat' dir='ltr'><strong>quze</strong></span> <span class='ocrx_word' id='word_1_646' title='bbox 2101 4747 2374 4802; x_wconf 88' lang='lat' dir='ltr'><strong>laboriosa</strong></span> <span class='ocrx_word' id='word_1_647' title='bbox 2414 4758 2537 4811; x_wconf 91' lang='lat' dir='ltr'><strong>est,</strong></span> <span class='ocrx_word' id='word_1_648' title='bbox 2569 4750 2851 4819; x_wconf 85' lang='lat' dir='ltr'><strong>plerisque</strong></span> <span class='ocrx_word' id='word_1_649' title='bbox 2904 4754 3113 4808; x_wconf 89' lang='lat' dir='ltr'><strong>sordet.</strong></span> <span class='ocrx_word' id='word_1_650' title='bbox 3148 4755 3213 4807; x_wconf 79' lang='lat' dir='ltr'><strong>Et</strong></span> <span class='ocrx_word' id='word_1_651' title='bbox 3254 4757 3301 4811; x_wconf 92' lang='lat' dir='ltr'><strong>si</strong></span> <span class='ocrx_word' id='word_1_652' title='bbox 3339 4760 3593 4827; x_wconf 89' lang='lat' dir='ltr'><strong>quando-</strong></span> 
     </span>
    </p>
   </div>
   <div class='ocr_carea' id='block_1_71' title="bbox 345 4832 3582 4913">
    <p class='ocr_par' dir='ltr' id='par_1_71' title="bbox 345 4832 3582 4913">
     <span class='ocr_line' id='line_1_71' title="bbox 345 4832 3582 4913; baseline 0.002 -15"><span class='ocrx_word' id='word_1_653' title='bbox 345 4858 450 4913; x_wconf 90' lang='lat' dir='ltr'><strong>que</strong></span> <span class='ocrx_word' id='word_1_654' title='bbox 466 4842 886 4898; x_wconf 88' lang='lat' dir='ltr'><strong>vanissimarum</strong></span> <span class='ocrx_word' id='word_1_655' title='bbox 905 4836 1353 4907; x_wconf 90' lang='lat' dir='ltr'><strong>superstitionum</strong></span> <span class='ocrx_word' id='word_1_656' title='bbox 1369 4834 1609 4888; x_wconf 90' lang='lat' dir='ltr'><strong>cultores</strong></span> <span class='ocrx_word' id='word_1_657' title='bbox 1623 4848 1749 4887; x_wconf 89' lang='lat' dir='ltr'><strong>vera</strong></span> <span class='ocrx_word' id='word_1_658' title='bbox 1765 4832 2133 4904; x_wconf 77' lang='lat' dir='ltr'><strong>praedixerint,</strong></span> <span class='ocrx_word' id='word_1_659' title='bbox 2159 4852 2266 4889; x_wconf 90' lang='lat' dir='ltr'><strong>non</strong></span> <span class='ocrx_word' id='word_1_660' title='bbox 2284 4844 2569 4905; x_wconf 86' lang='lat' dir='ltr'><strong>propterea</strong></span> <span class='ocrx_word' id='word_1_661' title='bbox 2591 4839 2723 4893; x_wconf 87' lang='lat' dir='ltr'><strong>lldes</strong></span> <span class='ocrx_word' id='word_1_662' title='bbox 2741 4844 3212 4898; x_wconf 83' lang='lat' dir='ltr'><strong>accommodanda</strong></span> <span class='ocrx_word' id='word_1_663' title='bbox 3229 4856 3334 4901; x_wconf 88' lang='lat' dir='ltr'><strong>est.</strong></span> <span class='ocrx_word' id='word_1_664' title='bbox 3363 4847 3582 4904; x_wconf 81' lang='lat' dir='ltr'><strong>Imitare</strong></span> 
     </span>
    </p>
   </div>
   <div class='ocr_carea' id='block_1_72' title="bbox 346 4920 3579 5000">
    <p class='ocr_par' dir='ltr' id='par_1_72' title="bbox 346 4920 3579 5000">
     <span class='ocr_line' id='line_1_72' title="bbox 346 4920 3579 5000; baseline 0.002 -16"><span class='ocrx_word' id='word_1_665' title='bbox 346 4929 652 4996; x_wconf 90' lang='lat' dir='ltr'><strong>Christum,</strong></span> <span class='ocrx_word' id='word_1_666' title='bbox 687 4931 779 5000; x_wconf 93' lang='lat' dir='ltr'><strong>qui</strong></span> <span class='ocrx_word' id='word_1_667' title='bbox 814 4923 1245 4999; x_wconf 87' lang='lat' dir='ltr'><strong>reprehendebat</strong></span> <span class='ocrx_word' id='word_1_668' title='bbox 1272 4922 1573 4984; x_wconf 67' lang='lat' dir='ltr'><strong>daamones,</strong></span> <span class='ocrx_word' id='word_1_669' title='bbox 1604 4922 1855 4990; x_wconf 86' lang='lat' dir='ltr'><strong>quamvis</strong></span> <span class='ocrx_word' id='word_1_670' title='bbox 1888 4921 2066 4990; x_wconf 90' lang='lat' dir='ltr'><strong>ipsum</strong></span> <span class='ocrx_word' id='word_1_671' title='bbox 2096 4920 2403 4976; x_wconf 90' lang='lat' dir='ltr'><strong>vocitarent</strong></span> <span class='ocrx_word' id='word_1_672' title='bbox 2435 4920 2633 4977; x_wconf 84' lang='lat' dir='ltr'><strong>Filium</strong></span> <span class='ocrx_word' id='word_1_673' title='bbox 2671 4924 2783 4981; x_wconf 88' lang='lat' dir='ltr'><strong>Dei.</strong></span> <span class='ocrx_word' id='word_1_674' title='bbox 2810 4927 2944 4982; x_wconf 84' lang='lat' dir='ltr'><strong>Nam</strong></span> <span class='ocrx_word' id='word_1_675' title='bbox 2975 4930 3079 4984; x_wconf 90' lang='lat' dir='ltr'><strong>sub</strong></span> <span class='ocrx_word' id='word_1_676' title='bbox 3109 4933 3341 4989; x_wconf 89' lang='lat' dir='ltr'><strong>veritate</strong></span> <span class='ocrx_word' id='word_1_677' title='bbox 3389 4938 3579 4989; x_wconf 89' lang='lat' dir='ltr'><strong>occul-</strong></span> 
     </span>
    </p>
   </div>
   <div class='ocr_carea' id='block_1_73' title="bbox 347 5006 3590 5092">
    <p class='ocr_par' dir='ltr' id='par_1_73' title="bbox 347 5006 3590 5092">
     <span class='ocr_line' id='line_1_73' title="bbox 347 5006 3590 5092; baseline -0.001 -22"><span class='ocrx_word' id='word_1_678' title='bbox 347 5027 461 5071; x_wconf 90' lang='lat' dir='ltr'><strong>tum</strong></span> <span class='ocrx_word' id='word_1_679' title='bbox 494 5025 688 5088; x_wconf 87' lang='lat' dir='ltr'><strong>gerunt</strong></span> <span class='ocrx_word' id='word_1_680' title='bbox 727 5012 1095 5075; x_wconf 87' lang='lat' dir='ltr'><strong>mendacium,</strong></span> <span class='ocrx_word' id='word_1_681' title='bbox 1127 5026 1234 5063; x_wconf 89' lang='lat' dir='ltr'><strong>non</strong></span> <span class='ocrx_word' id='word_1_682' title='bbox 1266 5022 1427 5063; x_wconf 89' lang='lat' dir='ltr'><strong>secus</strong></span> <span class='ocrx_word' id='word_1_683' title='bbox 1462 5022 1525 5061; x_wconf 86' lang='lat' dir='ltr'><strong>ac</strong></span> <span class='ocrx_word' id='word_1_684' title='bbox 1558 5007 1604 5061; x_wconf 91' lang='lat' dir='ltr'><strong>si</strong></span> <span class='ocrx_word' id='word_1_685' title='bbox 1629 5008 1755 5076; x_wconf 85' lang='lat' dir='ltr'><strong>quis</strong></span> <span class='ocrx_word' id='word_1_686' title='bbox 1787 5006 1946 5061; x_wconf 89' lang='lat' dir='ltr'><strong>melle</strong></span> <span class='ocrx_word' id='word_1_687' title='bbox 1977 5015 2246 5076; x_wconf 90' lang='lat' dir='ltr'><strong>perungat</strong></span> <span class='ocrx_word' id='word_1_688' title='bbox 2282 5007 2559 5076; x_wconf 90' lang='lat' dir='ltr'><strong>poculum,</strong></span> <span class='ocrx_word' id='word_1_689' title='bbox 2585 5009 2637 5064; x_wconf 93' lang='lat' dir='ltr'><strong>in</strong></span> <span class='ocrx_word' id='word_1_690' title='bbox 2674 5027 2785 5080; x_wconf 87' lang='lat' dir='ltr'><strong>quo</strong></span> <span class='ocrx_word' id='word_1_691' title='bbox 2821 5030 3090 5070; x_wconf 90' lang='lat' dir='ltr'><strong>venenum</strong></span> <span class='ocrx_word' id='word_1_692' title='bbox 3144 5027 3293 5074; x_wconf 89' lang='lat' dir='ltr'><strong>esset</strong></span> <span class='ocrx_word' id='word_1_693' title='bbox 3327 5023 3590 5092; x_wconf 77' lang='lat' dir='ltr'><strong>propina-</strong></span> 
     </span>
    </p>
   </div>
   <div class='ocr_carea' id='block_1_74' title="bbox 348 5093 3589 5180">
    <p class='ocr_par' dir='ltr' id='par_1_74' title="bbox 348 5093 3589 5180">
     <span class='ocr_line' id='line_1_74' title="bbox 348 5093 3589 5180; baseline 0.004 -23"><span class='ocrx_word' id='word_1_694' title='bbox 348 5112 525 5158; x_wconf 88' lang='lat' dir='ltr'><strong>turus.</strong></span> <span class='ocrx_word' id='word_1_695' title='bbox 567 5102 837 5156; x_wconf 67' lang='lat' dir='ltr'><strong>Praeterea</strong></span> <span class='ocrx_word' id='word_1_696' title='bbox 877 5096 1132 5153; x_wconf 88' lang='lat' dir='ltr'><strong>diabolus</strong></span> <span class='ocrx_word' id='word_1_697' title='bbox 1165 5096 1281 5164; x_wconf 89' lang='lat' dir='ltr'><strong>ipsa</strong></span> <span class='ocrx_word' id='word_1_698' title='bbox 1323 5093 1550 5180; x_wconf 86' lang='lat' dir='ltr'><strong>veritate</strong></span> <span class='ocrx_word' id='word_1_699' title='bbox 1580 5093 1951 5148; x_wconf 88' lang='lat' dir='ltr'><strong>calumniatur</strong></span> <span class='ocrx_word' id='word_1_700' title='bbox 1984 5093 2152 5148; x_wconf 89' lang='lat' dir='ltr'><strong>Deum</strong></span> <span class='ocrx_word' id='word_1_701' title='bbox 2191 5094 2321 5149; x_wconf 90' lang='lat' dir='ltr'><strong>dum</strong></span> <span class='ocrx_word' id='word_1_702' title='bbox 2356 5096 2636 5151; x_wconf 85' lang='lat' dir='ltr'><strong>veritatem</strong></span> <span class='ocrx_word' id='word_1_703' title='bbox 2670 5100 2903 5170; x_wconf 79' lang='lat' dir='ltr'><strong>profert.</strong></span> <span class='ocrx_word' id='word_1_704' title='bbox 2930 5121 3051 5173; x_wconf 68' lang='lat' dir='ltr'><strong>qua:</strong></span> <span class='ocrx_word' id='word_1_705' title='bbox 3092 5106 3203 5161; x_wconf 91' lang='lat' dir='ltr'><strong>Deo</strong></span> <span class='ocrx_word' id='word_1_706' title='bbox 3231 5109 3334 5162; x_wconf 82' lang='lat' dir='ltr'><strong>soli</strong></span> <span class='ocrx_word' id='word_1_707' title='bbox 3368 5126 3589 5180; x_wconf 80' lang='lat' dir='ltr'><strong>compe-</strong></span> 
     </span>
    </p>
   </div>
   <div class='ocr_carea' id='block_1_75' title="bbox 346 5178 3583 5267">
    <p class='ocr_par' dir='ltr' id='par_1_75' title="bbox 346 5178 3583 5267">
     <span class='ocr_line' id='line_1_75' title="bbox 346 5178 3583 5267; baseline 0.002 -25"><span class='ocrx_word' id='word_1_708' title='bbox 346 5189 431 5244; x_wconf 89' lang='lat' dir='ltr'><strong>tit.</strong></span> <span class='ocrx_word' id='word_1_709' title='bbox 454 5189 590 5243; x_wconf 87' lang='lat' dir='ltr'><strong>Dum</strong></span> <span class='ocrx_word' id='word_1_710' title='bbox 623 5188 767 5243; x_wconf 91' lang='lat' dir='ltr'><strong>enim</strong></span> <span class='ocrx_word' id='word_1_711' title='bbox 795 5184 1020 5240; x_wconf 83' lang='lat' dir='ltr'><strong>simulat</strong></span> <span class='ocrx_word' id='word_1_712' title='bbox 1048 5181 1278 5236; x_wconf 86' lang='lat' dir='ltr'><strong>veritate</strong></span> <span class='ocrx_word' id='word_1_713' title='bbox 1314 5178 1507 5244; x_wconf 89' lang='lat' dir='ltr'><strong>Deum,</strong></span> <span class='ocrx_word' id='word_1_714' title='bbox 1539 5179 1793 5236; x_wconf 88' lang='lat' dir='ltr'><strong>incautos</strong></span> <span class='ocrx_word' id='word_1_715' title='bbox 1826 5180 2112 5235; x_wconf 84' lang='lat' dir='ltr'><strong>mendacio</strong></span> <span class='ocrx_word' id='word_1_716' title='bbox 2148 5180 2200 5235; x_wconf 91' lang='lat' dir='ltr'><strong>in</strong></span> <span class='ocrx_word' id='word_1_717' title='bbox 2231 5180 2459 5237; x_wconf 78' lang='lat' dir='ltr'><strong>exitium</strong></span> <span class='ocrx_word' id='word_1_718' title='bbox 2494 5182 2667 5239; x_wconf 90' lang='lat' dir='ltr'><strong>illicit.</strong></span> <span class='ocrx_word' id='word_1_719' title='bbox 2709 5188 2987 5255; x_wconf 83' lang='lat' dir='ltr'><strong>Attamen,</strong></span> <span class='ocrx_word' id='word_1_720' title='bbox 3017 5193 3288 5264; x_wconf 86' lang='lat' dir='ltr'><strong>objiciunt</strong></span> <span class='ocrx_word' id='word_1_721' title='bbox 3328 5178 3583 5267; x_wconf 78' lang='lat' dir='ltr'><strong>quidam,</strong></span> 
     </span>
    </p>
   </div>
   <div class='ocr_carea' id='block_1_76' title="bbox 452 5334 2051 5414">
    <p class='ocr_par' dir='ltr' id='par_1_76' title="bbox 452 5334 2051 5414">
     <span class='ocr_line' id='line_1_76' title="bbox 452 5334 2051 5414; baseline 0.008 -32"><span class='ocrx_word' id='word_1_722' title='bbox 452 5343 499 5414; x_wconf 50' lang='lat' dir='ltr'><strong>se</strong></span> <span class='ocrx_word' id='word_1_723' title='bbox 523 5342 718 5401; x_wconf 58' lang='lat' dir='ltr'><strong>Malm,</strong></span> <span class='ocrx_word' id='word_1_724' title='bbox 750 5356 830 5408; x_wconf 78' lang='grc' dir='ltr'>ιιι,</span> <span class='ocrx_word' id='word_1_725' title='bbox 858 5339 916 5393; x_wconf 77' lang='lat'><strong>2.</strong></span> <span class='ocrx_word' id='word_1_726' title='bbox 990 5340 1037 5371; x_wconf 64' lang='grc' dir='ltr'><strong>δ’</strong></span> <span class='ocrx_word' id='word_1_727' title='bbox 1072 5335 1263 5391; x_wconf 79' lang='lat' dir='ltr'><strong>Matth.</strong></span> <span class='ocrx_word' id='word_1_728' title='bbox 1298 5350 1421 5402; x_wconf 79' lang='lat' dir='ltr'><strong>xm,</strong></span> <span class='ocrx_word' id='word_1_729' title='bbox 1457 5334 1544 5403; x_wconf 80' lang='lat'><strong>52.</strong></span> <span class='ocrx_word' id='word_1_730' title='bbox 1625 5336 1673 5371; x_wconf 75' lang='grc'>⁸⁸</span> <span class='ocrx_word' id='word_1_731' title='bbox 1722 5337 1739 5389; x_wconf 94' lang='grc' dir='ltr'><strong>Ι</strong></span> <span class='ocrx_word' id='word_1_732' title='bbox 1778 5338 1905 5395; x_wconf 89' lang='lat' dir='ltr'><strong>Cor.</strong></span> <span class='ocrx_word' id='word_1_733' title='bbox 1947 5340 2051 5407; x_wconf 75' lang='lat' dir='ltr'><strong>x,2</strong></span> 
     </span>
    </p>
   </div>
   <div class='ocr_carea' id='block_1_77' title="bbox 1979 5334 3578 5414">
    <p class='ocr_par' dir='ltr' id='par_1_77' title="bbox 1989 5339 3578 5414">
     <span class='ocr_line' id='line_1_77' title="bbox 1989 5339 3578 5414; baseline 0.006 -20"><span class='ocrx_word' id='word_1_734' title='bbox 1989 5383 2002 5407; x_wconf 91' lang='lat'><strong>,</strong></span> <span class='ocrx_word' id='word_1_735' title='bbox 2024 5340 2115 5394; x_wconf 88' lang='lat'><strong>2|.</strong></span> <span class='ocrx_word' id='word_1_736' title='bbox 2193 5339 2239 5372; x_wconf 82' lang='lat'><strong>&quot;’</strong></span> <span class='ocrx_word' id='word_1_737' title='bbox 2267 5339 2403 5396; x_wconf 84' lang='lat' dir='ltr'><strong>Gen.</strong></span> <span class='ocrx_word' id='word_1_738' title='bbox 2436 5356 2563 5407; x_wconf 71' lang='lat' dir='ltr'><strong>xxx,</strong></span> <span class='ocrx_word' id='word_1_739' title='bbox 2599 5341 2691 5395; x_wconf 85' lang='lat'><strong>27.</strong></span> <span class='ocrx_word' id='word_1_740' title='bbox 2767 5343 2812 5374; x_wconf 83' lang='lat'><strong>&#39;°</strong></span> <span class='ocrx_word' id='word_1_741' title='bbox 2838 5342 2943 5399; x_wconf 86' lang='lat' dir='ltr'><strong>lsa.</strong></span> <span class='ocrx_word' id='word_1_742' title='bbox 2974 5361 3060 5414; x_wconf 74' lang='lat' dir='ltr'><strong>xv,</strong></span> <span class='ocrx_word' id='word_1_743' title='bbox 3093 5347 3151 5413; x_wconf 88' lang='lat'><strong>2,</strong></span> <span class='ocrx_word' id='word_1_744' title='bbox 3172 5349 3228 5407; x_wconf 79' lang='grc'>5.</span> <span class='ocrx_word' id='word_1_745' title='bbox 3337 5349 3384 5384; x_wconf 79' lang='grc'><strong>⁸⁸</strong></span> <span class='ocrx_word' id='word_1_746' title='bbox 3416 5348 3578 5407; x_wconf 84' lang='lat' dir='ltr'><strong>Prov.</strong></span> 
     </span>
    </p>
   </div>
   <div class='ocr_carea' id='block_1_78' title="bbox 345 5410 2070 5529">
    <p class='ocr_par' dir='ltr' id='par_1_78' title="bbox 345 5410 2070 5529">
     <span class='ocr_line' id='line_1_78' title="bbox 345 5410 1910 5482; baseline 0.009 -14"><span class='ocrx_word' id='word_1_747' title='bbox 345 5426 403 5477; x_wconf 87' lang='lat' dir='ltr'><strong>v,</strong></span> <span class='ocrx_word' id='word_1_748' title='bbox 438 5410 495 5465; x_wconf 84' lang='lat'><strong>2.</strong></span> <span class='ocrx_word' id='word_1_749' title='bbox 1896 5472 1910 5482; x_wconf 87' lang='lat'><strong>.</strong></span> 
     </span>
     <span class='ocr_line' id='line_1_79' title="bbox 1865 5471 2070 5529; baseline 0.005 -2"><span class='ocrx_word' id='word_1_750' title='bbox 1865 5471 2070 5529; x_wconf 69' lang='lat' dir='ltr'><strong>{\OT/E</strong></span> 
     </span>
    </p>
   </div>
   <div class='ocr_carea' id='block_1_79' title="bbox 414 5519 2013 5627">
    <p class='ocr_par' dir='ltr' id='par_1_79' title="bbox 414 5519 2013 5627">
     <span class='ocr_line' id='line_1_80' title="bbox 414 5519 2013 5627; baseline 0 0"><span class='ocrx_word' id='word_1_751' title='bbox 414 5547 963 5627; x_wconf 67' lang='grc' dir='ltr'><strong>ςέ9ὶῗ¹&lt;ξατξοδί.σο9ο.</strong></span> <span class='ocrx_word' id='word_1_752' title='bbox 1094 5611 1296 5627; x_wconf 52' lang='grc' dir='ltr'><strong>..μ</strong></span> <span class='ocrx_word' id='word_1_753' title='bbox 1363 5612 1403 5627; x_wconf 87' lang='grc'><strong>..</strong></span> <span class='ocrx_word' id='word_1_754' title='bbox 1506 5613 1518 5627; x_wconf 81' lang='lat'><strong>.</strong></span> <span class='ocrx_word' id='word_1_755' title='bbox 1629 5611 1653 5621; x_wconf 85' lang='lat'><strong>-</strong></span> <span class='ocrx_word' id='word_1_756' title='bbox 1766 5519 2013 5627; x_wconf 43' lang='grc' dir='ltr'><strong>ἠξωξ</strong></span> 
     </span>
    </p>
   </div>
   <div class='ocr_carea' id='block_1_80' title="bbox 724 5519 2323 5627">
    <p class='ocr_par' dir='ltr' id='par_1_80' title="bbox 724 5547 2323 5627">
     <span class='ocr_line' id='line_1_81' title="bbox 724 5547 2323 5627; baseline 0 0"><span class='ocrx_word' id='word_1_757' title='bbox 724 5547 963 5627; x_wconf 62' lang='grc' dir='ltr'>ξοδίροὶλο.</span> <span class='ocrx_word' id='word_1_758' title='bbox 1506 5613 1518 5627; x_wconf 81' lang='lat'><strong>.</strong></span> <span class='ocrx_word' id='word_1_759' title='bbox 1629 5611 1653 5621; x_wconf 86' lang='lat'><strong>-</strong></span> <span class='ocrx_word' id='word_1_760' title='bbox 1766 5570 1874 5627; x_wconf 66' lang='grc' dir='ltr'>ἠ.</span> <span class='ocrx_word' id='word_1_761' title='bbox 1996 5614 2007 5627; x_wconf 96' lang='grc'><strong>.</strong></span> <span class='ocrx_word' id='word_1_762' title='bbox 2312 5614 2323 5627; x_wconf 90' lang='grc'><strong>.</strong></span> 
     </span>
    </p>
   </div>
   <div class='ocr_carea' id='block_1_81' title="bbox 417 5611 2811 5697">
    <p class='ocr_par' dir='ltr' id='par_1_81' title="bbox 417 5611 2811 5697">
     <span class='ocr_line' id='line_1_82' title="bbox 417 5611 2811 5697; baseline -0.002 -24"><span class='ocrx_word' id='word_1_763' title='bbox 560 5620 657 5673; x_wconf 84' lang='grc' dir='ltr'><strong>Διὰ</strong></span> <span class='ocrx_word' id='word_1_764' title='bbox 683 5619 743 5672; x_wconf 68' lang='grc' dir='ltr'>τὸ</span> <span class='ocrx_word' id='word_1_765' title='bbox 772 5615 1054 5688; x_wconf 76' lang='grc' dir='ltr'>σύμϐολον.</span> <span class='ocrx_word' id='word_1_766' title='bbox 1083 5611 1179 5665; x_wconf 84' lang='grc' dir='ltr'><strong>Διὰ</strong></span> <span class='ocrx_word' id='word_1_767' title='bbox 1207 5614 1337 5667; x_wconf 72' lang='grc' dir='ltr'>Θεὸν</span> <span class='ocrx_word' id='word_1_768' title='bbox 1360 5612 1527 5666; x_wconf 75' lang='grc' dir='ltr'>δὲκαὶ</span> <span class='ocrx_word' id='word_1_769' title='bbox 1558 5611 1744 5664; x_wconf 74' lang='grc' dir='ltr'>ταῦτα.</span> <span class='ocrx_word' id='word_1_770' title='bbox 1782 5613 1901 5677; x_wconf 75' lang='grc' dir='ltr'><strong>Τοῖς</strong></span> <span class='ocrx_word' id='word_1_771' title='bbox 1941 5614 2143 5685; x_wconf 70' lang='grc' dir='ltr'>μέντοι,</span> <span class='ocrx_word' id='word_1_772' title='bbox 2188 5630 2271 5667; x_wconf 66' lang='lat' dir='ltr'><strong>xz.</strong></span> <span class='ocrx_word' id='word_1_773' title='bbox 2312 5614 2367 5665; x_wconf 85' lang='grc'><strong>’0</strong></span> <span class='ocrx_word' id='word_1_774' title='bbox 2396 5618 2492 5685; x_wconf 71' lang='grc' dir='ltr'><strong>τῆς</strong></span> <span class='ocrx_word' id='word_1_775' title='bbox 2518 5616 2650 5684; x_wconf 74' lang='grc' dir='ltr'>Αύγ.</span> <span class='ocrx_word' id='word_1_776' title='bbox 2685 5616 2811 5675; x_wconf 66' lang='lat' dir='ltr'><strong>xii/3.</strong></span> 
     </span>
    </p>
   </div>
  </div>
