4050 6212
478 242 585 306 733
1842 252 2077 313 ROCOP

2138 255 2150 314 [
2185 256 2431 315 GAZrEI
2576 259 2581 265 ’
3636 261 3737 326 τϐί

482 363 741 415 invocant
778 358 1042 447 Sabaoth.
1083 358 1224 426 Quid
1250 371 1363 416 tun;
1394 363 1416 415 ?
1449 362 1616 435 impie
1667 367 1771 422 hoc
1825 369 2055 447 faciunt.
2095 371 2230 428 Nam
2267 376 2412 429 illam
2466 374 2892 446 appellationem
2936 391 3047 431 non
3101 375 3233 441 Deo,
3267 376 3741 439 seddaemouibus

483 448 751 501 tribuunt.
781 446 846 500 Et
883 447 1044 518 363
1074 450 1394 517 plerumque
1428 451 1502 505 illi
1540 452 1865 510 dmmoniaci
1906 457 2070 528 impie
2101 469 2366 531 usurpant
2407 462 2627 516 nomina
2657 461 2869 529 divina,
2909 462 3042 518 dum
3074 478 3139 519 ea
3172 476 3512 535 componunt
3539 470 3745 523 daemo-

484 536 672 598 nibus,
715 550 948 605 quorum
981 538 1263 591 ambitioni
1319 540 1645 597 inserviunt.
1704 542 1760 598 Si
1798 553 1979 600 autem
2021 547 2259 607 conlidis
2296 549 2376 603 illi
2404 548 2636 614 nomini,
2666 550 2800 620 quin
2836 559 2890 603 tu
2924 550 3129 608 accede
3165 550 3362 617 Deum,
3388 554 3493 607 hoc
3518 559 3747 612 nomine

487 621 672 690 ipsum
709 624 986 693 appellato
1010 663 1025 687 ,
1058 633 1113 677 et
1145 626 1435 682 sanitatem
1467 630 1661 698 petito.
1682 631 1798 687 lmo
1841 634 2021 690 satius
2045 642 2150 698 est,
2178 644 2236 688 ut
2259 636 2581 705 acquiescas
2602 638 2729 691 huic
2757 636 3025 692 consilio:
3053 654 3072 689 ι
3098 630 3419 693 lnlirmatur
3447 642 3573 709 quis
3599 643 3751 697 inter

485 723 584 764 vos
608 709 632 762 ἳ
652 719 900 766 accersat
926 711 1277 781 presbyteros
1298 713 1579 781 Ecclesiae,
1606 726 1662 772 et
1700 728 1860 774 orent
1885 735 2054 791 super
2086 737 2212 775 cum
2240 722 2310 787 ",
2342 732 2450 777 etc.

554 822 599 877 Α
630 823 765 893 facie
790 826 1004 879 canitiei
1021 843 1324 898 consurges.
1345 828 1511 901 [X|X,
1538 830 1657 904 52.]
1678 832 1735 888 Si
1755 851 1878 890 vere
1902 845 2060 891 tene-
2090 821 2138 877 Α

2247 837 2382 890 Ἀπὸ
2428 836 2754 905 προσώπου
2804 839 3020 893 πολιοῦ
3066 839 3487 910 ἐξαναστήσῃ.
3520 844 3631 910 (2%)
3677 846 3749 898 Ti

486 926 613 968 mus
666 912 980 980 Dominum,
1027 917 1193 971 etiam
1240 919 1471 975 senibus
1517 919 1783 978 honorem
1843 924 2060 981 defere-

2166 929 2337 992 ἐστιν,
2384 949 2402 981 ι
2440 931 2572 983 Ἀπὸ
2611 931 2908 1002 προσώπου
2933 928 3123 985 πολιοῦ
3174 933 3553 1006 ἐξαναστήσῃ,
3589 955 3615 988 »ν
3646 940 3756 991 καὶ

488 1019 632 1059 mus.
663 1004 943 1075 Siquidem
986 1006 1131 1063 Deus
1160 1009 1278 1079 ipse
1331 1021 1621 1068 senectute
1664 1016 1846 1069 omnia
1882 1019 2063 1073 εωθι-

2166 1018 2236 1071 τὰ
2272 1020 2432 1089 ὲξῆς;
2474 1022 2629 1074 Ἐπεὶ
2671 1023 2804 1086 Θεὸς
2851 1025 2912 1076 τὸ
2961 1023 3378 1094 πρεσϐύτατον,
3558 1028 3750 1092 πολιὸς

490 1095 576 1150 lit.
630 1094 900 1152 Praeterea
944 1112 1119 1154 canus
1172 1100 1323 1155 visus
1356 1110 1439 1155 est
1494 1101 1727 1169 Danieli,
1771 1115 1829 1160 ut
1865 1124 1925 1163 ex
1961 1107 2064 1163 hu-
2166 1109 2224 1160 ἐν
2253 1108 2489 1182 ὀπτασίᾳ
2519 1112 2634 1180 (9.3)
2662 1111 2981 1186 tegumen.

490 1187 580 1256 jus
608 1187 891 1256 prophetia
930 1202 1266 1258 cognoscere
1307 1191 1490 1246 datur.

567 1271 637 1328 Ut
678 1277 929 1347 indigena
977 1280 1054 1332 sic
1090 1280 1190 1333 erit
1238 1281 1544 1350 peregrinus
1599 1284 1739 1338 inter
1789 1303 1904 1350 vos,
1955 1298 2064 1345 etc.

2252 1280 2348 1346 Ὠς
2378 1282 2688 1351 αὐτόχθων
2725 1284 2795 1337 ἐν
2835 1284 2976 1354 ὑμῖν
3010 1285 3181 1340 ἔσται
3225 1289 3258 1341 ὀ
3287 1287 3678 1355 προσήλυτος
3715 1295 3752 1345 ὁ

490 1364 610 1419 Alia
644 1376 828 1421 autem
864 1370 1003 1422 ratio
1036 1378 1155 1425 erat
1210 1374 1637 1442 peregrinorum
1668 1379 1814 1446 apud
1848 1390 2063 1450 gentes.

2168 1376 2733 1441 προσπορευόμενος
2782 1375 2933 1443 πρὸς
2980 1375 3155 1446 ὑμᾶς.
3202 1376 3436 1447 Ἑτέρως
3479 1380 3628 1448 παρὰ
3679 1381 3752 1434 τὰ

489 1454 629 1509 Nam
655 1457 932 1528 peregrini
969 1474 1198 1527 prorsus
1230 1463 1372 1532 apud
1411 1472 1602 1535 gentes
1633 1471 2069 1527 contemneban-

2168 1461 2320 1534 ἔθνη.
2380 1465 2820 1538 Ἐλάττων“γὰρ
2876 1469 3031 1541 παρὰ
3085 1473 3199 1534 τοῖς
3255 1470 3440 1533 ἄλλοις
3493 1475 3524 1526 ὁ
3574 1473 3750 1537 ξένος,

493 1555 603 1610 tur,
645 1556 707 1601 ut
742 1549 885 1618 apud
931 1549 1301 1607 Athenienses
1342 1563 1396 1607 et
1447 1554 1671 1614 Persas.
1705 1559 1775 1613 At
1808 1556 2070 1631 Spartani

2185 1553 2490 1624 Ἀθηναίοις
2527 1556 2689 1627 τυχὸν
2736 1558 2832 1611 καὶ
2859 1559 3096 1630 Πέρσαις
3120 1578 3134 1591 ·
3163 1562 3266 1615 ὑπὸ
3300 1562 3356 1615 δὲ
3405 1564 3753 1633 Δακεδαιμο-

491 1649 725 1707 prorsus
767 1653 799 1693 e
837 1653 936 1694 sua
990 1643 1213 1711 regione
1262 1644 1669 1700 submovebant
1718 1653 2068 1720 peregrinos.

2168 1643 2297 1696 νίων
2332 1644 2621 1714 ἠλαύνετο.
2666 1648 2932 1701 Ἐνταῦθα
2968 1642 3061 1702 οῦν
3096 1651 3158 1703 τὸ
3208 1653 3349 1705 κατὰ
3380 1651 3566 1721 φύσιν,
3618 1652 3752 1708 ἔνθα

494 1724 621 1781 llzrc
670 1735 852 1782 autem
906 1729 990 1782 lex
1021 1730 1115 1798 jus
1165 1731 1421 1786 naturale
1473 1734 1728 1804 respicit,
1769 1747 1824 1790 et
1850 1748 2072 1792 natura-

2170 1732 2457 1804 ἄνθρωπος
2482 1738 2581 1791 οὐκ
2612 1737 2928 1792 ἐλαττοῦται.
2960 1739 3252 1811 ἀνθρώπου
3282 1741 3372 1795 διὰ
3398 1742 3583 1805 τόπον,
3614 1743 3754 1800 ἀλλὰ

492 1812 601 1869 lem
626 1814 940 1897 aequitatem
972 1818 1240 1874 continet.
1291 1817 1472 1874 Homo
1508 1822 1656 1874 enim
1692 1839 1802 1877 non
1855 1826 2072 1880 vilescit

2167 1828 2395 1896 τιμᾶται
2443 1829 2534 1882 διὰ
2567 1830 2752 1899 φύσιν,
2782 1831 2941 1885 ἔτιδὲ
2984 1834 3248 1887 καὶκατὰ
3274 1833 3373 1904 τὴν
3421 1835 3518 1888 τοῦ
3565 1838 3754 1905 πράγ·

492 1911 718 1974 propter
786 1905 1006 1971 locum,
1056 1908 1152 1963 sed
1232 1909 1540 1963 honoratur
1604 1920 1831 1981 pr0ptcr
1909 1921 2071 1969 natu-

2175 1934 2346 1987 ματος
2396 1923 2684 1977 κοινωνίαν
2729 1920 3044 1989 ὲξισοῦταιο
3095 1928 3191 1981 καὶ
3233 1928 3391 1982 αὐτοὶ
3428 1929 3539 1998 γὰρ
3605 1924 3751 1999 ἦσαν

494 2009 636 2049 ram.
691 1994 982 2064 Praeterea,
1013 1998 1060 2052 si
1101 1998 1227 2069 quis
1263 2014 1376 2055 rem
1402 2002 1644 2069 penitius
1676 2002 1958 2072 inspiciat,
1988 2006 2072 2061 vi-

2173 2017 2231 2070 ὲν
2266 2015 2529 2087 Αἰγύπτῳ
2567 2017 2930 2088 προσήλυτοι*
2972 2018 3110 2073 ἀλλὰ
3158 2020 3251 2073 καὶ
3290 1994 3570 2088 κατὰ-τὴν
3620 1994 3756 2090 προ-

494 2083 643 2141 debit
694 2089 1045 2158 peregrinum
1108 2091 1320 2180 aequari
1362 2091 1655 2161 indigenae.
1692 2091 1829 2148 Nam
1870 2103 1923 2150 et
1966 2097 2068 2168 ipsi

2175 2107 2391 2178 αίρεσιν
2425 2107 2517 2162 τὸν
2548 2109 2711 2163 αὐτὸν
2734 2109 2865 2163 Θεὸν
2895 2110 3093 2175 ὑπιὼν,
3121 2112 3196 2174 ὠς
3230 2111 3262 2182 ἡ
3290 2106 3449 2165 Ῥοὺθ
3475 2111 3561 2163 διὰ
3591 2111 3756 2165 τοῦτο

496 2176 718 2233 fuerant
758 2180 1033 2250 peregrini
1063 2179 1118 2234 in
1159 2172 1421 2251 Egypto.
1470 2181 1708 2249 Etenim,
1745 2185 1792 2240 si
1825 2187 2067 2242 animum

2173 2172 2401 2265 ἐτιμᾶτο
2432 2198 2583 2268 παρὰ
2614 2198 2708 2251 τοῦ
2744 2200 2899 2262 Βοός.
2929 2200 3031 2271 Εἴη
3058 2172 3103 2255 δ’⁹
3140 2172 3208 2255 ἂν
3236 2172 3328 2254 διαὶ
3355 2198 3435 2266 είς
3460 2200 3529 2254 τὰ
3561 2200 3692 2273 ἔθνη
3718 2203 3752 2272 ἠ

495 2271 836 2335 consideres,
866 2272 1116 2328 eumdem
1149 2274 1339 2329 colunt
1368 2275 1565 2344 Deum,
1603 2278 2068 2348 quemadmodum

2169 2285 2505 2361 προφήτεία,
2534 2289 2804 2360 μέλλοντα
2831 2291 3147 2358 ἐξισοῦσθαι
3174 2291 3252 2362 τῷ
3294 2291 3513 2363 Ἰσραὴλ
3540 2292 3632 2346 διὰ

497 2359 668 2427 Ruth,
726 2379 847 2434 qua:
902 2373 1191 2435 propterea
1264 2367 1564 2426 honoriﬁce
1635 2371 1988 2428 tractabatur
2039 2390 2070 2429 a

2168 2359 2390 2432 πάντιον
2415 2359 2684 2450 ἐξισιοτὴν
2712 2380 2972 2450 Χριστὸν,
3006 2383 3054 2434 εί
3087 2381 3183 2435 καὶ
3217 2359 3278 2446 ἐξ
3307 2359 3755 2452 είὸωλὸλατρείας

500 2450 664 2506 Booz.
700 2451 797 2509 Vel
832 2454 947 2510 haec
989 2456 1152 2511 verba
1190 2459 1499 2526 praedicunt
1543 2462 1867 2532 prophetico
1919 2479 2072 2519 more

2168 2468 2444 2540 ἔρχονται.
2474 2465 2660 2527 Ἦσαν
2690 2471 2799 2544 γὰρ
2834 2472 3226 2545 είδωλολάτραι
3288 2476 3384 2529 καὶ
3418 2450 3666 2544 Ἐὗροιΐοι
3696 2474 3758 2526 ὲν

503 2552 698 2613 gentes
749 2546 1048 2616 aliquando
1096 2548 1150 2601 in
1183 2549 1503 2605 societatem
1552 2562 1814 2609 venturas
1845 2553 2065 2610 lsraeli-
2175 2549 2461 2632 Αἰγύπτῳ.

501 2648 681 2692 tarum
710 2654 809 2709 per
838 2640 1144 2706 Christum,
1192 2644 1286 2714 qui
1311 2658 1505 2700 omnes
1531 2660 1597 2699 ex
1636 2660 1792 2717 aequo
1820 2647 2216 2720 complectitur,
2248 2655 2294 2708 si
2330 2621 2586 2711 nimirum
2627 2656 2816 2713 relicta
2864 2621 3172 2713 idololatria
3209 2654 3275 2714 ad
3309 2654 3489 2727 ipsum
3526 2667 3760 2716 conten-

498 2729 656 2785 dant.
707 2731 843 2787 Nam
877 2743 931 2790 et
963 2733 1177 2791 Hebraei
1213 2737 1267 2791 in
1301 2735 1539 2809 Egypto
1573 2737 1793 2794 fuerant
1833 2740 2156 2797 idololatria.

571 2820 696 2877 Non
740 2824 952 2894 facietis
996 2828 1256 2899 iniustum
1302 2829 1558 2900 quiddam
1612 2833 1667 2886 in
1689 2833 1923 2900 judicio,
1956 2843 2065 2889 etc.

2249 2844 2330 2895 Οὐ
2350 2842 2636 2909 ποιήσετε
2665 2838 2876 2897 ἄδικον
2901 2843 2974 2898 ἐν
2999 2845 3214 2912 κρίσει.
3256 2845 3320 2898 Ἡ
3343 2845 3400 2898 ὲν
3439 2843 3621 2916 κρίσει
3660 2845 3762 2900 καὶ

501 2912 657 2992 [354
690 2914 785 2972 Dei
829 2917 966 2988 justi
1019 2921 1290 2977 maximus
1328 2920 1509 2977 honor
1548 2930 1634 2980 est
1661 2923 1902 2995 justitia,
1941 2941 2066 2997 quae

2020 2942 2066 2981 ae
2181 2931 2533 3000 συμϐολαίοις
2562 2931 2876 3002 δικαιοσύνη
2897 2932 3054 2998 Θεοῦ,
3087 2932 3222 3005 τιμὴ
3251 2933 3343 2986 τοῦ
3382 2912 3616 2987 δικοιίθῦ.

501 3008 557 3061 in
581 3007 794 3080 judicio
822 3018 877 3066 et
906 3013 1290 3070 contractibus
1338 3029 1448 3069 non
1485 3016 1746 3074 violatur.

573 3120 919 3193 Quapropter
966 3125 1293 3196 subiungit:
1349 3109 1382 3179 ι’
1426 3126 1538 3198 Ego
1580 3143 1702 3183 sum
1749 3129 2014 3187 Dominus
2044 3130 2187 3185 Deus
2234 3137 2434 3185 vester.
2472 3146 2491 3180 ι
2522 3120 2659 3187 Nam
2690 3136 2983 3200 prepterea
3016 3128 3229 3183 secrevi
3285 3143 3384 3186 vos
3436 3144 3468 3183 a
3503 3129 3743 3200 reliquis

506 3206 822 3263 nationibus
855 3217 911 3263 et
964 3211 1203 3279 populis,
1253 3220 1315 3265 ut
1371 3224 1482 3265 non
1519 3212 1642 3267 loco
1688 3213 1891 3281 solum,
1921 3214 2015 3269 sed
2043 3218 2205 3270 etiam
2250 3216 2499 3272 moribus
2529 3227 2581 3271 et
2610 3217 2824 3288 legibus
2871 3219 2940 3273 ab
2974 3218 3059 3271 his
3100 3218 3225 3272 sitis
3272 3218 3575 3289 segregati.
3637 3218 3754 3276 Nos

509 3301 712 3358 autem,
742 3296 837 3365 qui
867 3297 1190 3352 festinamus
1249 3297 1316 3352 ad
1374 3297 1792 3368 perfectionem,
1856 3315 1964 3354 non
1994 3311 2213 3371 separat
2249 3318 2280 3357 a
2310 3303 2538 3372 reliquis
2574 3303 2718 3371 loco,
2770 3303 2864 3358 sed
2921 3304 3049 3358 vitae
3086 3304 3393 3373 proposito,
3433 3305 3655 3359 scilicet
3685 3313 3748 3359 ut

506 3385 559 3438 in
587 3385 745 3441 nobis
775 3387 1062 3455 impleatur
1084 3388 1298 3457 justitia
1329 3389 1492 3459 legis,
1542 3388 1596 3442 in
1622 3391 1803 3453 nobis,
1838 3390 2087 3460 inquam,
2120 3390 2210 3460 qui
2241 3406 2348 3445 non
2373 3388 2681 3445 secundum
2718 3404 2958 3453 carnem,
2983 3389 3363 3445 ambulamus.
3405 3389 3472 3444 Et
3507 3391 3739 3460 quidem

507 3472 609 3537 illi,
655 3473 749 3542 qui
806 3461 1166 3540 dissidebant,
1211 3475 1432 3531 abducti
1484 3483 1616 3531 sunt
1680 3492 1711 3531 a
1744 3477 2083 3547 reliquorum
2124 3478 2407 3533 consortio
2452 3477 2509 3531 in
2562 3492 2733 3532 unum
2782 3478 2988 3540 locum,
3041 3477 3305 3532 videlicet
3349 3478 3751 3547 promissionis

511 3571 735 3616 terram.
768 3560 879 3618 Nos
904 3581 1054 3631 vero,
1087 3566 1180 3635 qui
1233 3565 1378 3620 inter
1422 3566 1623 3637 impios
1660 3566 1923 3631 vivimus,
1974 3569 2043 3622 ab
2097 3566 2189 3621 bis
2234 3565 2598 3635 sejungimur.
2642 3562 2858 3618 Statera
2887 3571 2942 3619 et
2991 3563 3235 3640 pondera
3267 3564 3414 3634 justa
3445 3575 3578 3620 sunt
3608 3581 3756 3638 sym-

513 3648 633 3703 bola
670 3659 722 3705 et
749 3648 951 3705 indicia
982 3651 1251 3707 bonorum
1277 3667 1509 3707 morum.
1543 3653 1726 3709 Vincit
1758 3663 1940 3710 autem
1989 3646 2386 3725 legem‘gra’tia,
2422 3650 2701 3720 justitiam
2738 3650 3021 3720 siquidem
3049 3659 3283 3720 superat
3312 3651 3497 3720 ipsum
3528 3652 3757 3707 bonum.

510 3737 776 3804 Quocirca
831 3740 1009 3811 inquit
1040 3738 1332 3798 Salvator:
1372 3761 1392 3794 ι
1446 3741 1562 3798 Nisi
1610 3741 1974 3811 abundaverit
2005 3752 2186 3799 vestra
2224 3741 2440 3811 justitia
2490 3741 2615 3810 plus
2648 3754 2817 3810 quam
2870 3737 3195 3794 Scribarum
3226 3745 3281 3794 et
3310 3740 3758 3809 Pharisaeorum,

511 3842 853 3898 nequaquam
882 3828 1179 3885 introibitis
1213 3830 1266 3885 in
1320 3846 1547 3906 r‘egnum
1575 3832 1839 3886 cmlorum
1866 3830 1975 3885 ⁸³.»

567 3915 890 3986 ιριιίοιιηιμιθ
926 3914 1129 3971 dederit
1169 3917 1233 3971 de
1272 3919 1469 3972 semine
1512 3935 1609 3973 suo
1638 3920 1887 3987 principi,
1916 3926 2023 3973 etc.
2083 3916 2166 3989 [XT

2161 3916 2229 3982 X,
2259 3915 2340 3989 2.]
2382 3915 2661 3973 Fortassis
2712 3915 2937 3981 accidit,
2974 3921 3035 3968 ut
3069 3914 3198 3984 quis
3240 3921 3428 3970 motus
3482 3913 3760 3985 dignitate

511 4013 565 4056 et
612 4003 818 4058 divitiis
854 4004 1090 4074 alicujus
1125 3992 1467 4077 alienigenae,
1504 4008 1553 4062 ei
1589 4023 1747 4062 suam
1797 4007 2005 4062 locaret
2052 4006 2240 4067 filiam.
2271 4020 2395 4075 que
2420 4005 2781 4060 assuetuline
2821 4002 2948 4057 vita
2976 4000 3204 4056 tandem
3239 4001 3296 4056 in
3333 4002 3761 4065 idololatriam,

512 4105 677 4160 quam
734 4099 975 4147 sectatur
1032 4093 1286 4159 maritus,
1343 4093 1501 4149 facile
1530 4095 1915 4150 abduceretur.
1950 4092 2107 4149 Tunc
2145 4094 2358 4148 eveniet
2384 4091 2539 4154 illud.
2597 4092 2743 4161 quod
2791 4091 2847 4144 in
2902 4088 3202 4159 Evazigelio
3260 4091 3539 4159 scriptum
3628 4096 3764 4145 est:

518 4197 537 4229 ι
577 4177 719 4244 Quid
768 4176 1013 4247 proderit
1060 4178 1289 4244 homini,
1329 4180 1375 4234 si
1417 4187 1590 4235 totum
1638 4180 1902 4235 mundum
1950 4180 2196 4236 lucratus
2239 4178 2423 4244 fuerit,
2459 4188 2512 4233 et
2537 4178 2734 4232 animle
2762 4190 2877 4233 sua:
2905 4176 3181 4243 iacturam
3212 4174 3527 4232 fecerit”?
3572 4194 3592 4227 ι
3655 4174 3768 4231 Lex

514 4266 681 4335 igitur
704 4265 1014 4323 balbutiens
1032 4267 1218 4322 multis
1273 4268 1532 4337 explicat,
1564 4268 1711 4336 quod
1746 4267 1948 4322 Paulus
1978 4264 2395 4337 comprehendit
2436 4265 2649 4333 paucis.
2688 4262 2944 4331 Praecipit
2970 4262 3117 4317 enim
3152 4263 3497 4332 parentibus.
3536 4272 3594 4315 ut
3663 4276 3759 4317 se-

514 4351 751 4407 cundum
776 4353 1151 4421 praescriptum
1205 4351 1419 4407 Domini
1471 4354 1672 4407 liberos
1722 4353 1977 4409 educent.
2010 4352 2278 4408 Ceterum
2324 4352 2407 4406 lex
2438 4351 2656 4406 elocuta
2689 4359 2774 4404 est
2815 4349 2907 4403 illa
2938 4348 3008 4403 ad
3038 4365 3157 4413 eos,
3191 4351 3288 4429 qui
3320 4350 3592 4419 temporis
3663 4364 3757 4403 ra-

514 4440 664 4493 tione
693 4436 871 4492 adhue
913 4453 1105 4508 parum
1153 4438 1329 4493 solide
1360 4440 1615 4493 tenebant
1646 4451 1787 4493 vera:
1826 4439 2106 4508 religionis
2149 4438 2365 4493 callem.
2418 4435 2676 4491 Nondum
2705 4437 2871 4492 etiam
2903 4445 3023 4491 erat
3052 4434 3297 4506 Spiritus
3334 4445 3591 4498 sanctus,
3675 4436 3767 4508 qui

517 4525 665 4592 ipsos
721 4521 1079 4577 confirmaret.
1142 4521 1422 4591 Siquidem
1483 4521 1678 4586 Jesus,
1742 4530 1799 4577 ut
1856 4524 2013 4580 docet
2066 4524 2309 4580 Joannes
2365 4524 2697 4595 evangelista
2728 4523 2813 4587 ⁸³,
2876 4523 3123 4579 nondum
3181 4530 3303 4578 erat
3407 4523 3769 4592 glorificatus.

516 4608 860 4677 Quapropter
906 4608 1109 4663 Paulus
1159 4606 1285 4661 forti
1325 4608 1511 4661 animo
1564 4608 1704 4662 nihil
1741 4604 1990 4665 metuens
2021 4610 2337 4680 praedictam
2380 4610 2574 4679 legem,
2608 4610 2690 4664 sic
2727 4608 2890 4664 docet
2922 4627 2936 4663 :
2978 4626 2997 4659 ι
3040 4608 3098 4662 Si
3136 4609 3264 4679 quis
3301 4612 3535 4662 maritus
3612 4608 3767 4662 habet

522 4709 748 4750 uxorem
796 4695 1156 4761 incredulam,
1205 4706 1262 4752 et
1307 4696 1426 4766 ipsa
1478 4712 1590 4751 non
1650 4694 1841 4751 abnuit
1888 4698 2139 4754 habitare
2168 4713 2295 4754 cum
2326 4714 2414 4764 eo,
2466 4713 2535 4753 ne
2565 4697 2818 4753 demittat
2838 4711 2986 4752 eam.
3035 4695 3095 4751 Si
3135 4710 3259 4766 quae
3291 4710 3438 4751 uxor
3477 4696 3646 4750 habet
3679 4693 3768 4749 vi-

522 4798 641 4837 rum
673 4782 741 4848 ⁸⁸,
781 4801 801 4835 ι
837 4794 944 4840 etc.
984 4782 1120 4840 Nam
1150 4784 1244 4856 qui
1271 4783 1627 4854 conjungitur
1658 4792 1855 4840 sancto
1886 4785 2265 4842 sanctificatur
2292 4796 2347 4841 et
2380 4786 2520 4856 ipse.

591 4889 729 4948 Gens
761 4902 914 4949 terra:
969 4892 1236 4964 lapidibus
1285 4912 1402 4949 eum
1443 4897 1647 4961 obruet,
1681 4903 1790 4951 etc.
1829 4893 1973 4967 [XX,
2005 4894 2089 4969 2.]
2120 4886 2165 4944 C

2164 4926 2165 4939 ι
2273 4893 2344 4948 Τὸ
2371 4894 2548 4959 ἔθνος
2580 4895 2646 4951 τὸ
2675 4891 2775 4947 ἐπὶ
2821 4890 2932 4960 τῆς
2956 4890 3069 4961 γῆς
3102 4889 3627 4960 λιθοϐολήσουσιν
3656 4894 3763 4947 αὑ-

523 4980 771 5053 Magnam
820 4985 983 5041 habet
1027 4987 1319 5042 utilitatem
1371 4995 1430 5042 ut
1483 4987 1719 5058 populus
1750 4986 1867 5043 suis
1909 4990 2085 5041 maui-

2203 4987 2311 5041 τὸν
2336 4986 2407 5040 ἐν
2450 4986 2668 5051 λίθοις.
2712 4984 3000 5053 Ὠφέλιμον
3028 4984 3092 5037 ib
3132 4980 3454 5053 αὐτοχειρίᾳ
3497 4976 3768 5040 κολάζειν.

527 5074 628 5130 bus
653 5085 840 5132 sontes
868 5080 1079 5147 puniat.
1110 5078 1247 5134 Nam
1280 5078 1348 5133 ad
1377 5095 1503 5135 eum
1553 5080 1771 5135 modum
1811 5079 1962 5136 Deus
1992 5079 2091 5134 Ju-

2205 5077 2490 5148 Διατίθησι
2512 5077 2621 5146 γὰρ
2643 5076 2778 5148 πρὸς
2796 5077 2859 5130 τὸ
2877 5076 3084 5130 δίκαιον
3108 5073 3249 5144 ὑπὲρ
3270 5066 3335 5127 οὗ
3362 5074 3395 5143 ἡ
3416 5072 3561 5141 δίκη.
3591 5070 3778 5124 Μετα-

526 5165 674 5224 ᾶωοε
710 5169 949 5238 instruit,
990 5178 1050 5226 ut
1076 5170 1292 5229 discant
1351 5179 1500 5228 recte
1545 5178 1600 5228 et
1644 5171 1794 5241 juste
1832 5186 2092 5228 exercere

2213 5168 2421 5223 δίδωσιν
2447 5166 2540 5223 οὖν
2567 5167 2647 5240 τῷ
2666 5165 2779 5239 λαῷ
2794 5167 2893 5238 τῆς
2915 5166 3009 5222 τοῦ
3032 5165 3240 5219 δικαίου
3264 5163 3540 5235 πράξεως,
3567 5160 3631 5213 οὐ
3655 5156 3779 5211 δεό-

629 5347 678 5381 ⁸³
697 5344 815 5402 Jac.
844 5363 896 5415 v,
923 5347 1010 5402 14.
1085 5348 1133 5382 ³⁸
1164 5348 1351 5406 Matth.
1380 5365 1433 5415 ν,
1459 5348 1551 5405 20.
1623 5347 1672 5381 ”
1707 5347 1894 5404 Matth.
1943 5363 2054 5414 1m,
2080 5348 2172 5404 26.
2249 5350 2295 5382 "
2320 5347 2480 5404 Joan.
2521 5363 2615 5410 vit,
2650 5345 2737 5402 59.
2815 5344 2863 5377 ⁵⁸
2897 5344 2918 5399 l
2948 5310 3079 5400 Cor.
3113 5359 3214 5409 νιι,
3271 5338 3358 5408 12,
3404 5339 3491 5397 l3.
3520 5430 3529 5439 ι

2047 5465 2271 5523 NOTAE.

631 5556 723 5629 22)
747 5557 877 5629 ΔΔιὰ
904 5555 1222 5629 Θεοῦᾲφὸὸον
1246 5559 1341 5610 καὶ
1379 5557 1444 5629 Διὸ
1471 5555 1841 5629 πρεσβύτερον
1876 5557 2153 5629 τιμητέον.
2190 5557 2346 5612 Ἐπεὶ
2374 5558 2525 5624 Θεὸς,
2562 5574 2645 5611 κτ.
2696 5558 2755 5618 '0
2790 5555 2889 5625 τῆς
2914 5555 3049 5621 Αὐγ.
3083 5551 3221 5607 κὼὃ.

667 5626 721 5697 ὅ)
746 5626 836 5682 Ἐν
860 5627 1091 5699 ὀπτασίᾳ
1121 5626 1212 5681 τοῦ
1233 5626 1450 5696 Δανιὴλ.
1487 5627 1544 5678 '0
1563 5627 1683 5679 αὐτ.
1753 5626 1763 5629 ⁷
1940 5626 1945 5627 ⁷
1998 5626 2007 5629 ⁷
2698 5645 2705 5652 ·
3158 5666 3175 5675 -
