4050 6212
462 270 575 338 731
1768 294 2129 356 puocorn
2168 291 2411 353 GAZ/EI
3623 283 3721 348 708

468 401 572 456 pus
603 389 662 469 in.
699 389 1020 445 servitutem
1070 393 1345 450 dabatur:
1401 414 1590 455 verum
1637 404 1869 470 septimo
1902 418 2049 458 anno

2152 400 2295 455 οὕτω
2332 400 2630 472 μιγείσαις,
2665 398 2740 461 ὡς
2783 397 2885 450 οὐκ
2930 396 3084 460 ὄντος
3131 397 3323 467 ἑτέρου
3370 395 3584 469 ἀνδρός.
3615 399 3724 467 Τῆς

471 479 831 550 recuperabat
863 481 1157 551 pristinam
1179 486 1509 547 libertatem.
1538 490 1632 547 Sic
1652 492 1797 549 inter
1825 495 2031 564 prima:-

2151 494 2259 562 γὰρ
2300 492 2638 565 εὐπρεπείας
2694 490 3153 560 προύργιαίτερον
3185 490 3220 559 ή
3263 488 3599 560 δημιουργία
3639 489 3726 542 δά

468 582 565 622 vos
601 569 851 626 homines
878 573 1092 629 sororis
1115 577 1322 645 nuptiae
1354 594 1462 633 non
1496 590 1651 636 erant
1681 583 1883 649 vetitm,
1916 599 2040 638 cum

2150 583 2251 651 τῆς
2291 580 2593 655 ᾧπουργίας
2614 580 2914 648 τελουμένη
2945 580 3038 632 τοῦ
3065 581 3271 650 γάμου.
3728 636 3732 639 _

467 657 618 711 nulla
654 658 761 712 alia
784 670 952 727 esset,
985 678 1110 717 cum
1146 681 1253 734 qua
1291 670 1718 725 contraheretur
1752 672 2186 725 matrimonium.
2253 669 2426 724 Venia
2490 669 2619 723 data
2665 677 2750 722 est
2833 668 3071 732 filiabus,
3125 683 3249 737 quae
3313 670 3727 724 concubuerant

466 760 591 801 cum
624 761 726 801 suo
778 758 1023 817 parente,
1085 767 1211 806 cum
1260 764 1523 824 putarent
1576 765 1757 813 totum
1811 759 2047 813 mortale
2084 773 2257 828 genus
2316 758 2616 813 interiisse.
2677 755 2801 826 Ipsa
2829 758 2975 811 enim
3020 757 3249 824 creatio,
3318 772 3441 827 quae
3511 757 3730 829 peragi-

467 849 555 893 tur
608 841 921 897 interventu
957 848 1317 915 matrimonii,
1358 850 1540 919 potior
1581 859 1665 907 est
1695 852 1811 921 ipsa
1855 852 2158 906 honestate.

537 933 808 989 Caeterum
870 937 1121 1006 loquitur
1166 940 1234 995 de
1288 942 1532 997 moribus
1566 944 1873 1007 hominum,
1906 944 1998 1012 qui
2045 941 2435 997 nonvelabant
2482 940 2743 995 mulieres
2794 947 3078 995 menstrua
3124 942 3418 1010 patientes,
3468 959 3589 1013 quze
3634 963 3730 1006 res

467 1021 574 1075 illis
609 1022 840 1077 honesta
870 1025 1160 1081 videbatur
1192 1036 1246 1083 et
1277 1029 1478 1083 decora
1515 1039 1743 1099 pr0pter
1797 1031 2173 1101 prodigiosam
2216 1028 2522 1083 libidinem.
2545 1027 2755 1089 ,Priore
2793 1027 2963 1097 igitur
3005 1028 3126 1083 loco
3155 1030 3310 1099 ponit
3354 1046 3443 1097 ea,
3492 1048 3617 1102 qua:
3656 1038 3727 1090 ad

468 1106 633 1162 Deum
667 1111 1037 1179 pertinebant.
1079 1113 1194 1168 Illis
1251 1127 1456 1179 autem,
1488 1118 1583 1184 qui
1630 1118 1735 1172 sibi
1777 1117 2135 1173 matrimonio
2179 1117 2442 1186 copulent
2482 1116 2708 1169 amitam
2754 1115 2843 1169 vel
2882 1119 3373 1183 materteram,vel
3405 1122 3586 1189 patrui
3639 1123 3728 1178 vel

467 1194 654 1250 fratris
686 1212 934 1261 uxorem,
972 1208 1030 1252 ut
1062 1201 1156 1268 qui
1211 1201 1267 1255 in
1318 1218 1475 1256 suam
1512 1202 1837 1274 delinquant
1877 1215 2119 1274 gentem,
2155 1205 2453 1274 orbitatem
2504 1203 2819 1268 minitatur,
2847 1218 3011 1272 quam
3045 1204 3463 1261 matrimonium
3493 1220 3723 1265 contra~

464 1282 658 1338 hentes
691 1284 968 1355 praecipue
997 1286 1237 1356 effugere
1272 1302 1489 1357 parant.
1521 1289 1750 1347 Orbitas
1778 1307 1911 1347 vero
1962 1294 2199 1346 maxima
2248 1306 2416 1361 pmna
2444 1298 2530 1347 est
2555 1290 2769 1345 homini
2795 1299 3044 1345 sensato.
3089 1291 3295 1347 Verum
3326 1293 3490 1350 hodie
3519 1308 3723 1363 cessat,

462 1385 563 1424 nec
590 1372 698 1445 vim
735 1371 996 1441 importat
1027 1375 1110 1437 vel
1152 1378 1543 1432 necessitatem
1580 1378 2041 1447 quemadmodum
2083 1388 2348 1435 aeternum
2390 1378 2742 1449 supplicium.
2797 1377 2909 1431 lmo
2940 1388 2999 1432 ut
3029 1378 3376 1437 abundemus
3417 1383 3607 1440 liberis
3639 1387 3727 1440 vel

461 1461 637 1516 simus
668 1462 845 1516 orbati
879 1473 1071 1518 nostro
1102 1466 1445 1534 permittitur
1479 1467 1727 1522 arbitrio.
1761 1466 1880 1534 Qua
1916 1468 2052 1522 moti
2096 1468 2198 1533 illi,
2244 1467 2336 1538 qui
2366 1466 2433 1522 ad
2461 1466 2855 1537 perfectionem
2908 1466 3276 1531 contendunt,
3326 1469 3535 1524 nullius
3575 1479 3727 1526 rete-

462 1557 597 1615 gunt
652 1551 1077 1619 turpitudinem.
1156 1552 1507 1624 Quapropter
1575 1555 1781 1609 Paulus
1838 1554 1916 1609 ait
1982 1556 2247 1626 virginem
2320 1566 2443 1609 esse
2521 1554 2890 1607 venerandam
2952 1554 3244 1609 cultricem
3313 1555 3542 1612 Christi.
3605 1557 3721 1612 Nec

460 1637 641 1691 obstat
669 1638 998 1709 quidquam,
1032 1642 1182 1710 quod
1215 1656 1326 1696 non
1358 1642 1522 1713 365
1555 1657 1776 1712 operam
1804 1642 1895 1696 dat
1924 1641 2292 1713 procreationi
2340 1642 2639 1696 liberorum
2684 1655 2793 1709 quo
2825 1656 2997 1712 genus
3031 1642 3316 1697 hominum
3354 1646 3428 1700 sit
3459 1646 3722 1716 amplius.

462 1724 743 1794 Siquidem
774 1742 876 1782 nec
902 1726 1153 1782 Jeremias
1183 1730 1534 1783 commodum
1565 1737 1685 1784 erat
1720 1741 1943 1800 propter
1984 1730 2386 1803 impendentem
2419 1728 2791 1784 calamitatem
2826 1744 3056 1784 uxorem
3089 1730 3315 1798 ducere,
3347 1730 3460 1789 Deo
3487 1733 3727 1803 jubente

461 1822 520 1867 ut
553 1814 908 1869 matrimonio
938 1816 1241 1871 abstineret
1271 1817 1342 1870 ".
1371 1816 1609 1883 Quidam
1645 1817 1728 1873 sic
1764 1818 2203 1889 interpretantur
2237 1818 2389 1873 hunc
2445 1817 2667 1871 locum:

535 1945 555 1977 ι
600 1923 733 1980 Orbi
788 1925 1112 1993 morientur,
1162 1945 1183 1980 ι
1220 1926 1272 1981 id
1303 1936 1410 1992 est,
1454 1928 1654 1984 Semen
1683 1945 1878 1986 eorum
1929 1946 2037 1986 non
2076 1916 2117 1972 Β

2184 1970 2185 1973 η
2218 1950 2238 1983 r
2269 1931 2520 1985 Ἀτεκνοι
2546 1928 2949 1984 ἀποθανοῦνται
2981 1930 3148 2001 (24)..
3177 1933 3299 1987 ἀντὶ
3326 1932 3446 1997 τοῦ,
3479 1935 3542 1988 οὐ
3572 1934 3732 2002 λογιο

458 2017 840 2075 resensebitur
882 2019 1029 2075 inter
1079 2020 1306 2086 liberos,
1356 2023 1504 2092 quod
1545 2023 1763 2093 quidem
1801 2022 2038 2079 Romani

2147 2022 2410 2094 σθήσεται
2449 2022 2509 2075 τὸ
2543 2020 2769 2092 σπέρμα.
2804 2021 2973 2075 αὑτοῦ
3006 2025 3086 2087 εἰς
3116 2022 3306 2079 τέκνα.
3342 2026 3521 2095 Ὅπερ
3560 2026 3654 2080 καὶ
3695 2030 3726 2082 ὁ

458 2120 763 2167 sanxerunt
811 2111 1216 2168 observandum
1275 2114 1332 2169 in
1387 2115 1649 2172 omnibus
1685 2116 1898 2187 nuptiis
1948 2117 2037 2171 in-

2143 2115 2253 2170 τῶν
2289 2114 2581 2187 Ῥωμαίων
2609 2114 2945 2185 ἀπαγορεύει
2974 2115 3140 2187 νόμος
3173 2117 3266 2170 ἐπὶ
3300 2118 3481 2189 πάσης
3522 2118 3723 2189 ἀθεμι-

457 2205 646 2261 cestis.

2143 2206 2434 2278 τογαμίας.

530 2299 661 2363 Quae
692 2298 958 2371 κατῳαυὶ
988 2298 1132 2353 vobis
1159 2300 1213 2354 in
1240 2301 1606 2356 immunditia.
1641 2299 1782 2372 [XX
1817 2299 1909 2373 ‘24]
1940 2299 2055 2354 Non
2114 2301 2289 2355 dixit:
2320 2300 2452 2366 Quae
2502 2316 2603 2372 ego
2637 2301 2737 2357 feci
2785 2303 2841 2358 in
2890 2301 3258 2357 immunditia.
3294 2298 3440 2353 Nihil
3476 2299 3618 2354 enim
3649 2316 3720 2356 ex

458 2386 716 2456 operibus
745 2386 838 2442 Dei
866 2388 1153 2459 impurum
1175 2405 1269 2445 seu
1312 2390 1654 2443 innnundum
1686 2398 1789 2444 est.
1821 2388 1956 2443 Nam
2006 2404 2180 2458 usque
2203 2387 2269 2442 ad
2307 2387 2436 2442 illud
2465 2395 2679 2459 tempus
2715 2398 2954 2445 nondum
2989 2386 3364 2442 erantmunda
3384 2387 3453 2441 ab
3475 2386 3720 2440 immun-

458 2474 543 2530 dis
569 2474 853 2538 distincta,
891 2476 1002 2530 imo
1034 2475 1255 2531 Noacho
1281 2476 1513 2546 ejusque
1553 2464 1849 2546 nepotibus
1893 2477 2093 2531 tradita
2125 2482 2284 2531 erant
2312 2476 2495 2530 omnia
2523 2485 2585 2530 ut
2614 2477 2763 2531 olera
2800 2477 3088 2548 graminis.
3124 2474 3282 2529 Nunc
3309 2490 3439 2529 vero
3471 2476 3712 2529 discreta

459 2570 588 2615 sunt
620 2563 905 2617 immunda
933 2565 1001 2618 ab
1030 2565 1274 2631 mundis,
1321 2580 1391 2619 ne
1430 2572 1867 2627 contrectentur,
1909 2572 1969 2617 ut
2015 2564 2127 2619 sint
2156 2562 2404 2635 symbola
2435 2578 2628 2618 earnm
2662 2564 3068 2635 impnritatum,
3104 2579 3133 2616 a
3166 2562 3368 2633 quibus
3404 2561 3712 2617 cavendum

457 2659 563 2713 est,
597 2664 721 2719 qua:
752 2651 995 2704 animum
1027 2651 1300 2720 polluunt.
1341 2652 1475 2705 Nam
1508 2652 1712 2707 mentis
1755 2651 2105 2721 impuritates
2149 2668 2257 2706 non
2310 2654 2570 2707 accidunt
2598 2662 2827 2709 auctore
2881 2654 3009 2711 Deo.
3065 2653 3338 2709 Caeterum
3394 2652 3519 2705 illas
3579 2666 3712 2720 per-

458 2753 681 2793 manere
712 2737 865 2801 sinit,
898 2738 1073 2793 donec
1103 2746 1266 2811 typos
1301 2741 1633 2812 transgressi
1672 2740 2017 2795 deducamur
2062 2738 2115 2791 in
2156 2739 2329 2809 ipsam
2367 2742 2673 2795 veritatem.
2705 2740 2900 2795 Omnia
2938 2740 3081 2794 facta
3107 2747 3239 2795 sunt
3276 2755 3412 2809 pura
3446 2738 3606 2808 puris
3637 2738 3711 2801 “’,

458 2824 563 2880 nisi
595 2825 722 2895 quis
756 2826 849 2880 illa
884 2833 1191 2881 contrectet
1220 2828 1683 2898 intemperanter.
1719 2826 1878 2882 Tunc
1904 2826 2049 2880 enim
2090 2842 2197 2879 non
2231 2826 2391 2880 facile
2424 2827 2629 2880 vitatur
2657 2826 3054 2882 immundities.

526 2914 821 2982 Lapidibus
858 2914 1093 2971 obruetis
1135 2934 1245 2980 eos,
1300 2926 1407 2973 etc.
1440 2916 1582 2989 [εξ-1.]
1612 2918 1688 2982 Is,
1723 2917 1814 2986 qni
1849 2917 2023 2970 instar
2065 2911 2266 2981 lapidis
2306 2913 2552 2983 obriguit
2583 2913 2648 2966 ad
2685 2915 2965 2975 virtutem,
3005 2914 3203 2968 merito
3234 2913 3515 2984 lapidibus
3545 2916 3713 2984 puni-

457 3016 566 3057 tur.
596 3002 732 3058 Nam
792 3004 972 3074 magia
1020 3006 1200 3059 cardes
1253 3012 1555 3074 perpetrat,
1608 3004 1859 3072 sepulcra
1896 2991 2155 3073 perfodit,
2211 3001 2422 3054 animas
2477 3001 2757 3053 hominum
2795 3002 3107 3068 perturbat.
3145 3000 3286 3072 Magi
3344 3002 3546 3057 etenim
3578 3011 3714 3058 sunt

360 3102 379 3111 “
456 3090 731 3151 homines,
763 3091 854 3161 qui
885 3099 1141 3145 naturam
1172 3091 1470 3145 humanam
1517 3098 1904 3160 corrumpunt.
1964 3087 2081 3143 Non
2139 3096 2319 3142 autem
2356 3087 2423 3141 ab
2453 3102 2511 3141 re
2561 3086 2704 3143 Deus
2732 3088 2984 3143 homines
3013 3091 3168 3159 prius
3197 3091 3357 3159 quasi
3391 3090 3511 3145 viva
3547 3106 3708 3154 voce,

456 3178 573 3248 iege
601 3177 881 3242 videlicet,
916 3178 1188 3233 reformat
1227 3197 1240 3233 :
1276 3186 1332 3233 et
1360 3194 1511 3234 more
1534 3178 1824 3233 brutorntu
1857 3180 2129 3231 viventem
2155 3175 2315 3244 prius
2362 3176 2612 3229 moribus
2646 3176 2865 3230 decoris
2904 3188 3154 3243 exornat,
3183 3186 3244 3239 ut
3273 3179 3451 3247 gratia
3498 3177 3709 3232 Christi

457 3266 639 3320 locum
673 3266 941 3322 inveniat.
993 3267 1129 3335 Ejus
1161 3266 1308 3321 enim
1344 3274 1504 3329 antea
1538 3280 1731 3336 parum
1787 3265 2027 3319 fuissent
2072 3278 2327 3332 capaces,
2359 3276 2483 3315 cum
2534 3278 2602 3317 ne
2636 3264 3165 3334 hominesqnidem,
3199 3265 3305 3319 nisi
3339 3273 3608 3335 quantum
3641 3267 3709 3321 ad

457 3354 716 3425 speciem,
757 3355 1125 3411 exstitissent.
1169 3353 1361 3409 Gratia
1398 3355 1615 3408 veniam
1664 3353 1858 3406 tribuit
1907 3352 2105 3406 delicta
2152 3348 2607 3419 agnoscentibus.
2644 3349 2713 3403 At
2745 3350 3019 3413 homines,
3048 3368 3173 3406 cum
3206 3351 3617 3421 delinquerent,
3652 3369 3713 3409 se

457 3441 636 3496 facere
667 3458 788 3512 qua:
819 3443 1096 3511 placerent
1123 3441 1255 3505 Deo,
1286 3442 1499 3496 scilicet
1524 3440 1757 3509 justitiae
1779 3455 1968 3507 Opera,
2008 3437 2328 3493 credebant.
2356 3437 2599 3492 Proinde
2640 3438 2948 3492 necessitas
2986 3439 3326 3506 postulabat,
3358 3449 3415 3494 ut
3448 3442 3532 3495 lex
3578 3457 3710 3512 pec-

455 3538 635 3583 catum
666 3544 831 3599 quam
865 3530 1103 3584 maxime
1132 3528 1488 3584 manifestum
1527 3527 1751 3591 faceret,
1788 3536 1841 3581 ct
1894 3527 2078 3579 locum
2137 3531 2358 3595 pararet
2391 3524 2601 3593 gratiae.
2633 3523 2829 3578 Omnis
2865 3526 3011 3578 enim
3046 3542 3182 3595 gens
3229 3543 3396 3597 opera
3432 3529 3568 3599 legis
3593 3529 3711 3584 Mo-

454 3616 618 3670 saicze
667 3616 927 3684 cognovit
959 3623 1270 3686 peccatum.
1302 3615 1368 3667 Et
1401 3613 1771 3684 cognitionem
1806 3612 2037 3682 peccati,
2069 3626 2235 3683 quam
2288 3610 2677 3679 suppeditabat
2712 3612 2817 3675 lex,
2852 3613 3139 3680 proximus
3189 3629 3408 3685 semper
3460 3617 3709 3688 proximo

454 3702 786 3760 transmisit.
819 3702 887 3756 Et
917 3703 971 3757 in
1002 3703 1150 3757 hunc
1175 3703 1399 3758 modum
1433 3701 1610 3772 gratia
1642 3701 1953 3770 penetravit
2001 3701 2066 3755 ad
2113 3716 2326 3755 omnes.
2365 3697 2568 3754 Verum
2624 3700 2753 3769 quia
2791 3701 3041 3771 plerique
3078 3704 3342 3759 mortales
3375 3704 3555 3758 instar
3590 3704 3709 3759 hel-

456 3790 666 3843 luarum
699 3790 975 3855 vivebant,
1010 3805 1120 3845 non
1151 3791 1412 3845 omnibus
1440 3805 1506 3844 ex
1542 3786 1796 3859 professo
1830 3787 1915 3842 lex
1949 3787 2076 3843 data
2120 3796 2224 3842 est.
2261 3785 2367 3841 Sed
2404 3786 2497 3840 uni
2535 3787 2738 3855 p0pulo
2771 3787 2913 3842 hanc
2944 3790 3223 3844 concessit
3261 3806 3274 3843 :
3313 3805 3422 3860 qua
3450 3790 3496 3844 is
3529 3806 3705 3860 popu-

453 3879 539 3934 Ius
587 3879 892 3934 instructus
948 3877 1178 3947 reliquis
1227 3878 1330 3947 piae
1366 3878 1490 3931 vitae
1518 3875 1677 3946 quasi
1724 3876 1779 3929 in
1811 3874 1962 3929 edito
1996 3876 2335 3930 constitutus
2375 3877 2706 3944 exemplum,
2766 3876 2834 3930 ad
2886 3877 3033 3946 quod
3088 3892 3284 3933 omnes
3343 3877 3703 3948 respicerent,

454 3966 616 4021 foret.
649 3966 997 4037 Quapropter
1028 3965 1160 4021 Sion
1216 3965 1438 4036 specula
1490 3964 1833 4028 nominatur,
1872 3971 1930 4017 ut
1952 3972 2101 4033 patet
2146 3979 2214 4017 ex
2262 3963 2349 4018 his
2376 3961 2686 4019 Ezechielis
2714 3965 2900 4019 verbis
2932 3982 2947 4019 :
2987 3984 3006 4017 ι
3044 3964 3459 4035 Speculatorem
3494 3966 3617 4021 dedi
3652 3974 3704 4020 te
3797 3972 3803 3977 '

451 4055 707 4117 omnibus
740 4055 994 4124 gentibus
1036 4055 1103 4110 “.
1145 4075 1163 4109 ι
1201 4057 1479 4110 Praeterea
1508 4051 1802 4109 Iudaicum
1832 4052 2093 4123 populum
2142 4051 2316 4105 ferum
2368 4060 2425 4107 et
2455 4052 2864 4108 intractabilem
2913 4052 3288 4124 quadraginta
3340 4053 3504 4108 annis
3534 4054 3702 4107 variis

451 4142 736 4198 miraculis
788 4143 1027 4198 erudivit
1077 4150 1136 4198 ut
1194 4149 1636 4204 mansuesceret,
1689 4150 1743 4195 et
1788 4141 2072 4203 duritiem,
2112 4154 2278 4209 quam
2337 4140 2577 4209 reliquas
2615 4140 2866 4194 nationes
2900 4148 3111 4205 tenent,
3144 4140 3465 4210 deponeret.
3500 4141 3695 4196 Verum

450 4228 782 4284 laboriosum
822 4229 1017 4287 fuisset
1049 4229 1327 4284 universis
1360 4229 1621 4299 gentibus
1669 4227 1945 4281 difficilem
1984 4226 2133 4282 illam
2171 4234 2227 4279 et
2279 4226 2613 4281 laboriosam
2641 4226 2935 4282 admovere
2965 4227 3346 4297 disciplinain.
3382 4228 3514 4281 Cum
3546 4226 3690 4279 enim

451 4318 778 4374 adventante
806 4319 1006 4390 gratia,
1062 4334 1185 4387 quae
1234 4317 1449 4371 nullum
1481 4316 1674 4386 jugum
1710 4314 1970 4385 imponit,
2026 4313 2123 4368 sed
2166 4316 2381 4383 jugum,
2415 4328 2526 4386 quo
2553 4315 2872 4384 premimur,
2920 4315 3064 4370 levat
3099 4324 3448 4386 peccatorum
3480 4313 3691 4367 veniam

448 4405 607 4470 dans,
668 4406 887 4476 plurimi
941 4405 1147 4473 reperti
1176 4404 1289 4457 sint
1319 4405 1412 4473 qui
1458 4404 1576 4473 lcgc
1605 4402 1988 4458 edocebantur
2022 4410 2077 4456 ct
2123 4409 2310 4456 tamen
2343 4401 2400 4455 in
2440 4400 2811 4457 inobedientia
2841 4418 3226 4472 permansere,
3276 4403 3411 4473 quid
3466 4402 3697 4472 reliquis

445 4493 783 4548 accidisset?
814 4500 948 4561 quot
974 4490 1357 4545 inobedientes
1388 4488 1592 4545 inventi
1620 4497 1809 4545 essent
1862 4489 2004 4543 inter
2030 4497 2239 4541 tantam
2277 4488 2568 4542 hominum
2598 4488 3061 4545 multitudinem?

514 4579 686 4647 Super
717 4579 995 4632 animabus
1024 4594 1125 4630 non
1158 4577 1484 4644 polluantur,
1520 4586 1630 4631 etc.
1657 4570 1827 4648 [XXL
1861 4573 1939 4647 1.]
1974 4574 2029 4629 Si
2075 4584 2330 4630 naturam
2390 4576 2584 4630 mortis
2630 4591 2726 4645 per
2753 4592 2815 4631 se
2842 4577 3111 4644 intueare,
3148 4578 3427 4634 rescisces
3463 4586 3697 4632 mortem

444 4682 553 4719 non
587 4665 877 4733 inquinare
922 4679 1283 4735 quemquam.
1347 4664 1546 4718 Verum
1604 4665 1708 4718 hoc
1756 4662 2077 4733 praecipitur
2127 4664 2230 4719 sub
2289 4663 2544 4733 symbolo
2589 4658 2853 4733 quodam,
2888 4674 2948 4718 ut
2979 4666 3247 4730 vitentur,
3279 4682 3402 4736 qua:
3433 4680 3536 4721 nos
3568 4681 3700 4719 con—

444 4761 732 4822 spurcant,
772 4752 1058 4808 mortifera
1090 4768 1278 4824 opera.
1314 4751 1497 4823 Erigit
1528 4753 1697 4823 igitur
1729 4751 1896 4815 Dens,
1933 4760 1992 4806 ut
2022 4767 2309 4808 sacrorum
2349 4751 2602 4805 minister
2644 4751 2889 4822 refugiat
2918 4752 3172 4807 letltifera
3211 4768 3408 4823 opera,
3444 4753 3701 4808 horreat-

443 4856 549 4908 quc
572 4840 663 4893 illa
693 4850 928 4910 patrare.
963 4840 1067 4907 Qui
1116 4841 1264 4896 enim
1324 4840 1546 4911 attingit
1578 4841 1754 4911 picem
1792 4840 2195 4910 inquinabitur.
2234 4839 2369 4895 Cum
2421 4850 2603 4893 autem
2634 4839 2703 4895 de
2734 4841 3000 4909 symbolis
3051 4842 3165 4896 sive
3196 4842 3340 4912 typis
3373 4842 3453 4896 illi
3480 4842 3554 4895 sit
3584 4856 3702 4896 ser—

442 4942 554 4994 mo,
586 4943 654 4982 ne
703 4929 830 4998 quis
878 4930 1197 4985 sacerdotes
1249 4936 1466 5000 reputet
1500 4929 1735 4992 ferreos,
1771 4929 1828 4983 in
1860 4944 2000 4999 quos
2045 4930 2230 4985 nullus
2264 4930 2425 4985 cadat
2479 4930 2683 4991 luctus.
2719 4933 2913 4985 statuit
2943 4933 3008 4987 ad
3044 4947 3188 5003 quas
3230 4947 3502 5003 personas
3538 4945 3702 4986 acce-

441 5016 571 5071 dere
602 5016 684 5070 fas
713 5016 807 5080 sit,
841 5019 1117 5087 praecipue
1144 5034 1270 5073 cum
1305 5019 1391 5072 lex
1422 5018 1570 5074 dicat
1607 5036 1619 5071 :
1657 5035 1675 5068 ι
1718 5018 1939 5072 Honora
1968 5024 2178 5087 patrem
2218 5027 2369 5072 tuum
2423 5026 2479 5073 et
2537 5029 2767 5072 matrem
2812 5028 2959 5073 tuam
2993 5021 3060 5074 ⁸¹.
3099 5040 3117 5073 ι
3154 5019 3504 5075 Pcrmittitur
3542 5020 3701 5073 adire

440 5112 496 5159 et
521 5104 585 5158 ad
616 5120 887 5173 sororem,
913 5107 1074 5175 cujus
1102 5106 1286 5162 adhuc
1334 5108 1624 5175 virginitas
1676 5106 1749 5161 sit
1777 5105 2013 5161 illibata.
2054 5103 2337 5160 Fortassis
2380 5105 2487 5163 hoc
2514 5105 2700 5161 datum
2729 5114 2815 5161 est
2846 5106 3184 5176 quotidiana:
3219 5107 3349 5163 vita:
3378 5113 3692 5163 consuetu-

439 5192 576 5246 dini.
614 5191 773 5245 blodo
824 5204 1284 5250 commemoratas
1355 5210 1623 5263 personas
1676 5192 1968 5248 lamentari
2003 5192 2129 5247 licet
2184 5194 2498 5261 sacerdoti;
2537 5195 2783 5265 reliquos
2835 5210 2946 5250 non
2988 5196 3198 5266 lugebit
3248 5196 3538 5253 sacerdos.
3595 5196 3698 5266 qni

440 5280 728 5353 institutus
757 5288 931 5337 estut
965 5283 1263 5347 sacrificia,
1297 5284 1499 5354 quibus
1540 5298 1689 5337 mors
1729 5282 2105 5352 propulsetur,
2142 5280 2359 5336 offerat.
2410 5279 2544 5337 Nam
2580 5283 2775 5339 mortis
2809 5282 3120 5341 destructio
3151 5293 3236 5341 est
3275 5284 3485 5341 Christi
3520 5297 3702 5352 mors,

507 5410 781 5494 "Jerem.
827 5452 937 5505 xvi,
964 5438 1021 5491 2.
1098 5438 1142 5470 ‘°
1172 5437 1281 5492 Tit.
1319 5455 1356 5505 t,
1398 5439 1483 5493 15.
1560 5440 1601 5470 ⁸⁸
1655 5435 1855 5494 Ezech.
1904 5455 1987 5502 tu,
2022 5440 2112 5494 l7.
2190 5442 2233 5473 π’
2271 5440 2442 5497 Exod.
2479 5456 2570 5506 xx,
2606 5439 2694 5495 η.

1974 5579 2203 5639 NOTAE.

510 5686 623 5757 (21)
642 5686 817 5751 Τινὲς,
852 5688 909 5741 τὸ
931 5687 1145 5743 ἄτεκνοι
1181 5689 1529 5759 ἀπολοῦνται,
1554 5691 1671 5745 ἀντὶ
1700 5693 1819 5761 τοῦ,
1855 5708 1937 5745 κτ.
1983 5693 2038 5746 Ὀ
2078 5694 2178 5764 τῆς
2202 5695 2339 5763 Αὑγ.
2372 5692 2501 5748 κώδ.
