4050 6212
347 340 452 405 759
904 310 912 322 ’
1333 310 1871 397 COMMENTARII
1914 337 1995 395 IN
2038 332 2474 393 LEVITICUM.
3178 358 3185 365 ι
3485 338 3590 401 770

347 471 468 526 qua!
497 455 878 525 representata
927 458 1012 508 est
1044 468 1140 523 per
1169 452 1373 509 credem
1419 455 1606 509 ovium
1657 461 1713 509 et
1749 452 2067 507 vitulorum.
2106 448 2339 505 Divinos
2370 444 2669 517 Apostolus
2700 442 2925 515 inquit:
2966 448 3187 520 «θῦε
3207 449 3389 506 Nolite
3417 453 3592 509 mole-

348 555 430 599 ste
460 541 609 595 ferre
664 547 902 595 mortem
963 549 1021 595 ut
1064 541 1287 610 reliqui,
1315 541 1411 610 qui
1443 556 1594 611 spem
1627 554 1742 594 non
1792 540 1996 594 habent
2025 540 2090 593 ⁵³.
2122 557 2143 589 ι
2182 538 2459 593 Caeterum
2520 533 2665 588 Deus
2705 532 2926 603 lugendi
2986 536 3317 606 pra:scribit_
3341 541 3589 606 modum,

347 630 478 683 dum
522 626 774 696 prohibet
806 625 923 680 ﬁeri
955 626 1274 681 evulsiones
1321 627 1648 695 capillorum
1678 637 1731 681 et
1776 625 2078 680 incisiones
2120 623 2395 694 corporis.
2431 640 2448 672 ‹
2485 619 2680 674 Omnia
2712 620 2886 686 enim,
2923 620 3104 691 inquit
3136 622 3360 686 Paulus.
3387 625 3590 682 decen-

352 732 431 774 l3l‘
464 724 671 770 etcum
708 714 906 768 ordine
932 714 1066 767 ﬁant
1094 714 1161 767 °‘.
1198 734 1216 765 ι
1248 713 1420 769 Nobis
1456 722 1641 769 autem
1674 713 2003 781 imperatur,
2052 720 2110 765 ut
2141 710 2372 779 majoris
2405 708 2679 763 faciamus
2712 706 2905 773 Deum,
2939 723 3108 779 quam
3141 720 3423 780 parentes.
3449 709 3587 767 Nam

349 804 440 874 qui
468 810 616 856 amat
641 811 850 871 patrem
884 811 978 855 aut
1008 809 1236 856 matrem
1272 817 1441 870 super
1478 816 1586 866 me,
1625 815 1736 854 non
1769 811 1855 854 est
1898 815 1986 852 me
2022 799 2247 867 dignus.

418 889 697 942 Mulierem
728 888 1062 952 repudiatam
1094 906 1125 940 a
1162 890 1274 942 viro
1306 906 1409 941 non
1429 888 1707 955 accipient,
1732 896 1838 941 etc.
1858 884 2023 957 LXXI,
2060 884 2173 956 14.]
2199 883 2316 938 Non
2347 884 2492 939 enim
2530 882 2703 938 solum
2732 882 3037 940 sacerdotis
3068 891 3185 948 est,
3205 892 3265 938 ut
3288 885 3593 959 fugiatma-

352 976 552 1030 nifesta
583 976 748 1040 mala,
787 983 848 1028 ut
876 976 1266 1029 scortationem
1293 993 1305 1028 :
1347 975 1442 1030 sed
1471 974 1711 1029 declinet
1753 974 1845 1027 illa
1875 973 2037 1038 mala,
2068 987 2190 1041 qua:
2226 971 2426 1025 famam
2460 982 2706 1025 nostram
2734 971 3054 1041 suggillant.
3090 972 3372 1042 Siquidem
3395 989 3592 1045 suspe-

351 1073 436 1117 cta
467 1070 552 1117 est
585 1062 783 1116 mulier
832 1062 1141 1133 repudiata.
1199 1061 1397 1117 Verum
1450 1060 1552 1115 sub
1600 1061 1705 1113 hoc
1761 1058 2048 1112 involucro
2087 1059 2503 1113 demonstratur
2530 1055 2844 1111 Iudaeorum
2901 1057 3234 1131 Synagoga:
3289 1061 3407 1115 sive
3439 1061 3589 1130 quod

351 1156 599 1202 scortata
634 1155 718 1201 est
752 1162 876 1201 cum
933 1148 1256 1216 pastoribus
1292 1146 1526 1210 multis,
1559 1155 1618 1200 ut
1666 1145 1829 1199 habet
1857 1144 2144 1217 Scriptura
2171 1148 2239 1213 ⁸⁸,
2290 1148 2408 1203 sive
2441 1146 2592 1215 quod
2628 1146 2806 1215 ipsam
2834 1147 3115 1216 repulsam
3147 1154 3201 1204 et
3247 1149 3588 1218 repudiatam

351 1250 458 1289 non
488 1234 775 1289 admiserit
808 1235 861 1287 in
891 1235 1233 1303 spiritualem
1266 1235 1585 1289 societatem
1616 1233 1872 1288 Christus
1906 1242 2300 1289 sacrosanctus
2330 1233 2598 1304 pontifex.
2876 1298 2887 1308 ί
3645 1221 3649 1227 ’

420 1324 485 1376 Et
520 1324 638 1391 ﬁlia
698 1324 993 1377 sacerdotis
1024 1325 1069 1377 si
1117 1325 1407 1393 profanata
1468 1324 1654 1392 fuerit,
1687 1331 1791 1377 etc.
1844 1320 1946 1393 [9.]
1992 1320 2124 1374 Nam
2160 1321 2271 1390 igni
2316 1320 2626 1390 mancipata
2658 1328 2742 1375 est
2767 1319 3085 1375 Iudaeorum
3119 1320 3433 1394 Synagoga.
3467 1340 3590 1394 quae

351 1412 682 1481 sequebatur
731 1411 931 1478 placita
969 1410 1288 1465 Scribarum
1335 1420 1390 1465 et
1416 1410 1844 1471 Pharisaeorum,
1873 1418 1926 1463 et
1954 1407 2272 1460 adhaerebat
2312 1407 2600 1475 przeceptis
2628 1406 2905 1462 humanis.
2942 1407 3154 1463 Idcirco
3186 1407 3358 1466 Isaias
3387 1412 3591 1466 excla—

351 1506 501 1552 mat:
539 1516 556 1547 ι
598 1495 885 1561 Quomodo
936 1502 1078 1551 laeta
1135 1507 1221 1552 est
1264 1498 1528 1552 meretrix
1579 1496 1710 1552 urbs
1755 1495 1932 1550 ﬁdelis
1974 1492 2108 1547 Sion
2155 1494 2222 1547 ⁸⁵.
2259 1511 2277 1544 ι
2316 1492 2492 1558 Quam
2517 1494 2813 1562 deplorans
2849 1493 3117 1551 Jeremias
3159 1498 3384 1565 inquit:
3422 1518 3442 1551 σ
3477 1500 3591 1555 Oli-

352 1599 471 1637 vam
500 1580 844 1649 frondosam,
880 1584 1167 1651 pulchram
1210 1582 1392 1636 fructu
1424 1592 1476 1637 et
1526 1584 1710 1652 specie
1744 1581 1965 1637 vocavit
2017 1571 2287 1636 Dominus
2319 1596 2517 1635 nomen
2549 1587 2727 1647 tuum,
2761 1590 2815 1635 et
2846 1596 2970 1635 cum
3002 1597 3136 1637 voce
3167 1585 3350 1656 magni
3383 1587 3587 1642 tumul-

352 1681 440 1725 tus
473 1671 653 1726 hostis
693 1670 937 1724 incendit
972 1671 1152 1739 ignem
1194 1672 1248 1723 in
1276 1686 1339 1724 ea
1373 1672 1438 1732 ⁸⁷,
1479 1689 1497 1721 ι
1532 1678 1640 1725 etc.

421 1759 597 1828 Caput
626 1776 783 1812 suum
808 1777 910 1813 non
945 1759 1190 1825 nudabit,
1225 1761 1333 1813 sive
1363 1760 1590 1826 infulata
1619 1760 1952 1828 pontiﬁciam
2001 1775 2105 1811 non
2160 1756 2399 1825 deponet,
2451 1764 2562 1811 etc.
2597 1753 2735 1828 [l0.]
2767 1755 2869 1812 llic
2895 1773 3093 1815 versus
3133 1760 3588 1819 manifestissima

351 1846 695 1901 demonstrat
725 1846 1031 1901 Christum.
1083 1844 1219 1899 Nam
1267 1845 1548 1908 Christus,
1592 1854 1651 1899 ut
1699 1845 1860 1899 docet
1911 1844 2221 1914 Scriptura,
2281 1853 2485 1898 unctus
2531 1842 2741 1913 Spiritu
2799 1854 2994 1900 sancto
3034 1855 3217 1918 gestat
3264 1864 3454 1906 verum
3497 1868 3588 1908 sa-

350 1933 579 1987 cerdotii
612 1933 884 1996 habitum,
916 1950 1078 2001 quem
1107 1933 1672 2003 nunquam‘ahjiciet.
1708 1931 1869 1994 Nam,
1909 1950 1928 1984 ι
1956 1931 2060 1998 Τυ,
2097 1932 2299 2003 inquit,
2328 1932 2591 1986 sacerdos
2615 1947 2676 1987 es
2706 1932 2761 1985 in
2788 1941 3060 1988 aeternum
3100 1938 3406 1992 secundum
3431 1941 3583 1995 ordi-

350 2036 473 2076 nem
506 2020 909 2076 Melchisedech
947 2021 1018 2075 ⁸⁸.
1055 2040 1074 2073 ι
1111 2020 1225 2075 Hoc
1249 2022 1416 2092 igitur
1456 2020 1589 2075 illud
1614 2029 1716 2085 est,
1751 2020 1898 2088 quod
1928 2021 2141 2089 inquit:
2172 2038 2189 2070 ι
2226 2018 2344 2073 Νοη
2384 2018 2880 2086 dcponesinfulam
2909 2021 3268 2088 pontiﬁciam.
3304 2042 3324 2075 ι
3364 2025 3424 2080 Si
3452 2041 3586 2083 vero

348 2108 615 2177 scriptum
654 2118 842 2163 esset:
876 2106 1094 2162 Mitram
1130 2124 1242 2163 non
1282 2108 1551 2179 depones,
1601 2115 1711 2162 etc.
1757 2107 2225 2163 intellexissemus
2263 2105 2385 2176 ejus
2431 2121 2654 2177 quoque
2700 2121 2932 2176 regnum
2968 2121 3093 2164 esse
3121 2118 3451 2181 perpetuum
3483 2128 3585 2171 nec

349 2210 590 2265 unquam
628 2194 951 2252 ﬁniendum.

427 2280 492 2334 Et
520 2291 685 2336 vestes
714 2299 840 2336 suas
878 2299 979 2336 non
1009 2282 1289 2338 tacerabit.
1315 2281 1526 2338 Luctus
1558 2283 1706 2338 enim
1739 2282 1832 2352 qui
1864 2282 2203 2352 impenditur
2236 2288 2455 2336 mortuo
2481 2280 2611 2336 vitae
2641 2283 2958 2339 contrarius
2991 2293 3115 2342 est:
3152 2300 3251 2341 nec
3280 2288 3580 2358 quidquam

349 2378 624 2422 mortuum
653 2370 911 2438 congruit
940 2370 1085 2424 vitae.
1118 2371 1231 2424 lmo
1266 2369 1375 2424 vita
1407 2368 1684 2424 destruxit
1716 2376 1772 2424 et
1801 2376 2056 2423 mortem.
2088 2367 2152 2420 Et
2190 2387 2207 2417 ι
2242 2367 2386 2422 Deus
2418 2382 2528 2421 non
2564 2375 2650 2423 est
2682 2379 3032 2425 mortuorum
3067 2371 3233 2438 Deus,
3270 2374 3366 2429 sed
3397 2376 3584 2431 viven-

348 2458 480 2509 tium
516 2457 581 2509 ⁸³.
613 2476 630 2507 υ
662 2456 1012 2527 Quapmpter
1038 2458 1294 2513 Christus
1328 2458 1587 2526 obiurgat
1626 2457 1772 2520 illos,
1798 2458 1890 2526 qui
1924 2454 2369 2509 lamentabantur
2400 2453 2621 2508 ﬁliolam
2658 2454 2925 2524 principis
2959 2455 3281 2528 Synagogaa,
3313 2469 3584 2530 praesente

347 2558 433 2605 eo,
460 2542 552 2612 qui
581 2552 698 2598 erat
735 2544 869 2598 vita.
900 2544 1057 2612 Quod
1093 2560 1225 2599 vero
1268 2545 1542 2615 lacrymas
1576 2543 1725 2598 dedit
1772 2541 2030 2597 Christus
2082 2540 2291 2595 Lazaro
2318 2540 2602 2605 defuncto,
2633 2542 2844 2597 amoris
2871 2543 3333 2613 signiﬁcationem
3366 2545 3578 2602 habuit.

346 2620 584 2684 Proinde
613 2640 669 2685 et
721 2626 1005 2686 moderate
1052 2631 1415 2702 lacrymabat.
1466 2630 1801 2700 Deplorabat
1842 2628 2017 2698 magis
2072 2628 2365 2682 humanam
2397 2636 2675 2692 naturam,
2712 2628 2758 2681 si
2793 2644 2908 2682 rem
2957 2631 3083 2698 quis
3128 2631 3449 2702 diligentius
3494 2634 3582 2689 in-

345 2716 551 2785 quirat,
598 2732 719 2786 quae
767 2716 1091 2785 subiacebat
1122 2718 1440 2774 saevissima:
1501 2718 1696 2772 mortis
1751 2713 2048 2787 tyrannidi.
2104 2712 2275 2782 Igitur
2321 2711 2590 2765 continuo
2635 2712 3034 2768 demonstravit
3083 2718 3242 2785 quasi
3283 2720 3386 2774 sub
3424 2730 3578 2792 typo,

341 2818 471 2857 cum
508 2802 632 2857 vitae
667 2804 989 2858 restitueret
1032 2816 1305 2858 mortuam
1354 2804 1674 2874 puellulam,
1726 2799 2156 2858 resurrectionis
2190 2798 2530 2869 mysterium.
2566 2796 2691 2852 ldeo
2722 2798 2828 2859 lex.
2862 2815 2985 2868 qua:
3015 2803 3232 2858 caeteris
3263 2806 3580 2861 sacerdoti-

347 2888 452 2945 bus
483 2890 750 2960 permittit
780 2890 967 2959 lugere
991 2890 1317 2959 conjunctas
1344 2880 1612 2959 personas
1663 2888 1915 2943 alludens
1961 2887 2028 2942 ad
2059 2886 2392 2958 symbolum,
2432 2886 2582 2957 quod
2620 2886 3078 2944 manifestissime
3103 2897 3581 2951 commonstrabat

343 2977 625 3033 Christum
658 2975 972 3046 pontificem
1003 2993 1190 3043 suum,
1224 2978 1279 3031 in
1312 2992 1377 3032 eo
1410 2979 1614 3032 luctum
1659 2976 1919 3030 inhibuit.
1958 2976 2140 3042 Quare
2170 2974 2378 3029 studuit
2424 2988 2582 3028 suam
2619 2974 2980 3043 majestatem'
3020 2992 3356 3037 conservare
3403 2984 3578 3054 typis,

347 3063 545 3119 nolens
574 3080 641 3118 ne
679 3064 733 3117 in
765 3063 976 3118 umbris
1008 3063 1230 3133 quidem
1265 3064 1473 3119 violare
1507 3063 1812 3128 veritatem,
1853 3077 2017 3133 quam
2067 3062 2289 3132 quidem
2329 3069 2388 3116 ut
2436 3062 2660 3117 doceret
2684 3079 2808 3119 esse
2844 3064 3106 3131 solidam,
3147 3065 3356 3124 ﬁrmam
3390 3080 3445 3125 et
3474 3072 3577 3126 im-

347 3153 629 3218 mobilem,
666 3151 898 3222 impcrat
931 3153 1202 3222 pontiﬁci,
1239 3168 1308 3207 ne
1344 3152 1667 3223 egrediatur
1708 3150 2047 3204 sanctuario.
2105 3148 2577 3215 Quemadmodum
2607 3158 2821 3220 oportet
2847 3152 3190 3207 sacerdotem
3224 3155 3421 3213 oﬁ‘erre
3462 3158 3576 3214 Deo

347 3254 596 3302 munera,
625 3255 745 3307 qua:
773 3241 1007 3310 populus
1039 3238 1237 3302 affert,
1287 3239 1361 3293 ita
1411 3252 1687 3293 summum
1741 3236 2056 3304 pontiﬁcem
2114 3244 2332 3305 Oportet
2372 3252 2472 3290 sua
2510 3238 2752 3307 puritate
2781 3238 3082 3304 defectum,
3120 3244 3213 3311 qui
3240 3245 3384 3302 inest
3417 3255 3578 3304 caete-

344 3326 421 3380 ris
454 3327 867 3390 sacerdotibus,
902 3327 1137 3395 replere,
1169 3341 1379 3395 eosque
1413 3325 1772 3380 reconciliare
1811 3322 1939 3378 Deo.
1993 3321 2232 3377 Proinde
2264 3324 2424 3379 Solus
2459 3327 2761 3394 quotannis
2813 3327 2985 3381 intrat
3016 3329 3071 3382 in
3105 3327 3307 3385 Sancta
3355 3344 3579 3391 sancto-

345 3428 489 3478 rum,
525 3421 584 3467 ut
616 3413 794 3481 placet
825 3412 1060 3477 Numen,
1087 3428 1154 3467 ne
1181 3413 1323 3467 forte
1357 3428 1650 3468 sacrorum
1705 3411 1993 3465 ministros
2038 3410 2250 3479 puniat.
2286 3408 2488 3465 lterum
2521 3426 2739 3481 quoque
2766 3415 3012 3468 ostendit
3046 3413 3363 3472 Judwornm
3397 3422 3579 3492 Synac

345 3515 539 3570 gogam
581 3500 816 3554 alienam
847 3516 971 3554 esse
1002 3516 1030 3552 a
1061 3500 1309 3554 Christo.
1363 3498 1498 3552 Nam
1535 3499 1718 3568 ejecta
1764 3508 1848 3552 est
1890 3497 1958 3550 ab
1992 3498 2219 3560 unitate,
2254 3512 2362 3567 qua
2422 3498 2500 3551 illi
2536 3498 2710 3566 ipsam
2751 3499 3109 3570 conjunctam
3143 3520 3266 3561 esse
3293 3507 3529 3563 docebat
3559 3528 3574 3564 :

344 3589 509 3657 idque
541 3597 779 3642 testatur
803 3590 1074 3659 propheta
1105 3606 1119 3643 :
1179 3609 1196 3640 ι
1234 3588 1375 3655 Quia
1423 3590 1541 3656 ipsa
1577 3603 1689 3642 non
1722 3594 1805 3640 est
1846 3599 1985 3637 uxor
2036 3599 2177 3648 mea,
2210 3600 2311 3638 nec
2341 3599 2440 3651 ego
2475 3587 2713 3641 maritus
2757 3588 2877 3656 ejbs
2906 3580 2975 3644 ’⁸.
3012 3609 3031 3641 ι
3065 3591 3136 3644 At
3166 3591 3470 3651 Ecclesiam
3507 3613 3576 3655 ex

348 3674 603 3741 gentibus
630 3674 921 3729 conﬂatam
975 3674 1181 3730 Paulus
1221 3675 1516 3744 despondit
1545 3684 1608 3728 ut
1634 3673 1892 3728 exhibeat
1936 3685 1996 3725 se
2026 3671 2291 3739 virginem
2327 3678 2539 3726 castam
2583 3680 2637 3727 et
2669 3664 3208 3743 irreprehensibilem
3260 3681 3481 3738 Christo
3507 3685 3575 3739 ⁷⁸.

348 3754 552 3811 Verum
584 3757 788 3827 alioqui
818 3758 1077 3813 Christus
1113 3776 1225 3814 non
1280 3759 1659 3830 despondetur
1719 3756 1922 3812 animis
1985 3756 2259 3825 impuris:
2316 3757 2471 3825 puris
2503 3766 2683 3812 autem
2722 3766 2781 3812 ut
2828 3761 3137 3830 virginibus
3172 3764 3575 3837 conjungitur‘:

346 3860 472 3898 cum
506 3843 711 3913 quibus
761 3842 1108 3908 cohabitans,
1155 3860 1250 3900 eos
1295 3844 1557 3915 gravidos
1602 3842 1757 3908 facit,
1803 3854 1862 3897 ut
1907 3841 2190 3897 abundent
2218 3842 2381 3897 bouis
2426 3844 2711 3914 operibus,
2747 3859 2953 3915 eosque
2994 3847 3137 3902 inter
3169 3866 3301 3906 suos
3351 3856 3580 3925 propin-

348 3946 490 4001 quos
525 3932 778 3986 collocat.
830 3926 966 3985 Nam
999 3931 1219 4000 inquit:
1279 3950 1297 3983 ι
1337 3932 1664 4001 Quicunque
1711 3928 1901 3984 fecerit
1940 3928 2275 3982 voluntatem
2334 3926 2516 3985 Patris
2550 3932 2676 3998 mei,
2711 3933 2804 4002 qui
2835 3942 2920 3988 est
2960 3934 3015 3987 in
3058 3937 3234 4001 malis,
3267 3937 3356 3993 hic
3387 3951 3440 3996 et
3472 3941 3582 3997 fra-

347 4027 429 4073 ter
463 4032 641 4082 meus,
697 4027 750 4073 et
783 4033 945 4073 soror
977 4026 1031 4072 et
1071 4027 1245 4073 mater
1286 4016 1767 4076 est".nCreterum
1792 4014 1955 4070 nobis
2002 4020 2231 4069 honesta
2259 4023 2343 4068 est
2380 4017 2818 4071 necessariorum
2850 4020 3126 4086 societas;
3161 4032 3217 4076 at
3247 4038 3441 4093 parum
3476 4044 3580 4084 nos

344 4104 504 4159 decet
562 4102 914 4159 familiaritas
950 4104 1390 4171 incredulorum,
1443 4105 1547 4159 nisi
1598 4102 1856 4158 fortassis
1888 4100 2015 4171 quis
2062 4110 2480 4169 praeoccupatus
2512 4102 2584 4156 sit
2621 4104 2976 4159 matrimonio
3016 4106 3270 4178 conjugis
3317 4112 3581 4183 religione

346 4189 609 4259 disparis.
646 4190 715 4242 At
747 4189 1131 4258 hujuscemodi
1164 4206 1419 4265 personae
1465 4191 1627 4246 nobis
1673 4188 1966 4259 iungenda:
2016 4193 2145 4241 sunt
2198 4184 2320 4240 ﬁde.
2380 4186 2643 4252 Quamvis
2692 4188 2916 4244 mulieri
2967 4204 3074 4246 non
3108 4196 3487 4264 permittatur,
3523 4209 3581 4254 ut

346 4275 579 4331 docendi
615 4274 875 4343 fungatur
904 4291 1172 4331 munere:
1218 4285 1459 4331 attamen
1517 4292 1616 4347 pro
1640 4278 1762 4330 vitae
1800 4276 2058 4330 instituto
2098 4286 2152 4331 et
2182 4276 2414 4332 honesta
2462 4273 2623 4348 367
2669 4281 3091 4336 conversatione
3121 4286 3341 4339 studeat
3373 4288 3579 4343 lucrari

348 4351 633 4416 maritum.
670 4362 870 4417 Verum
909 4378 1115 4433 sponsa
1148 4362 1357 4419 Christi
1390 4379 1514 4434 qua:
1546 4380 1613 4419 ex
1653 4378 1793 4418 nova
1846 4363 1971 4418 inde
2016 4364 2434 4433 regeneratione
2457 4364 2563 4433 ipsi
2599 4365 2869 4434 desponsa
2902 4375 3009 4430 est,
3042 4368 3166 4436 ejus
3190 4372 3357 4426 simul
3385 4390 3580 4431 cense-

348 4458 441 4505 tur
469 4460 524 4505 et
556 4450 666 4503 ﬁlia
701 4461 758 4506 et
805 4453 1048 4521 conjunx
1098 4460 1153 4507 et
1196 4452 1438 4522 perfecta
1485 4453 1736 4508 columba
1775 4460 2099 4522 regenerata
2142 4466 2239 4521 per
2271 4452 2689 4507 renovationem
2724 4453 2961 4522 Spiritus
2998 4459 3201 4510 sancti.
3244 4456 3577 4530 Legitimum

347 4537 535 4606 igitur,
580 4553 681 4592 nec
728 4539 1102 4594 adulterinum
1150 4538 1358 4595 Christi
1386 4555 1557 4609 genus
1593 4550 1699 4604 est,
1737 4547 1925 4608 utpote
1967 4538 2211 4607 legitimo
2246 4539 2601 4593 matrimonio
2618 4540 2849 4594 editum.
2887 4540 3233 4613 Quapropter
3272 4560 3463 4603 sumus
3519 4550 3579 4603 ﬁ-

345 4624 401 4678 lii
437 4623 553 4689 Dei,
589 4625 837 4678 divinum
864 4641 1055 4681 semen
1097 4624 1165 4679 'in
1200 4628 1359 4682 nobis
1390 4635 1807 4692 conservantes,
1832 4626 2133 4682 secundum
2162 4624 2432 4680 Joannem
2479 4627 2548 4693 ",
2584 4626 2803 4681 scilicet
2835 4627 3103 4698 Spiritum
3162 4642 3441 4702 sanctum,
3484 4638 3576 4706 qui
3632 4639 3640 4648 '

347 4725 446 4765 nos
481 4726 595 4767 non
627 4721 813 4767 cessat
861 4714 917 4765 in
951 4727 1149 4765 novam
1179 4713 1445 4797 .ellingere
1479 4721 1815 4768 creaturam.
1861 4712 1954 4766 Illa
1987 4719 2171 4767 autem
2217 4715 2480 4769 meretrix
2507 4714 2667 4783 cujus
2698 4722 2865 4784 typus
2900 4726 3021 4769 erat
3073 4732 3159 4785 ca,
3224 4734 3346 4790 qua:
3379 4739 3580 4793 nupse-

346 4801 431 4849 rat
465 4796 641 4861 Oseaa,
674 4811 783 4851 una
817 4809 943 4852 cum
979 4797 1188 4862 liberis,
1226 4814 1365 4868 quos
1390 4800 1444 4853 in
1486 4799 1853 4854 fornicatione
1887 4808 2195 4869 pepererat,
2225 4799 2511 4867 repudiata
2551 4808 2606 4854 et
2646 4801 2865 4855 viduata
2899 4813 2982 4857 est
3012 4802 3080 4857 ".

418 4881 484 4936 In
542 4900 848 4955 quocunque
872 4885 1033 4955 fuerit
1073 4887 1483 4957 reprehensibile
1517 4887 1791 4957 quiddam,
1820 4904 1921 4941 non
1947 4885 2152 4940 accedet
2187 4893 2243 4936 ut
2277 4884 2478 4953 offerat
2513 4885 2654 4939 dona
2686 4884 2819 4953 Deo,
2848 4896 2954 4942 etc.
2982 4887 3173 4960 [XXI],
3196 4891 3278 4965 2.]
3300 4892 3575 4960 Quantum

342 4969 628 5040 conjicere
655 4987 909 5042 possum,
943 4974 993 5029 ei
1024 4988 1207 5029 sermo
1245 4982 1327 5030 est
1361 4976 1429 5031 de
1468 4976 1642 5041 vitiis,
1671 4990 1793 5045 quae
1819 4976 2062 5029 animum
2117 4986 2218 5025 suo
2246 4979 2509 5026 contactu
2552 4970 2856 5039 oﬁ‘endunt,
2884 4975 3067 5043 qualia
3116 4987 3245 5032 sunt
3297 4979 3388 5033 illa
3423 4979 3576 5045 vitia,

341 5057 544 5126 quibus
572 5059 798 5114 obnoxii
828 5068 964 5115 sunt
995 5061 1098 5126 illi,
1127 5076 1270 5131 quos
1301 5061 1589 5132 Scriptura
1621 5077 1817 5117 vocare
1840 5057 2083 5117 assuevit
2103 5056 2389 5126 ψυχικούς,
2423 5058 2474 5112 id
2498 5066 2602 5123 est,
2626 5059 2913 5115 animales.
2946 5059 3079 5116 Nam
3106 5062 3297 5119 vitium
3329 5068 3580 5136 corporis

345 5144 617 5208 naturale,
670 5146 815 5215 quod
860 5156 1056 5216 preter
1087 5157 1334 5203 nostram
1394 5152 1757 5213 voluntatem,
1789 5149 1886 5205 sed
1935 5143 2193 5203 nascendi
2239 5145 2357 5215 lege
2387 5145 2546 5200 nobis
2570 5146 2813 5207 obvenit.
2853 5153 3388 5218 nequaquam'nohis
3445 5155 3579 5210 vitio

347 5234 670 5285 vertendum
715 5246 958 5299 censeo;
1005 5234 1278 5301 quamvis,
1310 5235 1356 5290 si
1394 5237 1529 5291 velis
1574 5236 1865 5291 litteralem
1902 5233 2052 5302 sequi
2099 5248 2345 5297 sensum,
2383 5246 2575 5304 parum
2607 5234 2680 5288 sit
2727 5234 2987 5288 decorum
3048 5240 3347 5294 sacerdotii
3386 5242 3577 5297 munia

343 5313 499 5368 obire
534 5315 811 5370 hominem
859 5317 1060 5371 vitioso
1097 5332 1352 5387 corpore,
1408 5329 1598 5390 utpote
1647 5321 2071 5381 claudicantem,
2101 5320 2184 5372 vel
2217 5335 2366 5387 eum,
2398 5321 2493 5391 qui
2534 5330 2770 5390 nequeat
2803 5323 2921 5377 sine
2950 5324 3098 5380 duce
3132 5325 3411 5383 incedere.
3468 5325 3577 5383 Vc-

346 5410 652 5455 rnmtamen
684 5416 806 5472 quae
856 5401 945 5457 hic
984 5402 1281 5458 traduntur
1326 5406 1535 5476 majora
1582 5408 1828 5478 quardatn
1865 5407 2324 5477 complectuntur,
2374 5414 2429 5462 et
2476 5407 2544 5461 ad
2594 5409 2764 5462 animi
2787 5410 2918 5464 vitia
2948 5412 3273 5484 porrigenda
3331 5420 3479 5479 sunt,
3519 5426 3577 5469 ut

415 5554 459 5633 ‘_‘
483 5551 502 5605 1
522 5552 715 5633 Thess.
740 5552 926 5633 [κίκι-2.
963 5554 1013 5633 fl
1043 5552 1061 5607 l
1090 5553 1352 5633 ϐοὴ-κῃ,
1382 5558 1471 5633 49.
1516 5626 1544 5633 Α
1578 5560 1623 5592 ⁸⁸
1651 5557 1852 5633 Jerem.
1888 5560 2014 5633 uni

1975 5560 2062 5633 rl._
2107 5557 2291 5633 ‘f'lsa.
2322 5558 2479 5633 ιηὲιἶ
2543 5560 2598 5633 ff
2628 5560 2829 5617 Jerem.
2861 5578 2937 5626 xt,
2968 5564 3054 5618 16.
3130 5565 3174 5597 ⁸⁸
3202 5565 3359 5620 Ρεειιμ
3379 5580 3493 5633 Ctx,
3518 5569 3574 5633 4;

346 5618 515 5675 llchr.
550 5639 601 5687 v,
638 5626 693 5677 0.
748 5626 792 5656 ⁶⁹
828 5624 996 5679 Matth
1056 5640 1191 5691 ιλιι,
1223 5618 1349 5680 ’ὀὲβ
1430 5630 1473 5662 τ’
1508 5626 1648 5685 Osee
1682 5645 1738 5696 u,
1773 5630 1827 5683 9!.
1941 5636 1942 5642 ‘

343 5689 393 5722 '“'
430 5690 567 5747 Osee
628 5708 687 5749 tt.
739 5695 790 5749 5.

1976 5632 1984 5660 ι
2027 5630 2065 5682 Η
2098 5630 2231 5685 Cor.
2266 5618 2419 5698 xui.
2462 5631 2507 5664 ²²
2541 5629 2732 5688 Matth.
2766 5648 2866 5701 xu,
2905 5618 2994 5689 30.
3070 5634 3116 5667 ⁷³
3145 5635 3163 5688 l
3197 5618 3359 5703 Joan,
3387 5618 3575 5706 1?,‘4'2

672 5732 687 5760 ’
739 5732 790 5750 UO
