4050 6212
483 364 583 433 ’771
1780 356 2138 422 PBOCOPII
2176 360 2420 422 GAZJEI
3646 358 3750 424 τ’ῗὲ

484 477 694 546 integer
723 481 774 531 et
802 480 1019 531 erectus
1048 471 1122 527 slt
1154 469 1249 526 Dei
1276 470 1441 526 homo
1464 476 1517 525 et
1548 469 1615 525 ad
1647 484 1810 526 omne
1838 485 1981 541 opus
2016 472 2223 527 bonum
2255 481 2483 543 paratus
2513 477 2566 528 et
2605 472 2895 542 expeditos
2918 514 2932 538 ,
2967 472 3047 527 uti
3077 471 3326 543 praecipit
3348 470 3571 530 divinus
3595 480 3744 544 Apo-

485 571 682 627 stolus.
702 567 850 623 idem
879 581 1102 641 quoque
1131 565 1322 631 tradit,
1342 563 1551 632 requiri
1578 570 1633 616 nt
1652 563 1950 634 episcopus
1980 565 2101 619 sine
2130 564 2362 619 crimine
2387 564 2479 620 sit.
2512 562 2586 618 De
2609 564 2870 620 omnibus
2890 579 3041 628 vero,
3068 581 3189 637 qum
3213 563 3444 631 Paulus,
3469 565 3527 619 ni
3557 565 3741 633 fallor,

486 665 760 719 recenset,
792 653 979 711 Moses
1011 654 1207 709 ordine
1226 653 1397 723 legem
1429 651 1692 721 explicat,
1724 650 1936 706 dicens:
1981 669 2000 703 ι
2040 650 2117 705 Ex
2140 667 2341 721 genere
2373 654 2540 707 tuoin
2572 655 2963 724 generationes
2993 663 3233 710 vestras.
3276 674 3294 707 ι
3328 655 3569 709 Aaronis
3594 657 3743 710 enim

483 760 659 815 genus
690 742 911 797 duravit
939 754 1116 810 usque
1162 739 1230 794 ad
1275 740 1663 807 generationes
1704 738 2016 807 spiritualis
2060 740 2320 803 Aaronis,
2353 740 2442 794 cui
2477 742 2665 811 agnati
2703 757 2896 796 sonus
2922 748 3152 811 preptcr
3183 740 3449 811 Spiritum
3486 751 3743 796 sanctum

483 832 842 903 ejusdemque
870 838 1153 884 consortes
1176 837 1407 891 naturze,
1438 825 1505 878 de
1531 826 1735 895 quibus
1767 826 1841 880 ita
1880 825 2131 897 profatur
2160 844 2173 879 :
2215 843 2233 876 ‹
2272 825 2415 881 Ecce
2449 842 2573 895 ego,
2608 837 2663 881 et
2708 828 2865 882 liberi
2894 842 3037 896 quos
3074 827 3209 880 mihi
3247 827 3403 881 dedit
3435 825 3581 883 Deus
3606 828 3679 883 ".
3718 847 3738 880 ι

480 919 700 974 Caecum
740 918 908 972 dubio
941 917 1132 985 procul
1168 915 1413 968 nominat
1444 912 1622 968 Moses
1653 923 1921 967 amentem
1955 919 2009 966 et
2041 912 2293 967 stultum.
2347 913 2560 969 Oculus
2590 914 2738 968 enim
2767 916 2820 967 in
2870 929 3104 983 corpore
3128 913 3440 984 respondet
3479 915 3650 969 menti
3688 915 3742 968 in

483 1006 692 1071 animo,
716 1019 837 1075 qua:
874 1018 1037 1059 mens
1071 1001 1347 1071 spirituali
1399 1000 1605 1053 lumine
1657 997 1806 1053 Solis
1835 998 2065 1069 justitize
2094 999 2432 1063 illuminata,
2482 1002 2640 1055 novit
2680 1002 2960 1071 respicere
3010 999 3076 1054 ad
3105 1001 3449 1070 splendorem
3485 1016 3742 1056 verorum

480 1092 817 1165 dogtnatum,
868 1088 1331 1162 quemadmodum
1375 1088 1428 1140 in
1479 1086 1788 1141 Proverbiis
1842 1086 2077 1140 habetur
2115 1104 2128 1138 :
2165 1106 2184 1139 ‹
2225 1087 2381 1144 Oculi
2438 1089 2516 1143 tui
2550 1099 2698 1144 recta
2732 1090 2999 1144 videant:
3036 1097 3090 1144 et
3123 1089 3399 1160 palpebrae
3421 1096 3529 1143 tua:
3571 1100 3746 1145 nuant

478 1181 628 1249 justa
660 1179 724 1233 ⁷⁸.
759 1196 779 1230 ›
820 1177 1165 1249 Synagogam
1190 1184 1373 1228 autem
1391 1171 1704 1227 Judazorum
1728 1173 1808 1227 sic
1834 1173 2171 1242 alloquitur:
2206 1195 2226 1228 ί
2260 1174 2402 1232 Ecce
2427 1192 2535 1231 non
2560 1184 2689 1232 sunt
2721 1178 2865 1232 oculi
2902 1177 3003 1236 tui.
3035 1190 3248 1231 neccor
3266 1187 3422 1231 tuum
3450 1177 3741 1248 pulchrum

480 1277 565 1320 est
590 1266 700 1321 ⁷⁷.»
733 1266 931 1320 Verum
965 1274 1019 1319 et
1056 1265 1232 1324 illum.
1273 1263 1588 1330 cuicunque
1635 1260 1838 1330 aliquid
1869 1262 1990 1314 vitii
2017 1262 2161 1318 inest
2183 1264 2382 1329 oculis,
2406 1265 2647 1334 repellit,
2686 1274 2745 1319 ut
2780 1265 2837 1318 in
2867 1264 3229 1334 sequentibus
3247 1278 3313 1317 ex
3337 1263 3484 1332 lippo
3506 1264 3738 1337 patebit.

477 1353 614 1408 Nam
651 1354 705 1407 in
737 1351 1117 1407 sacerdotibus
1137 1349 1472 1420 particulare
1496 1349 1693 1427 vitium
1731 1349 2045 1419 tequipollet
2074 1351 2398 1406 universali.
2431 1352 2513 1406 Ad
2555 1367 2680 1407 eum
2712 1352 2934 1405 modum
2968 1350 3226 1422 reprobat
3259 1350 3542 1415 claudum,
3579 1350 3732 1407 vide-

480 1443 611 1496 licet
639 1457 787 1504 eoin,
822 1440 915 1511 qui
936 1454 1044 1493 non
1078 1445 1231 1492 recto
1264 1436 1399 1507 pede
1431 1436 1637 1489 incedit
1671 1435 1739 1488 ad
1768 1450 1933 1505 opera
1956 1436 2121 1503 bona,
2161 1452 2263 1492 nec
2295 1447 2549 1508 prompte
2608 1441 2775 1492 vitam
2811 1438 2922 1507 agit
2951 1452 3017 1491 ex
3047 1437 3378 1507 praescripto
3410 1435 3650 1503 Domini,
3674 1437 3741 1494 de

478 1546 586 1603 quo
620 1530 784 1599 digne
830 1529 941 1583 dici
978 1534 1165 1598 posset
1199 1545 1213 1580 :
1244 1545 1263 1577 ι
1296 1526 1574 1580 Roborate
1619 1539 1818 1578 manus
1879 1527 2164 1585 remissas.
2208 1533 2264 1579 et
2306 1526 2549 1580 labantia
2602 1540 2778 1595 genua
2804 1523 2874 1578 ⁷⁸.
2915 1544 2935 1577 ι
2981 1524 3054 1580 De
3071 1521 3359 1580 Judaeisin
3387 1525 3735 1580 Psalmorum

479 1619 621 1671 libro
649 1619 729 1671 sic
774 1617 948 1670 fertur
978 1634 993 1669 :
1029 1634 1047 1667 ι
1084 1614 1206 1668 Filii
1243 1613 1410 1670 alieni
1453 1613 1670 1667 mentiti
1724 1619 1854 1666 sunt
1888 1612 2044 1677 mihi,
2092 1610 2185 1666 filii
2218 1611 2383 1666 alieni
2424 1612 2695 1681 antiquati
2766 1619 2916 1673 sunt,
2953 1619 3008 1666 et
3040 1609 3494 1665 claudicaverunt
3538 1610 3596 1665 in
3633 1610 3739 1664 viis

475 1706 592 1757 suis
619 1705 685 1758 τ’.
722 1722 740 1753 ι
800 1701 1191 1758 Verumtamen
1246 1701 1301 1755 in
1362 1698 1721 1768 sequentibus
1762 1698 1943 1767 rejicit
1998 1713 2217 1752 omnem
2277 1699 2364 1753 cui
2410 1713 2506 1767 pes
2529 1700 2601 1754 sit
2634 1699 2872 1753 amictus
2897 1706 2952 1753 et
2974 1699 3273 1752 contritus.
3320 1696 3371 1753 ls
3432 1697 3522 1752 cui
3571 1702 3740 1753 nasus

475 1792 771 1863 depressus
803 1799 911 1852 est,
942 1787 1223 1859 significat
1255 1788 1559 1853 hominem,
1583 1787 1673 1839 cui
1698 1800 1809 1840 non
1839 1795 1928 1840 est
1959 1785 2277 1841 intellectus
2311 1784 2550 1849 validos,
2581 1793 2638 1863 ut
2669 1785 3175 1855 queatdiscernere
3207 1784 3354 1840 inter
3384 1783 3735 1854 spiritualent

475 1862 831 1945 fragrantiam
858 1884 921 1930 et
946 1882 1297 1943 peccatorum
1336 1874 1589 1927 fetorem.
1627 1870 1759 1933 Nam
1792 1871 1904 1928 illis
1929 1871 2025 1943 qui
2060 1871 2264 1927 fuerint
2284 1873 2434 1939 simi,
2466 1889 2576 1927 non
2609 1862 2738 1928 sunt
2770 1873 2906 1928 recti
2962 1871 3203 1929 olfactus
3234 1880 3473 1929 meatus.
3504 1870 3738 1943 Oportet

475 1970 658 2016 autem
696 1978 816 2025 nos,
853 1964 1031 2017 instar
1060 1962 1183 2015 boni
1218 1961 1516 2030 trapezitae,
1552 1959 1788 2030 probare
1818 1961 2024 2026 omnia,
2056 1970 2112 2014 et
2136 1968 2327 2016 tenere
2350 1961 2730 2032 quodhonum
2763 1970 2869 2018 est.

547 2053 705 2104 Auris
728 2046 1475 2121 ntutilata,etc.,[XXll,25.]
1510 2042 1605 2103 lli's
1631 2047 1813 2103 verbis
1829 2047 2098 2102 feriuntur
2127 2047 2227 2113 illi,
2246 2048 2338 2118 qui
2360 2063 2468 2102 non
2486 2063 2583 2117 per
2598 2049 2782 2102 omnia
2800 2048 3178 2104 assentiuntur
3190 2047 3401 2104 caelesti
3423 2046 3688 2103 doctrina:
3713 2064 3725 2100 :

479 2147 575 2192 aut
605 2139 700 2208 qui
734 2155 845 2193 non
877 2148 1147 2208 usurpant
1175 2137 1406 2191 auribus
1436 2136 1680 2206 perfecte
1712 2148 1769 2190 et
1795 2151 1935 2206 pure
1971 2136 2189 2192 divinos
2217 2149 2524 2191 sermones.
2549 2134 2715 2191 Tales
2745 2144 2897 2201 sunt,
2928 2136 3022 2207 qui
3054 2137 3398 2193 declinantes
3423 2151 3453 2190 a
3475 2138 3729 2197 veritate.

476 2229 606 2282 dum
640 2228 723 2282 eis
770 2242 933 2282 aures
972 2227 1249 2297 pruriunt,
1289 2224 1571 2279 adhaerent
1595 2225 1887 2292 spiritibus
1922 2223 2348 2294 impostoribus.
2395 2223 2671 2277 Contritio
2709 2238 2908 2278 manus
2931 2232 3042 2288 est,
3081 2223 3212 2279 dum
3250 2238 3445 2278 manus
3474 2237 3729 2277 corrum-
3771 2293 3782 2303 .

475 2317 626 2384 pitur
655 2330 722 2369 ne
755 2315 993 2384 perfecte
1024 2325 1212 2382 pergat
1246 2311 1315 2366 ad
1366 2327 1536 2381 opera
1570 2312 1737 2375 bona,
1788 2312 1950 2366 sicuti
1981 2323 2035 2367 et
2070 2313 2137 2367 de
2180 2313 2319 2384 pede
2364 2329 2531 2383 supra
2576 2314 2833 2369 dedimus
2859 2314 3226 2369 claudicante.
3260 2312 3395 2368 Nam
3456 2314 3730 2384 propheta

473 2404 789 2456 evelamat:
826 2392 859 2452 ι’
882 2399 974 2455 Va:
999 2401 1127 2463 illis,
1163 2400 1257 2470 qui
1282 2414 1450 2470 opera
1479 2398 1690 2453 Domini
1709 2400 2051 2453 exercituum
2080 2398 2291 2455 faciunt
2318 2401 2681 2473 negligenter,
2718 2420 2739 2455 ι
2784 2402 2933 2457 sive:
2965 2420 2985 2454 ι
3020 2402 3125 2466 Qui
3165 2402 3343 2472 ipsum
3385 2401 3598 2470 justum
3627 2414 3733 2455 non

470 2492 633 2559 jnstis
666 2491 975 2544 rationibus
1003 2498 1339 2555 sectantur,»
1376 2496 1435 2541 ut
1460 2489 1727 2556 scriptum
1757 2488 1924 2543 est“.
1958 2487 2261 2543 Gibbosum
2289 2504 2417 2544 eum
2452 2488 2726 2553 nominat,
2750 2489 2844 2558 qui
2874 2488 3101 2556 respicit
3131 2488 3480 2544 solummodo
3514 2496 3731 2544 terrena

434 2642 438 2646 _
471 2588 527 2634 et
566 2579 840 2641 carnalia,
874 2592 974 2633 nec
1009 2591 1250 2646 unquam
1280 2575 1514 2645 erigitur
1548 2574 1615 2627 ad
1668 2575 2097 2644 speculationem
2135 2590 2320 2630 rerum
2369 2577 2704 2633 caelestium.
2745 2579 2794 2631 ls
2820 2578 2990 2633 etiam
3037 2576 3148 2633 illis
3171 2578 3503 2635 criminibus
3540 2577 3731 2648 impii-

471 2675 654 2731 catur,
689 2682 811 2735 qua:
839 2667 1091 2720 feruntur
1122 2663 1191 2718 de
1230 2661 1479 2717 Judaeis:
1541 2680 1560 2712 ι
1591 2660 2035 2716 Obtenebrentor
2084 2662 2231 2717 oculi
2261 2678 2453 2717 eorum
2495 2679 2562 2719 ne
2599 2674 2852 2731 cetnant,
2896 2672 2951 2719 et
2973 2672 3189 2735 tergum
3243 2665 3460 2719 illorum
3514 2679 3734 2735 semper

473 2754 699 2809 incurva
733 2753 831 2805 ⁸⁸.»
865 2750 1128 2806 Pustnlas
1157 2752 1363 2805 habere
1397 2751 1603 2805 dicitur
1636 2750 1692 2802 in
1736 2748 1943 2813 fronte,
1992 2751 2085 2819 qui
2116 2751 2553 2809 inﬂammatione
2585 2755 2930 2825 postularunt
2976 2770 3286 2826 respersam
3322 2755 3517 2810 faciem
3564 2756 3726 2825 gerit.

474 2839 709 2894 Pustu'ae
729 2846 914 2893 autem
952 2836 1060 2891 ilhc
1083 2838 1230 2891 inter
1262 2836 1490 2891 morbds
1511 2843 2012 2890 conuumerantur.
2038 2834 2231 2894 Solent
2251 2840 2397 2896 enim
2432 2841 2652 2897 fuscare
2678 2843 2822 2897 cutis
2845 2843 3219 2915 snperficiem.
3242 2843 3365 2901 Tali
3390 2841 3584 2896 morbo
3605 2844 3733 2897 sunt

472 2931 743 3001 impediti,
765 2931 860 3001 qui
897 2937 1183 2999 nequeunt
1223 2942 1364 2998 puro
1387 2928 1543 2981 vultu
1579 2925 1783 2980 intueri
1814 2926 2135 2990 Dominum,
2165 2942 2269 2982 nec
2291 2938 2524 2997 possunt
2545 2930 2713 2985 etiam
2751 2947 2850 2985 sua
2883 2931 3168 2985 occultare
3213 2929 3508 2985 dedecora.
3540 2926 3727 2985 Minus

471 3029 652 3072 autem
707 3028 939 3088 peccant
976 3019 1052 3075 hi.
1094 3031 1260 3085 quam
1300 3014 1405 3079 illi,
1438 3014 1534 3085 qui
1570 3013 1788 3084 penitus
1829 3011 2013 3068 fronte
2056 3022 2282 3080 carent,
2332 3025 2387 3071 et
2415 3015 2649 3072 eﬂ‘renes
2699 3017 2753 3071 in
2804 3031 2972 3072 omne
3025 3031 3203 3088 genus
3259 3017 3486 3072 sceleris
3537 3024 3726 3076 ruunt.

470 3104 681 3175 Lippus
708 3112 794 3159 est
827 3105 897 3170 is,
924 3104 1021 3174 qui
1049 3103 1218 3175 368
1248 3102 1539 3172 prudentia
1573 3101 1790 3170 quidem
1827 3099 1998 3165 valet,
2025 3099 2097 3155 ab
2121 3100 2413 3159 aﬂ'ectibus
2444 3119 2576 3160 vero
2613 3105 2877 3168 vincitur,
2908 3104 3002 3175 qui
3036 3105 3211 3176 ipsius
3240 3103 3481 3159 animum
3512 3106 3722 3175 saepius

470 3209 499 3247 a
532 3197 758 3248 veritate
800 3200 1058 3253 avocant,
1106 3202 1161 3245 et
1218 3189 1429 3243 accedit
1474 3186 1674 3242 deinde
1729 3186 1951 3254 adjutor
1979 3187 2251 3244 haereticis
2292 3190 2585 3261 dogmatis,
2636 3191 3104 3261 quemadmodum
3145 3190 3320 3247 ,ἰυᾶωί
3367 3201 3422 3246 et
3454 3192 3723 3260 hmretici,

468 3280 563 3349 qui
593 3280 813 3350 Quidem
847 3278 1085 3334 credunt
1122 3276 1291 3331 Deum
1342 3290 1468 3331 esse
1506 3272 1750 3338 Patrem,
1804 3274 2025 3329 interim
2061 3273 2262 3333 Filium
2300 3278 2423 3346 ejus
2456 3276 2643 3333 Jesum
2683 3278 2969 3334 Christum
3018 3277 3300 3349 rejiciunt.
3352 3278 3616 3348 Proinde,
3670 3291 3732 3336 ut

467 3375 705 3423 testatur
744 3366 1021 3437 Propheta
1060 3365 1129 3429 θ’,
1168 3384 1186 3417 ι
1217 3363 1419 3420 Oculos
1451 3362 1658 3416 habent
1687 3368 1743 3415 et
1770 3375 1882 3416 non
1913 3360 2122 3417 vident.
2155 3384 2174 3415 ι
2211 3364 2559 3436 Pruriginem
2599 3379 2760 3422 vocat
2807 3368 3061 3439 corporis
3093 3368 3405 3445 voluptates
3446 3379 3503 3426 et
3558 3372 3727 3426 vitam

468 3458 691 3526 penitus
720 3454 1009 3511 affectibus
1040 3453 1309 3518 dicatam,
1358 3451 1519 3520 cujus
1547 3450 1732 3505 exitus
1779 3457 1865 3504 est
1909 3450 2070 3504 dolor
2112 3461 2168 3506 et
2198 3453 2478 3524 lacrymte.
2520 3452 2648 3509 Haec
2700 3455 2892 3512 eadem
2940 3457 3050 3510 vita
3092 3457 3329 3526 plurima
3360 3457 3504 3513 mala
3549 3458 3727 3515 instar

469 3542 846 3598 inundatiouis
879 3542 1093 3597 invehit
1121 3542 1257 3597 .suis
1296 3538 1629 3593 cultoribus.
1673 3536 1907 3602 Quidam
1959 3538 2107 3591 enim
2142 3534 2492 3595 solummodo
2546 3553 2884 3612 superantur
2942 3543 3012 3597 ab
3044 3542 3335 3599 affectibus
3368 3551 3424 3599 et
3478 3545 3725 3615 graviter

467 3640 756 3703 aegrotant.
788 3631 896 3685 Alii
927 3646 1058 3685 vero
1088 3630 1153 3684 ad
1188 3643 1464 3683 summum
1498 3627 1751 3680 vitiorum
1784 3626 2065 3698 fastigium
2101 3628 2365 3696 provecti,
2398 3644 2509 3682 non
2556 3629 2661 3684 sibi
2696 3637 3008 3700 temperant
3035 3645 3066 3687 a
3092 3631 3418 3697 sceleribus,
3454 3646 3579 3701 qua
3622 3633 3726 3702 ipsi

468 3722 833 3777 adversantur
874 3730 1103 3774 naturte.
1137 3717 1408 3775 Caeterum
1453 3716 1545 3769 illa
1578 3716 1706 3768 vitia
1737 3720 2137 3784 comparantur
2169 3714 2313 3769 haud
2354 3714 2591 3770 absurde
2608 3717 2755 3771 cutis
2787 3716 3101 3787 asperitati,
3127 3732 3252 3788 quae
3282 3718 3522 3773 subinde
3547 3718 3720 3775 latius

466 3809 663 3878 serpit.
689 3806 964 3862 Vitiorum
1012 3806 1232 3859 illorum
1259 3817 1583 3876 progressus
1611 3811 1730 3857 erat
1757 3801 2094 3857 iubibendus
2119 3801 2278 3872 juxta
2315 3800 2452 3856 illud
2484 3820 2498 3857 :
2543 3821 2562 3853 ι
2598 3802 2654 3857 Si
2692 3805 2923 3874 spiritus
2964 3804 3087 3874 ejus
3134 3805 3231 3876 qui
3266 3806 3368 3861 tibi
3400 3807 3723 3875 impr-ritare

467 3900 641 3969 cupit,
698 3895 1013 3953 ascenderit
1060 3896 1129 3949 ad
1169 3904 1244 3957 te,
1277 3908 1411 3947 cave
1480 3893 1659 3945 locum
1715 3898 1871 3944 tuum
1926 3891 2175 3948 deseras.
2202 3887 2342 3955 Quia
2410 3889 2682 3945 medicina
2725 3893 3008 3962 consopiet
3057 3903 3283 3963 peccata
3341 3908 3542 3965 magna
3575 3894 3648 3948 ³³,
3695 3911 3713 3945 ι

363 4041 370 4048 _
465 3985 737 4056 Μόνορχις
771 3983 974 4045 dicitur
1005 3982 1091 4034 vir
1118 3978 1477 4035 effeminatus
1503 3987 1557 4032 et
1601 3977 1978 4049 androgynos,
2020 3978 2111 4047 qui
2153 3979 2352 4047 partim
2388 3980 2490 4042 vir,
2524 3979 2723 4050 partim
2751 3980 2952 4033 mulier
3001 3991 3288 4037 censetur.
3329 3982 3401 4036 At
3436 3982 3616 4036 dehis
3646 3983 3716 4036 ita

466 4070 716 4140 loquitur
743 4071 1027 4139 Scriptura
1057 4086 1071 4121 :
1114 4087 1132 4118 ι
1175 4066 1359 4135 Neque
1396 4072 1734 4119 scortatores
1767 4079 1943 4133 neque
1991 4066 2185 4122 molles
2210 4082 2440 4137 regnum
2473 4069 2564 4123 Dei
2619 4068 3025 4124 haereditabunt
3047 4069 3117 4125 “.
3151 4089 3171 4122 ι
3214 4069 3315 4129 Vel
3361 4072 3465 4127 sub
3500 4072 3593 4128 illa
3633 4070 3716 4131 di.

466 4142 651 4214 ctione
684 4158 990 4228 capiendus
1030 4164 1116 4211 est
1147 4155 1218 4219 is,
1249 4155 1345 4223 qui
1389 4169 1499 4207 non
1533 4150 1693 4209 firmo
1714 4153 1850 4219 pede
1884 4151 2098 4206 accedit
2123 4155 2189 4208 ad
2218 4155 2499 4211 virtutem.
2535 4154 2766 4227 Oportet
2794 4156 2976 4222 enim,
3023 4166 3086 4212 ut
3117 4169 3306 4221 monet
3331 4157 3615 4228 Scriptura
3641 4157 3706 4221 ",

447 4245 698 4308 ,viriliter
725 4260 886 4315 agere
911 4254 965 4298 et
1007 4242 1207 4296 fortem
1240 4255 1362 4295 esse
1391 4255 1545 4305 etun,
1567 4240 1661 4310 qui
1690 4238 1905 4292 accedit
1928 4238 1995 4292 ad
2032 4238 2231 4297 Deum.
2263 4241 2541 4313 lllijgitur
2571 4244 2929 4298 interdicitur
2978 4245 3316 4312 sacerdotio,
3351 4247 3439 4315 qui
3478 4244 3615 4298 vitio
3654 4250 3705 4297 et

468 4335 900 4403 reprehensione
938 4347 1052 4404 non
1081 4335 1263 4382 vacat.
1291 4325 1404 4380 Nec
1433 4336 1615 4380 tamen
1641 4325 2080 4394 prohibebantur
2104 4328 2280 4383 sacris
2317 4328 2572 4399 da'pibus,
2600 4346 2839 4402 quarum
2869 4347 2971 4391 esu
3001 4333 3206 4387 infirmi
3232 4331 3485 4387 nonnihil
3512 4330 3705 4401 puriﬁ-

465 4434 682 4482 cantnr,
708 4421 835 4473 dum
878 4424 1077 4471 necant
1123 4414 1380 4485 corporis
1428 4411 1665 4471 affectus
1709 4427 1928 4480 pravos.
1964 4413 2033 4475 At
2062 4415 2182 4470 sani
2215 4416 2522 4474 redduntur
2567 4418 2846 4476 firmiores
2897 4423 2955 4477 in
2992 4424 3138 4477 bono
3171 4422 3302 4475 dum
3334 4418 3608 4475 accedunt
3644 4418 3712 4479 ad

463 4525 609 4563 aras.
638 4507 773 4561 Nam
809 4520 908 4575 per
948 4501 1160 4557 Christi
1212 4516 1436 4555 carnem
1487 4510 1543 4555 et
1570 4501 1893 4572 sanguinem
1934 4516 2268 4557 renovamur
2292 4506 2524 4575 expulso
2547 4508 2724 4562 senio.
2761 4506 2813 4563 Is
2846 4515 2933 4568 est
2973 4523 3116 4563 nova
3166 4516 3454 4573 creatura,
3486 4509 3586 4578 qui
3644 4504 3712 4561 ad

462 4610 585 4648 eum
622 4595 845 4647 modum
874 4598 1035 4643 exuta
1070 4596 1295 4645 sencCIa
1319 4586 1648 4654 iuvenescit.

540 4681 604 4734 Et
638 4680 984 4734 immunditia
1013 4678 1128 4743 eius
1168 4691 1325 4747 super
1348 4678 1484 4739 ipso,
1521 4676 1632 4730 etc’.
1665 4674 1790 4731 llaec
1828 4678 2026 4733 scribit
2058 4677 2126 4732 de
2158 4677 2288 4744 illis,
2333 4695 2568 4749 quorum
2607 4681 2891 4753 ingenium
2915 4681 3227 4737 insanabile
3265 4687 3374 4745 est,
3427 4687 3483 4735 et
3536 4694 3715 4749 usque

462 4764 731 4823 inhaerent
760 4768 929 4820 vitiis.
960 4765 1308 4835 Quapropter
1358 4773 1508 4817 recte
1547 4778 1645 4817 eos
1677 4772 1831 4818 arcet
1876 4766 2209 4819 sacerdotio.
2254 4763 2411 4820 Nunc
2435 4782 2561 4823 vero
2597 4776 2795 4838 purgat
2827 4782 3024 4823 sacros
3075 4767 3393 4835 ministros,
3424 4780 3716 4826 removens

462 4857 774 4911 conuuunia
802 4867 859 4910 et
890 4854 1197 4911 mediocria
1226 4852 1384 4916 vitia,
1424 4851 1472 4905 si
1504 4850 1646 4906 forte
1676 4851 1903 4919 quidam
1929 4853 2018 4908 his
2052 4853 2253 4908 fuerint
2279 4853 2526 4922 impediti
2554 4872 2568 4907 :
2603 4870 2813 4925 eosque
2833 4855 3000 4924 erigit
3036 4863 3092 4910 et
3114 4853 3458 4917 cohortatur,
3502 4862 3563 4908 ut
3600 4854 3715 4908 sint

463 4943 631 4997 fortes
656 4952 710 4997 et
749 4952 1015 5012 praecepta
1050 4940 1265 4995 Domini
1298 4950 1534 4994 servent.
1576 4958 1595 4991 ι
1644 4938 1782 5010 Ego,
1813 4940 2015 5010 inquit,
2057 4940 2321 4994 Dominus
2353 4939 2495 4995 Deus
2528 4951 2712 4997 vester
2736 4980 2752 5003 ,
2793 4961 2811 4992 ι
2851 4943 2904 4995 id
2942 4949 3049 5005 est,
3074 4956 3190 4995 non
3224 4940 3363 4996 falso
3394 4932 3715 5001 nominatus

463 5028 629 5093 Deus,
665 5046 825 5099 quem
863 5028 1020 5082 facile
1069 5029 1142 5082 sit
1193 5036 1569 5082 contemnere.
1600 5026 1803 5083 Deinde
1852 5028 2134 5101 subjuugit
2186 5028 2254 5083 de
2293 5029 2533 5098 leproso,
2575 5030 2679 5085 sub
2727 5044 2835 5100 quo
2869 5026 3125 5109 intelligit
3161 5028 3449 5105 illum,qui
3484 5043 3714 5109 prorsus

459 5127 611 5173 Caret
641 5119 861 5182 virtute,
898 5127 958 5170 et-
1001 5119 1223 5187 penitus
1265 5125 1519 5172 mortuus
1557 5126 1665 5179 est,
1700 5117 1746 5171 si
1781 5118 2008 5175 virtutis
2048 5126 2361 5188 respectum
2403 5132 2560 5189 agas.
2596 5115 2796 5172 Verum
2826 5119 2893 5172 de
2917 5118 3021 5172 hoc
3057 5107 3228 5187 supra
3274 5117 3329 5171 in
3370 5115 3534 5184 lepra:
3564 5107 3714 5171 relai-

378 5240 385 5246 -
462 5205 611 5260 tione
637 5208 803 5260 verba
839 5203 1095 5259 fecimus.
1126 5204 1397 5259 Similiter
1429 5205 1659 5260 disserit
1696 5203 1764 5260 de
1796 5221 1885 5271 eo,
1920 5206 2015 5275 qui
2044 5210 2252 5275 patitur
2280 5206 2660 5276 importunum
2705 5206 2941 5263 seminis
2974 5205 3209 5269 fluxum.
3242 5204 3346 5261 sttb
3374 5219 3485 5279 quo
3519 5201 3712 5263 admo-

459 5309 655 5348 nemur
680 5296 820 5367 ejus,
848 5292 939 5360 qui
996 5293 1197 5346 mentis
1228 5291 1398 5345 ’vires
1428 5295 1633 5362 patitur
1662 5293 1931 5348 inutiliter
1960 5290 2208 5356 effluere,
2240 5305 2342 5347 nec
2376 5292 2444 5347 iis
2475 5292 2649 5346 utitur
2679 5290 2750 5345 ad
2775 5306 2873 5348 eas
2906 5307 3019 5355 res,
3051 5307 3189 5363 quas
3214 5291 3480 5355 honestas
3506 5297 3560 5344 et
3590 5290 3716 5359 pias

459 5381 730 5436 novimus.
771 5378 975 5437 Deinde
1024 5379 1281 5432 additur:
1338 5398 1359 5431 ‹
1396 5378 1502 5445 Qui
1550 5381 1773 5450 attingit
1815 5395 1979 5435 omne
2005 5381 2222 5450 reptile,
2253 5398 2273 5431 ι
2311 5389 2420 5437 etc.
2453 5380 2669 5447 Quibus
2710 5380 2897 5443 verbis
2948 5378 3295 5450 significatur
3326 5379 3393 5442 is,
3423 5376 3517 5447 qui
3543 5388 3717 5430 reue-

462 5469 857 5538 numaspidum
884 5466 1021 5537 gerit
1051 5467 1106 5519 in
1138 5466 1299 5521 labiis
1348 5469 1491 5531 suis,
1532 5474 1589 5521 et
1642 5468 2075 5535 simplicioribus
2119 5466 2468 5522 fraudulento
2510 5453 2764 5537 imponit.
2812 5467 3056 5522 Cadaver
3087 5482 3197 5536 pra:
3229 5480 3288 5519 se
3322 5464 3425 5519 fert
3452 5479 3575 5517 eum
3616 5461 3715 5529 qui

526 5624 573 5655 ⁷⁸
620 5622 728 5681 15η.
766 5638 879 5684 vnt,
913 5620 1018 5685 l8;
1061 5619 1229 5677 Hebr.
1256 5634 1315 5683 tt,
1356 5620 1438 5674 l5.
1516 5620 1563 5653 ⁷⁸
1599 5619 1758 5676 Prov.
1837 5637 1911 5681 tv,
1942 5620 2032 5674 25.
2115 5623 2125 5653 τ

2115 5622 2160 5653 ⁷⁷
2201 5620 2303 5675 lsa.
2331 5635 2480 5685 κων,
2526 5623 2613 5683 18.
2692 5622 2738 5654 ⁷⁸
2781 5621 2947 5679 Hebr.
2983 5635 3085 5686 sit,
3126 5621 3193 5675 12
3288 5619 3333 5653 τ’
3368 5615 3514 5674 Psal.
3569 5630 3713 5677 xvtl.

457 5693 545 5747 ιϐ.
649 5695 695 5725 ⁸⁸
719 5691 920 5746 Jcrt‘nt.
1023 5704 1211 5751 xum,
1246 5690 1330 5743 l0.
1408 5691 1451 5722 ⁸³
1484 5691 1624 5745 Psal.
1657 5708 1845 5757 LXVIII,
1872 5694 1987 5745 ἐάν
2030 5691 2051 5722 ⁸

480 5766 502 5795 ⁸
527 5763 548 5816 Ι
572 5762 700 5818 Cor.
733 5780 846 5824 κν..
888 5761 953 5815 15
976 5766 1029 5815 cf
1073 5761 1221 5812 altL‘t.

2114 5691 2256 5744 l’.~al.
2309 5707 2461 5758 cxut,
2515 5693 2568 5747 5.
2675 5694 2721 5725 ⁸³
2761 5694 2940 5747 i'lcclt‘.
2982 5707 3037 5755 ι,
3073 5692 3127 5744 ι.
3233 5690 3279 5722 ἰ
3305 5688 3325 5742 l
3356 5688 3483 5743 Cor.
3512 5701 3588 5751 vt,
3623 5687 3713 5741 l0.
