4050 6212
358 324 468 397 773
1344 331 1890 393 'COMMENTARII
1940 334 1957 392 l

2009 332 2022 393 l
2064 334 2513 415 LEVITICUM.
3328 355 3351 368 ο
3500 348 3608 417 71/.

358 452 580 520 penitus
612 446 851 511 refrixit,
881 462 981 504 nec
1011 447 1252 505 l‘ervidus
1277 450 1474 519 spiritu
1508 452 1883 520 cognoscitur.
1924 450 1969 513 Α
1998 451 2175 508 bestia
2223 464 2422 525 captus
2468 456 2802 527 intelligitur
2829 458 2898 523 is,
2937 460 3029 529 qui
3064 461 3274 518 diaboli
3307 462 3496 525 laetus
3515 481 3605 527 est

365 536 547 593 cibus.
581 533 694 595 Hos
716 549 908 590 omnes
930 533 1080 607 fugat
1112 537 1194 591 lex
1228 536 1411 592 divina
1444 551 1474 589 a
1508 537 1705 593 sacris.
1736 536 1896 599 Nam,
1936 546 1994 593 ut
2043 540 2206 593 docet
2243 541 2444 595 Paulus
2473 560 2488 596 :
2525 561 2544 592 ι
2584 541 2910 613 Quicunque
2938 546 3112 601 ederit
3135 562 3337 615 corpus
3393 552 3604 613 Christi

359 634 418 679 et
444 625 645 681 biberit
669 628 930 695 poculum
954 628 1199 697 indigne,
1236 627 1339 682 sibi
1368 628 1763 697 ipsijudieium
1799 629 1913 683 edit
1936 638 1991 683 et
2027 630 2169 683 bibit
2197 629 2264 683 ⁸⁸.
2290 648 2308 681 ι
2349 628 2509 685 Tales
2546 632 2821 686 habentur
2850 637 2902 688 in
2927 638 3605 697 numeroimmnndornm.

360 711 691 769 Polluurttur
719 725 771 771 et
807 717 885 780 lti,
916 719 1009 786 qui
1042 717 1125 771 bis
1151 715 1500 772 familiariter
1525 717 1861 785 junguntur.
1891 718 2029 772 Nam
2060 732 2158 786 per
2186 728 2500 772 contactum
2532 721 2882 791 intelligenda
2910 735 2992 777 est
3024 724 3367 780 l‘atniliarttaa
3421 747 3441 780 ι
3466 732 3606 784 Coro

354 810 625 867 rumpunt
665 802 932 871 siquidem
980 819 1162 859 mores
1192 804 1370 859 bonos
1400 806 1678 873 colloquia
1732 822 1898 874 prava
1923 806 1994 858 ⁸⁷.
2030 825 2049 857 ι
2077 806 2143 859 Et
2165 821 2286 875 qum
2315 821 2441 876 pars
2470 807 2611 861 ﬁdeli
2642 824 2764 863 cum
2797 812 3123 866 incredula?
3156 815 3361 869 Contra
3402 825 3604 885 autem,

362 888 410 941 si
435 903 561 941 cum
590 896 787 943 sancto
819 891 1189 957 conversaris,
1215 898 1274 945 tu
1299 905 1518 959 quoque
1545 891 1962 947 sanctiﬁcabere
1984 892 2052 946 ⁸⁸.
2078 892 2233 958 Quod
2258 908 2389 947 vero
2411 895 2477 948 de
2507 895 2820 951 hominibus
2838 914 3142 954 sermonem
3168 900 3362 959 habeat
3392 904 3608 959 abunde

361 974 591 1039 indicat,
642 977 789 1045 quod
849 978 983 1032 dicit
1010 995 1022 1031 :
1070 998 1089 1031 ι
1119 979 1340 1043 Anima,
1371 996 1494 1049 qua:
1546 979 1812 1048 attigerit.
1845 998 1865 1031 ι
1900 978 2035 1033 Cum
2062 981 2151 1032 tali
2174 996 2240 1034 ne
2265 981 2446 1033 cibum
2478 982 2694 1051 quidem
2751 986 3070 1052 capiendum
3101 1003 3224 1044 esse
3250 1002 3431 1045 monet
3460 990 3605 1048 Pau-

362 1062 449 1116 lus
475 1061 541 1113 “.
579 1061 649 1115 At
683 1062 936 1119 Christus
968 1065 1071 1118 sub
1118 1080 1401 1134 vesperam
1430 1066 1671 1129 advenit,
1707 1075 1765 1118 ut
1791 1066 2154 1122 illiuscemodi
2184 1068 2432 1122 homines
2460 1071 2767 1138 apeccatis,
2796 1086 2917 1139 quae
2948 1073 3227 1128 immunda
3247 1088 3394 1139 sunt,
3423 1078 3607 1133 ahsol~

360 1157 474 1202 vat.
514 1147 752 1207 Proinde
777 1151 1040 1220 jnhenlur
1104 1152 1276 1208 Judaei
1335 1156 1442 1209 sub
1501 1169 1782 1223 vesperam
1818 1170 2018 1224 agnum
2052 1157 2262 1211 czrdere
2296 1157 2633 1225 paschalem,
2670 1168 2729 1212 ut
2763 1160 2868 1214 sub
2907 1161 3012 1214 hoc.
3056 1171 3184 1233 typo
3212 1165 3606 1236 praesigniﬁce-

366 1247 454 1290 tur
480 1246 720 1306 tempus,
780 1256 890 1307 quo
926 1240 1266 1296 adventurtts
1299 1241 1371 1297 sit
1424 1242 1704 1296 Christus.
1743 1242 1904 1296 Venit
1942 1244 2106 1311 igitur
2134 1244 2390 1299 Christus
2424 1246 2686 1300 extremis
2718 1248 3086 1316 temporibus,
3142 1251 3260 1305 sole
3292 1251 3606 1309 declinante

364 1326 631 1394 temporis
664 1342 979 1389 mensuram
1030 1329 1095 1381 ad
1121 1344 1427 1399 vesperam.
1460 1329 1535 1384 Eo
1566 1340 1809 1400 tempore
1844 1331 2002 1384 nobis
2038 1330 2224 1384 divino
2254 1346 2483 1385 munere
2512 1332 2707 1401 obtigit
2745 1344 3135 1389 sacrosanctus
3168 1337 3491 1405 baptistnus.
3528 1340 3606 1394 Eo

362 1425 584 1479 quoque
636 1419 881 1482 tempore
934 1415 1075 1482 pasti
1114 1429 1305 1471 sumus
1335 1430 1496 1485 pane,
1527 1416 1619 1484 qui
1650 1430 1679 1470 e
1715 1416 1859 1470 caelo
1890 1414 2198 1482 descendit,
2232 1431 2392 1486 quem
2443 1418 2622 1472 oratio
2672 1416 2953 1474 Dominica
3009 1424 3255 1476 nominat
3310 1426 3606 1495 supersub-

363 1500 704 1555 stantialem.

429 1589 791 1669 3690mm}
821 1591 1114 1657 alienigena
1127 1608 1230 1646 non
1256 1601 1490 1646 vescetur
1505 1594 1724 1656 sanctis,
1747 1601 1852 1655 etc.
1881 1591 2070 1662 (XXII,
2098 1590 2209 1661 10.]
2234 1588 2404 1646 Taxat
2432 1593 2535 1646 hoc
2563 1592 2682 1646 loco
2719 1592 2945 1663 impium
2965 1603 3018 1649 et
3044 1610 3074 1650 a
3102 1596 3205 1653 lide
3231 1598 3488 1664 alienum,
3506 1603 3602 1671 qui

358 1691 677 1748 segregatus
708 1680 779 1735 sit
810 1680 879 1734 ab
909 1679 1152 1734 Ecclesia
1184 1680 1296 1733 Dei.
1326 1678 1443 1733 Non
1475 1680 1622 1734 enim
1671 1680 1929 1733 convenit
1981 1687 2040 1732 ut
2080 1679 2271 1733 demus
2316 1678 2462 1746 quod
2493 1686 2742 1732 sanctum
2780 1688 2864 1734 est
2893 1682 3126 1739 canibus
3155 1703 3169 1738 :
3202 1700 3305 1739 nec
3329 1686 3508 1750 decet,
3541 1696 3602 1742 ut

360 1766 692 1834 ohjiciautus
748 1768 934 1835 porcis
967 1767 1296 1835 margaritas
1338 1768 1407 1821 '°.
1460 1765 1598 1819 lluic
1628 1767 1942 1819 adnectitur
1994 1765 2224 1827 advena,
2264 1765 2356 1833 qui
2390 1765 2653 1833 Operibus
2683 1780 2793 1835 prae
2820 1781 2879 1821 se
2912 1765 3018 1820 fert
3052 1770 3229 1824 civem
3257 1774 3467 1839 mundi,
3502 1776 3602 1843 qtti

360 1851 626 1905 mundum
660 1866 814 1905 suam
840 1853 1140 1906 arbitratur
1172 1852 1425 1921 patriam.
1454 1850 1655 1905 Verum
1687 1852 1868 1906 verbis
1898 1859 1951 1905 et
1983 1851 2127 1905 nuda
2156 1852 2258 1905 lide
2284 1852 2446 1905 etiam
2480 1850 2737 1906 Ecclesiae
2778 1853 3011 1907 incolam
3060 1870 3119 1911 se
3167 1857 3414 1914 simulat.
3450 1859 3600 1915 Prae-

367 1948 515 1992 terea
542 1939 913 1993 mercenarius
963 1939 1312 1994 existimatur
1358 1937 1425 2001 is,
1455 1938 1546 2007 qui
1578 1937 1893 2005 religionem
1937 1941 2205 2003 quaestum
2248 1934 2571 2000 arbitratur,
2607 1942 2660 1987 et
2702 1944 2937 1989 conatur
2972 1953 3186 1992 summa
3237 1955 3339 2011 ope
3389 1944 3602 2012 placere

364 2023 640 2087 ﬁdelibus,
674 2039 907 2094 quorum
950 2027 1252 2081 auctoritas
1294 2033 1348 2080 et
1400 2023 1603 2079 divitia:
1639 2024 1932 2092 plurimum
1964 2022 2209 2090 pollent:
2262 2029 2320 2074 ut
2369 2020 2497 2074 hinc
2531 2036 2691 2075 suum
2741 2031 3023 2091 comparet
3069 2026 3440 2083 commodum.
3488 2028 3600 2085 Hos

361 2113 444 2165 lex
477 2112 614 2166 nihil
663 2112 881 2167 dill'erre
913 2112 980 2166 ab
1026 2111 1345 2180 alienigenis
1392 2110 1625 2180 judicat.
1666 2108 1733 2162 At
1788 2109 2176 2163 liliuslantilias
2222 2107 2402 2163 sacris
2435 2110 2679 2163 vescitur
2723 2110 2886 2163 cibis.
2919 2108 3053 2163 Nam
3105 2112 3152 2166 is
3185 2113 3329 2167 lllius
3366 2115 3418 2169 in
3475 2116 3582 2173 ﬁde

358 2198 629 2264 genuinus
662 2208 717 2252 et
744 2214 909 2253 verus
935 2207 1039 2263 est,
1074 2207 1128 2252 et
1159 2198 1501 2267 propinquus
1531 2197 1807 2265 spiritui.r
1843 2195 1907 2248 Et
1934 2210 2043 2249 tere
2073 2204 2347 2264 emptus,»
2378 2202 2488 2249 etc.
2513 2193 2769 2249 Christus
2793 2194 2943 2250 enim
2971 2212 3070 2251 nos
3101 2197 3330 2253 redeutit
3364 2215 3430 2255 ex
3464 2202 3600 2273 legis

352 2286 748 2340 Antalcdictione
774 2286 901 2339 dum
936 2300 1034 2354 pro
1059 2286 1215 2340 nobis
1247 2284 1561 2338 maledictio
1590 2284 1769 2337 factus
1806 2295 1909 2337 est.

434 2370 499 2424 Et
528 2373 646 2440 ﬁlia
675 2373 967 2427 sacerdotis
989 2375 1035 2427 si
1067 2374 1303 2441 nupserit
1339 2371 1672 2440 alienigena,
1700 2379 1807 2424 etc.
1839 2368 1984 2441 [ιλ]
2024 2370 2499 2437 Quemadmodum
2528 2371 2597 2436 is,
2634 2373 2729 2442 qui
2759 2373 2932 2442 tangit
2957 2372 3232 2444 leprosum
3264 2383 3317 2429 et
3343 2391 3595 2446 sperma-

358 2461 431 2513 tis
462 2462 728 2529 proﬂuvio
761 2463 1121 2528 laborantem,
1153 2463 1244 2516 illo
1272 2468 1476 2514 attactu
1511 2461 1845 2520 incestatur,
1913 2458 2013 2517 ita,
2050 2459 2177 2511 licet
2205 2458 2333 2526 quis
2362 2458 2705 2528 propinquus
2737 2459 2807 2513 sit
2840 2459 2984 2521 ﬁdei,
3006 2461 3410 2530 quamprimum
3443 2478 3598 2518 com-

359 2547 623 2602 mercium
652 2548 911 2605 habuerit
934 2564 1060 2604 cum
1091 2548 1409 2607 incredulis,
1445 2546 1642 2599 horum
1676 2543 1975 2603 violaltitur
1998 2552 2054 2597 et
2083 2543 2466 2612 proluuabitut'
2517 2542 2915 2599 familiaritate.
2949 2544 3141 2599 Filiam
3173 2547 3476 2604 sacerdotis
3502 2566 3601 2604 no.

358 2636 533 2688 mittat
562 2636 800 2689 animam
832 2643 1205 2705 regeneratam
1252 2649 1317 2688 ex
1351 2646 1494 2701 aqua
1525 2639 1581 2685 et
1620 2629 1820 2699 spiritu
1852 2648 1865 2682 :
1910 2646 2098 2685 verum
2129 2631 2377 2699 junctam
2427 2632 2714 2687 incredula
2759 2641 2984 2703 propter
3019 2634 3480 2692 incredulitatem.
3509 2638 3595 2694 ld-

354 2722 509 2776 circo
538 2721 816 2794 Sapientia
868 2722 1115 2794 praecipit
1153 2740 1168 2776 :
1210 2740 1229 2771 ι
1277 2719 1402 2785 Fili,
1454 2735 1525 2772 ne
1565 2727 1616 2772 te
1651 2717 2084 2772 circumveniant
2111 2720 2215 2773 viri
2247 2720 2400 2788 impii
2425 2719 2493 2775 “.
2534 2738 2555 2772 ι
2593 2718 2714 2774 Non
2761 2712 2905 2775 enim
2938 2728 3157 2790 Oportet
3179 2738 3279 2777 nos
3307 2726 3593 2783 attendere

346 2809 642 2877 spiritibus
674 2810 1093 2882 impostoribus,
1131 2821 1195 2862 ac
1233 2804 1506 2861 doctrinis
1542 2803 1964 2867 daemoniorum,
2013 2819 2109 2873 per
2141 2805 2555 2859 simulationem
2590 2804 3034 2875 falsiloquorutn,
3060 2810 3308 2865 cauterio
3344 2820 3589 2866 notatam

356 2896 672 2952 habentium
712 2899 1131 2954 conscientiam.
3302 2900 3305 2905 ’

427 2981 494 3035 Et
529 2984 651 3053 ﬁlia
698 2986 992 3042 sacerdotis
1017 2989 1064 3043 si
1114 2989 1275 3058 fuerit
1309 2989 1467 3043 vidua
1505 2986 1696 3057 ejecta,
1753 2993 1869 3055 etc.
1908 2983 2163 3038 Animam
2198 2980 2316 3034 haec
2369 2977 2535 3034 verba
2581 2978 2967 3033 demonstrant
3016 2980 3357 3037 deﬁcientem
3401 2998 3429 3037 a
3463 2975 3594 3051 Deo,

346 3070 551 3126 deinde
576 3087 672 3142 per
689 3076 1070 3144 pmnitentiam
1106 3085 1363 3133 renovata
1402 3077 1633 3131 liberata
1685 3073 1852 3128 fuerit
1885 3073 2091 3127 semine
2125 3065 2441 3138 peregrino,
2472 3066 2631 3135 cujus
2659 3067 2894 3135 impulsu
2921 3068 2974 3121 in
3008 3070 3245 3139 perﬁdiae
3276 3071 3593 3128 barathrum

354 3157 592 3214 adducta
634 3158 832 3217 fuerat.
868 3162 977 3217 Aut
1010 3172 1066 3217 et
1099 3164 1144 3218 si
1191 3162 1477 3233 repudiata
1528 3159 1695 3215 fuerit
1723 3173 1752 3211 a
1808 3157 1917 3211 Deo
1964 3167 2158 3210 carens
2205 3152 2428 3206 virtutis
2457 3151 2661 3216 fructu,
2693 3166 2856 3219 quam
2886 3155 3145 3208 ocissime
3190 3163 3499 3210 revertatur
3525 3158 3595 3212 ad

356 3244 524 3299 Deum
568 3255 620 3301 et
648 3258 869 3318 accepta
912 3249 1040 3304 erit.
1070 3248 1275 3305 Eadem
1304 3249 1470 3303 verba
1502 3247 1608 3301 sub
1639 3254 1772 3317 typo
1803 3242 2042 3312 quodam
2090 3245 2491 3310 repraesentant
2544 3236 2885 3308 Synagogam
2918 3237 3254 3294 Jnda'orum.
3286 3240 3409 3297 Haec
3450 3246 3598 3298 enim

352 3345 450 3400 per
471 3331 656 3388 Mosen
687 3350 847 3390 sacro
869 3337 1054 3407 generi
1091 3336 1390 3406 desponsa,
1435 3347 1561 3389 cum
1601 3332 1854 3403 plurimis
1899 3330 1984 3398 (nt
2032 3335 2274 3382 testatur
2305 3323 2597 3394 Jeremias)
2631 3325 2948 3393 pastoribus
2978 3334 3218 3379 scortata
3250 3336 3355 3383 est.
3391 3326 3592 3383 Novis-

352 3420 491 3475 sime
517 3432 697 3477 autem
735 3425 972 3491 praetulit
994 3432 1265 3493 przeeepta
1298 3423 1616 3478 Scribarum
1649 3429 1703 3474 et
1732 3417 2137 3472 Pharisaeorum
2178 3412 2385 3468 Christi
2420 3410 2715 3466 doctrinae.
2749 3410 3022 3467 Caeterum
3071 3414 3252 3469 denuo
3284 3418 3594 3479 vocabitur,

350 3516 407 3563 et
438 3509 626 3563 audiet
668 3510 978 3565 doctrinam
1006 3511 1237 3565 Christi.
1276 3510 1433 3575 Nam,
1503 3518 1556 3561 ut
1591 3509 1794 3562 habent
1845 3502 2150 3575 prophetiae
2181 3501 2373 3564 verba,
2421 3517 2439 3550 ι
2473 3497 2677 3553 Diebus
2710 3499 2961 3568 plurimis
3008 3502 3274 3556 sedebunt
3307 3501 3400 3557 ﬁlii
3431 3503 3596 3560 Israel

353 3595 562 3664 absque
583 3579 734 3666 rege,
772 3596 896 3652 sive
924 3598 1177 3666 principe
1208 3598 1254 3628 "
1277 3637 1292 3662 ,
1335 3614 1353 3648 ι
1392 3604 1502 3648 etc.
1539 3594 1745 3648 Deinde
1775 3593 2054 3650 subnectit
2084 3609 2099 3638 :
2133 3610 2151 3642 ι
2178 3590 2607 3654 Convertentur,
2641 3598 2695 3643 et
2744 3590 3038 3659 exquirent
3082 3590 3373 3646 Dominum
3422 3593 3593 3649 Deum

351 3694 536 3735 suum.
568 3700 587 3733 Ι

430 3790 537 3857 Qui
563 3791 725 3845 ederit
760 3801 949 3846 sancta
993 3793 1319 3863 ignoranter,
1343 3800 1451 3848 etc.
1484 3791 1625 3864 [ιι]
1664 3790 1835 3848 Caesis
1867 3793 2107 3848 victimis
2132 3802 2187 3848 et
2217 3793 2441 3858 oblatis,
2475 3793 2544 3846 de
2570 3807 2746 3859 more,
2780 3791 3050 3861 quidquid
3088 3800 3394 3862 supererat,
3429 3795 3595 3857 cedes

348 3878 444 3932 bat
472 3879 881 3942 sacerdotibus,
916 3889 1107 3948 utpote
1137 3889 1303 3947 caput
1336 3889 1390 3934 ct
1421 3879 1609 3948 pedes.
1663 3877 1720 3931 Si
1754 3880 1876 3947 quis
1918 3887 2097 3935 autetu
2134 3881 2394 3950 ignorans
2425 3880 2633 3932 edisset
2660 3877 2727 3931 de
2756 3880 2861 3941 his,
2892 3894 3014 3947 quae
3036 3878 3431 3947 oﬂ'erebantur,
3465 3897 3590 3951 pro-

348 3963 495 4020 fecto
542 3980 734 4035 pmnas
780 3966 1157 4037 incogitantia:
1218 3967 1424 4020 luebat.
1476 3964 1777 4034 Oportebat
1829 3967 1996 4030 enim,
2031 3974 2086 4018 ut
2130 3967 2290 4020 docet
2348 3963 2556 4018 Paulus
2606 3964 2690 4027 ",
2724 3964 2949 4019 edentes
2984 3965 3249 4019 sacriﬁcia
3292 3969 3586 4038 participes

349 4052 467 4106 ﬁeri
503 4054 742 4108 altaris:
780 4068 881 4107 nec
929 4055 1136 4116 onmia,
1169 4068 1290 4123 quae
1341 4052 1791 4116 immolabantur,
1824 4052 1910 4107 sui
1945 4053 2090 4123 juris
2127 4050 2332 4107 facere.
2384 4051 2530 4105 Idem
2561 4050 2664 4105 hoc
2704 4049 2978 4105 iaciebant
3029 4052 3123 4105 lilii
3161 4051 3280 4107 Heli
3308 4055 3581 4111 cousulto‘.

345 4138 693 4210 Quapropter
722 4145 948 4196 meritas
974 4141 1187 4210 esperti
1235 4149 1364 4194 sunt
1393 4154 1606 4209 ptl‘llaS.

418 4248 523 4314 Qui
554 4248 799 4301 attulerit
836 4248 1152 4312 dona-sua,
1206 4254 1313 4301 etc.
1365 4242 1511 4317 [l8.]
1541 4244 1844 4299 Masculum
1888 4258 2010 4299 esse
2038 4252 2254 4315 oportet
2302 4250 2356 4297 et
2387 4241 2680 4296 admodum
2714 4242 2870 4298 virile
2909 4243 2983 4307 id,
3013 4245 3158 4313 quod
3191 4245 3417 4301 oll‘ertur
3450 4248 3578 4303 Deo.

346 4333 619 4390 Praeterea
648 4351 877 4391 necesse
915 4342 1021 4400 est,
1056 4344 1114 4388 ut
1153 4343 1338 4388 careat
1367 4334 1515 4387 omni
1546 4333 1702 4385 vitio.
1754 4330 1850 4385 llis
1877 4331 2060 4386 verbis
2096 4330 2438 4400 signiﬁcatur
2488 4329 2741 4385 Christus
2784 4330 2877 4384 Dei
2911 4333 3176 4400 potentia,
3210 4334 3304 4401 qui
3354 4348 3580 4402 prorsus

347 4439 375 4473 a
417 4424 625 4489 precati
665 4422 883 4476 macula
910 4429 964 4475 et
993 4422 1112 4473 labe
1141 4419 1243 4474 fuit
1285 4419 1571 4473 immunis.
1603 4418 1879 4473 Masculus
1914 4433 2130 4486 semper
2158 4426 2319 4488 typus
2352 4426 2437 4471 est
2480 4416 2846 4485 imperatoriae
2872 4420 3148 4487 potentias.
3182 4417 3271 4472 Sic
3300 4419 3576 4487 Christus,

344 4509 598 4576 quamvis
652 4509 949 4561 humanam
994 4518 1245 4561 naturam
1299 4508 1663 4577 assumpserit
1684 4515 1734 4561 et
1768 4507 1950 4560 ovium
1986 4520 2216 4559 numero
2262 4506 2333 4559 sit
2367 4505 2610 4564 habitus,
2643 4514 2883 4560 attamen
2918 4508 3149 4574 imperat
3179 4509 3454 4562 omnibus.
3489 4508 3578 4562 Vi-

344 4598 530 4658 ctima,
585 4608 705 4662 quae
742 4595 907 4647 fuerit
941 4609 1113 4656 caeca,
1154 4594 1498 4665 reprobatur.
1555 4593 1643 4647 Sic
1672 4593 1987 4663 quicunque
2024 4593 2226 4646 divina:
2272 4592 2551 4662 sapientiae
2592 4591 2795 4645 fuerint
2845 4603 3100 4661 expertes
3135 4610 3233 4648 nec
3270 4599 3577 4664 receperint

344 4682 801 4735 illuminatinncm
831 4682 1062 4741 Christi,
1100 4698 1221 4750 qua:
1258 4682 1381 4735 ﬁdei
1414 4682 1723 4735 interventu
1748 4670 1989 4743 obvenit,
2029 4681 2224 4733 merito
2253 4680 2629 4749 repudiantur.
2672 4677 2828 4743 Nam,
2880 4688 2939 4731 ιιι
2984 4687 3215 4734 testatur
3264 4680 3574 4755 Scriptura,

345 4786 364 4816 ι
398 4767 455 4819 Si
508 4782 615 4819 non
651 4767 1020 4831 credideritis,
1053 4782 1395 4836 nequaquam
1431 4766 1746 4836 intelligi-tis
1773 4767 1839 4820 “.
1882 4784 1900 4815 ι
1938 4765 2243 4819 Coutritutn
2269 4776 2522 4819 censetur
2554 4766 2683 4817 illud
2733 4765 2953 4828 animal,
2995 4768 3138 4832 quod
3171 4781 3395 4833 prorsus
3428 4784 3579 4821 mor-

342 4857 536 4909 bOSurn
569 4852 754 4906 fuerit.
784 4854 855 4907 De
890 4854 1093 4905 talibus
1125 4854 1303 4922 inquit
1337 4855 1625 4923 propheta,
1650 4853 1716 4905 de
1744 4853 1969 4915 talibus,
1998 4853 2245 4919 inquam,
2278 4852 2370 4920 qui
2405 4854 2507 4905 sub
2538 4853 2795 4906 morbuso
2826 4854 3045 4905 animali
3073 4864 3573 4922 repraesentantur:

344 4957 363 4989 ι
412 4936 556 5001 Ecce
594 4952 696 5008 ego
723 4938 924 4991 induco
956 4953 1121 5006 super
1149 4940 1406 5007 populum
1441 4939 1587 4995 hunc
1635 4938 2029 4999 inﬁrmitatem,
2070 4947 2120 4991 et
2162 4952 2226 4991 ea
2281 4938 2610 5001 laborabunt
2636 4946 2821 5004 patres
2850 4949 2901 4991 et
2935 4938 3031 4991 ﬁlii
3062 4958 3074 4991 :
3111 4940 3325 4995 vicinus
3372 4945 3579 5010 pariter

344 5033 398 5079 et
428 5024 717 5094 proximus
747 5023 870 5091 ejus
899 5023 1159 5092 peribunt
1197 5023 1264 5075 ”.
1302 5042 1321 5075 ι
1360 5023 1462 5088 Qui
1497 5038 1625 5077 vero
1653 5023 1937 5091 justiﬁcati
1972 5021 2176 5077 fuerint
2215 5023 2521 5077 interventu
2578 5022 2700 5077 ﬁdei
2734 5032 2940 5077 canunt
2974 5040 2987 5076 :
3029 5043 3047 5075 ι
3087 5023 3364 5080 Benedicit
3393 5030 3578 5083 anima

341 5125 462 5166 mea
490 5110 803 5175 Dotninum,
836 5112 930 5178 qtti
956 5118 1114 5165 sanat
1152 5125 1344 5165 omnes
1394 5111 1614 5164 morbos
1663 5120 1820 5172 tuos;
1851 5110 1943 5178 qui
1976 5109 2195 5162 redimit
2238 5124 2303 5163 ex
2343 5110 2693 5179 corruptione
2724 5112 2885 5162 vitam
2918 5121 3066 5165 tuam
3106 5113 3172 5165 ".
3208 5132 3231 5182 ε
3264 5114 3579 5169 Balhutiens

340 5197 683 5267 intelligitur,
716 5197 808 5266 qui
853 5199 1041 5265 nequit
1073 5197 1319 5266 proloqui
1353 5197 1576 5251 verbum
1612 5196 1736 5249 lidci
1794 5196 1938 5264 quod
1974 5198 2389 5250 annuntiamus.
2438 5196 2709 5253 Caeterum
2764 5197 2929 5275 37o
2979 5198 3236 5256 Christus
3279 5212 3333 5255 et
3361 5201 3463 5255 hoc
3497 5202 3578 5255 vi-

352 5286 491 5337 tium
530 5283 845 5337 emendavit
877 5292 935 5336 ut
967 5290 1206 5338 testatur
1252 5282 1518 5353 propheta
1547 5300 1561 5334 :
1608 5300 1627 5332 ι
1676 5280 1739 5333 Ει
1774 5283 1971 5350 linguu-
2010 5283 2381 5336 halhutientes
2406 5282 2553 5339 Lrevi
2586 5286 2801 5338 discent
2842 5287 2987 5355 loqui
3019 5302 3205 5356 pacem
3238 5288 3320 5353 ⁸⁷,
3362 5306 3382 5339 t
3410 5287 3462 5342 id
3492 5297 3579 5343 est

349 5371 659 5425 Christum.
697 5368 1051 5435 Formiratio,
1085 5370 1363 5437 irnpetigo,
1399 5377 1452 5422 et
1488 5369 1756 5439 asperitas
1790 5369 1936 5421 cutis
1968 5367 2283 5436 signiﬁcant
2321 5370 2490 5423 animi
2524 5370 2652 5423 vitia
2674 5411 2689 5435 ,
2724 5386 2845 5441 qua:
2872 5373 3113 5442 quotidie
3147 5386 3447 5445 augescunt
3476 5390 3577 5429 nec

348 5460 696 5513 minuuntur.
737 5457 944 5510 Animal
979 5458 1228 5510 tuutilnm
1266 5456 1312 5509 si
1341 5459 1422 5511 vel
1455 5456 1684 5509 caudam
1732 5456 1816 5508 vel
1864 5455 2137 5509 auriculas
2175 5455 2461 5524 respicias,
2492 5473 2600 5526 pra’
2633 5473 2692 5513 se
2742 5456 2847 5513 l‘ert
2885 5460 3317 5526 inobedicntem,
3350 5476 3448 5515 nec
3494 5470 3573 5512 ta-

398 5635 483 5707 ‘fl
513 5637 644 5694 Cor.
677 5654 749 5703 χι,
780 5638 883 5694 27.’
950 5636 1034 5691 ⁸⁷1
1065 5635 1192 5691 Cor.
1223 5635 1434 5707 ιδ’,ᾼεὸᾇΔ
1480 5632 1540 5707 7“
1565 5631 1705 5685 Psal.
1729 5632 1990 5707 ηιμ-ξδ’.
2064 5633 2107 5666 ⁸⁸
2145 5633 2161 5685 1
2187 5632 2314 5707 (Ζιιι-Σ
2347 5650 2401 5698 v,
2422 5636 2509 5689 Η.
2536 5704 2555 5707 _
2585 5636 2631 5667 ⁹⁰
2660 5634 2848 5690 Matth.
2884 5652 2979 5707 vn,
3008 5637 3079 5707 6.7
3125 5635 3356 5689 “Eccli.
3389 5649 3500 5695 xvi,
3525 5635 3559 5690 i.

341 5709 381 5740 "'
414 5705 643 5762 Osceut
673 5747 687 5774 ,
728 5710 780 5763 4.
859 5711 903 5741 ⁸³
943 5708 1112 5761 lCor.
1156 5720 1232 5764 tv,
1268 5703 1346 5760 I5.
1400 5704 1444 5735 ”
1478 5706 1578 5757 lsa.
1619 5720 1711 5767 ιιι,
1748 5704 1797 5757 9.
1876 5703 1922 5734 "

1876 5703 1922 5734 "
1953 5703 2155 5758 ,ιω-(σω.
2182 5720 2256 5770 vt,
2288 5705 2379 5757 2t.
2455 5708 2501 5736 ’⁸
2532 5704 2676 5760 Psal.
2706 5720 2780 5759 cn
2802 5746 2816 5769 ,
2858 5703 2919 5761 ιζ
2988 5709 3029 5739 ’⁷
3063 5706 3166 5761 Isa.
3196 5719 3343 5760 χχιιι
3421 5706 3472 5758 4.
