4024 6194
392 320 397 327 .
476 273 580 340 m
1694 329 1701 335 _
1785 259 2138 332 Pnocoru
2172 268 2417 330 GAZIEI
3628 253 3731 334 756

476 399 601 440 men
632 394 734 454 per
762 380 946 436 omnia
999 378 1293 451 pulchrum
1319 386 1374 433 et
1406 377 1721 434 honestum.
1758 377 2032 448 Rejicitur
2079 376 2285 430 animal
2334 383 2534 430 natura
2558 369 2892 441 masculum,
2928 376 2973 430 si
3006 374 3187 432 officio
3228 376 3396 433 maris
3434 377 3581 448 fungi
3635 395 3734 431 ne-

475 474 618 539 quit,
651 476 842 541 utpote
876 468 921 523 si
970 468 1139 520 fuerit
1183 468 1373 522 sterile
1402 466 1486 520 vel
1522 465 1737 519 aridum
1769 474 1865 519 aut
1902 467 2015 519 alio
2046 463 2287 535 quodam
2334 465 2496 519 modo
2537 472 2866 518 castratum.
2900 462 3016 518 lloc
3049 465 3198 519 enim
3234 465 3514 538 significat
3554 473 3736 518 cuitu:

458 566 703 614 .cltttt‘tlm
755 557 991 626 species.
1027 554 1174 609 Varii
1206 555 1353 609 enim
1380 555 1541 610 nobis
1587 554 1855 608 inlizerent
1882 553 2137 616 ati'cctus,
2167 554 2261 626 qui
2294 553 2484 609 multis
2525 552 2706 607 modis
2741 568 2846 608 nos
2890 554 2957 608 ad
2991 552 3364 609 infirmitatem
3416 553 3730 630 impellunt.

474 647 632 711 Quod
666 646 784 699 ait:
823 662 843 696 ‹
894 642 997 698 Per
1023 658 1246 696 manum
1282 642 1602 713 alienigenae
1635 656 1743 694 non
1777 638 2020 694 oli'eretis
2051 640 2235 706 dona,
2271 663 2288 695 ι
2336 650 2480 706 etc.,
2513 640 2977 711 signiﬁcationem
3022 641 3209 708 habet,
3244 641 3394 712 quod
3421 654 3521 710 per
3546 642 3731 696 solum

474 734 757 788 Christum
790 731 1080 787 adeundus
1110 731 1182 786 sit
1209 729 1394 793 Pater,
1430 747 1459 783 a
1497 744 1610 799 quo
1636 728 1860 805 adducti
1907 743 2102 785 sumus
2130 729 2211 784 ad
2242 728 2462 783 Patrem
2495 731 2550 783 iu
2586 728 2818 799 Spiritu.

544 847 614 899 Et
642 847 743 900 erit
770 852 967 913 septem
998 841 1182 896 diebus
1200 842 1295 895 sub
1312 832 2202 908 matresua,etc.[XXII,27.]Qua:
2222 843 2480 906 spectant
2514 835 2582 890 ad
2613 837 3132 906 interpretationem
3165 834 3333 905 hujus
3367 848 3585 898 versus,
3624 848 3734 889 sa:-

476 950 601 1006 pius
632 932 965 988 tradidimus
998 931 1055 985 in
1088 931 1247 990 locis,
1292 942 1416 997 quae
1448 941 1561 981 non
1594 926 1987 994 discrepabant
2039 925 2109 978 ab
2151 927 2280 979 hoc.
2336 925 2474 980 Nam
2526 927 2630 981 sub
2661 927 2763 980 hoc
2797 927 3085 981 iuvolucro
3116 925 3279 981 nobis
3331 925 3507 993 aperit
3552 923 3734 980 Moses

473 1038 623 1086 eum,
665 1021 758 1091 qui
793 1019 976 1073 adhuc
1018 1028 1104 1073 est
1137 1017 1323 1070 infans
1358 1026 1412 1070 et
1442 1015 1700 1068 intirmus
1731 1023 1785 1068 et
1819 1012 1979 1068 lactis
2036 1020 2168 1081 potu
2215 1013 2397 1068 adhuc
2435 1028 2577 1084 opus
2610 1014 2796 1079 habet,
2852 1021 2912 1068 ut
2947 1022 3074 1068 utar
3100 1012 3288 1068 verbis
3344 1011 3503 1066 Pauli
3535 1012 3615 1066 ’⁸.
3664 1010 3736 1065 At

476 1113 623 1163 hunc
655 1108 967 1178 perfectqu
1003 1104 1244 1159 reddidit
1275 1103 1534 1157 Christus
1572 1115 1671 1171 per
1719 1115 1875 1154 suam
1928 1102 2414 1157 resurrectionem.
2468 1100 2604 1155 Nam
2654 1110 2884 1156 octavus
2917 1100 3035 1156 dies
3065 1101 3317 1156 succedit
3348 1101 3606 1170 septimo,
3638 1101 3731 1170 qui

474 1197 721 1250 continet
762 1203 979 1262 tempus
1025 1191 1159 1259 legis
1200 1197 1255 1244 et
1304 1189 1587 1242 carnalem
1624 1188 1859 1241 cultum.
1899 1187 2243 1257 Quapropter
2277 1189 2448 1243 dicit:
2502 1204 2522 1240 ι
2566 1191 2700 1242 Cum
2742 1189 3020 1243 exaltatus
3070 1187 3227 1243 fuero
3272 1196 3502 1253 eterra,
3537 1194 3734 1245 omnes

478 1285 688 1336 traham
719 1281 789 1335 ad
823 1296 909 1335 me
939 1280 1007 1335 ".
1041 1298 1060 1329 ι
1094 1277 1157 1329 Ει
1194 1295 1207 1330 :
1246 1297 1263 1328 ι
1306 1276 1422 1331 Nisi
1467 1291 1702 1346 granum
1748 1274 2011 1330 frumenti
2058 1276 2115 1329 in
2163 1284 2308 1329 terra
2360 1284 2637 1330 mortuum
2675 1276 2865 1338 fuerit,
2900 1276 3082 1345 ipsum
3120 1276 3371 1330 manebit
3400 1275 3577 1331 solum
3630 1274 3670 1329 ⁸.
3706 1294 3726 1327 ι

476 1369 542 1423 Ει
581 1366 1051 1439 quemadmodum
1085 1366 1251 1420 etiam
1287 1362 1601 1419 Judmorum
1643 1365 1933 1434 Synagoga
1968 1364 2146 1417 uoluit
2178 1364 2408 1418 interire
2444 1379 2552 1417 una
2585 1378 2709 1416 cum
2742 1363 2861 1417 suis
2901 1362 3299 1418 sectatoribus.
3329 1359 3465 1416 Nam
3510 1362 3734 1416 univer—

474 1475 570 1514 sus
600 1458 767 1513 Israel
800 1456 1036 1511 salutem
1086 1460 1458 1522 consequetur
1494 1461 1620 1520 post
1661 1450 2044 1520 impletiouem
2084 1450 2356 1521 gentium.
2404 1447 2751 1503 Demonstrat
2792 1462 3013 1518 quoque
3056 1456 3307 1503 mutuam
3342 1449 3590 1538 illorum,
3636 1449 3730 1519 qui

474 1546 653 1599 adhuc
702 1542 1035 1612 superstites
1068 1550 1216 1601 sunt,
1254 1538 1675 1594 successionem
1722 1537 1964 1606 generis,
1994 1551 2063 1599 ne
2107 1550 2305 1589 omnes
2337 1548 2447 1589 una
2482 1535 2692 1605 pariter
2726 1535 3021 1590 intereant.
3065 1534 3201 1589 Nam
3248 1536 3438 1590 mundi
3483 1534 3719 1606 'gcuera-

475 1635 659 1687 tiones
701 1632 976 1685 salutares
1033 1635 1184 1682 sunt.
1248 1627 1518 1680 Czeterum
1598 1627 1708 1697 ista
1762 1623 1950 1677 omnia
2000 1632 2324 1694 congruunt
2382 1621 2631 1688 Christo,
2694 1639 2790 1692 per
2842 1636 3005 1693 quem
3045 1622 3288 1691 humani,
3322 1624 3544 1693 generis
3609 1639 3734 1678 cor—

479 1728 643 1789 rupta
691 1718 851 1772 radix
908 1717 1106 1771 iterum
1154 1711 1401 1767 reﬂoruit
1444 1711 1512 1766 ad
1558 1712 1818 1766 salutem.

544 1831 669 1888 Non
701 1830 1007 1902 relinquetis
1028 1829 1092 1883 de
1115 1827 1363 1881 carnibus
1394 1841 1559 1896 usque
1583 1825 1635 1878 in
1663 1824 2109 1886 crastinum,etc.
2152 1812 2345 1893 [ΧΧΙΙ.
2380 1818 2513 1895 50.]ί
2533 1818 2880 1892 Scripturam
2907 1836 3122 1878 sacram
3155 1821 3302 1876 haud
3346 1821 3490 1893 fugit
3525 1821 3732 1893 duplex

469 1920 556 1975 vel
604 1919 805 1989 triplex
857 1932 984 1972 esse
1045 1926 1288 1984 tempus,
1348 1912 1521 1989 sicuti
1591 1910 1918 1981 praedictum
1965 1918 2073 1974 est,
2104 1910 2362 1965 videlicet
2400 1910 2541 1979 legis
2604 1917 2659 1964 et
2689 1910 2925 1989 Christi,
2954 1917 3009 1966 et
3045 1910 3448 1981 prophetarum
3492 1920 3730 1982 tempus,

471 2007 617 2079 quod
673 2007 727 2060 in
787 2004 973 2059 medio
1044 2001 1181 2071 legis
1207 2008 1263 2055 et
1308 1999 1515 2056 Christi
1547 1997 1814 2053 decurrit.
1846 1994 2052 2051 Verum
2097 2013 2240 2052 unus
2285 1995 2392 2051 fuit
2435 1995 2622 2051 cultus
2644 2003 2757 2051 tam
2798 1996 2934 2070 legis
2966 2013 3130 2069 quam
3168 1998 3594 2069 prophetarum,
3628 2002 3726 2068 qui

471 2096 698 2165 quidem
732 2093 921 2147 cultus
976 2088 1387 2159 reprobabatur
1417 2085 1704 2139 exoriente
1731 2081 1976 2149 Christo,
2003 2084 2097 2153 qui
2128 2084 2446 2139 intellectus
2478 2083 2572 2137 lux
2608 2090 2718 2139 est.
2754 2082 3039 2156 Prazcepit,
3079 2092 3160 2151 ut,
3191 2085 3354 2140 sicuti
3381 2087 3577 2140 earnes
3603 2085 3731 2155 agni

470 2181 746 2251 paschalis
780 2193 890 2232 nuo
932 2176 1306 2231 absumuntur
1347 2173 1456 2238 die,
1489 2172 1571 2226 sic
1609 2170 1780 2227 etiam
1814 2171 2052 2225 victima:
2086 2171 2267 2226 laudis
2293 2186 2403 2225 uno
2433 2166 2671 2225 edantur
2699 2171 2811 2234 die,
2844 2187 3026 2242 neque
3066 2172 3380 2242 quidquam.
3416 2182 3733 2228 reservetur

471 2270 526 2323 in
558 2268 882 2323 crastinum.
916 2263 1063 2318 Laus
1104 2260 1372 2332 siquidem
1404 2258 1497 2314 Del
1535 2258 1784 2326 estvita,
1829 2274 1950 2331 quae
1989 2258 2247 2315 Obveniet
2300 2259 2356 2313 in
2397 2257 2585 2313 futuro
2620 2258 2843 2326 seculo,
2882 2259 2940 2315 in
2982 2275 3093 2330 qua
3130 2261 3340 2315 nullum
3373 2262 3730 2316 mortalitatis

472 2355 713 2411 exstabit
755 2351 993 2423 amplius
1023 2350 1336 2420 vestigium.

461 2504 467 2509 .
542 2461 610 2515 In
639 2463 811 2530 primo
846 2474 1018 2513 mense
1050 2467 1099 2512 et
1123 2458 1328 2512 decimo
1352 2466 1543 2528 quarto
1573 2457 1680 2522 die,
1710 2464 1820 2512 etc.
1865 2453 2059 2528 [XXIII
2079 2496 2096 2523 ,
2139 2452 2218 2527 5.]
2248 2453 2323 2511 De
2355 2452 2643 2511 Paschalis
2675 2453 2817 2511 festo
2848 2468 2951 2511 nec
2982 2469 3094 2511 non
3126 2454 3358 2526 reliquis
3391 2456 3731 2513 celebritati-

471 2551 573 2604 hus
611 2547 1015 2618 disputavimus
1045 2546 1233 2603 multis
1272 2546 1326 2600 in
1359 2544 1570 2601 Exodo.
1598 2544 1706 2601 Sed
1740 2545 1868 2615 quia
1901 2545 1989 2599 hic
2014 2543 2265 2614 quaedam
2296 2552 2621 2609 occurrunt,
2659 2558 2783 2615 qua:
2823 2544 3099 2615 pertinent
3134 2544 3203 2599 ad
3239 2544 3548 2601 secundum
3581 2552 3723 2599 tem-

471 2653 595 2707 pus,
620 2650 685 2691 ea
718 2635 896 2690 obiter
928 2633 1252 2704 exponenda
1281 2640 1469 2699 erunt,
1499 2632 1881 2688 antecedentia
1912 2632 2150 2688 breviter
2176 2631 2633 2702 perstringemus.
2671 2630 2807 2686 Nam
2870 2631 3126 2688 Christus
3176 2632 3430 2703 primitia:
3472 2638 3728 2688 censetur

471 2732 745 2779 renovatae
783 2721 1166 2788 humanitatis,
1193 2721 1288 2791 qui
1346 2721 1522 2776 instar
1557 2720 1822 2790 manipuli
1864 2719 2082 2774 oblatus
2114 2728 2219 2774 est.
2252 2718 2312 2773 In
2366 2719 2488 2789 ipso
2517 2719 2662 2774 enim
2699 2716 3050 2776 refloruimus
3083 2727 3139 2775 et
3170 2720 3477 2776 reviximus
3541 2719 3729 2776 instar

469 2811 786 2873 aristarum,
820 2807 887 2864 de
916 2808 1116 2878 quibus
1166 2810 1239 2862 ita
1291 2806 1581 2878 loquitur:
1619 2826 1638 2858 ι
1695 2806 1938 2875 Aspicite
1986 2806 2257 2876 regiones,
2291 2806 2421 2874 quia
2468 2805 2605 2859 albae
2637 2815 2769 2860 sunt
2818 2806 2886 2861 ad
2944 2822 3179 2862 messem
3211 2808 3254 2860 ³.
3296 2826 3314 2859 ι
3360 2807 3479 2877 Ipse
3503 2823 3726 2878 quoque

468 2896 725 2952 Christus
750 2904 834 2952 est
862 2895 1262 2966 primogenitus
1293 2910 1362 2950 ex
1404 2895 1660 2958 mortuis,
1687 2894 1781 2963 qui
1813 2893 2062 2949 ascendit
2092 2893 2147 2946 in
2178 2893 2399 2975 coelum,
2432 2903 2492 2947 ut
2519 2901 2778 2963 precetur
2814 2907 2914 2961 pro
2944 2894 3104 2949 nobis
3130 2893 3374 2960 Patrem,
3406 2909 3507 2965 pro
3537 2896 3723 2963 nobis,

469 2985 718 3055 inquam,
758 2998 898 3054 quos
929 2982 1129 3051 dignos
1171 2982 1650 3051 Patet-judicavit,
1702 2990 1760 3035 ut
1800 2997 1900 3051 pro
1928 2981 2089 3037 nobis
2133 2981 2497 3036 intercederet
2523 2980 2806 3037 Christus.
2852 2980 3122 3037 Caeterum
3157 2981 3241 3036 lex
3271 2982 3435 3036 etiam
3475 2992 3725 3036 resurre-

467 3072 667 3127 ctionis
696 3078 912 3140 tempus
943 3071 1103 3124 nobis
1134 3069 1453 3125 delineavit.
1488 3068 1742 3124 Crastino
1783 3070 1928 3124 enim
1957 3069 2047 3125 die
2078 3069 2184 3124 diei
2218 3068 2406 3138 primi,
2435 3069 2534 3123 ait.
2576 3070 2645 3122 At
2678 3072 2874 3125 tertius
2910 3069 3051 3135 dies,
3097 3071 3153 3125 iu
3193 3085 3358 3140 quem
3388 3071 3726 3126 resurrectio

470 3158 704 3215 incurrit
726 3199 739 3219 ,
777 3157 975 3212 tertius
1003 3157 1142 3221 dies,
1180 3171 1281 3212 nec
1304 3158 1581 3213 crastinus
1615 3173 1643 3210 a
1668 3157 1845 3227 primo
1871 3166 1976 3212 est.
2004 3158 2181 3212 Simili
2211 3158 2423 3212 ratione
2453 3159 2500 3213 is
2527 3158 2644 3213 dies
2670 3159 3030 3214 adumbratur
3071 3175 3169 3231 per
3198 3160 3520 3230 przedictum
3555 3173 3726 3214 novo-

468 3262 590 3302 rum
664 3244 943 3299 lructuum
1001 3254 1239 3315 tempus,
1299 3261 1411 3315 quo
1476 3245 1714 3315 primum
1773 3246 1984 3314 peccati
2042 3256 2316 3302 senectam
2370 3248 2524 3301 exuit
2573 3247 2759 3303 homo.
2818 3247 3057 3303 Proinde
3121 3249 3302 3318 inquit
3337 3265 3353 3301 :
3387 3266 3406 3300 ‹
3473 3247 3726 3304 Exsultet

469 3334 653 3389 anima
687 3347 808 3386 mea
837 3333 893 3386 iu
941 3332 1081 3385 Deo.
1138 3330 1324 3387 Induit
1356 3334 1505 3387 enim
1560 3346 1647 3386 me
1678 3341 1828 3386 veSIe
1875 3334 2092 3398 salutis,
2140 3342 2195 3387 et
2248 3332 2436 3386 tunica
2497 3333 2697 3389 laetitiae
2752 3335 2808 3401 ³;
2845 3353 2864 3386 ›
2903 3335 3107 3406 quibus
3163 3335 3350 3390 verbis
3410 3336 3726 3390 ostenditur

469 3422 857 3476 immortalitas
901 3459 916 3482 ,
994 3434 1159 3489 quam
1246 3418 1680 3474 resurrectionis
1739 3407 2034 3474 beneficio
2109 3422 2527 3491 consequimur.
2597 3425 2803 3477 Iterum
2886 3425 3167 3495 appellare
3238 3425 3369 3479 licet
3443 3424 3724 3480 Christum

468 3509 759 3577 primitias.
836 3507 1065 3574 Rapitur
1129 3506 1275 3561 enim
1343 3521 1407 3560 ex
1466 3522 1626 3575 grege
1696 3515 1756 3559 ut
1819 3509 1939 3561 ovis
2009 3508 2144 3563 vitio
2199 3524 2394 3564 carens
2465 3510 2580 3565 sive
2649 3510 3173 3578 irreprehensibilis.
3239 3511 3474 3580 Rapitur
3551 3511 3711 3583 371

467 3604 651 3649 autem
702 3611 768 3666 ex
806 3609 972 3664 grege
1021 3593 1146 3664 vivp
1196 3594 1251 3646 in
1283 3593 1616 3663 pinguedine
1647 3594 1837 3663 gratia:
1863 3603 1918 3648 et
1950 3592 2135 3649 laetitia
2172 3596 2424 3665 spiritus.
2471 3597 2815 3668 QuaprOptcr
2844 3598 3044 3670 simila,
3076 3599 3257 3653 oleum
3287 3600 3584 3670 vinumque
3616 3615 3717 3654 una

465 3694 589 3755 cum
617 3694 718 3734 ove
735 3678 1066 3733 offeruntur.
1098 3677 1343 3734 Olfertur
1375 3687 1556 3733 autem
1577 3679 1736 3749 quasi
1766 3680 1821 3734 in
1848 3696 1987 3750 pane
2011 3690 2066 3736 et
2089 3682 2260 3754 spicis
2289 3682 2469 3740 frixis.
2501 3683 2653 3739 Nova
2676 3685 2949 3755 siquidem
2973 3697 3057 3741 est
3088 3690 3435 3756 conspeis'o,
3466 3688 3721 3763 adquam

466 3752 569 3821 nos
601 3764 989 3830 reformantur,
1019 3773 1177 3820 vetus
1205 3763 1537 3820 fermentum
1567 3767 1925 3837 deponentes,
1955 3778 2014 3822 ut
2045 3752 2219 3826 simus
2250 3785 2391 3825 nova
2430 3752 2759 3841 conspersio
2790 3771 2835 3827 ⁸.
2862 3771 3005 3827 Idem
3042 3752 3387 3830 demonstrat
3416 3760 3597 3845 panis,
3629 3772 3720 3844 qui

463 3852 691 3908 offertur
724 3869 790 3908 ex
827 3854 985 3909 novis
1014 3851 1290 3907 fructibus
1314 3854 1677 3923 compositus.
1704 3854 1958 3910 Christus
1989 3857 2195 3912 etenim
2230 3860 2444 3930 paravit
2474 3862 2636 3917 nobis
2670 3862 2815 3916 viam
2835 3870 3131 3946 recentem)
3158 3864 3318 3933 cujus
3342 3874 3558 3933 tempus
3587 3864 3718 3919 dum

463 3942 851 4010 exspectamus
881 3955 991 3994 non
1025 3939 1154 3995 licet
1186 3941 1347 3995 novis
1377 3940 1525 3995 vesci
1556 3940 1854 4008 fructibus,
1885 3943 2061 3999 donec
2091 3947 2408 4013 manipulus
2452 3940 2740 4004 offeratur.
2783 3949 2920 4004 Tum
2958 3939 3180 4005 demum
3224 3951 3528 4021 poterimus
3561 3966 3719 4005 nova:

462 4026 760 4096 participes
785 4028 901 4082 fieri
931 4028 1073 4082 vitm.
1111 4026 1436 4084 Dinumerat
1465 4043 1683 4100 quoque
1713 4029 1894 4086 Moses
1934 4042 2188 4088 sanctum
2224 4034 2584 4093 Peutecostes
2622 4036 2825 4093 festum
2858 4053 2886 4092 a
2918 4040 3331 4094 resurrectione
3361 4049 3582 4110 sumpto
3608 4039 3718 4093 iui-

463 4115 561 4167 tio.
595 4112 729 4167 Nam
761 4114 1184 4170 resurrectionis
1220 4123 1441 4185 tempus
1471 4115 1738 4172 transfert
1774 4118 2148 4173 sanetitlcatos
2177 4121 2233 4176 in
2279 4124 2477 4195 Spiritu
2508 4138 2594 4187 eo,
2633 4132 2693 4179 ut
2725 4124 2940 4195 possint
2973 4124 3186 4179 fructus
3216 4125 3359 4181 ferre
3385 4124 3495 4181 Deo
3527 4127 3581 4180 in
3614 4142 3718 4181 no-

459 4214 526 4254 va
561 4203 694 4256 vita.
727 4199 905 4255 Panes
941 4201 1050 4257 duo
1082 4211 1263 4269 erant,
1315 4205 1408 4273 qui
1439 4203 1823 4260 conflabantur
1849 4222 1915 4262 ex
1942 4208 2100 4263 novis
2128 4209 2424 4265 fructibus.
2460 4211 2555 4266 Sic
2607 4212 2716 4266 duo
2748 4223 2877 4267 sunt
2919 4212 3127 4282 populi,
3158 4213 3254 4283 qui
3300 4212 3534 4268 salutem
3584 4224 3719 4269 sunt

459 4288 668 4358 adepti,
710 4298 764 4343 et
791 4288 855 4342 ad
884 4289 1007 4345 fidei
1036 4290 1303 4346 unitatem
1336 4291 1562 4346 adducti
1586 4304 1714 4348 sunt
1743 4308 1842 4363 per
1871 4294 2180 4360 Christum,
2212 4295 2310 4351 sed
2359 4297 2767 4367 quodammodo
2802 4307 2933 4354 sunt
2975 4298 3283 4354 fermentati
3319 4308 3574 4356 cesSaute
3603 4300 3717 4354 fer-

460 4385 649 4432 mento
686 4376 880 4431 veteri.
910 4376 1045 4431 Nam
1090 4377 1379 4447 Scriptura
1407 4394 1563 4434 sacra
1590 4381 1743 4435 novit
1776 4382 1942 4436 etiam
1968 4384 2171 4438 bonum
2208 4383 2564 4451 fermentum,
2598 4386 2680 4442 sic
2730 4385 3057 4457 appellitans
3095 4380 3405 4443 doctrinam
3437 4390 3717 4460 evangeli-

458 4481 578 4518 cani
614 4483 628 4519 :
678 4483 696 4516 ι
743 4464 934 4520 Simile
977 4465 1121 4521 enim
1153 4476 1239 4521 est
1267 4482 1494 4537 regnum
1528 4470 1794 4523 caelorqu
1837 4467 2131 4536 fermento,
2164 4473 2308 4541 quod
2343 4471 2630 4528 abacondit
2668 4476 2868 4530 mulier
2897 4476 2953 4530 in
2986 4476 3175 4531 farina:
3213 4486 3332 4531 sata
3367 4478 3499 4541 tria,
3533 4478 3713 4533 donec

457 4560 630 4606 totum
672 4550 1030 4608 fernieutetur
1051 4555 1092 4607 ⁸.
1133 4573 1151 4606 i
1192 4552 1324 4607 Nam
1362 4554 1723 4611 transformat
1749 4557 1815 4611 ad
1859 4566 2014 4612 suam
2051 4560 2443 4629 proprietatem
2468 4561 2644 4631 ipsam
2672 4562 2938 4628 animam,
2970 4574 3243 4633 quatenus
3278 4564 3437 4620 decet
3470 4565 3714 4619 fermen-

457 4641 561 4694 tari
602 4640 743 4704 (luds
776 4643 1029 4711 populos.
1064 4641 1142 4695 Ex
1166 4641 1380 4718 duabus
1410 4652 1590 4698 autem
1649 4646 1887 4700 sumitur
1915 4644 2163 4712 decimis,
2217 4657 2323 4702 etc.
2358 4646 2642 4718 Siquidem
2688 4647 2939 4705 binarius
2970 4650 3178 4705 indicat
3209 4661 3453 4705 nostram
3486 4651 3713 4706 institu-

455 4726 681 4783 tionem.
717 4728 853 4782 Nam
879 4729 1165 4784 erudimur
1195 4716 1397 4798 lege/et
1420 4729 1717 4801 Evangelia
1745 4740 2006 4803 tanquam
2040 4733 2357 4789 sacerdotes
2381 4716 2453 4788 inv
2493 4736 2621 4789 vitae
2653 4736 2954 4791 novitatem
2985 4745 3363 4815 transeuntes.
3389 4738 3457 4792 Et
3490 4738 3599 4795 hoc
3624 4750 3714 4795 est

453 4816 601 4885 quod
641 4817 846 4871 dicitur
882 4833 901 4866 ι
941 4817 1138 4870 Scriba
1178 4818 1271 4886 qui
1303 4816 1575 4889 depromit
1599 4836 1665 4875 ex
1706 4820 1969 4876 thesauro
2001 4837 2102 4877 suo
2134 4829 2320 4876 vetera
2353 4830 2407 4875 ct
2436 4836 2576 4876 nova
2597 4822 2639 4875 ⁸.
2683 4842 2704 4875 ι
2742 4820 2964 4894 Septem
2987 4826 3114 4895 agni
3146 4836 3545 4897 repraesentant
3566 4826 3711 4881 fide-

456 4904 593 4958 lium
627 4918 846 4974 gregem
877 4902 1039 4972 quasi
1086 4901 1270 4959 adhuc
1302 4906 1566 4961 infantem
1597 4906 1651 4961 in
1676 4907 1921 4963 Christo.
1951 4908 2026 4962 At
2048 4911 2095 4965 is
2118 4926 2252 4980 grex
2287 4910 2341 4963 iu
2370 4906 2692 4965 fortitudine
2722 4911 3001 4982 spirituali
3031 4914 3279 4983 procedit
3304 4915 3372 4969 ad
3412 4906 3710 4985 perfectio-

452 4998 576 5042 nem
628 4996 682 5041 et
714 4989 781 5042 ad
837 5004 1157 5045 mensuram
1190 4992 1365 5046 aetatis
1408 4992 1765 5063 plenitudinis
1800 4994 2067 5050 Christi'.
2096 4997 2366 5052 Caeterum
2401 4997 2711 5069 symbolum
2754 4996 3112 5069 perfectionis
3152 5011 3211 5056 et
3238 5000 3585 5057 fortitudinis
3620 5008 3711 5057 est

448 5075 694 5159 vitulus;
754 5073 1011 5144 perfecta:
1059 5094 1189 5135 vero
1219 5080 1396 5135 artatis
1421 5081 1727 5152 symbolum
1762 5091 1955 5152 putato
1984 5083 2205 5139 arietes.
2239 5084 2376 5139 Nam
2417 5085 2604 5142 fideles
2636 5085 2855 5142 fortiter
2886 5095 3104 5144 terrena
3130 5099 3458 5160 superantes
3481 5090 3549 5145 ad
3577 5105 3709 5161 per—

450 5158 743 5215 fectionem
778 5162 1149 5219 Christianam
1200 5167 1453 5222 tendunt.
1484 5165 1609 5222 ll:cc
1638 5180 1818 5223 autem
1851 5164 2120 5240 perfectio
2154 5172 2413 5229 consistit
2444 5173 2501 5228 in
2542 5189 2711 5244 opere
2741 5184 2796 5230 et
2827 5176 3048 5240 notitia,
3102 5158 3264 5232 sicuti
3291 5158 3710 5233 demonstratur

447 5244 551 5303 sub
612 5251 863 5320 symbolo
926 5252 1162 5307 duorum
1197 5253 1499 5311 hircorum.
1535 5252 1670 5310 Nam
1710 5244 1789 5311 ait
1823 5274 1836 5309 :
1873 5277 1890 5309 ‹
1928 5257 2031 5323 Qui
2080 5261 2273 5315 fecerit
2300 5268 2355 5315 et
2410 5261 2682 5329 docuerit,
2717 5261 2808 5319 ille
2839 5280 3072 5336 magnus
3104 5253 3390 5321 vocabitur
3419 5264 3476 5320 in
3535 5280 3709 5336 regno

443 5338 715 5392 caelorum
743 5337 787 5394 ⁸.
824 5357 844 5391 ›
893 5332 1063 5395 Tales
1103 5342 1405 5397 comitatur
1426 5343 1638 5410 lmtitia,
1671 5359 1834 5415 quam
1867 5347 2027 5403 nobis
2058 5348 2111 5401 in
2147 5356 2383 5404 mentem
2416 5359 2615 5405 vocant
2650 5351 2912 5406 libamina
2936 5332 3089 5409 vvini.
3123 5338 3269 5408 Dicit
3299 5353 3447 5409 enim
3484 5332 3657 5408 David
3687 5371 3702 5407 :

444 5441 468 5479 ι
507 5424 707 5482 Vinum
764 5427 1006 5484 laetificat
1031 5445 1127 5486 cor
1156 5430 1402 5486 hominis
1429 5433 1473 5486 ⁹.
1513 5450 1531 5482 ι
1567 5424 1671 5488 Per
1714 5433 1928 5488 hircum
1962 5436 2124 5493 nobis
2160 5438 2487 5509 proponitur
2516 5438 2773 5495 Christus
2803 5454 3006 5498 caesus.
3051 5426 3157 5497 Pro
3192 5430 3438 5512 peccatis
3467 5444 3679 5498 nostris

504 5619 554 5709 ἒξ
586 5620 751 5709 F'Fbr-
792 5624 990 5709 “-19-
1038 5697 1056 5709 .
1090 5620 1332 5709 .’.’.’.°a.!'.-
1368 5624 1626 5709 “1,1,5??-
1728 5628 1746 5660 ¹
1797 5628 1930 5709 ίδὲρο
1963 5630 2093 5709 9-4:.

2160 5630 2379 5709 ’_Joan.
2412 5651 2490 5709 iv,
2522 5635 2613 5691 '55.
2648 5707 2661 5709 Α
2724 5638 2744 5670 ³
2774 5637 2879 5691 lsa.
2918 5653 3033 5697 ut.
3089 5642 3175 5697 10.
3283 5643 3305 5675 ⁸
3338 5643 3358 5698 1
3388 5642 3513 5700 Cor.
3550 5659 3605 5709 ν.
3644 5649 3702 5703 7.

287 5744 296 5752 ,
380 5686 387 5692 ’
435 5689 459 5722 ³
487 5690 682 5749 Islaizh.
709 5686 840 5765 sui,
871 5695 959 5748 55.
1037 5694 1221 5752 ‘ibid.
1254 5698 1350 5755 52.
1429 5686 1687 5768 7'Ephcs.
1737 5712 1805 5769 tv,
1844 5702 1863 5754 i

1470 5686 1687 5768 ’Ephcs.
1737 5712 1805 5769 tv,
1844 5702 1929 5757 15.
2006 5703 2027 5734 ⁸
2056 5702 2250 5759 Matth.
2296 5686 2377 5771 ι’.
2410 5686 2490 5763 19ί
2529 5686 2612 5739 ’δ’
2637 5686 3056 5777 Ρδίιιί-έιιιῖῖῐξ.
