4050 6212
431 155 457 173 ο

431 254 537 325 777
1454 260 1994 322 COMMENTARII
2036 259 2116 321 ΙΝ
2161 257 2601 319 LEVITICUM.
3581 253 3687 320 778

429 383 489 427 ut
522 372 680 427 nobis
706 370 1061 427 fundamenta
1095 385 1250 427 nova:
1275 370 1491 440 jaceret
1514 373 1639 428 vitae
1678 382 1731 429 et
1759 389 1955 429 novam
1984 386 2086 427 nos
2134 368 2345 426 iaceret
2375 367 2825 440 conspersionem
2885 366 3116 437 depulso
3170 367 3347 425 veteri
3391 367 3683 426 fermento.

426 458 560 515 Nam
595 475 720 514 rum
750 460 971 515 duobus
996 460 1233 530 panibus
1262 458 1515 514 oll‘ertnr.
1550 461 1835 531 Siquidem
1868 480 1885 511 ι
1917 459 2237 530 Consepulti
2263 472 2458 513 sumus
2489 471 2614 511 cum
2644 470 2710 510 eo
2745 470 2839 525 per
2859 454 3191 527 baptismum
3229 454 3285 510 in
3317 466 3573 533 mortem,
3600 467 3683 524 ut,

424 546 893 618 quemadmodum
958 549 1236 603 excitatus
1270 556 1357 603 est
1410 548 1666 603 Christus
1703 564 1799 617 per
1829 547 2057 617 gloriam
2091 546 2297 607 Patris,
2322 546 2404 600 sic
2424 555 2480 599 et
2513 559 2616 599 nos
2642 544 2696 598 in
2747 544 2993 598 novitate
3027 543 3154 598 vita
3182 543 3529 599 ambulemus
3555 544 3618 599 ".
3659 565 3678 598 ι

322 664 327 669 -
424 633 542 691 Non
581 643 763 689 tamen
817 644 902 691 cst
938 644 997 689 ιιι
1031 636 1311 704 intelligas
1342 645 1628 689 externam
1674 635 2031 704 sepuhuram.
2087 632 2346 689 Necanda
2380 639 2510 687 sunt
2547 632 2827 693 membra,
2853 645 2975 700 quae
2999 638 3127 685 sunt
3158 644 3323 699 super
3350 638 3516 684 terra.
3550 629 3688 688 Vide

328 738 335 745 ·
425 722 617 792 igitur,
655 723 848 777 occiso
881 723 1039 777 hirco
1095 723 1509 778 interficiuntur
1560 731 1614 777 et
1648 723 1797 791 agni,
1828 736 2046 790 unaque
2092 720 2399 777 olTeruutur
2424 734 2596 791 panes
2627 719 2683 773 in
2707 719 2930 773 odorem
2965 716 3122 771 bona:
3158 716 3497 787 fragrantia.
3549 717 3685 776 Nam

422 810 765 865 consecratio
811 808 1014 865 Christi
1054 809 1459 878 ιμιοιιςιιιιιηοάο
1489 820 1642 879 grata
1679 816 1734 863 et
1768 817 1992 877 accepta
2009 809 2258 872 est,dum
2292 806 2589 877 respondet
2614 806 2852 877 passioni
2874 806 3015 875 ejus.
3039 805 3095 860 Si
3131 820 3239 859 una
3259 820 3385 859 cum
3420 804 3516 860 illo
3543 808 3690 875 pati-

422 912 569 965 mur,
600 913 704 950 una
734 913 857 952 cum
893 899 987 951 illo
1019 898 1389 967 regnabimus.
1420 896 1475 952 Si
1503 912 1610 952 una
1640 912 1763 951 cum
1787 897 1878 951 illo
1907 898 2196 963 morimur,
2237 911 2345 950 una
2391 912 2517 951 cum
2543 896 2637 949 illo
2666 894 2936 949 vivemus.
2968 892 3313 964 Quapropter
3353 893 3690 948 sacriﬁcium

423 978 528 1041 hoc
590 995 815 1042 vocatur
874 989 1095 1041 salutis.
1146 986 1317 1041 Porro
1351 987 1442 1040 hin
1473 994 1559 1042 est
1590 1000 1850 1039 mensura
1880 1000 1974 1039 sex
1998 985 2341 1052 cyathorum.
2746 1043 2752 1048 ,

495 1071 561 1127 In
586 1091 758 1127 meme
788 1075 1011 1141 septimo
1040 1074 1093 1126 in
1121 1089 1225 1126 uno
1253 1072 1468 1136 mensis,
1499 1072 1601 1126 erit
1624 1070 1768 1124 vobis
1806 1072 2027 1140 requies,
2051 1080 2157 1124 etc.
2179 1066 2297 1139 [24]
2324 1065 2556 1121 Videtur
2576 1066 2682 1121 hoc
2713 1065 2837 1118 loco
2858 1064 3159 1135 praedicere
3183 1060 3687 1119 consummationis

421 1166 668 1229 tempus,
702 1175 812 1229 quo
874 1160 1117 1229 quilibet
1154 1158 1963 1229 remunerationeimaccipiet
2018 1170 2210 1209 eorum
2260 1170 2381 1224 qua:
2434 1154 2521 1207 hic
2565 1161 2824 1221 operatus
2852 1161 2956 1206 est.
3009 1151 3163 1205 Tunc
3194 1153 3397 1205 recedit
3423 1147 3687 1219 operandi

421 1217 666 1316 tempus,
694 1217 750 1301 εἰ
780 1217 983 1315 judicii
1012 1246 1315 1315 tempestas
1340 1246 1577 1309 accedit,
1610 1245 1667 1299 in
1687 1217 1804 1313 igua
1834 1217 1972 1298 nihil
2004 1243 2243 1312 amplius
2272 1217 2491 1310 operari
2528 1217 2739 1301 licebit,
2771 1241 2867 1295 illo
2894 1249 3142 1308 tempore
3172 1238 3331 1292 nubis
3359 1239 3413 1292 in
3443 1217 3689 1292 mentem

424 1334 606 1388 veniet
639 1333 770 1386 illud
790 1334 993 1387 Chriin
1019 1352 1072 1387 ε(
1103 1332 1281 1387 Nolite
1313 1333 1470 1387 vobis
1500 1332 1765 1404 colligere
1796 1332 2090 1385 thesauros
2121 1331 2175 1383 in
2213 1338 2380 1393 terra,
2411 1327 2502 1381 ubi
2541 1327 2689 1382 tinea
2717 1336 2772 1380 et
2795 1341 2981 1395 terugo
3013 1326 3275 1395 furesque
3301 1332 3689 1393 corrumpunt,

423 1421 519 1476 sed
557 1422 611 1474 in
659 1421 817 1476 cmlis
842 1420 944 1475 ‘°”‘.
972 1439 991 1474 ι
1025 1421 1465 1475 ltecordabimur
1487 1421 1653 1474 etiam
1687 1419 1969 1488 discipuli,
2006 1416 2100 1487 qui
2152 1416 2449 1471 clamavit:
2487 1432 2505 1464 ι
2543 1414 2914 1470 Novissimum
2947 1422 3160 1483 tempus
3187 1420 3273 1466 est
3303 1410 3367 1464 “.
3397 1431 3417 1463 ι
3449 1411 3692 1483 Requies

423 1509 610 1578 itaque
658 1508 910 1579 obtinget
961 1509 1070 1568 his.
1100 1509 1196 1578 qui
1233 1509 1328 1562 illa
1365 1509 1553 1562 omnia
1585 1507 1939 1563 arbitrantur
1980 1510 2341 1577 monumenta
2371 1513 2631 1558 extrenue
2661 1501 2828 1556 tubae.
2863 1500 3018 1555 Tuba
3052 1500 3224 1563 enim,
3264 1499 3468 1569 inquit,
3503 1509 3688 1562 canet,

420 1602 477 1648 et
507 1595 709 1649 mortui
761 1594 1189 1650 suscitahuntur
1217 1595 1281 1648 ι’.
1321 1614 1340 1646 ο
1371 1593 1498 1650 llaec
1531 1596 1830 1650 celebritas
1861 1592 2109 1647 omnium
2172 1582 2489 1645 clarissima
2521 1589 2762 1643 habetur
2791 1605 2805 1641 :
2841 1587 2910 1641 ad
2941 1603 3106 1658 quam
3136 1588 3230 1655 qui
3291 1586 3560 1642 festinant
3614 1586 3689 1639 ita

423 1680 728 1738 instructos
760 1696 887 1737 esse
914 1682 1198 1748 convenit,
1222 1690 1284 1737 ut
1312 1682 1579 1737 habentes
1605 1696 1807 1736 uxores
1838 1681 1919 1735 sie
1948 1680 2061 1735 sint
2084 1678 2335 1741 animati,
2366 1678 2527 1748 quasi
2550 1693 2657 1733 non
2689 1676 2929 1733 habeant
2958 1693 2971 1729 :
3001 1684 3056 1733 et
3093 1678 3187 1747 qui
3216 1686 3449 1732 utuntur
3482 1675 3691 1731 mundo

424 1767 552 1833 hoc,
591 1770 756 1838 quasi
787 1784 898 1823 non
919 1778 1172 1827 utantur.
3386 1808 3391 1813 ι

499 1853 743 1910 Decimus
775 1857 970 1911 mensis
997 1857 1211 1925 septimi
1241 1857 1399 1927 hujus
1421 1857 1557 1920 dies,
1593 1865 1674 1911 est
1704 1854 2026 1923 expiationis
2045 1858 2124 1912 vel
2152 1855 2627 1922 reconciliationis,
2653 1863 2764 1910 etc.
2792 1852 2936 1927 [ελ]
2967 1852 3133 1909 Parat
3162 1853 3355 1910 nos-ad
3380 1862 3687 1909 extremum

422 1943 718 2014 judicium,
758 1947 922 2015 quasi
965 1947 1020 2000 in
1056 1962 1125 2002 eo
1148 1947 1236 2002 die
1267 1948 1319 2002 id
1351 1946 1745 2015 accipiendum
1801 1944 1896 1998 sit.
1941 1942 2180 1999 Proinde
2204 1942 2501 1997 aﬁ‘ectuum
2537 1942 2966 1998 trucidationem
2997 1956 3094 2012 per
3119 1941 3393 2012 jejunium
3422 1941 3689 2011 suggerit.

428 2030 495 2087 Ut
520 2048 650 2089 vero
684 2048 914 2102 prorsus
949 2035 1126 2089 simus
1155 2034 1466 2097 consecrati
1496 2033 1605 2088 Deo
1635 2032 1692 2085 in
1721 2030 1949 2086 odorem
1977 2030 2135 2085 bona:
2160 2028 2447 2101 fragantiae
2491 2028 2651 2084 docet
2689 2044 2788 2098 per
2826 2028 3172 2083 holocausta.
3235 2028 3302 2085 Ut
3327 2028 3396 2082 ab
3428 2028 3691 2085 absurdis

423 2126 478 2173 et
504 2117 667 2173 malis
691 2120 956 2189 operibus
986 2120 1151 2190 372
1180 2133 1472 2175 cessemus
1505 2128 1563 2173 et
1592 2117 1929 2173 desistamus
1965 2116 2243 2188 signiﬁcat
2273 2132 2370 2188 per
2392 2116 2634 2188 quietem
2679 2116 2799 2171 sive
2824 2117 3022 2172 otium.
3059 2114 3187 2171 llaec
3239 2116 3515 2186 siquidem
3541 2131 3691 2171 sem-

425 2220 523 2275 per
574 2221 836 2261 exercere
867 2218 1084 2275 oportet
1133 2221 1259 2261 eum
1312 2207 1409 2276 qui
1444 2220 1654 2259 memor
1683 2212 1769 2259 est
1796 2210 2058 2259 extrema:
2086 2205 2236 2259 illius
2269 2204 2432 2259 tubae.
2496 2202 2845 2273 Quapropter
2871 2202 3018 2258 haud
3055 2203 3332 2258 immerito
3360 2205 3692 2259 reconcilia-

430 2296 569 2348 tioni
608 2295 867 2349 attribuit
896 2295 1095 2365 jejunii
1124 2295 1293 2349 diem.
1322 2294 1425 2361 Qui
1460 2308 1591 2347 vero
1625 2292 1845 2347 diversa
1900 2299 2210 2361 sequuntur
2239 2289 2446 2348 studia.
2483 2289 2594 2346 illis
2642 2291 3013 2345 comminatus
3043 2297 3134 2345 est
3157 2303 3426 2369 aeternum
3475 2290 3690 2360 suppli-

425 2383 596 2440 cium.
632 2381 789 2448 Qqu
826 2398 960 2437 vero
988 2382 1080 2436 illo
1110 2389 1358 2450 tempore
1409 2379 1708 2450 perfectam
1742 2387 1796 2432 et
1823 2378 2133 2432 absolutam
2156 2376 2421 2445 quietem,
2446 2376 2499 2429 in
2527 2393 2635 2446 qua
2666 2377 3000 2432 desistemus
3029 2377 3100 2431 ab
3115 2377 3376 2433 omnibus
3398 2379 3688 2448 operibus,

425 2469 603 2524 simus
634 2469 1015 2531 consecuturi,
1048 2467 1188 2522 satis
1217 2464 1430 2529 docuit,
1467 2467 1596 2519 dmn
1630 2463 1764 2519 illud
1797 2473 2013 2534 tempus
2045 2463 2354 2518 nominavit
2381 2463 2620 2518 Sabbata
2651 2463 3048 2519 Sahbatorum.

496 2555 566 2610 Et
587 2556 871 2624 accipietis
903 2556 1044 2608 vobis
1062 2556 1118 2608 in
1144 2553 1231 2608 die
1262 2555 1433 2618 primo
1467 2552 1700 2621 fructum
1730 2551 1860 2618 tigni
1881 2551 2171 2621 magniﬁci,
2194 2551 2406 2620 frondes
2426 2550 2750 2618 palmarum,
2772 2560 2880 2606 etc.
2901 2548 3016 2624 [l0]
3035 2551 3136 2607 Ubi
3160 2556 3690 2625 comportaverimus

429 2645 632 2711 singuli
667 2645 723 2697 in
757 2657 892 2699 suos
941 2642 1237 2696 thesauros
1288 2654 1457 2709 opera
1483 2638 2062 2706 nostrasubsequitur
2095 2640 2451 2710 Scenopegiae
2482 2640 2780 2695 celebritas
2814 2639 2868 2694 in
2913 2653 3155 2696 mentem
3189 2657 3460 2698 revocans
3493 2645 3687 2705 vitam,

426 2747 589 2803 quam
617 2732 671 2786 in
700 2729 956 2800 paradiso
985 2740 1215 2798 egerunt
1244 2726 1596 2797 protoplasti.
1626 2724 1969 2796 Scenopegia
2006 2727 2151 2781 enim
2192 2738 2285 2782 est
2335 2726 2651 2795 assumptio
2680 2726 2797 2783 sive
2825 2727 2878 2781 in
2907 2730 3108 2784 ctelum
3136 2729 3428 2784 translatio
3469 2741 3690 2786 nostro-

425 2838 548 2875 rum
584 2833 906 2890 corporum,
934 2817 979 2873 si
1012 2816 1290 2872 fuerimus
1321 2816 1599 2886 aequitatis
1617 2823 1671 2871 et
1706 2816 1928 2886 pietatis
1952 2813 2212 2879 studiosi,
2244 2822 2299 2868 et
2317 2815 2782 2869 immortalitatem
2815 2815 3181 2871 induerimus.
3218 2815 3345 2872 llaec
3371 2833 3499 2874 vero
3528 2821 3690 2890 quies

424 2911 777 2964 demonstrat
829 2912 1050 2975 tempus
1128 2903 1276 2973 quod
1325 2903 1609 2973 praecessit
1644 2902 2145 2973 transgressionem
2169 2908 2224 2955 et
2256 2899 2466 2969 peccati
2498 2912 2662 2954 onus.
2695 2898 2965 2953 Similiter
2994 2908 3048 2954 et
3088 2900 3206 2956 dies
3242 2903 3515 2971 septimus
3546 2904 3687 2958 idem

428 2996 695 3056 insinuat,
727 2994 778 3046 in
839 2994 1005 3062 quem
1037 2991 1287 3046 excurrit
1319 2991 1443 3044 finis
1478 2991 1636 3060 legis.
1665 2989 1802 3045 lluic
1833 2991 2081 3046 succedit
2137 2989 2253 3042 dies
2286 2987 2739 3052 resurrectionis,
2775 2988 2829 3041 in
2865 3002 2977 3058 quo
3006 2989 3207 3044 iterum
3246 2990 3605 3046 Iiberahimur
3634 3002 3691 3049 et

426 3085 779 3140 absolvemur
810 3081 880 3135 ab
907 3081 1056 3134 omni
1089 3086 1315 3150 peccato
1340 3078 1394 3132 in
1430 3078 1703 3147 integrum
1741 3079 2003 3134 restituti.
2034 3076 2382 3146 Quapropter
2413 3074 2489 3128 ait
2511 3074 2773 3131 Christus
2806 3092 2819 3127 :
2852 3095 2870 3128 ι
2899 3074 3095 3131 Venite
3122 3078 3187 3130 ad
3224 3094 3311 3133 me
3340 3094 3554 3146 omnes,
3592 3083 3689 3153 qui

425 3171 688 3228 laboratis
719 3178 775 3224 et
820 3169 1029 3223 onerati
1057 3168 1212 3229 estis,
1237 3175 1291 3221 et
1326 3182 1427 3237 ego
1458 3167 1779 3221 refucillabo
1806 3182 1906 3222 vos
1930 3166 1996 3220 ”.
2031 3184 2049 3216 ι
2078 3164 2225 3218 Idem
2257 3166 2311 3218 in
2349 3163 2497 3218 hunc
2526 3163 2748 3219 modum
2767 3166 3062 3235 compellat
3090 3166 3397 3223 latronem:
3434 3188 3453 3221 ι
3490 3162 3699 3237 Amen,

425 3256 582 3315 am’eu
611 3256 736 3311 dico
766 3257 883 3316 tibi,
921 3255 1082 3308 hodie
1112 3258 1224 3309 eris
1255 3268 1470 3308 mecum
1498 3253 1550 3305 in
1588 3252 1847 3323 paradiso
1875 3252 1940 3305 “.
1984 3270 2003 3302 ›
2040 3249 2395 3322 Sccnopcgiae
2424 3258 2605 3306 autem
2640 3251 2840 3308 festum
2872 3253 3176 3306 adornatur
3208 3269 3272 3307 ex
3302 3255 3505 3323 plantis
3539 3271 3688 3312 sem-

422 3365 521 3418 per
552 3348 875 3402 virentibus.
926 3344 1113 3400 Gratia
1169 3344 1439 3414 siquidem
1492 3344 1754 3413 percnnis
1801 3351 1906 3397 est.
1942 3339 2075 3395 Nam
2099 3354 2325 3395 suorum
2362 3355 2649 3394 munerttm
2677 3348 2732 3395 et
2759 3340 3028 3395 donorum
3059 3341 3203 3396 haud
3233 3346 3458 3412 poenitet
3497 3343 3686 3401 Deum.

423 3434 690 3489 Similiter
749 3448 850 3487 nec
896 3431 1206 3486 vocationis
1230 3431 1377 3500 piget
1403 3429 1719 3491 Dominum,
1747 3426 2206 3498 quemadmodum
2231 3425 2394 3479 docet
2415 3428 2697 3481 evidenter
2723 3427 3032 3497 Scriptura.
3054 3429 3227 3486 lsaias
3256 3446 3475 3501 quoque
3495 3434 3688 3487 vatici-

422 3532 588 3576 natur
614 3537 629 3574 :
655 3538 673 3571 ι
711 3518 920 3573 Laetitia
949 3519 1207 3586 perennis
1228 3519 1329 3572 erit
1355 3532 1519 3586 super
1545 3525 1710 3585 caput
1731 3531 1922 3571 eorum
1948 3532 1963 3580 ;
1996 3514 2115 3568 laus
2143 3523 2197 3568 et
2227 3514 2413 3567 laetitia
2444 3527 2704 3583 perpetua
2742 3517 3113 3585 apprehendet
3139 3532 3267 3585 eos;
3297 3519 3503 3590 fugient
3532 3521 3691 3576 dolor

424 3607 649 3661 tristitia
685 3615 738 3660 et
767 3605 1003 3675 gemitus
1030 3605 1092 3658 ".
1125 3622 1142 3655 ι
1172 3603 1246 3658 De
1285 3614 1527 3658 torrente
1563 3612 1825 3673 petuntur
1843 3603 1998 3655 rami.
2031 3600 2167 3654 Nam
2198 3602 2455 3656 Christus
2485 3603 2644 3671 aquis
2678 3604 2794 3658 sive
2821 3604 3140 3661 fluminibus
3177 3608 3400 3663 caelitus
3431 3609 3689 3668 demissis

424 3694 617 3763 irrigat
647 3695 861 3762 piorum
890 3692 1118 3746 animas.
1150 3692 1693 3760 Quapropterinquit
1728 3707 1822 3760 per
1852 3691 2153 3760 prophetas
2184 3706 2197 3740 ε
2233 3706 2251 3739 ι
2292 3687 2432 3743 Ecce
2450 3704 2552 3758 ego
2577 3690 2781 3744 inclino
2804 3691 2857 3744 iu
2882 3707 3001 3754 eos,
3026 3694 3182 3761 quasi
3217 3692 3443 3749 ﬂuvium
3470 3712 3685 3766 pacem,

422 3787 479 3835 ct
507 3780 666 3850 quasi
697 3788 995 3833 torrentem
1031 3780 1408 3859 inundantem,
1444 3781 1676 3847 gloriam
1713 3779 1958 3849 gentium
1995 3778 2058 3830 ¹⁶.
2093 3794 2111 3826 ι
2150 3775 2416 3830 Praeterea
2450 3788 2504 3832 et
2537 3778 2590 3831 in
2633 3777 2867 3835 Psalmis
2896 3781 3045 3833 canit
3074 3797 3087 3832 :
3118 3800 3137 3832 σ
3186 3772 3457 3840 Torrente
3493 3790 3684 3858 volup-

423 3869 555 3922 tatis
592 3875 698 3921 tuzr.
728 3867 945 3937 potabis
969 3881 1065 3921 eos
1093 3867 1157 3918 ".
1200 3886 1218 3917 ι
1262 3866 1525 3922 Universa
1566 3881 1701 3936 gens
1752 3866 2086 3919 conveniens
2122 3861 2430 3918 Jerusalem
2455 3865 2566 3935 agit
2589 3865 2787 3921 festum
2813 3867 2959 3921 diem
2994 3868 3167 3932 hunc,
3193 3871 3274 3924 sic
3314 3887 3536 3935 omnes,
3584 3876 3683 3947 qui

425 3957 653 4011 honeste
684 3970 739 4011 et
787 3958 875 4025 pie
898 3956 1211 4010 vixerintin
1257 3956 1520 4025 supernis
1567 3954 1951 4009 mansionibus
1986 3954 2457 4009 concelebrabunt
2489 3969 2812 4027 perpetuam
2862 3960 3241 4018 celebritatem
3283 3979 3409 4019 cum
3436 3965 3683 4023 Christo.

424 4042 784 4099 Contrarium
836 4042 1119 4111 continget
1167 4042 1297 4104 illis.
1334 4041 1427 4110 qui
1454 4056 1566 4096 non
1618 4041 1973 4109 apparuerint
2022 4039 2075 4093 in
2108 4057 2174 4094 eo
2201 4040 2365 4107 festo,
2394 4038 2560 4098 Sicuti
2610 4047 2950 4101 vaticinatur
2980 4047 3282 4107 Zacharias
3312 4055 3544 4112 dicens:
3573 4074 3592 4107 ς
3623 4056 3689 4112 Et

421 4133 550 4197 erit,
591 4140 648 4184 ut
677 4132 860 4185 omnis
890 4131 983 4200 qui
1012 4130 1238 4185 relictus
1275 4128 1442 4183 fuerit
1472 4145 1538 4184 ex
1565 4129 1826 4183 omnibus
1850 4127 2106 4198 gentibus
2133 4128 2485 4185 venientibus
2515 4141 2708 4185 contra
2740 4131 3069 4202 Jerusalem,
3112 4142 3415 4197 ascendant
3443 4146 3513 4200 ab
3535 4161 3685 4202 anno

423 4219 477 4273 in
505 4233 713 4273 annum
747 4217 815 4272 ad
855 4217 1197 4271 adorandum
1248 4231 1430 4287 regem
1474 4214 1768 4270 Dominqu
1806 4217 2172 4278 exercituum,
2207 4224 2261 4269 et
2304 4217 2371 4269 ad
2402 4218 2796 4274 celebrandum
2834 4223 3246 4281 solemnitatem
3271 4226 3684 4288 Tabernaculo-

424 4322 566 4362 rum.
599 4307 667 4362 Et
696 4308 824 4373 erit,
869 4313 930 4359 ut
958 4305 1053 4377 qui
1083 4321 1190 4360 non
1215 4304 1619 4379 ascenderitde
1647 4304 2076 4374 cognationibus
2096 4311 2259 4360 terra;
2293 4305 2348 4360 in
2375 4305 2682 4364 Jerusalem
2713 4309 2782 4364 ad
2808 4308 3152 4369 adorandum
3186 4332 3367 4388 regem
3390 4319 3681 4379 Dominum

420 4396 784 4461 exercituum,
840 4410 949 4449 non
998 4394 1187 4450 futura
1219 4395 1292 4449 sit
1340 4408 1508 4464 super
1531 4408 1629 4450 eos
1664 4394 1871 4464 pluvia.
1907 4392 1973 4446 Et
2008 4392 2052 4448 si
2090 4391 2298 4446 familia
2322 4391 2710 4465 Egyptiorum
2749 4413 2857 4453 non
2903 4401 3211 4458 ascenderit
3237 4420 3417 4477 neque
3446 4402 3681 4473 venerit;

421 4495 529 4534 non
553 4481 660 4535 erit
688 4480 867 4547 pluvia
899 4494 1064 4547 super
1089 4493 1208 4541 eos,
1238 4477 1335 4533 sed
1358 4480 1463 4534 erit
1494 4479 1676 4549 plaga,
1713 4493 1821 4548 qua
1855 4480 2127 4549 percutiet
2155 4478 2420 4536 Dominus
2466 4491 2659 4551 gentes
2707 4501 2831 4555 quae
2879 4503 2988 4543 non
3017 4494 3388 4551 ascenderunt
3432 4496 3498 4551 ad
3533 4501 3681 4555 cele-
3710 4523 3729 4542 ο

418 4565 689 4657 brandum
749 4565 1097 4657 festivitatem
1132 4564 1815 4657 Tuberi-iaculorum“'aa
1854 4565 1977 4657 Hoc
2030 4567 2154 4621 loco
2208 4568 2434 4657 silentio
2486 4571 2732 4639 przetcrit
2764 4575 2990 4629 modum
3030 4578 3419 4652 victimarum,
3477 4587 3681 4657 quibus

419 4653 689 4708 litandum
716 4662 798 4706 est
824 4652 877 4705 in
908 4652 993 4708 his
1011 4653 1431 4706 celebritatihus
1461 4667 1475 4704 :
1518 4669 1642 4706 nam
1670 4653 1723 4707 in
1759 4654 1904 4710 libro
1934 4653 2303 4711 Numerorum
2336 4655 2514 4714 iusius
2561 4659 2676 4715 haec
2705 4663 2890 4718 omnia
2915 4669 3217 4723 enarravit.

486 4760 644 4823 Τινὲς
675 4759 787 4830 (25)
812 4760 913 4828 τὴν
947 4759 1057 4812 τῶν
1090 4759 1409 4828 σαλπίγγων
1444 4761 1639 4833 ἑορτὴν
1690 4762 1751 4815 τὸ
1794 4763 1990 4833 μέλλον
2020 4777 2065 4832 Α

2164 4762 2395 4829 Quidam
2417 4777 2673 4823 asserunt
2709 4769 2903 4825 festum
2929 4773 3187 4831 tubarum
3221 4779 3680 4851 signiﬁcationem

414 4851 629 4920 δηλοῦν.
661 4852 748 4905 Ἐν
777 4850 926 4921 αὐτῷ
948 4851 1056 4920 γὰρ
1086 4850 1288 4922 ἤμελλε
1312 4850 1391 4921 τῷ
1426 4853 1558 4921 μηνὶ
1582 4855 1616 4922 ἡ
1648 4854 1800 4924 φωνὴ
1833 4852 1994 4923 βοῶνο

2099 4856 2301 4914 habere
2338 4860 2530 4915 futuri.
2561 4862 2618 4917 ln
2666 4879 2732 4919 eo
2763 4865 3124 4926 enimmeuse
3164 4850 3591 4936 voxclamantis
3626 4881 3679 4936 in

413 4961 507 5007 τος
536 4945 684 5014 itu-ri}
710 4944 906 5014 ἐρήμῳ
929 4942 1424 5012 συλλαμϐάνεσθαι.
1452 4944 1542 4996 Διὸ
1563 4946 1658 4998 καὶ
1680 4949 1736 4998 ὲν
1765 4948 1990 5015 σκηναῖς

2097 4948 2316 5006 deserto
2343 4954 2704 5023 concipienda
2732 4967 2870 5013 erat.
2924 4959 3265 5034 QuaprOpter
3289 4968 3588 5038 desiderat,
3623 4984 3683 5029 ut

417 5037 668 5107 βούλεται
696 5036 905 5104 διάγειν
948 5036 1039 5089 τὸν
1071 5036 1292 5107 Ἰσραὴλ
1340 5037 1434 5100 τὰς
1467 5039 1608 5092 ἑπτὰ
1640 5039 1877 5109 ἡμέρας,
1911 5040 1992 5102 εἰς

2100 5040 2269 5096 Israel
2318 5052 2524 5112 septem
2555 5046 2751 5102 diebus
2799 5050 2851 5103 in
2887 5053 3262 5113 tabernaculis
3296 5071 3421 5131 agat
3450 5078 3469 5115 τ
3509 5036 3684 5134 quam

413 5129 585 5182 τύπον
614 5125 710 5178 τοῦ
742 5127 1013 5197 μονήρους
1051 5124 1190 5195 βίον.
1231 5121 1294 5181 οὗ
1324 5126 1539 5197 πρῶτος
1580 5130 1673 5181 καὶ
1713 5129 1988 5199 Ἰωάννης.

2097 5144 2526 5227 repraesentatur
2546 5138 2656 5192 vita
2697 5140 2967 5207 solitaria,
3001 5146 3161 5216 cujus
3193 5121 3438 5207 sectaior
3467 5121 3682 5227 primus

413 5217 526 5271 Καὶ
553 5215 731 5281 ἔξοδον
764 5214 934 5286 αὐτὴν
961 5216 1140 5279 καλεῖ,
1166 5216 1255 5271 διὰ
1291 5218 1393 5288 τὴν
1422 5218 1533 5272 ἀπὸ
1580 5218 1676 5272 τοῦ
1710 5220 1880 5290 νόμον
1909 5219 1997 5285 ἔξο

2102 5223 2313 5279 exstitit
2360 5223 2624 5287 Joannes.
2680 5228 2988 5292 Celebritas
3042 5214 3137 5295 illa
3198 5252 3430 5300 vocatur
3467 5214 3679 5310 exitus,

476 5395 520 5475 ξο
548 5392 704 5477 itam.
735 5410 811 5457 vi,
842 5392 899 5447 ὁ.
978 5392 1058 5477 ίξξ
1081 5391 1270 5477 Matth.
1298 5410 1373 5449 vr.
1408 5393 1493 5448 19.
1653 5395 1671 5450 l
1699 5393 1859 5477 ,ξφ-ῃ.
1892 5411 1954 5477 n,
1985 5396 2072 5453 18.

1660 5395 1671 5450 l
1699 5393 1859 5477 ξφα-ῃ.
1892 5411 1954 5477 n,
1985 5396 2072 5453 18.
2152 5400 2232 5477 "_l
2265 5400 2512 5477 cor._xv,
2542 5407 2631 5463 5‘2.
2714 5411 2758 5443 ⁸³
2790 5411 2982 5471 Matth.
3016 5434 3091 5477 xl.
3113 5419 3202 5477 νε.
3254 5363 3259 5368 ς

412 5465 499 5521 45.
579 5465 623 5499 ⁸⁸
650 5464 753 5520 lsa.
796 5479 960 5527 xxxv,
994 5463 1080 5518 10.
1159 5464 1331 5520 "lsa.
1371 5481 1514 5530 vai,
1553 5464 1637 5522 12.
1716 5465 1757 5500 ⁸⁷
1790 5460 1945 5523 Psal.
1990 5484 2011 5521 ι

1602 5465 1637 5522 Β.
1716 5465 1757 5500 ⁸⁷
1790 5460 1945 5523 Psal.
1990 5484 2152 5533 xxxv,
2189 5473 2241 5527 9.
2320 5473 2366 5507 "'
2404 5460 2633 5534 Zachar.
2673 5460 3091 5550 xlviii—5:16.“
3122 5460 3201 5477 ’“’“

1920 5553 2152 5614 NOTAE.

3286 5424 3328 5455 ”
3353 5424 3483 5481 Luc.
3520 5443 3681 5495 xxm,

617 5649 931 5718 Ἐννοητέον
956 5648 1036 5712 τὸ,
1060 5647 1211 5716 φασί.

750 5748 1018 5807 Parnm.
1062 5744 1189 5831 Cu.
1260 5737 1631 5810 LXXXVII.

1608 5787 1631 5810 υ
3120 5763 3198 5825 25
