4050 6212
279 157 385 220 779
626 131 628 134 ’
1565 157 1918 218 PROCOPII
1951 158 2193 220 cum
2782 115 2794 134 “
3412 162 3522 226 780

281 271 406 343 quia
441 268 510 322 ab
539 267 640 322 hac
677 266 1018 338 egredientes
1062 265 1288 322 veniunt
1319 267 1386 322 ad
1418 269 1669 338 gratiam.
1720 270 1854 324 Sab-

1921 312 1930 333 ,
1957 272 2075 324 οδον
2099 272 2189 323 ἐπὶ
2207 272 2306 341 τὴν
2335 269 2498 341 χάριν
2518 287 2531 302 ο
2562 271 2655 324 καὶ
2683 269 2934 324 Σάϐϐατα
2964 270 3279 342 Σαϐϐάτων,
3305 272 3396 328 διὰ
3419 274 3520 342 τὴν

281 367 406 418 hata
441 359 808 416 Sabbatorum
842 358 1198 413 nominantur
1227 368 1452 430 propter
1485 359 1850 415 Sabhatorum

1954 358 2158 414 παῦσιν
2208 360 2316 413 τῶν
2343 361 2658 414 Σαὸὅάτων.
2695 361 2805 416 Καί
2831 377 2845 392 ο
2885 380 2904 412 t
2939 361 3338 430 Ταπεινώσετε,
3361 365 3516 436 φησι,

281 453 574 522 quietem.c
604 449 996 514 liumiliabitis,
1027 449 1226 519 inquit,
1288 451 1503 507 animas
1543 460 1775 516 vestras,
1828 471 1846 506 ι

1953 451 2054 512 τὰς
2095 449 2274 520 ψυχὰς
2320 449 2498 521 ὑμῶν.
2543 469 2562 504 ι
2617 453 2918 523 Movovouxl.
2971 454 3038 507 τὰ
3085 455 3337 509 Ἰωάννου
3389 455 3519 526 βοᾷ·

281 558 403 614 qua:
449 541 666 612 quidem
725 539 893 594 Mosis
925 540 1084 594 verba
1135 540 1446 594 afﬁnitatem
1495 541 1698 596 habent
1728 555 1852 595 cum

1963 556 1981 590 r
2009 540 2339 594 Μετανοεῖτε
2357 557 2372 572 ·
2399 541 2598 611 {mare
2617 542 2727 612 γὰρ
2749 543 2782 612 ὴ
2804 541 3053 612 βασιλεία
3077 543 3184 596 τῶν
3208 543 3470 614 οὐρανῶν.
3497 564 3514 594 ι

285 635 392 696 his,
424 647 545 703 qua:
573 630 811 687 Joannes
845 631 1192 701 proloquitur
1223 630 1501 686 clamans:
1530 648 1547 681 t
1584 629 1856 685 Paeniten-

1959 629 2049 684 Διό
2090 631 2189 684 καὶ
2224 631 2520 703 ὲξιλασμοῦ
2561 633 2719 699 καλεῖ
2743 635 2842 703 τὴν
2891 635 3122 706 ἡμέραν.
3168 636 3332 698 Τέλος
3359 637 3468 705 γὰρ
3495 637 3525 688 ό

285 721 416 774 tiam
476 719 638 788 agite.
700 717 1169 788 Appropinquavit
1209 717 1354 772 enim
1407 733 1632 788 regnum
1686 719 1856 772 coelo-

1958 716 2216 788 Ἰωάννης
2253 720 2355 790 τῆς
2393 721 2658 788 Παλαιᾶς,
2689 724 2781 777 καὶ
2821 723 2964 795 ἀρχὴ
3002 727 3102 796 τῆς
3129 727 3362 794 Καινῆς,
3392 725 3464 788 ὡς
3498 727 3525 779 ὁ

285 827 406 866 rum
432 811 498 864 ".
535 829 552 862 ι
589 808 802 864 Idcirco
835 809 1164 880 expiationis
1211 824 1406 864 nomen
1439 810 1517 864 illi
1549 811 1854 866 celebritati

1959 808 2259 880 ἑωσφόρος.
2308 809 2392 865 Τὰ
2434 812 2492 865 δὲ
2541 813 2854 886 κάλλυντρα
2919 815 3026 868 τῶν
3079 815 3368 885 φοινίκων,
3431 816 3528 868 καὶ

283 912 368 959 est
415 897 669 972 inditum.
707 901 986 968 Siquidem
1015 899 1256 956 Joannes
1287 899 1411 957 finis
1440 908 1525 955 est
1563 899 1776 958 Veteris
1803 907 1856 952 et

1960 900 2128 954 τᾶλλα
2155 901 2222 954 τὰ
2249 903 2535 972 εἰρημένα,
2569 905 2726 976 φέρει
2765 905 2862 960 τοῦ
2904 907 3174 978 Ἰορδάνου
3216 909 3250 973 ἠ
3299 907 3523 978 ἕρημοςῗ

286 994 502 1050 initium
534 990 666 1047 Novi
699 991 1060 1045 Testamenti.
1092 991 1358 1045 Caeterum
1393 989 1613 1048 frondes
1645 993 1856 1062 palma-

1960 995 2018 1047 ὲν
2105 995 2374 1066 ἐκήρυττε
2409 997 2504 1050 καὶ⁵
2530 997 2713 1067 διῆγεν
2763 995 2794 1051 ὁ
2838 998 3171 1069 Βαπτιστὴς,
3189 998 3296 1062 ἕως
3318 997 3529 1069 ἡμέρας

287 1100 407 1141 rum
466 1092 520 1139 ct
582 1085 821 1153 reliquas
873 1083 1100 1138 arbores
1154 1083 1410 1152 producit
1453 1081 1694 1138 solitudo
1737 1098 1859 1152 quae

1565 1081 1694 1137 tudo
1737 1098 1859 1152 quae
1963 1085 2286 1150 ἀναδείξεως
2320 1087 2506 1150 αὐτοῦ,
2541 1088 2701 1158 δῆλον
2735 1087 2810 1152 ὡς
2834 1091 2892 1142 ὲν
2915 1091 3163 1159 σκηναῖς.

287 1173 766 1248 adjacetJordani,
801 1174 854 1226 in
890 1187 994 1242 qua
1053 1171 1346 1228 solitudine
1387 1173 1748 1230 concionatus
1778 1180 1862 1228 est
1899 1170 2135 1231 Joannes
2186 1175 2710 1248 ibidemquevitatn
2784 1177 2895 1249 egit
2940 1178 3098 1248 quasi
3164 1178 3218 1232 in
3281 1175 3531 1246 entoriis,

290 1270 464 1326 donec
520 1264 728 1320 veniret
785 1273 1001 1334 tempus
1065 1276 1176 1332 quo
1205 1270 1324 1318 erat
1375 1263 1858 1321 demoustrandns.

359 1407 542 1483 [373
575 1405 643 1460 Et
673 1405 937 1468 accipiant
963 1404 1133 1460 oleum
1156 1403 1598 1476 olivarum,etc.]
1623 1405 1916 1460 Sincerum
1940 1401 2210 1471 siquidem
2236 1404 2424 1456 lumen
2447 1411 2501 1457 et
2531 1403 2832 1472 genuinum
2863 1403 2916 1456 in
2939 1401 3190 1458 Ecclesia
3224 1403 3413 1474 ﬂagret
3435 1419 3538 1461 uc-

288 1510 506 1554 cessum
539 1502 647 1548 est.
683 1511 702 1544 ς
745 1489 857 1547 Vos
891 1492 1060 1557 enim,
1097 1491 1302 1561 inquit,
1336 1492 1476 1548 estis
1515 1491 1610 1545 lux
1648 1491 1840 1544 mundi
1866 1491 1940 1544 '°.
1989 1507 2008 1541 ι
2038 1487 2108 1541 Ει
2138 1490 2337 1542 iterent
2371 1507 2386 1544 :
2429 1508 2448 1541 ι
2497 1489 2622 1544 Sint
2653 1499 2851 1545 vestra:
2894 1493 3136 1545 lucernae
3168 1505 3438 1556 accensae,
3479 1503 3536 1548 et

286 1601 389 1640 vos
423 1582 634 1638 similes
661 1579 981 1635 hominibus
1015 1580 1479 1650 exspectantibus
1519 1577 1812 1632 Dominum
1859 1593 2022 1632 suum
2055 1579 2123 1630 ³⁸.
2160 1596 2179 1628 ι
2214 1576 2542 1632 Ostenditur
2587 1577 2693 1633 sub
2723 1579 2831 1634 hoc
2859 1589 2990 1650 typo
3013 1619 3028 1643 ,
3075 1587 3138 1633 ut
3169 1594 3537 1637 coruscemus

294 1671 348 1726 in
375 1668 563 1723 mundi
595 1665 841 1721 tenebris
871 1665 1108 1720 scientia
1137 1676 1192 1720 et
1223 1665 1350 1720 vita:
1385 1665 1698 1730 honestate,
1736 1672 1796 1718 ut
1831 1664 2088 1734 intrepidi
2119 1679 2388 1734 apparere
2420 1665 2703 1736 possimus
2733 1666 2788 1719 in
2811 1677 3064 1721 extremo
3093 1665 3184 1726 die
3214 1681 3340 1720 cum
3372 1667 3539 1722 adve-

291 1757 436 1812 nerit
469 1754 740 1810 Dominus
763 1751 1074 1822 jndicatum
1109 1753 1267 1808 vivos
1309 1762 1366 1808 et
1400 1759 1676 1808 mortuos.
1714 1751 2001 1808 Monemur
2045 1767 2291 1822 quoque,
2331 1761 2389 1805 ut
2422 1759 2586 1807 caute
2625 1752 3000 1816 ambulemus,
3041 1768 3114 1807 ne
3155 1767 3256 1807 ceu
3292 1752 3380 1808 fur
3412 1753 3536 1810 dies

291 1845 388 1900 ille
416 1845 483 1898 in
515 1841 810 1895 nocturnis
847 1839 1103 1894 tenebris
1131 1855 1238 1894 nos
1267 1839 1630 1910 opprimat“.
1665 1840 2014 1910 Quapmpter
2065 1840 2220 1894 addit
2257 1857 2269 1893 :
2309 1857 2328 1891 t
2363 1837 2430 1892 Et
2473 1846 2766 1908 componet
2811 1841 2931 1895 sive
2962 1841 3248 1894 ordinabit
3273 1839 3532 1904 lucernas

293 1945 476 1984 coram
497 1927 730 1982 Domino
747 1940 920 1994 usque
945 1939 1123 1990 mane,
1146 1943 1164 1977 ι
1191 1924 1243 1980 id
1267 1935 1374 1989 est,
1392 1941 1570 1998 usque
1590 1927 1656 1981 ad
1689 1925 1935 1980 futurum
1967 1925 2110 1982 diem
2141 1925 2356 1997 iudicii.
2388 1927 2450 1981 Et
2469 1929 2615 1997 quod
2647 1926 2722 1984 ait
2747 1943 2761 1980 :
2789 1945 2810 1980 ι
2835 1927 3031 1982 Coram
3055 1927 3313 1991 Domino,
3345 1946 3363 1980 ι
3391 1935 3529 1993 etc.,

293 2017 556 2073 indicium
618 2013 748 2069 facit
785 2012 982 2068 divinae
1036 2013 1180 2076 vitae,
1221 2028 1383 2084 quam
1426 2015 1482 2068 iu
1553 2015 1781 2069 caeleste
1843 2026 2069 2082 regnum
2111 2013 2361 2068 translati
2393 2013 2658 2069 vivemus.
2709 2012 2846 2068 Nam
2901 2015 3048 2068 oculi
3100 2012 3314 2068 Domini
3369 2027 3540 2084 super

296 2108 502 2178 justos.
526 2104 662 2158 Cum
692 2115 828 2157 vero
865 2116 972 2156 nos
1018 2100 1222 2156 fratres
1263 2101 1624 2170 appellaverit
1655 2103 1788 2158 etin
1821 2115 1976 2157 suam
2009 2100 2336 2156 societatem
2371 2100 2682 2166 admiserit,
2713 2115 3066 2170 nequaquam
3107 2101 3420 2156 mirandum
3455 2102 3530 2166 si,

297 2209 422 2248 cum
451 2191 528 2248 sit
560 2191 677 2254 lus,
717 2190 882 2244 etiam
916 2189 1078 2243 nobis
1103 2187 1242 2244 lucis
1269 2189 1592 2257 dignitatem
1634 2189 2090 2254 commodaverit,
2121 2189 2241 2242 suis
2271 2202 2372 2241 nos
2398 2189 2676 2242 extollens
2719 2188 3048 2243 honoribus.
3077 2187 3227 2242 Intra
3259 2189 3405 2242 enim
3437 2203 3535 2244 ve-

303 2281 412 2333 lum
439 2285 526 2332 est
566 2289 704 2344 pura
729 2275 984 2338 lucerna,
1015 2274 1068 2329 id
1101 2283 1206 2338 est,
1247 2275 1526 2339 Christus,
1564 2277 1776 2332 habens
1797 2282 2004 2345 septem
2036 2275 2315 2341 lucernas,
2343 2275 2550 2345 quibus
2573 2275 2638 2330 ad
2663 2291 2724 2329 se
2760 2275 3111 2330 venientibus
3139 2276 3420 2344 copiosam
3451 2278 3538 2330 in-

301 2365 484 2420 fundit
516 2363 714 2418 luccm.
745 2360 880 2414 Nam
911 2361 1026 2414 ait:
1067 2379 1084 2410 ι
1121 2359 1402 2426 Accedite,
1437 2370 1493 2416 et
1529 2362 1916 2419 illumineniini
1944 2364 2072 2418 ".‘r
2118 2363 2278 2431 Quod
2318 2381 2452 2421 vero
2477 2364 2618 2436 apud
2653 2366 2831 2434 ipsum
2867 2365 3254 2420 accenduntur
3292 2366 3540 2424 lucerna

299 2452 462 2507 docet
497 2447 895 2504 incarnationis
925 2457 1166 2517 tempus,
1198 2464 1304 2518 qua
1335 2456 1489 2504 totus
1527 2451 1844 2508 illustratus
1882 2460 1965 2508 est
1996 2451 2205 2522 fugatis
2256 2453 2508 2508 tenebris
2551 2453 2816 2508 mundus.
2858 2453 3073 2507 Idcirco
3103 2453 3280 2523 inquit
3319 2452 3490 2508 David
3517 2475 3534 2510 :

305 2558 324 2591 ι
359 2537 516 2592 Mane
550 2549 741 2590 vocem
770 2547 945 2588 meam
971 2533 1240 2588 cxaudies
1274 2533 1344 2588 “.
1378 2553 1397 2585 ι
1434 2533 1528 2590 Vel
1563 2536 1671 2592 sub
1707 2539 1952 2607 puritate
1987 2539 2232 2593 lucerna:
2261 2546 2667 2592 commonstrat
2697 2539 3031 2603 Ecclesium,
3083 2539 3140 2594 in
3175 2554 3284 2609 qua
3343 2553 3542 2597 corus—

297 2633 389 2682 cat
417 2626 510 2680 lux
535 2621 792 2695 spiritus,
822 2635 944 2692 qua:
975 2629 1239 2676 coruscat
1277 2630 1332 2676 et
1367 2623 1514 2677 vires
1541 2639 1675 2679 suas
1701 2627 1877 2680 exerit
1909 2627 1965 2680 in
2001 2635 2208 2694 septem
2236 2623 2402 2680 donis
2437 2624 2680 2695 Spiritus
2711 2625 2944 2680 sancti.~

371 2759 653 2816 Sincerum
681 2767 728 2812 et
760 2771 953 2826 purum
981 2754 1175 2817 oleum,
1205 2765 1312 2813 etc.
1350 2753 1571 2826 [XXIV,
1604 2755 1689 2828 2.]
1731 2759 1876 2812 Pura
1903 2759 2179 2830 siquidem
2211 2773 2380 2829 Opera
2419 2758 2755 2812 conveniunt
2777 2757 2978 2812 divina:
3008 2757 3140 2814 luci.
3175 2755 3254 2813 Ex
3283 2757 3448 2813 olivis
3483 2755 3541 2813 id

306 2845 493 2917 colligi
525 2845 710 2916 jubet,
740 2855 800 2900 ut
824 2843 1170 2901 demonstret
1195 2857 1317 2909 eos,
1353 2843 1446 2912 qui
1483 2843 1924 2899 misericordiam
1968 2847 2080 2902 sint
2105 2846 2415 2902 consecuti.
2458 2864 2477 2895 ί
2513 2845 2682 2899 Extra
2715 2846 3162 2910 tabernaculum,
3208 2864 3226 2900 ι
3261 2854 3372 2900 etc.
3401 2843 3540 2900 Nam

307 2936 532 2990 interna
561 2930 856 3002 splendent
882 2939 938 2985 et
976 2931 1324 2984 illustrantur
1354 2930 1562 2984 caelesti
1590 2930 1735 2994 luce,
1757 2947 1880 3000 quae
1907 2947 2077 3004 supra
2103 2948 2290 2990 arcam
2324 2934 2672 3002 compicitur
2703 2941 2761 2986 ut
2790 2933 3035 2988 cmlestis
3061 2933 3200 2990 lucis
3227 2935 3302 2988 sit
3335 2933 3539 3004 imago.

306 3029 360 3075 at
391 3019 639 3074 cmlestis
675 3019 764 3072 lux
805 3016 1063 3074 Christus
1094 3025 1200 3072 est.
1246 3017 1373 3070 Haec
1410 3032 1542 3072 vero
1571 3017 1661 3070 lux
1695 3019 1952 3088 apparuit
1981 3035 2088 3074 non
2128 3019 2410 3074 hominum
2452 3019 2639 3073 latiore
2671 3028 2998 3089 praeparata,
3042 3019 3137 3074 sed
3175 3019 3444 3073 divinitus
3485 3027 3541 3074 et

307 3106 528 3161 coalitus
561 3106 730 3160 allata
763 3114 868 3158 est.
904 3102 962 3158 In
995 3104 1182 3174 priore
1221 3103 1584 3158 tabernaculo
1615 3115 1738 3158 erat
1781 3106 2012 3164 lucerna
2045 3105 2271 3178 ardens.
2302 3103 2435 3158 Nam
2471 3119 2571 3160 nec
2597 3107 2736 3160 citra
2779 3105 3021 3158 divinam
3055 3106 3231 3161 lucem
3265 3105 3542 3178 degebant

308 3193 413 3259 illi,
437 3208 578 3260 quos
609 3192 698 3247 lex
738 3191 1047 3256 erudiebat,
1089 3199 1143 3245 ct
1176 3191 1246 3246 ab
1290 3191 1786 3260 superstitionibus
1820 3193 1874 3246 in
1919 3193 2090 3248 unius
2125 3193 2218 3248 Dei
2269 3195 2477 3248 cultum
2513 3193 2894 3262 rapiebantur.
2925 3193 3198 3250 Caeterum
3242 3195 3543 3249 admodum

310 3295 502 3350 parum
529 3277 719 3332 aderat
747 3277 871 3348 ejus
906 3277 1046 3332 lucis
1070 3293 1192 3348 qum
1224 3278 1279 3332 in
1323 3277 1549 3334 Christo
1583 3279 1834 3336 emicuit.
1863 3281 2036 3335 Mosis
2073 3279 2347 3350 siquidem
2378 3281 2466 3333 lux
2506 3287 2724 3336 tantum
2753 3279 2936 3336 dill‘ert
2964 3295 2992 3334 a
3029 3295 3155 3336 vera
3187 3281 3332 3346 luce,
3357 3295 3542 3352 quan-

314 3377 427 3420 tum
454 3365 621 3419 distat
652 3364 844 3418 utnbra
867 3379 897 3418 a
930 3363 1245 3434 splendore.
1277 3363 1340 3418 Et
1379 3364 1841 3436 quemadmodum
1869 3365 2148 3436 discrepat
2190 3381 2298 3422 una
2332 3382 2464 3437 gens
2487 3369 2554 3422 ah
2583 3367 2842 3422 omnibus
2872 3367 3044 3422 totius
3069 3367 3221 3423 orbis
3243 3369 3499 3440 gentibus
3525 3387 3540 3424 :

311 3452 387 3506 ita
411 3451 638 3506 lucerna
672 3450 930 3504 humanis
958 3451 1214 3506 manibus
1249 3460 1509 3522 apparata
1541 3449 1724 3506 differt
1748 3467 1776 3504 a
1795 3467 1924 3510 vera
1953 3463 2004 3508 et
2029 3455 2219 3512 divina
2244 3456 2388 3510 luce.
2417 3453 2512 3509 Vel
2540 3453 2798 3510 fortassis
2827 3455 2920 3510 illa
2948 3456 3172 3510 lucerna
3203 3455 3545 3524 praenuntia-

312 3540 406 3594 bat
441 3537 710 3594 Joannem
744 3537 1069 3610 Baptistam.
1107 3537 1402 3593 Duodecim
1443 3554 1613 3608 panes
1645 3540 1957 3610 significant
1991 3557 2216 3598 sacrum
2261 3539 2551 3596 duodecim
2590 3541 2972 3610 apostolorum
3001 3542 3252 3596 chorum.
3286 3539 3422 3595 Nam
3456 3543 3543 3596 lu-

313 3641 480 3679 cerna
512 3624 879 3696 praeveniebat
904 3623 1040 3680 solis
1070 3634 1352 3678 exortum.
1381 3623 1454 3680 De
1487 3625 1589 3680 hoc
1633 3626 1709 3681 ita
1741 3627 1998 3703 .loquitur
2031 3629 2195 3686 Pater
2227 3649 2240 3686 :
2275 3647 2293 3681 t
2339 3628 2532 3682 l’aravi
2568 3629 2848 3682 lucernam
2887 3622 3116 3682 Christo
3140 3643 3260 3682 meo
3287 3629 3356 3680 ".
3393 3647 3410 3680 ι
3451 3628 3544 3682 Si-

315 3714 516 3768 militer
555 3721 610 3768 et
637 3709 899 3767 Christus
940 3713 1164 3782 inquit:
1205 3731 1223 3761 t
1266 3709 1373 3769 Vos
1411 3713 1666 3771 voluistis
1698 3717 1763 3770 ad
1796 3724 2011 3789 tempus
2052 3718 2336 3772 exsultare
2367 3716 2422 3769 in
2459 3716 2579 3770 luce
2604 3715 2724 3785 ejus
2763 3715 2830 3768 ’⁸.
2876 3733 2894 3766 ι
2923 3713 3065 3768 Nam
3110 3715 3164 3768 in
3210 3715 3538 3769 memoriam

313 3801 509 3872 redigit
542 3800 676 3862 illis,
714 3801 806 3871 qui
840 3799 980 3872 legis
1011 3797 1198 3856 studio
1227 3801 1402 3856 dediti
1435 3811 1616 3866 erant,
1643 3803 1954 3871 lucernam,
1987 3821 2112 3875 qua:
2144 3805 2322 3859 fuerat
2353 3803 2408 3856 in
2451 3803 2630 3872 primo
2656 3801 3040 3856 tabernaculo.
3077 3799 3348 3856 Caeterum
3372 3801 3543 3871 legis-

314 3887 456 3943 lator
485 3887 660 3943 voluit
685 3887 837 3943 illam
862 3887 1148 3946 lucernam
1191 3903 1314 3944 esse
1349 3903 1670 3960 perennem.
1703 3892 1771 3944 At
1800 3891 1878 3945 illi
1909 3890 2062 3948 brevi
2083 3891 2278 3948 saltem
2312 3899 2560 3960 tempore
2605 3889 2804 3959 gravisi
2835 3887 2928 3940 illa
2963 3887 3189 3942 lucerna
3215 3887 3549 3943 accedentes

314 3976 378 4029 ad
411 3977 532 4047 ejus
572 3975 928 4046 baptismum.
963 3974 1168 4033 Verum
1199 3977 1461 4047 deinceps
1491 3992 1598 4031 non
1625 3988 1960 4047 exceperunt
1989 3993 2138 4040 eum,
2169 3978 2265 4047 qui
2302 3979 2370 4030 ab
2413 3977 2510 4030 illo
2548 3975 2972 4048 praedicabatur.
3003 3973 3070 4050 Et
3094 3975 3198 4027 hoc
3237 3985 3357 4028 erat
3386 3973 3542 4040 illud,

313 4066 456 4134 quod
481 4064 617 4120 dicit
645 4065 861 4120 scilicet
890 4063 1184 4135 repudiare
1222 4055 1422 4119 lu'cem.
1457 4064 1706 4134 Apostoli
1739 4073 1922 4119 autem
1965 4073 2098 4120 sunt
2130 4079 2329 4135 panes,
2356 4070 2631 4134 quatenus
2661 4062 2870 4117 similes
2901 4069 3031 4116 sunt
3063 4063 3156 4116 uni
3193 4062 3319 4134 pani
3352 4076 3540 4130 nempe

313 4154 558 4220 Christo,
591 4154 800 4210 alentes
824 4168 924 4208 nos
957 4154 1011 4206 in
1050 4154 1272 4223 pietate,
1318 4162 1374 4208 et
1416 4152 1741 4224 ignorantia:
1773 4153 2160 4222 propulsantes
2183 4151 2406 4205 famem.
2451 4147 2654 4204 Verum
2689 4149 2762 4202 ita
2792 4149 3160 4216 collocantur,
3187 4159 3246 4203 ut
3287 4149 3395 4204 duo
3423 4149 3536 4201 sint

315 4246 534 4299 illorum
569 4243 792 4300 ordines
817 4243 871 4296 in
909 4257 1143 4314 quorum
1179 4243 1357 4298 medio
1381 4241 1666 4313 ponendus
1693 4241 1768 4296 sit
1801 4243 1986 4310 panis,
2015 4242 2106 4310 qui
2129 4255 2164 4296 e
2193 4243 2339 4294 cmlo
2368 4240 2680 4295 descendit.
2717 4238 2793 4293 Ex
2824 4238 3036 4293 dttahns
3069 4237 3299 4294 decimis
3336 4239 3543 4310 singuli

313 4340 722 4402 componuntur
773 4329 928 4399 quasi
980 4329 1307 4398 postuletur,
1339 4337 1399 4382 ttt
1441 4327 1620 4384 simus
1647 4329 1810 4394 dicto
1847 4334 1903 4384 et
1944 4327 2091 4381 facto
2147 4325 2407 4398 perfecti.
2443 4325 2675 4394 Quidam
2702 4329 3014 4395 [autumant
3046 4326 3184 4380 duos
3215 4327 3439 4383 ordines
3489 4335 3548 4383 et

314 4419 454 4472 duas
481 4417 729 4472 decimas
758 4412 1076 4482 significare
1115 4413 1256 4468 duos
1281 4415 1516 4488 papulos
1535 4417 1638 4470 sub
1671 4417 1895 4472 Christo
1914 4415 1969 4467 in
2001 4413 2358 4469 concordiam
2384 4411 2800 4468 reconciliatos.
2824 4409 2978 4468 Thus
3003 4423 3186 4468 autem
3209 4425 3264 4468 et
3291 4414 3372 4468 sal
3395 4429 3548 4485 sym-

297 4506 442 4560 ‘bola
473 4510 606 4556 sunt
632 4501 968 4572 fragrantia,
994 4513 1116 4568 quae
1151 4515 1316 4569 quam
1361 4501 1682 4570 longissime
1717 4503 1998 4574 spargitur
2025 4521 2038 4558 :
2071 4511 2127 4558 et
2153 4501 2378 4566 salutis,
2409 4515 2531 4572 quae
2565 4516 2664 4556 nos
2695 4515 2726 4556 e
2753 4502 3131 4570 corruptionis
3163 4502 3409 4572 periculo
3433 4501 3548 4556 eri-

314 4592 418 4658 pit.
450 4587 586 4642 Natn
625 4585 926 4657 fragrantia
971 4584 1149 4640 thuris
1180 4601 1344 4656 quam
1386 4586 1657 4644 latissime
1687 4588 2037 4644 diffunditur.
2079 4587 2352 4644 Praeterea
2402 4604 2634 4659 corpora
2677 4585 2770 4642 ditt
2797 4600 3198 4644 conservantur
3243 4589 3454 4658 integra
3496 4591 3547 4643 si

317 4680 761 4743 consperguntur
788 4673 923 4728 sale.
959 4669 1227 4728 Prtetcrea
1262 4675 1346 4729 sal
1375 4675 1643 4744 optimum
1671 4676 1926 4732 ciborum
1955 4685 2041 4732 est
2079 4675 2516 4731 condimentum.
2554 4673 2690 4729 Nam
2724 4684 3046 4728 sanctorum
3077 4690 3263 4730 sermo
3285 4675 3460 4744 gratia
3489 4685 3549 4730 et

317 4762 434 4817 sale
456 4760 718 4817 conditus
743 4771 848 4825 est,
881 4762 1343 4832 quemadmodum
1385 4771 1570 4819 mouet
1606 4762 1922 4835 Scriptura.
1957 4763 2034 4819 De
2065 4763 2152 4819 his
2186 4765 2261 4818 ita
2289 4764 2497 4819 dicitur
2535 4780 2549 4814 :
2589 4779 2607 4813 t
2645 4760 2757 4816 Vos
2791 4763 2928 4818 estis
2961 4763 3042 4816 sal
3073 4773 3232 4818 terrae
3265 4765 3334 4817 ".
3374 4782 3394 4816 ι
3439 4763 3546 4818 νε.

319 4865 442 4904 rum
468 4849 524 4904 in
559 4849 805 4904 Sabhato
835 4857 1242 4921 proponuntur,
1291 4857 1352 4906 ut
1383 4852 1666 4921 aperiatur
1707 4862 1821 4906 tum
1855 4852 2072 4908 demum
2119 4851 2400 4906 Christum
2447 4851 2796 4904 incarnatum
2823 4849 2929 4914 iri,
2955 4864 3080 4904 cum
3114 4852 3345 4906 mortale
3370 4867 3550 4922 genus

318 4937 578 4996 maximis
609 4935 774 5010 374
795 4945 852 4992 et
876 4938 1132 5008 plurimis
1154 4945 1374 4993 auctum
1414 4937 1990 4997 fueritinerementis.
2013 4937 2109 4992 Vel
2131 4938 2178 4992 si
2217 4937 2308 4991 hic
2336 4937 2514 5006 magis
2539 4935 2790 4992 arriserit
2817 4948 3038 5002 sensus,
3065 4937 3383 4993 memineris
3408 4936 3550 4992 Sab-

322 5025 435 5080 hati
477 5034 695 5094 tempus
730 5027 834 5078 hoc
875 5039 1021 5087 esse,
1054 5041 1160 5096 quo
1187 5025 1512 5082 demandata
1550 5036 1636 5083 est
1680 5026 1950 5098 apostolis
1987 5021 2326 5094 praedicandi
2361 5021 2512 5078 verbi
2551 5022 2722 5077 divini
2770 5023 3079 5092 provincia,
3113 5031 3174 5076 ut
3214 5026 3552 5080 annuntient

318 5113 530 5168 Christi
558 5116 878 5176 Dth‘lllllln,
915 5128 1078 5182 quem
1116 5129 1242 5170 cum
1272 5129 1382 5170 non
1422 5115 1786 5171 admitterent
1824 5113 2109 5178 Israelita,
2151 5110 2336 5179 inquit
2365 5108 2616 5166 Paulus:
2653 5128 2672 5162 α
2703 5109 2874 5178 Igitur
2900 5109 3230 5178 relinquitur
3270 5109 3552 5166 sabbatis-

321 5215 441 5254 Itltls
463 5201 662 5270 popqu
695 5198 787 5254 Dei
809 5198 876 5250 ".
910 5217 928 5249 ι
975 5198 1031 5250 lu
1058 5208 1356 5268 conspectu
1389 5200 1606 5254 Domini
1636 5206 2030 5272 proponuntur
2050 5213 2241 5268 panes.
2267 5197 2406 5262 Quia
2443 5198 2531 5251 hie
2565 5197 2808 5252 libenter
2831 5197 3011 5252 cernit
3041 5203 3290 5262 sanctos,
3321 5197 3414 5267 qui
3446 5212 3554 5252 ceu

317 5287 628 5358 extunplum
653 5284 922 5356 propositi
957 5291 1089 5338 sunt
1120 5285 1360 5351 caeteris,
1397 5293 1458 5338 ut
1492 5301 1686 5342 eorum
1722 5281 1869 5340 facta
1892 5286 2204 5343 imitentur.

397 5468 432 5498 “
466 5445 766 5526 Matthattt,
800 5462 855 5516 ‘2.
932 5463 978 5493 ²⁰
1011 5461 1203 5518 Matth.
1237 5479 1292 5526 ν,
1321 5461 1407 5516 Η.
1524 5466 1567 5495 ’⁸
1597 5463 1734 5518 Luc.
1771 5481 1870 5530 stt,
1895 5464 1985 5520 55.

1960 5467 1985 5517 ἱ.
2093 5463 2184 5515 "l
2222 5462 2421 5519 Thess.
2445 5477 2502 5527 v,
2605 5464 2662 5527 2,
2697 5461 2986 5525 4;]li’etr.
3022 5478 3103 5528 ut,
3139 5463 3225 5517 lo.
3330 5465 3379 5498 ⁸³
3407 5461 3559 5521 Psal.

327 5553 526 5603 χχχιιι,
575 5535 606 5590 6
704 5536 750 5566 "'
790 5532 933 5589 l’sal.
979 5549 1028 5598 v,
1085 5533 1138 5587 4.
1253 5532 1470 5588 "Psal.
1521 5549 1706 5600 cum,
1767 5535 1854 5590 l7.

1963 5535 2009 5566 ²⁶
2069 5532 2230 5588 Joan.
2288 5548 2355 5599 ν,
2410 5533 2500 5588 55.
2575 5532 2818 5588 "Matth.
2853 5546 2905 5598 v,
2939 5535 3028 5587 t3.
3105 5533 3152 5566 ’⁸
3183 5530 3349 5590 Hebr.
3395 5536 3557 5600 tv,9.
