4050 6212
468 271 568 343 781
1491 270 2032 335 COMMENTARII
2062 269 2142 330 IN
2183 242 2626 330 LEVi‘l‘lCUM.
3621 265 3728 328 782

545 385 612 440 Et
638 393 794 440 erunt
827 384 1058 438 Aaro'nis
1079 393 1128 438 et
1155 383 1396 452 ﬁliorum
1424 385 1563 454 ejus,
1597 393 1648 440 et
1675 383 1833 439 edent
1860 398 1972 443 eos,
1998 387 2107 436 etc.
2147 379 2253 452 [9.]
2281 378 2552 435 Omnibus
2580 377 2730 434 enim
2773 377 2950 432 instar
2981 376 3292 447 Spiritualis
3319 378 3586 453 convivii,
3621 395 3717 448 ap-

469 478 668 549 positae
696 481 832 526 sunt
864 471 1186 543 apostolicae
1215 471 1550 544 Scriptum.
1575 471 1850 526 Praeterea
1884 471 2009 524 loco
2045 466 2140 523 Dei
2178 468 2388 522 utimur
2422 466 2751 522 doctoribus
2780 464 3182 520 sacerdotibus.
3219 465 3494 520 Caeterum
3521 467 3720 524 Chris-

469 571 561 621 tus
595 579 760 620 suum
797 566 980 620 cibum
1017 573 1180 620 vocat
1224 564 1391 620 iidem
1425 563 1674 629 illorum,
1708 563 1802 634 qui
1851 555 2354 616 servantur.'Dieit
2400 556 2551 610 enim
2584 571 2598 608 :
2635 574 2653 605 ι
2697 553 2809 625 Ego
2845 554 3033 610 cibum
3076 555 3252 610 habeo
3297 555 3716 621 comedendum.

469 667 634 722 quem
659 667 758 707 vos
781 654 1012 710 nescitis
1039 655 1108 709 ⁸⁸.
1145 671 1164 704 ι
1195 653 1253 707 In
1284 650 1677 707 differentibus
1715 659 1901 706 autem
1932 645 2314 702 tabernaculis
2339 651 2563 698 exstant
2591 641 2806 697 Christi
2841 649 2898 697 et
2927 649 3249 696 sanctorum
3285 641 3422 712 typi.
3455 639 3592 695 Nam
3616 642 3727 697 Deo

469 751 532 792 se
568 739 868 806 plurimum
906 739 1074 794 homo
1107 738 1443 794 insinuavit.
1477 736 1606 792 Sive
1630 736 1896 798 Joannes,
1937 735 2031 804 qui
2073 732 2348 802 processit
2379 747 2442 785 es
2474 729 2706 794 Judaris,
2745 737 2800 783 et
2827 729 3073 800 apostoli
3111 744 3206 799 per
3231 729 3372 800 legis
3399 729 3608 784 cultum
3649 732 3728 784 si-

469 822 831 891 gniﬁcantur.
853 821 1120 880 Caeterum
1151 825 1388 879 duorum
1411 823 1918 879 tabernaculorum
1945 819 2312 878 differentiam
2339 814 2792 872 edocuitPaulus
2814 817 3004 871 dicens
3039 831 3054 870 :
3093 834 3112 866 ι
3148 814 3206 870 In
3229 817 3468 886 primunt
3501 817 3726 886 quidem

475 909 894 964 tabernaculum
937 925 1156 980 semper
1195 909 1578 980 ingrediuntur
1626 907 1952 966 sacerdotes
1985 907 2052 973 ³⁵,
2094 926 2113 960 ι
2149 914 2256 962 etc.
2303 904 2580 960 Prmterea
2611 903 2758 972 quod
2797 903 2910 974 typi
2953 903 3282 957 transierint
3325 905 3390 958 ad
3438 904 3728 974 veritatem

488 1009 656 1064 supra
679 996 1004 1062 edisseruit,
1025 995 1221 1052 dicens
1247 1014 1260 1050 :
1293 1013 1312 1046 ι
1347 994 1635 1050 Sacrilicia
1663 1003 1716 1052 et
1740 994 2050 1048 oblationes
2084 1001 2137 1048 et
2171 993 2496 1046 holocausta
2525 1005 2626 1060 pro
2655 998 2884 1060 peccato
2914 989 3140 1044 noluisti
3172 989 3242 1054 ³¹,
3281 1009 3299 1042 s
3326 997 3432 1044 etc.

555 1079 618 1134 Et
647 1083 783 1136 exiit
828 1083 978 1153 [ilius
1020 1081 1267 1136 mulieris
1303 1081 1662 1147 Israelitidis,
1711 1089 1820 1136 etc.
1859 1077 2004 1152 [l0.]
2037 1079 2115 1134 Ex
2148 1077 2414 1150 Egyptio
2442 1077 2606 1132 Patre
2635 1087 2860 1131 creatus
2903 1085 2990 1131 est
3029 1077 3386 1146 blasphemus
3418 1077 3530 1132 ille.
3583 1075 3736 1143 Qua-

477 1177 706 1237 propter
735 1170 1046 1240 segregavit
1077 1169 1147 1224 ab
1183 1169 1520 1238 alienigenis
1551 1168 1836 1224 lsraelitas
1864 1159 2007 1222 Deus
2041 1165 2310 1221 inducens
2337 1179 2434 1220 eos
2467 1163 2533 1216 ad
2566 1163 2824 1232 pietatem
2851 1162 3041 1217 statim
3086 1163 3155 1216 ab
3186 1163 3326 1231 ipsis
3355 1161 3728 1218 incunabulis.

482 1254 540 1310 In
573 1254 810 1328 Egypto
843 1273 996 1314 more
1031 1257 1322 1329 gentilium
1350 1258 1631 1313 vixerunt.

565 1365 623 1420 Ὀ
652 1367 786 1420 Θεὸν
823 1367 1240 1440 καταρώμενος,
1272 1369 1392 1423 τινα
1427 1366 1648 1422 κελεύει
1685 1365 1820 1420 Θεδν
1868 1365 2054 1436 ἕτερον
2085 1388 2093 1407 ε

2230 1358 2334 1426 Qui
2398 1373 2530 1414 vero
2587 1367 2919 1412 exsecratur
2967 1356 3180 1421 Deum,
3231 1372 3392 1419 quem
3449 1357 3733 1414 invocabit

477 1457 562 1522 ιὲς
607 1457 708 1528 τὴν
743 1459 844 1527 τῆς
893 1461 1034 1530 ἀρᾶς
1087 1459 1416 1530 βεϐαίωσιν;
1451 1461 1522 1512 Ἢ
1555 1459 1718 1527 δῆλον
1767 1459 1848 1511 ὅτι
1896 1457 2061 1510 αὑτὸν

481 1547 606 1602 καθ’
635 1549 856 1604 ἑαυτοῦ.
895 1551 1096 1622 Ἐχρῆν
1138 1551 1238 1622 μὲν
1271 1547 1368 1606 οὖν
1411 1551 1711 1622 παρεῖσθαι
1754 1548 1854 1602 τοῦ
1894 1547 2061 1617 φθεγ-

483 1644 722 1712 ξαμένου
757 1646 858 1716 τὴν
899 1646 1177 1713 γλῶσσαν.
1211 1647 1446 1720 Προνοίᾳ
1487 1647 1545 1700 δὲ
1581 1647 1678 1716 τῆς
1717 1646 1898 1715 δίκης,
1935 1643 2060 1697 οὔτε

385 1747 406 1768 ·
483 1735 692 1802 ἀγαθὸν
723 1735 1084 1803 ὑπερϐάλλον,
1111 1735 1239 1789 οὔτε
1287 1735 1458 1790 κακὸν
1504 1734 1886 1798 ὲπισκιάζεται
1923 1732 2061 1803 πρὸς

488 1825 716 1896 ἔλεγχον
749 1827 1010 1898 ἁρετῆςῆ
1059 1827 1294 1890 κακίαςο
1335 1827 1423 1881 ἵνα
1457 1825 1556 1896 τὴν
1599 1826 1720 1895 μὲν,
1753 1822 2026 1894 ἀποδοχῆς
2047 1838 2060 1854 ⁸

487 1916 588 1986 τὴν
614 1915 690 1980 δὲ,
721 1914 999 1986 τιμωρίας
1034 1914 1265 1988 ἀξιώσῃ.

2166 1451 2336 1506 Deum
2380 1449 2450 1504 ad
2485 1449 2926 1504 confirmandam
2981 1450 3460 1528 exsecrationem?
3485 1451 3600 1506 Imo
3646 1466 3734 1507 se-

2165 1545 2466 1612 metipsum
2507 1550 2829 1596 exsecratur
2874 1541 2985 1596 ille.
3037 1539 3236 1598 Verum
3281 1558 3509 1600 necesse
3556 1541 3737 1598 fuerat

2167 1644 2227 1690 ut
2259 1635 2346 1690 ille
2380 1633 2544 1688 homo
2571 1632 2812 1703 elinguis
2836 1641 2999 1687 natus
3024 1642 3193 1698 esset,
3226 1649 3295 1688 ne
3325 1634 3381 1688 in
3415 1634 3518 1690 hoc
3548 1637 3736 1706 prola—

2166 1725 2388 1780 beretur
2418 1725 2622 1800 scelus.
2653 1723 2720 1776 At
2747 1722 3095 1793 providentia
3129 1739 3304 1794 poenae
3326 1741 3505 1796 neque
3534 1727 3736 1780 bonum

2165 1815 2446 1872 excellens
2483 1829 2584 1870 nec
2621 1815 2786 1869 etiam
2821 1816 3026 1870 malum
3059 1814 3408 1884 obscuratur,
3442 1818 3740 1888 quominus

2167 1905 2485 1960 declaretur
2509 1903 2598 1958 vel
2629 1903 2812 1958 virtus
2839 1903 2922 1958 vel
2939 1903 3136 1960 vitium
3157 1922 3174 1970 ;
3198 1905 3376 1961 virtus
3399 1907 3453 1960 in
3476 1908 3578 1962 hoc
3599 1923 3744 1962 com-

2167 2007 2359 2069 parata
2393 2004 2502 2063 est,
2543 2005 2602 2050 ut
2630 1997 2975 2067 recipiatur:
3007 2005 3062 2052 at
3089 1997 3281 2052 vitium
3315 2001 3496 2070 pomis
3522 2000 3740 2057 feritur.

554 2117 672 2174 Lex
702 2115 852 2170 nulla
875 2115 1056 2186 posita
1095 2113 1303 2178 fuerat,
1333 2129 1446 2186 qua
1479 2114 1858 2184 plecterentur
1890 2111 2220 2184 blasphemi,
2246 2110 2358 2168 Deo
2386 2091 2644 2181 ipso'non
2671 2103 2810 2165 citra
2832 2125 2989 2166 suam
3019 2111 3423 2180 providentiam
3442 2111 3731 2186 dim-rente

492 2203 648 2258 illam
683 2179 929 2271 poenam,
960 2211 1019 2256 ut
1048 2200 1300 2270 exemplo
1331 2179 1636 2261 horrendo,
1673 2200 1769 2270 qui
1798 2179 2194 2270 reliqui—metu
2241 2179 2703 2268 percellerentur,
2739 2211 2860 2251 eam
2891 2179 3064 2267 legem
3116 2179 3740 2258 saneiret..Secund\um

494 2290 830 2348 sententiam
868 2288 961 2343 Dei
999 2288 1312 2344 sceleratus
1347 2288 1442 2343 ille
1484 2287 1706 2358 ejicitur
1739 2288 1968 2352 castris,
2021 2287 2226 2356 quibus
2259 2283 2420 2352 quasi
2469 2284 2628 2338 oneri
2665 2283 2857 2338 fuerit.
2911 2281 2983 2338 Ut
3019 2284 3286 2353 populqu
3325 2285 3745 2344 consuefaceret

493 2375 561 2432 ad
598 2377 879 2445 pietatem,
919 2375 1258 2444 eiimperat,
1290 2383 1350 2429 ut
1386 2374 1504 2430 suis
1539 2373 1796 2428 manibus
1825 2373 1978 2428 illum
2016 2373 2316 2444 perimant.
2337 2369 2474 2436 Quia
2507 2385 2636 2424 vero
2677 2371 2724 2424 is
2751 2379 2870 2424 erat
2891 2371 3050 2439 quasi
3083 2371 3220 2440 lapis
3241 2381 3296 2424 et
3321 2371 3586 2440 lapideus.
3625 2389 3744 2428 mo-

495 2467 606 2520 rito
628 2463 908 2534 lapidibus
929 2462 1211 2516 obruitur.
1247 2460 1520 2516 Praterea
1553 2459 1642 2514 lex
1679 2459 1852 2514 edicit
1880 2459 2164 2523 omnibus,
2208 2475 2278 2512 ne
2318 2459 2445 2527 quis
2473 2457 2822 2528 blasphemet
2859 2457 3031 2514 Deum
3083 2475 3249 2529 quem
3282 2461 3436 2523 colit,
3465 2463 3684 2518 etiamsi
3713 2479 3745 2518 e

494 2549 640 2606 falso
661 2549 1070 2604 nominatorum
1104 2546 1250 2602 Deus
1282 2547 1378 2602 ille
1407 2547 1484 2602 sit
1518 2560 1770 2600 numero.
1797 2536 1938 2600 Nam
1967 2561 2123 2601 mens
2153 2545 2450 2616 delinquit,
2485 2545 2652 2600 etiam
2687 2545 2816 2600 dum
2848 2543 2941 2600 Dei
2971 2561 3176 2600 nomen
3207 2547 3321 2601 illis
3347 2546 3475 2613 diis,
3505 2549 3599 2618 qui
3633 2564 3744 2604 non

495 2645 651 2702 sunt,
682 2635 900 2690 tribuit.
935 2634 1140 2689 Deinde
1170 2641 1363 2703 peccat
1395 2648 1558 2688 mens
1580 2632 1726 2702 quod
1753 2647 1878 2686 cum
1904 2646 2005 2686 nec
2038 2633 2238 2688 debeat
2267 2635 2390 2688 illos
2421 2634 2670 2689 venerari
2723 2633 2860 2689 deos
2887 2643 2938 2688 et
2969 2645 3150 2688 tamen
3193 2646 3492 2690 veneratur
3526 2645 3622 2690 :et
3663 2641 3746 2692 in-

496 2715 658 2778 terim
695 2735 917 2791 quoque
953 2723 1101 2790 quod
1153 2721 1282 2774 illos
1313 2719 1688 2788 blasphemat.
1729 2715 2124 2774 Verumtamen
2149 2720 2284 2776 tales
2321 2737 2430 2774 non
2467 2722 2644 2790 punit,
2675 2719 2772 2775 sed
2816 2720 3039 2792 reliquit
3069 2725 3122 2774 in
3159 2721 3304 2776 mala
3345 2723 3564 2778 illorum
3609 2737 3746 2780 con-

498 2811 735 2865 scientia
764 2809 914 2864 istud
941 2807 1230 2871 delictum,
1258 2821 1361 2860 nos
1399 2806 1754 2861 solummodo
1789 2804 2188 2870 assus-faciens,
2227 2821 2296 2860 ne
2335 2806 2498 2875 impie
2527 2809 2820 2877 loquamur
2843 2808 2910 2864 de
2935 2806 3067 2864 Deo.
3093 2805 3198 2874 Qui
3231 2823 3364 2864 vero
3392 2808 3746 2878 blasphema-

499 2900 612 2950 rint
641 2912 833 2950 verum
866 2894 1058 2960 Deum,
1097 2894 1226 2948 illos
1249 2892 1401 2949 haud
1433 2893 1570 2948 sivit
1598 2893 1739 2948 hanc
1767 2893 2106 2964 impietatem
2142 2905 2210 2944 au
2231 2889 2378 2944 ferre
2401 2891 2651 2944 itmltam.

571 3003 645 3058 Τὸ
681 3002 991 3074 ὀνομάζειν
1014 2990 1139 3058 civ-ri
1165 3004 1262 3058 τοῦ
1302 3003 1674 3073 καταρᾶσθαι
1694 3019 1709 3035 ο
1772 3005 1942 3076 {now
1975 3021 2070 3058 κο-

2245 2995 2546 3053 Nominare
2587 2999 2692 3054 hoc
2743 2999 2866 3054 loco
2905 2999 3133 3069 ponitur
3171 3015 3270 3070 pro
3313 3001 3606 3058 muniri.
3646 2999 3742 3058 Vel

499 3091 657 3158 λάζει
696 3094 790 3146 καὶ
833 3093 895 3146 τὸ
941 3092 1187 3162 ἀκαίρως
1215 3093 1381 3147 αὐτοῦ
1429 3093 1768 3163 φθέγξασθαι
1811 3094 2069 3166 τοῦνομα.

2176 3087 2356 3157 pmnis
2393 3087 2616 3160 subjicit
2657 3089 2820 3144 etiam
2871 3089 3048 3154 illum,
3093 3091 3188 3161 qui
3224 3105 3333 3148 non
3373 3093 3431 3147 in
3473 3099 3742 3162 tempore,

501 3185 660 3250 Τινὲς
687 3186 745 3240 δὲ
781 3185 1094 3256 ὀνομάσαι,
1125 3185 1186 3239 τὸ
1237 3185 1536 3258 σαφηνίσαι
1592 3187 1724 3256 φασὶ
1763 3187 1834 3240 ’τὸ
1873 3203 2074 3258 τετρα-

2177 3181 2276 3236 sed
2303 3187 2509 3236 temere
2532 3182 2712 3249 ipsius
2746 3197 2948 3238 nomen
2975 3184 3250 3239 senuerit.
3273 3185 3384 3240 Nec
3405 3187 3628 3248 desunt,
3651 3184 3746 3254 qui

499 3275 836 3345 γράμματον
862 3273 994 3344 παρ’
1034 3273 1311 3345 Ἑϐραίοις
1336 3273 1530 3344 ὄνομα.

2177 3273 2281 3328 sub
2324 3273 2494 3328 verbo
2555 3273 2854 3339 nominare,
2906 3276 3094 3330 volunt
3141 3277 3480 3346 significari,
3520 3293 3589 3334 ne
3624 3277 3747 3348 quis

2181 3362 2536 3433 aggrediatur
2577 3365 2798 3434 aperire
2833 3372 2890 3420 et
2931 3365 3244 3436 patefacere
3291 3383 3489 3424 nomen
3527 3367 3620 3424 Dei
3671 3376 3752 3424 leo

2183 3458 2659 3522 tragrammatum.

585 3562 649 3616 Et
678 3563 855 3628 homo,
880 3562 970 3630 qui
1003 3564 1326 3630 percusserit
1371 3577 1580 3616 omnem
1615 3563 1856 3617 animam
1891 3561 2146 3629 hominis,
2170 3574 2280 3620 etc.
2318 3565 2460 3639 [l7.]
2495 3567 2876 3638 Blaspbemiae,
2919 3585 3030 3640 qua
3073 3578 3377 3627 temerator
3407 3572 3572 3637 Dens,
3618 3589 3752 3630 con-

503 3649 692 3718 jungit
722 3648 1099 3702 homicidium.
1146 3647 1258 3702 Nec
1284 3648 1648 3716 blasphemus
1677 3647 1930 3717 punitur,
1963 3657 2024 3701 ut
2065 3649 2162 3718 qui
2201 3655 2456 3708 instituat
2499 3655 2938 3724 blasphemando
2969 3673 3177 3713 nocere
3209 3658 3342 3722 Deo,
3375 3661 3636 3727 quamvis
3665 3677 3750 3714 re-

509 3749 640 3788 vera
671 3747 828 3788 nemo
849 3733 1100 3787 mortalis
1119 3733 1418 3803 quidquam
1449 3733 1648 3786 ledere
1682 3735 1857 3802 possit
1878 3731 2114 3789 Numen.
2150 3737 2226 3791 Ita
2253 3739 2346 3808 qui
2371 3739 2729 3796 homicidium
2753 3745 3072 3808 committit,
3100 3744 3362 3799 damnum
3395 3745 3490 3800 dat
3511 3748 3562 3802 ei
3587 3763 3748 3815 quem

513 3819 800 3876 interficit.
825 3818 962 3874 Cum
996 3821 1166 3888 igitur
1196 3827 1306 3873 tam
1341 3821 1650 3888 blaSphemi
1684 3834 1848 3890 quam
1892 3820 2184 3878 homicida:
2228 3825 2370 3880 idem
2410 3825 2481 3880 sit
2514 3827 2734 3882 animus
2767 3829 3026 3897 idemque
3063 3831 3428 3900 propositum,
3460 3834 3660 3892 unctito
3693 3834 3749 3889 iu

513 3907 860 3976 legislatione
892 3907 1327 3976 conjttnguntur.
1364 3906 1634 3962 Similiter
1660 3923 1690 3962 a
1719 3909 2026 3973 contrario,
2058 3923 2181 3965 cum
2226 3915 2384 3968 docet
2424 3913 2768 3982 diligendum
2807 3915 3003 3984 Deum,
3044 3916 3307 3974 cbaritati
3351 3917 3445 3974 Dei
3473 3920 3756 3990 copulavit

517 3995 846 4048 charitatem
884 3993 1146 4064 proximi.

582 4107 692 4163 Καὶ
725 4106 792 4172 ὃς
820 4103 898 4160 ἂν
929 4101 1168 4173 πατάξῃ
1214 4103 1456 4170 κτῆνος,
1483 4103 1583 4158 καὶ
1609 4102 1906 4172 ἀποθάνῃ,
1932 4103 2083 4157 ἀπο-

2265 4106 2332 4161 Et
2353 4109 2646 4180 quicunque
2681 4113 2998 4178 percusserit
3027 4113 3342 4179 iumentum,
3375 4114 3489 4170 luat
3515 4115 3754 4171 annuam

485 4191 734 4254 ’τισάτω
767 4194 986 4266 ψυχὴν
1024 4196 1157 4250 ἀντὶ
1197 4195 1428 4264 ψυχῆς.
1488 4193 1678 4263 Δῆλον,
1715 4195 1798 4248 ὅτι
1851 4195 2084 4264 κτήνους

2187 4211 2282 4264 pro
2318 4199 2498 4252 anima
2521 4197 2770 4267 jumenti.
2809 4197 3215 4274 [l8.jAnimam’
3249 4203 3486 4271 scilicet,
3520 4211 3581 4258 ut
3601 4221 3750 4262 com-

511 4291 712 4361 ψυχὴν,
735 4283 877 4342 ὥστε
910 4285 1219 4340 ἀντιδοῦναι
1258 4286 1477 4356 κτῆνος.
1512 4285 1624 4356 (26)
1661 4285 1782 4356 Ἰση
1812 4281 1905 4339 οὖν
1937 4287 1970 4358 ἡ
2001 4286 2078 4340 διο

2183 4296 2379 4358 penset
2405 4289 2678 4360 jarturam
2711 4290 2964 4360 jumcnti.

514 4377 776 4448 καιοσὺνη
799 4377 936 4448 προς
965 4377 1062 4447 τὴν
1097 4377 1323 4446 φονικὴν
1353 4377 1696 4447 προαίρεσιν.

589 4489 659 4544 Et
683 4491 775 4560 qui
797 4489 1000 4543 dederit
1028 4491 1294 4544 maculam
1319 4491 1589 4558 proximo,
1623 4503 1732 4546 etc.
1777 4489 1920 4565 [19.]
1953 4489 2108 4546 llaud
2141 4490 2573 4570 incongruenter
2605 4493 2888 4550 homicidii
2921 4495 3026 4566 legi
3051 4496 3340 4552 subnectit
3390 4497 3564 4570 legem
3607 4499 3755 4570 inju-

517 4579 750 4632 riarum.
789 4577 934 4632 ldem
955 4577 1048 4646 jus
1089 4579 1198 4632 erit
1247 4579 1540 4648 peregrino
1570 4587 1625 4635 et
1651 4580 1945 4650 indigenae.
1993 4579 2125 4634 Nam
2150 4595 2254 4650 ego
2285 4579 2550 4636 Dominus
2577 4581 2722 4638 Deus
2757 4593 2960 4647 vester,
2990 4584 3086 4654 qui
3115 4585 3378 4640 videlicet
3418 4602 3543 4640 amo
3572 4587 3749 4658 ipsam

511 4667 784 4737 justitiam
819 4667 970 4720 nullo
1005 4667 1194 4722 habito
1222 4681 1589 4736 personarum
1616 4678 1898 4738 respectu.
1941 4667 2105 4740 375
2144 4685 2162 4719 ι
2194 4668 2250 4722 Si
2282 4669 2408 4738 quis
2443 4669 2760 4728 vendiderit
2788 4671 3013 4726 domum
3044 4672 3100 4725 in
3130 4673 3266 4727 urbe
3291 4675 3568 4731 mmnibus
3599 4677 3752 4731 cinc-

517 4765 592 4819 ta,
629 4756 756 4808 licet
787 4755 836 4807 ei
873 4753 1152 4808 venditam
1195 4753 1419 4808 domum
1472 4757 1618 4809 intra
1657 4770 1863 4822 annum
1893 4760 2191 4810 redimere.
2227 4773 2248 4806 ι
2279 4758 2342 4809 At
2377 4756 2579 4824 praedia
2617 4757 2821 4812 rustica
2866 4757 2984 4812 sive
3017 4758 3212 4812 domos
3255 4761 3495 4816 rusticas
3538 4777 3757 4832 semprr

523 4844 653 4896 licet
697 4840 970 4894 redimere
1010 4839 1306 4894 venditori.
1333 4841 1432 4894 Cui
1475 4855 1608 4896 vero
1649 4857 1758 4896 nnn
1789 4851 1958 4896 tanta:
1988 4849 2120 4896 sunt
2152 4840 2464 4906 facultates,
2494 4851 2554 4896 ut
2585 4845 2765 4913 possit
2798 4843 3073 4900 redimere
3099 4844 3393 4900 aedificium
3424 4850 3573 4918 quod
3615 4866 3754 4906 ven-

517 4930 679 4994 didit,
715 4943 863 4982 anno
896 4929 1366 4998 quinquagesimo
1405 4931 1543 4982 citra
1571 4931 1728 4998 pretii
1762 4930 2210 4984 numerationem
2237 4938 2529 4997 recuperat
2562 4930 2841 4983 venditant
2862 4932 3298 5002 possessionem.
3327 4932 3464 4988 Nam
3489 4936 3756 4992 diuturna

517 5017 610 5069 illa
646 5015 922 5085 possessio
951 5029 1048 5084 pro
1108 5015 1283 5083 pretio
1313 5024 1619 5083 reputatur.
1657 5016 1807 5070 Bona
1843 5025 2021 5070 autem
2054 5015 2368 5070 Levitarnm
2413 5031 2632 5086 semper
2667 5032 2698 5071 a
2729 5016 2934 5072 Levitis
2961 5019 3154 5073 redimi
3188 5031 3439 5090 possunt.
3482 5023 3584 5090 Qui
3609 5028 3755 5080 enim

518 5103 859 5172 privilegium
891 5101 1111 5170 aliquod
1149 5116 1178 5153 a
1214 5093 1324 5155 Deo
1353 5103 1585 5168 accepit,
1644 5113 1698 5156 et
1747 5113 1898 5157 recte
1929 5118 2052 5174 erga
2081 5103 2213 5159 illud
2251 5103 2485 5160 allicitnr
2513 5113 2571 5160 ut
2607 5109 2754 5174 quod
2793 5122 2822 5159 a
2870 5104 2978 5162 Deo
3017 5112 3312 5178 acceperit,
3348 5102 3642 5180 nullo'jure
3664 5131 3760 5168 ex-

517 5189 760 5244 cluditur
798 5191 866 5241 δι)
899 5188 1018 5254 eius
1041 5188 1413 5256 redemptione
1449 5197 1678 5260 propter
1735 5205 1892 5245 suam
1953 5192 2343 5246 constantiam.
2384 5190 2487 5262 Sic
2535 5191 2728 5257 David,
2771 5195 3023 5264 quamvis
3073 5211 3172 5250 sua
3210 5201 3561 5268 possessione
3595 5203 3754 5271 quasi

518 5275 682 5331 domo
711 5275 996 5336 exciderit,
1027 5275 1291 5328 continuo
1313 5276 1382 5330 ad
1405 5275 1575 5330 Deum
1611 5292 1866 5332 reversus
1909 5286 2016 5346 est,
2053 5293 2154 5333 nec
2180 5281 2432 5350 privatus
2463 5289 2546 5333 est
2585 5281 2788 5355 hongre
2811 5290 2865 5339 ct
2897 5281 3186 5355 dignitate,
3219 5287 3386 5343 veluti
3415 5289 3757 5358 haereditate,

592 5432 637 5464 "
677 5429 838 5486 Joan.
883 5447 956 5497 tv,
983 5431 1072 5486 32.
1150 5432 1196 5465 ³ο
1274 5429 1440 5488 Hebr.
1470 5447 1548 5497 Ix,
1579 5431 1632 5488 6.
1711 5431 1752 5465 ³¹
1796 5431 1942 5490 f‘sal.
1981 5448 2170 5498 xxxtx,
2201 5435 2256 5486 7.

884 5585 890 5592 .
1509 5586 1518 5598 .
2022 5544 2064 5599 Ν
2236 5591 2252 5602 .

590 5635 698 5707 (26)
731 5634 812 5690 Τᾶ
841 5635 1077 5703 ἑπόμενα
1107 5635 1167 5690 οὗ
1194 5638 1368 5690 κεῖται
1392 5637 1452 5692 ἐν
1477 5636 1553 5709 τῷ
1571 5637 1667 5710 τῆς
1698 5638 1835 5707 Aur.
1865 5638 1995 5692 κώδ.
2069 5543 2230 5604 OT“;
2291 5609 2300 5620 ο
