4050 6212
363 242 466 304 783

1685 198 2036 309 rnocorti
2083 247 2328 309 eazm

3404 258 3414 264 '
3501 237 3605 307 784

368 372 523 426 quam
550 356 692 432 apud
731 356 899 413 Deum
927 358 1142 416 habuit.
1175 360 1279 427 Qui
1315 375 1448 415 vero
1491 375 1597 415 non
1630 361 1887 416 habuerit
1917 362 2081 418 talem
2109 364 2531 434 proprietatem,
2579 361 2797 433 qualem
2828 358 3018 426 David,
3048 358 3156 414 nisi
3195 357 3306 412 cito
3335 354 3527 412 redeat
3547 357 3603 409 in
3632 383 3650 434 ι

362 445 528 510 viam,
563 460 718 500 suam
758 447 1147 518 proprietatem
1197 449 1427 510 amittit,
1477 449 1943 518 quemadmodum
1977 448 2134 514 Saul,
2168 451 2286 520 qui,
2320 465 2445 504 cum
2499 464 2607 504 non
2634 449 2895 505 continuo
2930 453 3299 502 reverteretur
3327 442 3394 501 ad
3434 441 3645 498 Deumi

360 539 649 602 postquam
678 548 788 587 non
829 544 1121 591 exsecutus
1154 546 1273 590 erat
1340 536 1599 589 mandata
1654 536 1770 603 Dei,
1804 536 2012 591 decidit
2055 554 2244 608 regno.
2283 537 2492 594 Nactus
2543 546 2724 592 autem
2759 545 2845 593 est
2882 549 3235 592 successores
3265 547 3475 597 servos,
3508 528 3603 596 qui

356 636 421 675 ex
448 621 553 675 alia
582 629 739 675 erant
771 622 919 676 tribu
956 623 1197 677 oriundi.
1221 622 1331 677 lluc
1354 624 1494 677 idem
1516 626 1881 695 signiﬁcatur,
1907 625 2037 679 dum
2069 625 2305 680 dicitur:
2332 644 2350 677 ι
2386 625 2769 694 Subjiciuntur
2801 624 3006 678 sanctis
3035 630 3225 691 gentes
3247 621 3317 675 ³³.
3355 637 3376 671 ι
3405 618 3472 673 Et
3506 619 3606 673 ite-

357 721 478 762 rum
512 724 527 761 :
573 725 593 759 ι
627 707 875 777 Subjecit
900 710 1058 764 nobis
1082 710 1338 780 populos,
1372 718 1427 766 et
1455 721 1647 781 gentes
1679 713 1783 766 sub
1814 713 1982 782 pedes
2010 719 2233 767 nostros
2259 712 2326 766 ³³.
2364 730 2384 765 ι
2415 711 2580 767 Tales
2615 720 2774 766 erant
2797 708 3141 765 Gabaonitae.

426 816 696 874 Cmterum
726 836 847 890 quae
873 822 1015 877 ratio
1049 824 1340 894 permittit,
1370 832 1428 879 ut
1464 826 1674 880 urbana
1699 827 1923 882 a-dilieia

2102 828 2228 891 Πῶς
2249 827 2307 881 δὲ
2335 828 2403 882 τὰ
2442 828 2541 898 μὲν
2576 828 2632 880 έν
2671 827 2825 883 ἄστει
2857 825 3053 897 μέχρις
3095 824 3248 885 ἔτους
3275 819 3412 904 svos“,
3450 818 3519 873 τά
3546 818 3604 872 δι

357 907 503 963 intra
529 925 738 971 annum
779 913 1216 976 redimantur,et
1246 915 1388 968 villae
1418 925 1681 985 perpetuo
1716 917 1930 971 redem-

356 1001 563 1071 ptionis
624 1002 869 1073 gaudent
911 1004 1084 1075 jure?
1142 1006 1345 1061 Verum
1408 1007 1688 1078 legislator
1734 1024 1929 1078 parum

355 1104 515 1150 curat
548 1095 873 1151 historicum
905 1111 1124 1152 sensum
1166 1096 1392 1166 quando
1439 1097 1663 1152 disserit
1692 1097 1760 1153 de
1815 1099 1932 1169 spi-

354 1187 674 1243 ritualibus.
711 1188 814 1253 Qui
850 1189 905 1241 in
940 1203 1089 1258 agns
1119 1188 1235 1242 sive
1266 1203 1395 1242 rure
1427 1197 1599 1258 agunt
1646 1188 1807 1244 facile
1837 1206 1932 1244 ca-

352 1276 584 1347 piuntur
614 1291 738 1330 cum
772 1275 940 1331 nullis
977 1284 1272 1331 teneantur
1307 1276 1506 1331 muniti
1535 1279 1732 1333 muris.
1763 1276 1933 1350 Oppi-

351 1369 480 1423 dani
513 1368 822 1424 civiliorem
876 1377 1169 1424 sectantur
1226 1369 1350 1423 vita:
1399 1369 1696 1435 rationem,
1742 1380 1931 1442 utpote

350 1460 532 1530 legum
565 1460 801 1515 scientia
824 1460 1058 1531 praediti.
1094 1458 1309 1514 Rustici
1352 1461 1572 1530 quidem
1621 1461 1930 1543 fortissime

351 1567 451 1621 pro
480 1568 539 1607 se
568 1567 812 1622 pugnare
843 1552 1042 1608 solent.
1068 1552 1137 1605 At
1168 1552 1431 1622 oppidani
1466 1553 1661 1610 melius
1701 1556 1927 1610 consul-

352 1649 468 1694 tant
497 1639 565 1695 de
599 1641 779 1696 salute
823 1641 1108 1712 magisque
1167 1640 1365 1695 muniti
1414 1649 1565 1696 sunt.
1618 1643 1755 1699 Cum
1801 1659 1929 1700 vero

348 1731 543 1785 rustici
574 1746 676 1786 nec
710 1732 946 1789 consilio
988 1733 1227 1799 valeant,
1262 1748 1364 1789 nec
1420 1736 1630 1790 munita
1681 1736 1800 1791 loca
1843 1737 1929 1791 in-

349 1822 552 1886 colant,
586 1822 631 1876 si
656 1821 723 1877 ab
749 1822 1003 1878 hostibus
1044 1822 1412 1892 debellentur,
1458 1825 1637 1893 magis
1690 1825 1927 1881 commio

349 1913 682 1969 scrationem
731 1922 785 1970 et
834 1914 1050 1969 veniam
1093 1926 1398 1981 merentur,
1430 1933 1595 1987 quam
1632 1916 1923 1987 oppidani.

347 2005 621 2075 Oppidani
658 2019 784 2059 cum
841 2004 895 2059 in
936 2005 1072 2063 tutis
1128 2014 1414 2063 morentur
1454 2009 1616 2070 locis,
1650 2020 1704 2064 et
1735 2008 1926 2063 omnia

346 2096 737 2151 administrent
773 2097 933 2153 bonis
967 2098 1240 2165 οοηείιίἒε,
1275 2099 1319 2154 si
1367 2099 1684 2166 vincantur,
1719 2099 1923 2154 nullam

2032 919 2154 973 κατ’
2207 918 2377 989 ἀγρὸν
2422 917 2718 981 διαπαντὸς
2785 916 3071 985 luepulsa;
3131 912 3272 967 Ἀλλ’
3304 910 3480 973 οὐδεὶς
3527 908 3605 979 τῷ

2032 1006 2304 1080 νομοθέτῃ
2335 1007 2437 1077 τῆς
2473 1007 2713 1079 ἱστορίας
2745 1007 2899 1059 ἔσται
2930 1005 3107 1072 λόγος,
3135 1001 3246 1056 ἐστ’
3273 1001 3338 1055 ἂν
3366 1000 3435 1053 τοι
3465 999 3605 1053 κατὰ

2035 1097 2164 1170 ῥοῦν
2198 1097 2347 1168 αὐτῷ
2393 1098 2462 1152 τά
2504 1097 2875 1167 πνευματικά.
2907 1095 3181 1149 Εὑάλωτοι
3225 1091 3404 1145 τοίνυν
3445 1092 3494 1143 οί
3545 1090 3605 1142 tv

2031 1191 2224 1261 ἀγροῖς
2265 1189 2558 1253 διαζῶντες
2584 1189 2901 1259 ἀτείχιστοι.
2926 1187 3071 1241 Ζῶσι
3098 1186 3155 1239 δὲ
3192 1184 3395 1257 μᾶλλον
3435 1184 3606 1236 επιει-

2032 1280 2144 1343 κῶς
2176 1281 2236 1334 ὲν
2268 1280 2472 1352 είδήσει
2522 1282 2703 1350 νόμων
2736 1281 2784 1332 οἱ
2829 1278 3065 1333 ἀστικοί.
3100 1278 3212 1330 Kal
3269 1278 3319 1330 οἱ
3372 1275 3471 1345 μὲν
3506 1275 3604 1328 ἀν-

2030 1369 2310 1441 δρίσαιντο
2337 1370 2403 1424 ἃν
2429 1370 2571 1439 ὑπὲρ
2594 1369 2806 1423 ἑαυτῶν
2833 1367 3183 1440 μαχούμενοι,
3205 1368 3254 1420 oi.
3278 1366 3333 1418 δὲ
3358 1367 3603 1436 κρεῖττον

2031 1461 2160 1531 περὶ
2188 1459 2463 1532 σωτηρίας
2511 1458 2916 1530 βουλεύσαιντο.
2957 1456 3070 1511 Kal
3112 1459 3226 1519 τοῖς
3269 1454 3368 1525 μὲν
3414 1453 3604 1508 ἁλοῦσι

2030 1551 2097 1605 δι’
2124 1551 2294 1622 ἄμφω
2334 1549 2657 1621 συγγνώμη,
2690 1551 2740 1602 οἱ
2784 1548 2965 1603 δὲκαὶ
3011 1547 3207 1617 τειχῶν
3258 1548 3351 1599 καὶ
3405 1544 3604 1616 βουλῆς

2034 1642 2357 1711 μετέχοντες
2413 1638 2661 1710 ἀγαθῆς,
2694 1638 3055 1708 ἡττηθέντες.
3084 1635 3480 1703 ἀσύγγνωστοι.
3536 1635 3604 1687 οι

2032 1732 2132 1803 μὲν
2163 1728 2257 1786 οῦν
2285 1731 2529 1786 Ἰουδαῖοι
2549 1732 2651 1803 τὴν
2681 1730 2846 1799 ἁγίαν
2872 1730 3027 1783 πόλιν
3043 1728 3319 1792 οἰκοῦντες
3337 1745 3352 1759 ι
3377 1728 3507 1798 περὶ
3532 1722 3605 1798 ἦς
3668 1721 3692 1742 ⁸

2030 1840 2194 1894 φησιν
2230 1822 2258 1875 ὁ
2285 1823 2446 1886 Θεός·
2492 1840 2511 1874 ι
2554 1823 2664 1875 Kal
2705 1820 2816 1889 ἐγὼ
2841 1819 3036 1890 ἔσομαι
3065 1820 3202 1890 αὐτῇ
3235 1858 3250 1880 ,
3282 1818 3435 1884 λέγει
3489 1816 3605 1869 Kti-

2030 1931 2168 1985 ριος,
2202 1916 2382 1983 τεῖχος
2416 1912 2586 1983 πυρὸς
2633 1911 2919 1975 κυκλόθεν,
2951 1910 3046 1965 καὶ
3099 1910 3180 1973 είς
3219 1908 3378 1973 δόξαν
3409 1910 3604 1977 ἔσομαι

2027 2006 2087 2058 ὲν
2122 2004 2274 2076 μέσῳ
2308 2004 2477 2075 αὐτῆς
2497 2020 2512 2035 ·
2552 2022 2572 2057 ι
2603 2003 2696 2057 καὶ
2725 2003 2914 2074 νόμοις
2942 2001 3244 2074 τραφέντες
3266 2041 3281 2063 ,
3312 1998 3605 2071 τοιγαροῦν

2028 2097 2124 2149 καὶ
2173 2094 2443 2165 ἔφασκον·
2508 2094 2831 2164 «Μακάριοί
2887 2094 3060 2163 ἔσμεν
3109 2090 3350 2163 Ἰσραὴλ,
3403 2090 3486 2144 δτι
3530 2089 3603 2143 τὰ

345 2188 641 2244 inveniunt
694 2203 847 2258 spem
906 2189 1103 2245 veniat.
1135 2190 1305 2245 Judaei
1340 2190 1531 2259 igitur,
1554 2191 1649 2259 qui
1669 2157 1922 2247 sanctam

2031 2157 2235 2259 ἀρεστά
2258 2185 2448 2257 Κυρίῳ
2482 2185 2703 2253 γνωστὰ
2727 2157 2861 2254 ημῖν
2884 2157 3022 2239 ἐστι.
3072 2201 3093 2236 ι
3130 2157 3253 2244 Πῶς
3277 2157 3371 2236 οῦν
3399 2182 3501 2235 οὐκ
3533 2180 3604 2235 ἂν
3624 2178 3651 2205 ‘

345 2279 630 2333 incoluere
654 2278 866 2341 urbem,
932 2278 1000 2334 de
1035 2294 1141 2347 qua
1193 2279 1275 2333 sic
1319 2279 1565 2349 loquitur
1588 2278 1874 2349 Scriptura
1910 2298 1924 2335 :

357 2381 377 2413 ο
410 2363 477 2417 Et
495 2378 598 2434 ego
625 2378 722 2418 ero
762 2365 835 2424 ei.
863 2364 1002 2419 dicit
1043 2362 1327 2429 Dominus,
1351 2382 1540 2423 murus
1576 2367 1720 2435 ignis
1742 2370 1793 2421 in
1820 2369 1928 2422 cir-

334 2453 523 2517 cuitu,
558 2460 613 2507 et
645 2453 698 2507 in
735 2452 963 2520 gloriam
988 2470 1086 2510 cro
1121 2454 1175 2508 in
1209 2454 1392 2509 medio
1421 2456 1545 2527 ejus
1577 2456 1661 2522 ";
1702 2476 1719 2509 ι
1757 2465 1812 2511 et
1846 2458 1928 2513 le-

342 2546 502 2616 gibus
520 2543 723 2601 eruditi
751 2545 996 2615 optimis,
1030 2561 1137 2601 non
1163 2546 1421 2601 dicebant
1449 2564 1463 2599 :
1500 2566 1518 2599 ι
1550 2547 1699 2603 Beati
1730 2565 1926 2607 sumus

346 2636 536 2704 Israel,
552 2637 679 2706 quia
697 2652 819 2707 quae
837 2637 1055 2706 placent
1074 2635 1325 2704 Domino,
1351 2646 1477 2692 nota
1497 2639 1658 2694 nobis
1674 2649 1802 2694 sunt
1823 2640 1887 2694 ³⁸.
1902 2660 1921 2694 ι

344 2727 634 2795 Quomodo
664 2728 833 2799 igitur
864 2727 1134 2786 illiJudzei
1171 2743 1201 2782 a
1224 2729 1567 2785 dremonibus
1599 2738 1729 2785 sunt
1755 2731 1923 2800 capti,

341 2827 396 2874 et
446 2817 802 2874 vecordiores
863 2832 1089 2873 evasere
1127 2818 1404 2888 gentibus,
1456 2834 1578 2887 quae
1625 2828 1926 2874 caruerunt

342 2908 477 2971 illis,
506 2923 628 2978 quae
677 2908 840 2963 modo
869 2907 1247 2968 recitavimus,
1286 2908 1611 2963 beneﬂciis?
1634 2906 1925 2963 Verumta-

341 3014 465 3068 men
501 3000 765 3055 obstinati
825 2999 904 3052 illi
958 2996 1157 3064 Judaei,
1206 2998 1310 3054 nisi
1348 3014 1408 3055 se
1457 3000 1691 3054 laverint
1735 3012 1788 3056 et
1823 3014 1922 3055 co-

340 3100 673 3161 gnoseentcs
710 3106 824 3146 suae
858 3090 1081 3146 malitia
1137 3090 1467 3147 fermentum
1507 3092 1792 3147 attulerint
1835 3108 1922 3147 re-

338 3182 675 3251 demptionis
726 3181 963 3251 pretium
1023 3196 1132 3251 quo
1181 3197 1320 3252 opus
1345 3194 1450 3249 εει,
1481 3198 1547 3238 eo
1590 3183 1713 3254 ipso
1746 3198 1919 3251 anno,

337 3286 452 3341 quo
516 3270 775 3327 Christus
806 3271 1051 3337 advenit,
1092 3287 1311 3343 semper
1334 3274 1559 3329 obnoxii
1599 3284 1653 3329 et
1683 3275 1918 3345 subjecti

336 3368 504 3415 erunt
535 3361 795 3430 emptori,
853 3361 908 3416 id
936 3369 1043 3426 est,
1073 3361 1331 3418 Satanae:
1367 3380 1385 3414 ι
1434 3361 1574 3417 Ecce
1611 3364 1782 3429 enim,
1819 3364 1916 3429 ait,

2028 2277 2254 2339 εἰκότως
2278 2273 2422 2348 ἦσαν
2448 2275 2555 2329 ὑπὸ
2598 2275 2870 2345 δαιμόνων
2894 2262 3161 2328 ἀνάλίυτοι
3183 2289 3197 2338 ;
3227 2272 3603 2342 εὐπαράφοροι

2025 2369 2082 2423 δὲ
2111 2368 2311 2438 μᾶλλον
2335 2368 2446 2421 τῶν
2478 2367 2647 2421 ἐθνῶν
2676 2369 2726 2419 οί
2759 2365 2897 2433 λαοὶ,
2928 2365 3223 2437 μηδετέρου
3258 2363 3600 2434 μετέχοντες.

2040 2459 2182 2513 ’Δὶ.λ’
2209 2460 2359 2529 ὅμως
2392 2459 2440 2511 εί
2481 2459 2556 2530 μὴ
2586 2457 2858 2529 νήψαντες
2886 2458 3106 2521 ὲκεϊνοι,
3144 2455 3237 2509 καὶ
3263 2456 3362 2525 τῆς
3391 2452 3604 2508 ἑαυτῶν

2027 2547 2233 2619 ζημίας
2254 2547 2511 2613 λαϐόντες
2544 2546 2800 2617 αἴσθησιν
2834 2546 3265 2617 ἀνακομίσαιντο
3294 2544 3364 2598 τά
3397 2545 3604 2606 οἰκετι,

2024 2638 2121 2693 τοῦ
2152 2641 2248 2710 τῆς
2274 2638 2602 2710 λυτρώσεως
2641 2639 3000 2707 ἐνεστηκότος
3030 2635 3302 2699 ἐνιαυτοῦ,
3326 2634 3447 2689 καθ’
3480 2634 3541 2688 δν
3572 2633 3607 2686 6

2026 2732 2219 2802 Σωτὴρ
2249 2730 2588 2803 ἐπεδήμησε,
2616 2730 2885 2802 διηνεκῶς
2916 2729 3303 2783 ὑποκείσονται
3330 2725 3606 2796 τῷιπριαι

2028 2824 2196 2895 μένῳ,
2233 2823 2478 2877 τουτέστι
2509 2822 2589 2893 τῷ
2627 2823 2861 2894 Σατανᾷ,
2906 2842 2924 2874 ι
2964 2819 3096 2874 ’ἰδοῦ
3128 2818 3261 2890 γὰρ,
3299 2819 3453 2888 φησι,
3482 2819 3607 2881 ταῖς

2024 2914 2284 2984 ἀνομίαις
2311 2913 2468 2983 ὑμῶν
2499 2913 2802 2986 ὲπράθητε,
2837 2913 2934 2966 καὶ
2961 2913 3082 2976 ταῖς
3111 2910 3416 2983 ἁμαρτίαις
3447 2907 3607 2976 ὑμῶν

2025 3003 2391 3070 ἐξαπέστειλα
2416 3006 2516 3077 τὴν
2554 3006 2767 3077 μητέρα
2813 3004 2988 3077 ὑμῶν.
3021 3022 3040 3055 ι
3081 3003 3145 3056 Ἦ
3185 3002 3243 3055 δὲ
3278 3000 3388 3055 τῶν
3434 2997 3605 3053 ἐθνῶν

2023 3092 2195 3168 ἀγέλη
2227 3097 2665 3171 ἀνεπικούρητος
2689 3092 2846 3163 οῦσα,
2864 3095 3155 3158 διαπαντός
3181 3095 3299 3148 ὲστι
3327 3090 3602 3163 λυτρωτή.

2022 3189 2133 3242 Kal
2162 3189 2538 3258 οἱκτείραντος
2570 3186 2729 3253 Θεοῦ,
2764 3189 2858 3241 τὸν
2914 3186 3045 3240 ίδιον
3087 3183 3426 3255 ἀπολήψεται
3465 3181 3605 3253 κλῆ-

2026 3297 2140 3351 ρον,
2179 3280 2497 3352 κεκλημένη
2554 3281 2692 3351 πρὸς
2741 3279 3061 3350 ἐλευθερίαν
3112 3280 3171 3332 ὲν
3226 3277 3303 3347 τῷ
3350 3276 3460 3329 ἔτει
3502 3275 3607 3345 τῆς

2020 3369 2296 3437 ἀφέσεως,
2312 3370 2402 3423 ὅτε
2434 3371 2617 3424 πᾶσαν
2647 3369 2747 3444 τὴν
2778 3370 2869 3439 ὑφ’
2897 3370 3036 3441 ἡλίῳ
3061 3370 3159 3440 τῆς
3182 3368 3291 3422 τῶν
3315 3367 3593 3437 δαιμόνων

336 3460 565 3519 propter
614 3451 938 3522 iniquitates
990 3461 1204 3508 vestras
1277 3454 1578 3509 venundati
1636 3456 1815 3520 estis,
1862 3465 1917 3510 et

2026 3460 2340 3528 πλεονεξίας
2375 3461 2549 3531 ἀνῆκε
2579 3461 2838 3535 Χριστὸς,
2864 3461 2941 3531 τῷ
2967 3460 3082 3532 ἰδίῳ
3119 3459 3339 3530 σταυρῷ
3380 3460 3442 3512 τὸ
3477 3458 3604 3512 καθ’

338 3553 565 3610 propter
578 3553 798 3613 peccata
817 3554 998 3601 vestra
1019 3546 1299 3617 repudiavi
1322 3554 1548 3601 matrem
1566 3556 1804 3601 vestram
1819 3548 1884 3602 “.
1898 3568 1917 3601 ι

2030 3550 2189 3623 ἡμῶν
2222 3552 2585 3621 καταργήσας
2613 3550 3001 3621 χειρόγραφον.

335 3636 606 3693 Caeterum
630 3655 759 3710 grex
794 3640 1104 3716 gentilium,
1156 3644 1247 3711 qui
1278 3641 1529 3697 custodia
1564 3649 1619 3697 et
1641 3642 1898 3712 presidio
1936 3652 2109 3709 caret,
2146 3660 2363 3714 semper
2424 3645 2517 3714 jus
2571 3644 2970 3716 redemptionis
2998 3643 3181 3708 habet,
3216 3651 3272 3699 et
3308 3659 3376 3700 ex
3427 3644 3601 3699 mise-

345 3733 585 3790 ricordia
614 3740 670 3787 et
693 3714 1177 3789 commiseratione
1200 3734 1387 3788 divina
1438 3727 1598 3790 suum
1648 3736 1843 3806 recipit
1863 3736 2188 3802 dominium,
2222 3744 2451 3793 vocatus
2499 3738 2566 3791 ad
2622 3738 2931 3792 libertatem
2979 3736 3036 3790 in
3112 3750 3259 3790 anno
3323 3723 3606 3792 remissio-

335 3826 444 3893 nis,
472 3842 595 3884 eum
622 3842 814 3881 omnes
850 3827 1121 3891 homines,
1171 3841 1312 3897 quos
1346 3826 1588 3882 intuetur
1617 3828 1722 3895 sol,
1757 3831 2060 3885 asseruerit
2123 3846 2188 3884 ex
2239 3830 2544 3885 daemonum
2609 3831 2875 3886 servitute
2936 3828 3190 3884 Christus
3232 3843 3398 3884 cruce
3474 3846 3601 3895 sua,

335 3920 552 3976 irritum
615 3918 828 3976 faciens
851 3920 1307 3991 chirographum,
1361 3920 1509 3991 quod
1561 3932 1682 3977 erat
1716 3931 1910 3977 contra
1951 3938 2073 3979 nos.

406 4031 566 4088 Nullo
591 4033 752 4088 modo
769 4040 953 4089 autem
978 4033 1292 4088 alienantur
1311 4032 1553 4088 Levitica
1587 4036 1747 4089 bona.
1778 4034 1913 4090 Nam

333 4125 438 4187 illi,
474 4124 567 4195 qui
601 4124 819 4194 penitus
852 4124 1035 4179 devoti
1058 4132 1189 4197 sunt
1227 4121 1358 4187 Deo,
1408 4125 1615 4179 nullam
1669 4126 1918 4180 sentiunt

336 4216 726 4271 alienationem
763 4224 952 4284 utpote
982 4214 1196 4268 firmam
1257 4214 1524 4270 habentes
1553 4231 1729 4285 spem.
1764 4215 1914 4281 Qua-

337 4318 559 4380 propter
580 4310 647 4363 de
680 4307 871 4369 Maria,
896 4323 1018 4373 quae
1070 4304 1334 4360 audiendi
1381 4308 1611 4361 verbum
1659 4306 1753 4362 Dei
1787 4322 1914 4376 pcr-

333 4400 533 4475 e’upitla
550 4410 687 4462 erat,
719 4399 899 4466 inquit
926 4399 1181 4451 Salvator
1210 4412 1223 4448 :
1264 4416 1284 4449 ι
1313 4395 1516 4451 Bonam
1551 4407 1761 4467 partem
1796 4399 1911 4453 ele-

334 4494 433 4560 git,
466 4507 589 4561 qua:
616 4505 726 4545 non
787 4487 1075 4542 auferatur
1138 4487 1207 4541 ab
1250 4502 1315 4542 ea
1359 4488 1425 4542 ".
1464 4508 1483 4541 ι
1524 4488 1912 4544 Verumtamen

2089 4036 2453 4104 ’Δνεκποίητα
2507 4036 2565 4090 δὲ
2601 4035 2670 4089 τὰ
2711 4034 2975 4090 Λευῖτικά
3025 4037 3138 4098 τοῖς
3196 4035 3598 4107 ἐρηρεισμένην

2015 4128 2202 4198 ἔχουσι
2228 4127 2328 4199 τὴν
2351 4126 2563 4181 ἐλπίδα.
2605 4126 2717 4180 Kal
2745 4126 2876 4195 γοῦν
2913 4127 3007 4180 επὶ
3042 4129 3109 4197 τῇ
3148 4125 3589 4199 φιλομαθεστάτῃ

2009 4219 2249 4289 Μαριὰμ
2281 4217 2384 4287 ἔφη
2403 4234 2507 4271 που
2543 4219 2571 4271 ό
2601 4219 2853 4290 Χριστὸς,
2887 4219 2970 4272 ὅτι
3004 4236 3025 4271 ι
3052 4218 3164 4290 Τὴν
3188 4218 3364 4290 καλὴν
3400 4216 3589 4289 μερίδα

2013 4307 2317 4373 ἐξελέξατο.
2350 4308 2474 4380 ἥτις
2509 4309 2609 4362 οὐκ
2633 4307 3069 4379 ἀφαιρεθήσεται
3102 4307 3297 4377 αὐτῆς.
3334 4327 3354 4361 ι
3382 4306 3526 4378 Πλὴν
3555 4308 3592 4377 ἡ

2019 4402 2243 4455 πάντων
2284 4401 2567 4471 ἐλευθερία
2605 4400 2695 4455 διά
2722 4400 2960 4472 Χριστοῦ
2984 4441 2999 4467 ,
3036 4403 3084 4455 εί
3130 4401 3226 4454 καὶ
3254 4400 3427 4471 μείζω
3472 4398 3596 4453 καθ’

2032 4492 2302 4564 Ἐΰραίων
2346 4494 2624 4563 ἐπήρτησε
2673 4492 2859 4562 φόϐον,
2894 4492 2971 4563 μὴ
3022 4492 3216 4546 θᾶττον
3278 4488 3600 4546 ἐπανιοῦσιν

250 4569 260 4580 ’
333 4584 579 4637 Omnium
611 4579 944 4634 universalis
994 4577 1244 4642 libertas,
1316 4593 1437 4647 quae
1491 4593 1588 4648 per
1634 4576 1911 4632 Christum

2026 4582 2105 4652 [οὐ
2138 4582 2247 4651 γὰρ
2303 4582 2367 4653 δὴ
2402 4583 2672 4653 φήσομεν,
2732 4582 2809 4647 ὼς
2857 4580 3192 4635 κεκώλυνται
3234 4579 3377 4652 μετά
3420 4578 3599 4633 ταῦτα

280 4652 290 4661 ’
334 4673 551 4742 obtigit,
593 4671 722 4727 licet
753 4670 823 4725 sit
873 4669 1069 4738 major,
1114 4675 1353 4723 attamen
1406 4666 1672 4733 Hebraeis,
1706 4670 1751 4724 si
1805 4678 1915 4725 tar-

2026 4673 2186 4727 πάλιν
2243 4652 2605 4745 ἐπανελθεῖν),
2650 4673 2769 4730 ἀλλ’
2811 4676 2893 4738 είς
2930 4662 3186 4746 ¹ἔμφασιν
3220 4672 3438 4745 εἴρηται
3491 4668 3589 4725 τοῦ

332 4765 459 4818 dius
491 4768 920 4826 reverterentur,
950 4758 1431 4815 incussitmetum.
1458 4756 1576 4813 Non
1607 4760 1752 4814 enim
1784 4761 1923 4815 dici-

2026 4764 2327 4833 όφείλοντός
2358 4784 2416 4820 τε
2442 4769 2537 4821 καὶ
2568 4767 2890 4839 πρέποντος.

336 4872 476 4921 mus,
507 4854 651 4926 quod
686 4854 792 4909 illis
832 4852 1042 4907 reditus
1072 4854 1143 4908 sit
1183 4866 1310 4922 spes
1345 4851 1529 4907 omnis
1562 4852 1833 4922 adempta.
1859 4851 2058 4909 Verum
2090 4856 2182 4910 illa
2248 4859 2599 4928 pronuntiata
2639 4866 2768 4914 sunt
2832 4857 3008 4929 magis
3052 4856 3228 4928 gratia
3262 4853 3405 4926 ejus,
3445 4854 3601 4925 quod

333 4949 452 5003 ﬁeri
485 4958 541 5002 et
568 4947 766 5003 debeat
795 4957 850 5001 et
887 4945 1206 5001 conveniat.

405 5040 625 5093 Interim
663 5046 844 5093 tamen
881 5048 1203 5094 sanctorum
1239 5038 1531 5094 haereditas
1562 5048 1616 5093 et
1646 5048 1828 5095 sortes
1854 5039 2082 5095 illibatze
2108 5046 2535 5103 conservantur,
2575 5052 2677 5091 nec
2726 5037 2940 5091 illarum
2981 5034 3226 5091 dominia
3251 5031 3596 5088 transferuno

334 5136 445 5183 tur.
468 5125 650 5192 Quare
678 5125 845 5193 igitur
879 5125 1061 5196 inquit
1085 5124 1340 5180 Ezechiel
1374 5142 1388 5176 :
1431 5144 1450 5176 ι
1487 5125 1544 5180 Si
1607 5125 1821 5182 dederit
1870 5128 2129 5197 princeps
2190 5125 2415 5181 domum
2476 5126 2566 5179 nni
2616 5140 2680 5180 ex
2717 5125 2846 5179 [iliis
2891 5124 3007 5179 suis
3044 5122 3114 5187 ³⁸,
3151 5140 3170 5174 ι
3209 5112 3354 5185 δίδη
3389 5118 3601 5189 quibus

332 5215 517 5269 verbis
539 5213 833 5268 erudimur
859 5214 905 5266 si
933 5214 1059 5282 quis
1085 5212 1353 5282 pontifex,
1389 5214 1483 5283 qni
1517 5229 1583 5267 eo
1615 5213 1910 5283 dignitatis
1940 5223 2027 5269 est
2047 5222 2296 5277 evectus,
2328 5223 2386 5268 ut
2426 5214 2690 5284 populum
2724 5214 3017 5284 gubernet,
3046 5210 3113 5265 de
3137 5209 3256 5266 suis
3287 5208 3449 5263 bonis
3477 5207 3601 5261 ﬁlio

333 5300 556 5357 domum
581 5302 969 5372 assignaverit,
1002 5300 1125 5369 ejus
1156 5299 1465 5355 dominium
1503 5310 1767 5371 perpetuo
1794 5302 1939 5370 ap‘ud
1971 5301 2141 5356 ﬁlium
2179 5314 2628 5371 permansurum.
2668 5301 2820 5355 Bona
2850 5299 3073 5367 quidem
3108 5295 3391 5369 pontiﬁcia
3417 5301 3602 5348 trans-

213 5422 231 5437 ο
333 5387 595 5444 feruntur
622 5399 676 5443 et
704 5387 1130 5456 usucapiuntur,
1157 5387 1251 5443 sed
1284 5404 1391 5444 non
1425 5390 1785 5460 egrediuntur
1810 5388 1905 5442 illa
1939 5388 2112 5443 tribu.
2137 5387 2235 5443 Sin
2272 5403 2405 5443 vero
2429 5387 2652 5443 domum
2677 5386 2889 5443 dederit
2911 5385 3078 5457 376
3104 5399 3286 5449 servo,
3320 5395 3469 5437 anno
3501 5394 3601 5434 re-

412 5569 456 5599 "
486 5564 631 5622 Psal.
665 5581 810 5626 τινι,
842 5566 895 5618 ι.
974 5562 1019 5595 ³³
1136 5570 1145 5581 ³
1173 5567 1313 5626 Ibid.
1540 5564 1584 5596 “
1617 5561 1848 5620 Zucltar.
1876 5579 1915 5620 ιι

2104 5562 2149 5597 ⁸⁸
2176 5560 2396 5619 Baruch
2460 5578 2534 5628 tv,
2566 5562 2626 5617 Ἀ.
2700 5563 2744 5596 ³⁸
2778 5564 2884 5617 lsa.
2930 5574 2983 5628 ι..
3020 5561 3071 5615 Ι.
3185 5560 3231 5594 ³⁷
3258 5560 3389 5616 Luc.
3419 5573 3475 5623 ι,
3502 5548 3599 5615 49.

334 5638 382 5674 ³⁸³
410 5635 603 5692 Ezech.
634 5646 777 5701 nrt,
826 5635 908 5690 H5.

1136 5570 1145 5581 '
1173 5567 1313 5626 Ibid.
