4050 6212
487 343 591 412 785

1475 365 2027 428 COMMENTARII.
2065 369 2152 430 IN
2193 370 2448 432 LEVITI
2455 369 2614 431 CUM
2623 415 2636 428 .
3638 364 3740 427 78h

489 461 775 521 missionis
807 465 898 523 illa
937 471 1355 542 recuperabitur
1381 483 1436 530 et
1473 475 1529 530 in
1583 477 1864 548 integrum
1925 479 2272 534 restituetur.
2314 479 2588 535 Caeterum
2635 478 2968 550 gravissime
3010 475 3368 531 interdictum
3401 484 3511 542 est,
3559 489 3628 530 ne
3651 476 3744 528 cui

488 549 734 618 illorum,
766 569 906 624 quos
945 559 1177 628 imperio
1216 563 1376 632 regit,
1415 563 1687 618 violenter
1723 566 1900 635 rapiat
1945 581 2104 620 suam
2160 577 2368 622 sortem
2407 569 2488 622 vel
2533 549 3026 622 ltaareditatem.At
3055 563 3336 628 Christus,
3369 579 3514 618 unus
3549 563 3658 617 dux
3691 573 3749 616 et
3789 617 3800 628 ,-

487 638 752 710 princeps
789 643 1012 698 illorum
1077 647 1172 715 qui
1231 648 1334 704 fide
1371 649 1774 718 justiﬁeanlur,
1831 653 2040 708 habens
2081 661 2193 706 tum
2227 668 2386 707 suam
2437 668 2562 707 cum
2607 652 2790 706 Patris
2829 658 3032 706 sortem
3071 649 3276 720 (omnia
3309 648 3456 704 enim
3489 663 3611 702 mea
3653 655 3750 702 tua

487 735 642 793 sunt,
674 737 727 782 et
757 737 847 784 tua
883 742 1012 788 sunt
1043 749 1163 790 mea
1191 737 1282 807 "),
1317 746 1380 791 ut
1410 738 1466 792 in
1498 737 1718 792 Psalmo
1748 740 2010 793 canitur:
2052 758 2072 792 ι
2105 740 2372 796 Ascendit
2409 741 2463 794 in
2495 742 2666 794 altum
2729 749 2782 794 et
2828 741 3104 808 captivam
3147 738 3306 792 duxit
3345 736 3748 806 captivitatem.

485 821 540 868 et
566 813 710 867 dona
733 814 882 870 dedit
907 819 1052 873 inter
1073 821 1326 877 homines
1353 823 1421 876 ".
1467 843 1485 877 ι
1521 857 1588 866 -
1626 843 1643 875 ι
1673 817 1956 892 Quosdam
2003 829 2149 882 enim
2205 831 2258 884 in
2289 829 2540 885 Ecclesia
2586 830 2792 900 posuit,
2835 829 3015 899 primo
3045 825 3351 896 apostolos,
3385 823 3584 879 deinde
3619 839 3750 894 pro-

485 901 704 968 phetas,
742 904 940 960 deinde
966 905 1228 963 doctores
1261 911 1328 972 δι,
1362 918 1474 964 etc.
1509 910 1782 966 Praeterea
1819 913 1913 966 illa
1944 912 2087 967 dona
2129 929 2454 986 permanent
2489 917 2644 970 firma
2685 917 2859 970 sacris
2900 914 3173 969 ministris
3224 921 3280 967 et
3337 913 3391 966 in
3441 912 3750 966 libertatem

485 991 741 1044 assertis.
775 989 1090 1058 AtJudaais,
1125 995 1219 1061 qui
1255 998 1444 1050 servili
1483 999 1772 1067 agitantur
1796 1001 2017 1070 spiritu,
2042 1011 2094 1056 et
2123 1005 2312 1070 fidem,
2343 1019 2468 1074 quae
2498 1003 2808 1058 libertatem
2854 1002 3045 1064 donat,
3086 1001 3374 1070 rejiciunt,
3408 1001 3576 1056 etiam
3621 997 3755 1052 sub-

487 1076 726 1130 trahitur
753 1079 928 1146 gratia
961 1094 1058 1149 per
1093 1079 1282 1137 Mosen
1327 1084 1478 1149 data,
1533 1101 1655 1156 quae
1688 1085 1752 1140 ad
1783 1089 2070 1142 veritatem
2105 1091 2282 1161 ipsam
2311 1106 2414 1145 ceu
2461 1089 2792 1160 paedagogus
2827 1089 3099 1158 quispiam
3149 1102 3252 1142 nos
3317 1085 3467 1140 ducit
3503 1101 3516 1137 :
3560 1101 3577 1136 ι
3615 1083 3754 1137 Nam

487 1166 714 1222 habenti
753 1169 997 1234 dabitur,
1031 1180 1085 1227 et
1117 1173 1422 1230 abundabit
1454 1195 1468 1230 :
1508 1179 1577 1232 ab
1623 1193 1712 1243 eo,
1767 1181 1862 1249 qui
1903 1195 2012 1234 non
2046 1179 2233 1240 habet,
2273 1178 2438 1232 etiam
2471 1176 2617 1246 quod
2647 1183 2804 1245 putat
2832 1190 2890 1230 se
2930 1174 3155 1235 habere.
3181 1171 3433 1226 aufertur
3457 1171 3524 1226 “.
3553 1190 3571 1222 ι
3611 1169 3758 1246 Sane

488 1253 614 1322 quis
643 1254 794 1309 dicat
838 1255 956 1312 :Ut
984 1260 1108 1328 quis
1139 1263 1393 1330 proprias
1427 1263 1629 1320 habeat
1663 1267 2075 1336 possessiones,
2134 1265 2460 1333 neutiquam
2505 1263 2803 1318 honestum
2851 1260 3092 1314 videtur.
3139 1258 3429 1326 Siquidem
3486 1257 3755 1310 bonorum

489 1342 805 1411 proprietas
828 1347 968 1399 solet
1023 1347 1310 1403 concitare
1367 1349 1510 1406 bella
1546 1359 1600 1405 et
1648 1354 1975 1416 seditiones,
2008 1365 2064 1408 et
2099 1362 2186 1408 est
2220 1353 2378 1422 quasi
2426 1351 2647 1404 initium
2682 1348 2872 1404 omnis
2909 1345 3200 1415 injustit'itc
3235 1353 3289 1400 et
3325 1344 3558 1398 fraudis.
3595 1343 3758 1397 Com.

487 1430 674 1484 munis
698 1430 966 1485 bonorum
996 1449 1154 1500 usus,
1188 1436 1371 1506 qualis
1397 1439 1453 1492 in
1488 1439 1753 1508 paradiso
1773 1449 1920 1504 erat,
1955 1441 2132 1510 magis
2164 1438 2478 1493 laudandus
2528 1437 2690 1492 foret.
2726 1434 2930 1491 Verum
2965 1445 3019 1488 et
3051 1433 3182 1488 huic
3219 1431 3514 1500 objectioni
3556 1445 3758 1484 occur-

489 1525 672 1569 ratur.
701 1517 853 1572 Scito
883 1518 974 1572 illa
1007 1521 1172 1582 mala,
1219 1539 1342 1592 qua:
1395 1540 1460 1579 ex
1496 1526 1765 1582 bonorum
1828 1527 2095 1583 dominiis
2150 1528 2432 1590 oriuntur,
2469 1523 2761 1580 emendata
2808 1537 2934 1577 esse
2973 1520 3364 1574 communione
3395 1527 3452 1573 et
3494 1518 3760 1572 societate

493 1607 823 1673 apostolica,
856 1609 1078 1678 quando
1111 1609 1412 1667 Christiani
1446 1615 1586 1670 bona
1618 1617 1801 1671 omnia
1833 1617 2109 1672 habebant
2135 1615 2476 1670 communia.
2529 1615 2597 1666 At
2649 1622 2898 1681 tempore
2937 1611 3315 1680 apostolorum
3359 1609 3449 1662 illa
3483 1607 3757 1662 bonorum

490 1693 812 1746 communio
875 1695 1230 1760 censebatur,
1281 1709 1508 1770 propter
1562 1703 1808 1772 inopiam
1870 1705 2237 1774 quorumdam
2305 1703 2395 1758 cui
2453 1701 2889 1758 subveniebatur
2938 1697 3157 1754 virtutis
3221 1697 3550 1768 praeclarum
3595 1709 3760 1764 opus.

495 1777 760 1835 Caeterum
785 1781 838 1835 in
857 1781 1042 1838 futuro
1081 1785 1282 1841 saeculo
1309 1786 1400 1840 illa
1437 1791 1758 1845 communio
1777 1798 1832 1846 et
1866 1793 2110 1847 societas
2143 1790 2364 1846 florebit
2398 1803 2526 1845 cum
2561 1789 2714 1842 omni
2756 1785 3059 1841 afﬂuentia.

571 1924 724 1989 ’Ἕως
776 1923 1062 1980 ἐνιαυτοῦ
1116 1926 1224 1995 τῆς
1276 1927 1554 1997 ἀφέσεως
1611 1929 1854 2000 ἐργάται
1915 1930 2076 2000 παρὰ

2257 1929 2435 2001 Usque
2463 1929 2532 1982 ad
2563 1943 2762 1983 annum
2793 1923 3146 1986 remissionis,
3179 1929 3286 1976 etc.
3335 1918 3582 1988 Septimo
3613 1933 3764 1971 anno

497 2016 620 2071 σοι.
649 2015 740 2086 Τῷ
777 2017 996 2089 ἑϐδόμῳ
1040 2019 1276 2090 ἐνιαυτῷ
1323 2021 1532 2074 ἀνεῖναι
1585 2021 1938 2092 προστάττει,
1983 2022 2076 2074 τὸν

2209 2023 2566 2078 emissionem
2601 2021 2718 2076 fieri
2755 2020 3012 2090 imperat,
3043 2025 3112 2086 ut
3155 2015 3220 2068 ad
3251 2029 3374 2069 eum
3409 2013 3630 2068 modum
3665 2027 3764 2066 ve»

497 2107 603 2177 τῆς
641 2107 901 2161 ἁπάντων
951 2109 1205 2178 ἀφέσεως
1232 2111 1508 2181 τιμῶντας
1548 2114 1762 2182 καιρὸν,
1794 2113 1894 2184 τὴν
1943 2113 2080 2185 Χρι-

2208 2123 2450 2170 terentur
2499 2113 2746 2168 omnium
2807 2109 3160 2168 remissionis
3221 2115 3440 2176 tempus
3507 2104 3766 2159 videlicet

505 2199 632 2251 στοῢ
675 2199 1016 2270 παρουσίανο
1067 2200 1126 2265 ὃς
1165 2203 1307 2274 ὑπὲρ
1353 2191 1520 2276 ’ἡμῶν
1569 2205 1828 2273 ἀποδοὺς,
1859 2205 1920 2258 τὸ
1957 2203 2082 2257 καθ’

2208 2208 2478 2261 ιιινθηιιιιιι
2507 2205 2740 2268 Christi,
2767 2205 2858 2276 qui
2902 2219 3000 2275 pro
3055 2201 3216 2256 nobis
3263 2199 3502 2252 traditus
3539 2196 3768 2252 sustulit

501 2287 660 2362 ἡμῶν
689 2290 860 2360 ἀνῆκε
891 2293 1282 2364 χειρόγραφον.
1945 2333 1948 2336 -

2208 2307 2237 2352 :t
2265 2297 2477 2354 remisit
2513 2298 2944 2370 chirographum
2982 2303 3184 2350 contra
3222 2305 3320 2346 nos
3341 2292 3632 2362 scriptum.

575 2423 710 2480 Nam
741 2426 1030 2500 Scriptura
1067 2444 1229 2485 sacra
1253 2431 1570 2500 septenario
1599 2441 1890 2503 comparat
1927 2449 2169 2502 praesens
2201 2436 2488 2500 smeulum,
2523 2435 2668 2506 quod
2706 2449 2772 2490 eo
2803 2432 3072 2502 temporis
3101 2431 3286 2502 spatio
3317 2443 3535 2498 semper
3564 2425 3632 2480 ad
3663 2438 3768 2478 sua

504 2509 665 2567 initia
717 2517 1076 2570 revolvantur
1117 2517 1260 2572 dies.
1315 2517 1450 2572 Nam
1502 2521 1828 2589 septimana:
1883 2522 2010 2577 finis
2057 2533 2142 2578 est
2195 2522 2500 2578 Sabhatum
2538 2523 2870 2578 :etvicinus
2896 2521 3014 2576 dies
3043 2531 3272 2576 octavus
3317 2517 3550 2572 alterius
3576 2513 3769 2568 saeculi

507 2599 842 2670 principium
875 2615 986 2667 est,
1019 2619 1151 2674 quo,
1181 2604 1494 2660 interventu
1529 2609 1980 2673 resurrectionis,
2040 2609 2108 2663 ab
2151 2609 2410 2664 omnibus
2447 2610 2748 2676 liberamur
2776 2608 3001 2662 debitis.
3042 2605 3180 2661 Hinc
3223 2609 3302 2669 lit,
3335 2612 3395 2658 ut
3423 2603 3586 2657 etiam
3617 2614 3771 2654 com-

509 2702 770 2774 paremur
792 2705 900 2746 aere
930 2691 1110 2746 alieno
1133 2693 1453 2774 oppressis:
1489 2694 1650 2748 «Duo
1706 2695 1986 2751 debitores
2040 2706 2202 2752 erant
2237 2697 2446 2752 homini
2483 2697 2577 2750 uni
2609 2697 2676 2749 ⁸³.
2716 2715 2735 2748 ι
2775 2697 3047 2750 Prmterea
3091 2694 3144 2748 in
3183 2693 3435 2746 oratione
3485 2688 3772 2744 Dominica

511 2773 751 2830 dicimus
783 2796 794 2830 :
833 2795 851 2828 ι
891 2775 956 2830 Ει
989 2777 1207 2834 remitte
1241 2773 1400 2835 uehis
1431 2779 1614 2836 debita
1635 2791 1824 2838 nostra
1859 2785 1925 2838 “.
1963 2803 1981 2836 ι
2015 2782 2336 2839 Postulabat
2368 2785 2532 2856 igitur
2577 2784 2712 2854 legis
2749 2783 3078 2844 necessitaS,
3126 2790 3183 2835 ut
3218 2795 3367 2833 anno
3423 2775 3771 2831 remissionis

514 2861 716 2930 singuli
751 2862 818 2917 ad
843 2863 1082 2920 amissas
1114 2865 1365 2921 redirent
1392 2881 1548 2938 opes.
1585 2867 1854 2924 Csetermn
1915 2871 2180 2929 Dominus
2215 2875 2268 2928 in
2303 2876 2576 2946 integrann
2624 2873 3026 2928 restitutionem
3059 2872 3349 2942 pollicetur
3409 2869 3493 2923 bis
3523 2867 3617 2937 qui
3651 2867 3774 2936 pul-

513 2947 644 3000 chre
667 2948 1183 3007 administraverint
1215 2953 1268 3007 in
1303 2953 1404 3009 hoc
1425 2957 1628 3010 mundo
1665 2958 1845 3012 aliena
1881 2976 1894 3012 '.
1929 2959 2012 3014 sic
2041 2959 2110 3014 de
2158 2963 2456 3018 contrariis
2483 2963 2645 3017 verba
2690 2961 2896 3016 faciens
2926 2979 2938 3014 :
2971 2979 2988 3012 ι
3023 2959 3080 3013 Si
3127 2959 3180 3012 in
3219 2958 3400 3012 alieno
3440 2955 3629 3010 lideles
3663 2971 3770 3008 non

513 3031 721 3100 fuistis,
760 3045 1002 3092 vestrum
1037 3039 1162 3106 quis
1207 3040 1366 3096 vobis
1391 3042 1544 3098 dabit
1571 3043 1614 3074 “
1639 3043 1661 3096 ?
1689 3063 1706 3095 ι
1739 3045 1869 3110 Quae
1903 3055 2086 3102 autem
2119 3061 2372 3121 spectant
2400 3051 2474 3106 ad
2507 3051 2820 3112 llebraaum,
2859 3049 2953 3119 qui
2985 3047 3306 3103 servitutem
3337 3043 3610 3106 servierit,
3643 3041 3773 3094 satis

513 3133 771 3177 enarrata
812 3135 940 3180 sunt
973 3127 1026 3180 in
1065 3125 1274 3182 Exodo.

587 3253 702 3324 (27)
739 3255 905 3310 Ὅθεν
951 3259 984 3328 ὴ
1022 3257 1166 3330 ἀρχὴ
1206 3259 1301 3313 τοῦ
1342 3261 1594 3316 ἐνιαυτοῦ
1626 3265 1778 3336 παρὰ
1813 3267 1926 3329 τοῖς
1963 3265 2094 3320 ’1ου-

2271 3269 2504 3337 Quidam
2555 3271 2654 3336 ait,
2709 3269 2838 3324 anni
2886 3267 3102 3324 initium
3150 3265 3292 3336 apud
3340 3219 3556 3321 J/udatos
3619 3267 3775 3318 certo

513 3346 686 3411 δαίοις
719 3351 1034 3418 νενόμισται
1065 3351 1176 3405 ἀπὸ
1208 3354 1306 3423 τῆς
1371 3354 1549 3425 ἀρχῆς
1576 3353 1668 3408 τοῦ
1699 3357 1948 3411 ἐνιαυτοῦ
1994 3359 2094 3430 τῆς

515 3441 786 3510 ἀφέσεως,
822 3443 942 3514 ητοι
991 3445 1099 3498 ἀπὸ
1140 3445 1241 3515 τῆς
1284 3447 1459 3518 ἀρχῆς
1507 3447 1602 3502 τοῦ
1632 3447 1864 3520 ἑϐδόμου
1902 3452 2091 3521 μηνδςν

515 3533 576 3586 ὲν
601 3527 646 3602 ᾧ
673 3536 706 3606 ὴ
729 3535 892 3605 ἑορτὴ
909 3535 1002 3589 τοῦ
1039 3535 1338 3606 ὲξιλασμοῦ
1368 3541 1697 3594 ὲπετελεῖτο.
1727 3543 1866 3596 Καθ’
1892 3545 1958 3616 ἢν
1981 3543 2094 3613 (28)

519 3627 690 3696 μόνην
714 3628 887 3698 εἰσῄει
916 3630 944 3680 6
995 3630 1172 3698 ἱερεὺς
1198 3633 1277 3693 είς
1305 3631 1372 3684 τὰ
1409 3633 1578 3700 ’Ἅγια
1626 3633 1735 3686 τῶν
1770 3637 1960 3703 ἁγίων.
1997 3637 2094 3691 Διὰ

523 3717 679 3770 τοῦτο
753 3719 961 3790 κυρίως
1022 3721 1156 3774 αὐτὸ
1230 3722 1489 3777 καλοῦσιν
1549 3727 1598 3778 οἱ
1655 3725 1906 3781 Ἰουδαῖοι
1969 3731 2096 3796 ρεσ-

522 3805 662 3860 σαθὰ
698 3807 833 3878 (29),
863 3810 1146 3864 τουτέστιν
1169 3812 1311 3883 ἁρχὴ
1343 3814 1452 3866 τῶν
1483 3813 1544 3879 ἒξ
1569 3816 1886 3872 ὑπολοίπων
1914 3821 2099 3890 μηνῶν

519 3895 616 3950 τοῦ
645 3897 919 3951 ἐνιαυτοῦ.
946 3899 1168 3969 κυρίως
1193 3902 1301 3970 γὰρ
1325 3901 1358 3970 ἡ
1389 3903 1532 3972 ἀρχὴ
1565 3904 1676 3974 (50)
1705 3903 1800 3957 τοῦ
1826 3905 2097 3969 ἐνιαυτοῦ,

521 3987 620 4042 καὶ
653 3990 681 4044 6
716 3989 934 4060 πρῶτος
973 3991 1082 4061 μὴν
1103 3993 1132 4044 ό
1159 3990 1370 4045 Νισσᾶν
1403 3993 1574 4059 ἐστιν,
1609 3995 1729 4065 ἤτοι
1753 3997 1780 4049 6
1808 3993 2100 4064 Ξανθικός,

517 4077 550 4130 6
600 4079 697 4132 καὶ
733 4079 1032 4150 ’Δπρίλιος.
1085 4080 1227 4134 Ἀλλ’
1273 4082 1509 4154 ἐπείπερ
1555 4087 1806 4139 ἐνιαυτὸν
1848 4087 1968 4140 ὅλον
2012 4104 2108 4140 κε-

519 4169 771 4226 λεύονται
797 4172 1148 4238 σαϐϐατίζειν
1173 4173 1272 4245 τὴν
1303 4174 1429 4244 γῆν,
1461 4177 1687 4247 ἄρχεται
1709 4178 1764 4230 δὲ
1791 4179 2106 4246 ἀναγκαίως

521 4263 552 4316 6
579 4263 955 4336 σαϐϐατισμὸς
987 4265 1096 4319 ἀπὸ
1123 4265 1218 4320 τοῦ
1246 4267 1440 4338 καιροῦ
1473 4267 1568 4322 τοῦ
1602 4270 1827 4341 σπόρου,
1848 4271 1908 4323 οὐ
1939 4269 2019 4323 δεῖ
2050 4269 2108 4322 δὲ

527 4356 776 4426 σπείρειν
801 4357 1030 4421 εἰκότως
1054 4357 1166 4411 ἀπὸ
1201 4359 1290 4411 τοῦ
1323 4360 1554 4432 ἑϐδόμου
1593 4361 1782 4433 μηνὸς,
1815 4364 1872 4415 ὲν
1899 4355 1942 4431 ᾧ
1979 4363 2112 4418 σπό-

528 4465 686 4520 ριμος
715 4451 744 4502 6
780 4451 992 4521 καιρὸς,
1017 4450 1116 4521 τὴν
1155 4452 1332 4522 ἀρχὴν
1381 4455 1663 4508 ποιοῦνται
1711 4453 1806 4508 τοῦ
1855 4455 2107 4509 ἐνιαυτοῦ

2201 3371 2478 3420 constare.
2499 3361 2634 3417 Nam
2667 3363 2883 3416 initium
2915 3359 3260 3416 remissionis
3287 3359 3354 3413 ab
3379 3357 3536 3412 initio
3561 3355 3777 3425 septimi

2203 3454 2407 3523 petitur
2435 3455 2664 3516 mensis,
2701 3452 2754 3506 in
2818 3466 2982 3522 quem
3032 3449 3264 3504 incurrit
3311 3447 3640 3518 expiationis
3687 3459 3776 3498 so-

2203 3543 2462 3600 lemnitas
2496 3561 2508 3599 :
2543 3559 2654 3615 quo
2705 3553 2950 3613 tempore
3006 3543 3126 3598 solo
3169 3539 3410 3612 pontifici
3457 3536 3540 3593 fas
3573 3544 3658 3592 est
3694 3537 3780 3589 in-

2203 3645 2356 3693 trare
2393 3639 2446 3692 in
2503 3636 2703 3692 Sancta
2754 3645 3098 3692 sanctorum.
3155 3635 3503 3705 Quapropter
3561 3631 3782 3703 pleprie

2201 3725 2376 3782 Judaai
2405 3737 2601 3782 vocant
2626 3727 2759 3781 illud
2787 3736 3004 3796 tempus
3041 3724 3433 3788 Rhesseththa,
3459 3723 3510 3777 id
3541 3730 3648 3788 est,
3677 3722 3782 3774 ini.

2203 3817 2341 3870 tium
2391 3833 2487 3872 sex
2553 3818 2896 3873 residuorum
2953 3817 3248 3872 mensium.
3287 3815 3622 3883 Principium
3651 3812 3780 3865 anni

2205 3911 2399 3966 incidit
2453 3912 2506 3966 in
2537 3911 2906 3977 Xanthicum,
2946 3925 3107 3979 quem
3153 3907 3322 3963 Iudaei
3355 3911 3554 3962 vocant
3584 3903 3780 3962 Nisa",

2206 4013 2262 4057 at
2289 4000 2520 4057 Romani
2545 4003 2806 4073 Aprilem.
2834 4001 3029 4057 Verum
3053 4001 3179 4071 quia
3216 3999 3514 4054 Sabbatum
3539 4012 3780 4051 auliuum

2207 4095 2471 4149 indicitur
2507 4104 2686 4158 terrm,
2731 4095 3047 4150 necessario
3102 4092 3398 4148 Sahbatum
3429 4089 3564 4144 illud
3590 4087 3785 4156 incipit

2207 4201 2238 4240 a
2268 4193 2514 4258 tempore
2546 4187 2810 4243 sementis
2839 4203 2852 4239 :
2885 4202 2986 4241 nec
3025 4193 3206 4240 tamen
3240 4182 3504 4240 sementis
3534 4180 3784 4235 facienda

2208 4285 2316 4332 est.
2391 4277 2542 4332 ilaud
2603 4281 2906 4348 incongrue
2937 4277 3054 4333 sive
3085 4277 3268 4347 inepte
3290 4275 3622 4346 principium
3659 4273 3786 4326 anni

2210 4367 2558 4423 remissionis
2581 4368 2928 4423 constituunt
2961 4385 2992 4422 a
3037 4367 3272 4440 septimo
3303 4381 3511 4432 Iliense,
3540 4365 3596 4420 in
3623 4379 3786 4435 quem

2210 4461 2477 4516 coincidit
2507 4463 2790 4517 sementis.

505 4542 626 4614 ⁷’τῆς
655 4542 922 4612 ἀφέσεως.
963 4545 1052 4598 Διὸ
1093 4547 1188 4599 καὶ
1219 4545 1474 4600 Σάϐϐατα
1515 4547 1812 4603 Σαϐϐἀτων
1853 4548 2101 4603 καλεῖται
2137 4553 2428 4626 ἡτοιαύτη
2500 4555 2686 4626 ἑορτὴ,
2729 4554 2852 4630 καθ’
2905 4557 2994 4626 ἦν,
3076 4555 3152 4619 ὡς
3198 4555 3438 4626 εἴρηται,
3487 4549 3710 4622 ἔμελλεν
3758 4549 3786 4600 6

527 4635 630 4707 τῆς
662 4634 911 4704 ἀφέσεως
944 4637 1037 4690 καὶ
1064 4639 1162 4708 τῆς
1199 4640 1485 4709 μετανοίας
1517 4641 1782 4713 ἄρχεσθαι
1820 4645 2032 4716 καιρός.

601 4773 857 4828 Σάϐϐατα
909 4774 1204 4830 Σιϐϐἀτων
1253 4778 1501 4861 καλεῖται
1551 4780 1585 4849 ἡ
1627 4779 1812 4850 ἑορτὴ,
1874 4781 1999 4834 καθ’
2039 4783 2103 4850 ἢν

2282 4781 2498 4836 idcirco
2521 4780 2758 4836 Sabbata
2802 4777 3168 4834 Sabbatorum
3210 4777 3531 4832 nominatur
3564 4775 3788 4838 festum,

531 4864 759 4933 ἔμελλεν
783 4866 814 4918 6
847 4865 948 4934 τῆς
995 4865 1246 4934 ἀφέσεως
1287 4871 1386 4922 καὶ
1427 4869 1529 4939 τῆς
1579 4871 1871 4940 μετανοίας
1923 4873 2112 4941 καιρὸς

532 4955 802 5026 ἄρχεσθαι
839 4957 929 5010 διὰ
961 4958 1074 5024 (51)
1125 4960 1224 5029 τῆς
1265 4960 1584 5031 συλλήψεως
1628 4963 1722 5020 τοῦ
1770 4963 2112 5034 Προδρόμου.

535 5047 697 5103 Ὅθεν
747 5049 843 5102 καὶ
902 5050 1024 5102 κατ’
1083 5050 1444 5119 ὲτυμολογίαν
1479 5053 1572 5106 τοῦ
1631 5054 1912 5108 Σαϐϐἀτου
1966 5055 2116 5109 ἐστιν

682 5221 842 5294 Joan.
899 5239 1038 5294 XVll.
1085 5223 1171 5294 lO.
1212 5293 1226 5294 ί
1275 5224 1320 5256 ⁸ο
1351 5223 1496 5280 Psal.
1555 5243 1723 5294 van,
1777 5229 1860 5283 l9.

538 5291 581 5326 “
607 5293 796 5346 Matth.
829 5309 907 5359 vt,
960 5293 1048 5346 i2.
1125 5293 1170 5326 ⁸³
1209 5293 1348 5349 Luc.
1391 5313 1504 5356 xvr.
1535 5297 1622 5352 12.

1964 5227 2006 5260 ’⁵⁸
2043 5228 2246 5299 Ephes.
2289 5247 2361 5296 iv,
2419 5230 2503 5284 ll.

2218 4875 2271 4930 in
2295 4890 2406 4944 quo
2429 4873 2644 4928 initium
2681 4881 3028 4941 sumpturum
3059 4881 3174 4924 erat
3209 4870 3552 4925 remissionis
3583 4879 3636 4924 et
3679 4883 3794 4938 pm-

2219 4965 2464 5018 nitentiaa
2489 4972 2732 5034 tempus.
2769 4961 3022 5016 videlicet
3055 4960 3124 5014 ab
3143 4974 3210 5014 eo
3229 4968 3496 5028 tempore,
3531 4971 3642 5027 (lno
3666 4971 3796 5010 con-

2218 5064 2412 5127 ceptus
2462 5053 2894 5110 cstPraacursor
2949 5051 3182 5106 Christi.
3237 5049 3376 5104 Hinc
3414 5050 3577 5104 etiam
3609 5048 3792 5119 colligi

2602 5228 2647 5259 “
2683 5227 2874 5283 Matth.
2928 5243 3047 5288 xm,
3108 5225 3191 5294 ιε,
3305 5225 3350 5258 ⁸³
3383 5224 3516 5283 Luc.
3557 5239 3654 5290 vn,
3698 5225 3788 5277 ll.

2071 5411 2302 5470 NOTAE.

610 5496 728 5574 (2:1)-
741 5496 881 5566 Φησὶ
904 5495 961 5574 δέ
982 5511 1064 5556 τις
1089 5495 1163 5558 ὡς
1191 5496 1398 5574 ᾐλάρχῂ
1426 5499 1518 5574 τοῦ
1554 5503 1804 5574 ἐνιαυτοῦ
1829 5503 1982 5574 παρὰ
2001 5509 2112 5569 τοῖς

539 5567 812 5644 Ἰουδαίοις
836 5569 1173 5644 vei/65133192,
1208 5566 1407 5644 §0év
1437 5571 1581 5644 ᾁρχὴ
1604 5575 1698 5628 τοὺ
1735 5566 1983 5627 ἐνιαυτοῦ
2015 5566 2112 5643 τῆς

536 5637 782 5760 signa);
824 5635 1059 5732 dab-1'71:
1094 5635 1274 5704 ἀρχῆς
1315 5635 1409 5694 τοῦ
1439 5635 1581 5698 εὗδ’.’
1605 5660 1689 5697 κτ.
1733 5645 1792 5699 '0
1829 5647 1926 5714 τῆς
1973 5635 2108 5714 Αὐκξξ

613 5777 722 5848 (‘28)
745 5778 870 5832 Ὅτε
902 5780 1058 5851 μόνον
1089 5781 1226 5853 βατὰ
1249 5781 1324 5853 τῷ
1363 5783 1498 5854 ἱερεῖ
1531 5783 1598 5837 τὰ
1629 5784 1780 5854 ἅγια,
1807 5787 1967 5840 κτ.”0
1989 5787 2112 5840 αὐτ.

2292 5505 2404 5574 (‘29)
2429 5503 2769 5576 ίῬησσεθθά.
2809 5506 2866 5560 '0
2889 5508 3010 5561 αὐτ.

2284 5567 2398 5645 (50)
2426 5567 2594 5648 ’ᾼρῄὴ
2625 5577 2736 5648 γὰρ
2763 5577 2917 5640 ἔτους
2955 5577 2984 5630 6
3014 5577 3299 5648 Ξανθικὸς.
3337 5573 3510 5648 Νισὰν
3549 5567 3784 5648 iam“.

2219 5639 2309 5732 νος
2341 5639 2471 5718 παρ’
2494 5639 2722 5709 ἀὖτοῗςῖ
2779 5639 2930 5718 παρᾶ
2961 5649 3018 5702 δὲ
3059 5646 3371 5716 Ῥωμαίοις.
3405 5639 3800 5710 Rupili-xtl)

2216 5735 2322 5770 αυτ

2295 5789 2407 5859 (τι)
2445 5789 2597 5842 Ὑπς.
2648 5788 2704 5842 Ὀ
2735 5788 2856 5842 αὐτ.
