4050 6212
340 336 444 399 787
1478 396 1479 401 γ
1634 358 1991 422 enocorn
2029 315 2274 427 size:
2627 422 2639 432 .
3302 381 3307 385 λ
3488 375 3593 437 733

337 451 545 518 poterit
608 448 847 556 .Sabbati
912 455 1247 516 benedictio.
1330 462 1615 534 Siquidem
1667 469 1901 526 remissit

2028 474 2159 528 ἰδεῖν
2202 476 2316 547 (52)
2367 476 2451 530 ὄτι
2507 476 2766 532 Σάΰακθα
2812 478 2925 549 (35)
2981 481 3224 535 καλεῖται
3283 485 3315 553 ἡ
3375 484 3585 556 ἄψεσις.

338 554 559 608 quoque
590 541 795 598 dicitur
851 544 1193 607 Sabaebtha.
1252 552 1597 613 Consecrant
1617 571 1798 615 autem
1825 577 1901 617 re

2031 541 2252 634 Ἀφιᾶσι
2274 541 2332 621 δὲ
2360 567 2531 638 αὐτὴν
2564 567 2715 638 ἱερὰν
2737 541 3051 643 τιξίΚυρὲῳ,
3081 556 3163 627 δτῖ
3192 541 3392 646 ἐεδέμη
3421 541 3587 645 ἐστὶν,

339 630 662 685 missionem
718 632 971 701 Domino,
1013 640 1130 696 sive
1176 644 1322 712 quod
1386 649 1615 717 septima
1650 648 1754 715 est,
1793 665 1901 721 qua

2016 657 2045 710 δ
2074 630 2189 712 ig...
2213 658 2397 713 Σαὸαά
2424 630 2560 729 (sit).

337 722 587 777 innultnr
620 741 718 794 per
745 728 1075 799 dictionem;
1105 732 1309 792 Sabaa.
1397 776 1413 797 .

413 837 484 892 Et
515 839 760 897 redibitis
795 849 1157 919 unusquisque
1177 853 1248 906 ad
1268 858 1658 926 possessionem
1687 876 1841 914 suam
1875 869 1925 915 et
1953 861 2007 913 in
2035 859 2273 928 patriam
2299 875 2477 922 suam,
2514 867 2624 913 etc.
2653 857 2791 931 [4L]
2821 859 2960 927 Quia
2993 860 3240 932 plurimae
3277 863 3587 943 mansiones

338 934 469 979 sunt
500 929 642 999 apud
678 930 869 997 Deum,
903 943 957 988 et
994 941 1380 1012 unusquisque
1413 962 1567 999 suam
1600 947 1887 1003 sortietnr.
1914 947 2046 1013 Qua:
2080 964 2209 1002 vero
2253 962 2359 1001 non
2394 929 2736 1014 fuerintjure
2768 950 3051 1011 restituta,
3084 934 3340 1005 videlicet
3370 954 3586 1021 prepin-

336 1028 447 1077 quo
483 1030 590 1069 non
622 1017 929 1075 redimente
980 1023 1164 1079 bona:
1200 1029 1290 1082 ubi
1335 1032 1738 1087 nsumFructum
1792 1035 2108 1104 aliquandiu
2171 1034 2423 1088 habuerit
2468 1044 2703 1102 emptor.
2756 1036 2981 1090 tandem
3039 1052 3184 1091 anno
3240 1039 3585 1096 remissionis

337 1108 510 1165 gratis
538 1118 634 1155 ceu
660 1119 861 1161 munus
880 1109 1045 1180 377
1074 1111 1189 1172 Dei.
1222 1118 1402 1172 reddit
1434 1113 2126 1189 pristinispossessoribus
2156 1124 2299 1178 bona
2334 1124 2446 1177 illa.
2473 1122 2609 1177 Nam
2660 1134 2865 1178 terram
2911 1125 3294 1194 promissionis
3341 1144 3409 1181 ex
3441 1127 3587 1184 dono

336 1184 526 1241 divino
564 1192 1143 1258 possederuntlndzei.
1181 1184 1450 1259 Praeterea
1483 1218 1534 1260 et
1560 1208 1663 1276 ipsi
1694 1184 1915 1262 fuerunt
1949 1212 2092 1265 servi
2149 1210 2243 1265 Dei
2301 1211 2566 1280 redempti
2598 1217 2653 1265 et
2688 1211 2751 1264 ad
2801 1184 3109 1266 libertatem
3140 1215 3318 1267 vocati
3351 1215 3583 1283 septimo

336 1283 391 1328 et
416 1277 874 1350 quinquagesimo
904 1300 1071 1342 anno.
1112 1287 1322 1345 Idcirco
1354 1292 1571 1363 inquit:
1619 1314 1637 1346 ι
1672 1295 1827 1351 Servi
1865 1298 1988 1364 mei,
2018 1314 2158 1368 quos
2207 1294 2374 1351 eduxi
2406 1277 2605 1350 eterra
2628 1289 2872 1366 Egypti.
2910 1297 3238 1352 3—Cazterunt
3272 1302 3416 1354 servi
3455 1309 3582 1355 sunt

336 1363 547 1418 Christi
583 1367 769 1420 cuncti
800 1373 1062 1429 mortales
1095 1375 1310 1431 liberati
1348 1378 1417 1432 ab
1442 1395 1506 1434 eo
1533 1382 1766 1437 servitio
1797 1363 2265 1439 molestovtnundi.
2300 1383 2484 1453 lnquit
2512 1382 2658 1438 enim
2682 1363 2975 1454 scriptura
3011 1405 3025 1440 :
3070 1405 3087 1436 ι
3108 1384 3222 1452 ,Cni
3258 1386 3582 1443 dedideritis

334 1467 435 1506 vos
457 1469 648 1510 servos
679 1457 746 1509 ad
781 1458 1177 1531 obediendum,
1205 1466 1348 1520 servi
1384 1466 1505 1536 ejus
1526 1471 1682 1535 esus,
1711 1491 1728 1523 ι
1748 1471 1862 1526 sive
1881 1484 2106 1541 peccato
2134 1472 2544 1542 obtemperatis,
2572 1473 2779 1539 peccati
2803 1471 2936 1527 estis
2963 1471 3104 1527 servi
3130 1474 3281 1538 ;sive
3313 1474 3580 1529 obedien-

334 1542 425 1596 titn
454 1544 519 1597 ad
549 1544 845 1613 justitiam.
885 1547 1136 1619 Seipsum
1169 1561 1293 1621 post
1326 1554 1631 1611 libertatem
1663 1576 1692 1613 a
1726 1561 1954 1635 ‘Ch‘risto
2007 1560 2192 1615 datam
2224 1560 2409 1614 denuo
2440 1559 2495 1613 in
2532 1561 2857 1614 servitutem
2892 1558 3144 1627 conjicit,
3176 1558 3224 1612 si
3268 1572 3492 1629 peccato
3521 1577 3581 1618 se

335 1631 647 1701 conjungit,
682 1637 1148 1703 quemadmodum
1181 1640 1448 1697 Hebrmus
1479 1630 1745 1716 Egyptio
1762 1630 1989 1704 servitio
2018 1655 2241 1715 ereptus
2269 1647 2313 1701 si
2336 1662 2396 1701 se
2419 1648 2619 1700 iterum
2652 1646 2708 1699 in
2733 1645 3055 1701 servitutem
3089 1654 3313 1715 propter
3344 1662 3579 1717 pauper-

334 1730 499 1774 tatem
526 1722 732 1776 vendit.
753 1721 957 1778 Verum
988 1727 1273 1784 servitutis
1303 1734 1608 1787 necessitas
1636 1736 2020 1791 remittebatur
2056 1735 2284 1789 llebrteo
2318 1734 2572 1789 libenter.
2595 1726 2714 1787 Non
2740 1733 2886 1787 enim
2920 1741 3130 1788 tantum
3155 1734 3295 1788 valet
3318 1736 3581 1806 pretium,

334 1808 485 1877 quod
521 1825 619 1879 pro
653 1812 875 1867 vendito
913 1826 1257 1883 numeratur,
1285 1828 1344 1874 ut
1378 1820 1607 1876 fratrem
1641 1832 1903 1892 perpetua
1939 1824 2217 1894 opprimat
2253 1823 2542 1877 servitute.
2597 1821 2784 1889 lnquit
2836 1820 2982 1876 enim
3018 1837 3031 1873 :
3069 1821 3125 1876 Si
3168 1831 3578 1892 praeoccupatus

334 1894 502 1949 fuerit
523 1895 688 1951 homo
712 1898 766 1952 itt
790 1900 978 1969 aliquo
998 1901 1221 1964 delicto.
1264 1921 1386 1970 vos,
1434 1909 1533 1976 qui
1592 1910 1913 1978 spirituales
1951 1912 2106 1972 estis,
2143 1916 2451 1964 restaurate
2482 1908 2641 1973 illum
2678 1908 2737 1962 in
2773 1909 2972 1978 spiritu
3014 1910 3485 1964 mansuetudinis.
3516 1909 3580 1964 Et

332 1982 451 2038 haec
481 1991 612 2038 sunt
644 1986 734 2040 illa
758 1986 982 2049 delicta.
1012 2006 1134 2065 quae
1160 1994 1503 2051 orationibus
1528 1996 1836 2057 hominum.
1860 2007 2094 2067 possunt
2122 1998 2350 2053 dissolvi
2382 2012 2479 2066 per
2509 1997 2740 2067 gratiam
2770 1996 3001 2061 Christi,
3023 1999 3119 2067 qui
3144 1998 3308 2052 solvit
3331 2006 3578 2068 peccata,

333 2085 459 2138 quae
482 2071 664 2126 sancti
701 2073 792 2128 hic
826 2075 881 2129 in
919 2084 1064 2131 terra
1099 2079 1389 2135 solverint.
1421 2081 1519 2136 Sin
1549 2099 1678 2139 vero
1706 2086 2001 2154 peregrino
2032 2087 2115 2141 vel
2148 2085 2372 2141 advena:
2401 2085 2455 2138 in
2477 2086 2794 2139 servitutem
2819 2084 2984 2140 datus
3007 2084 3192 2147 fuerit,
3219 2084 3581 2154 quemadmo-

333 2156 467 2211 dum
499 2158 594 2213 ille
638 2160 733 2228 qui
758 2161 830 2215 ob
861 2163 1086 2217 vetitam
1123 2164 1545 2223 fornicationem
1582 2170 1823 2225 traditus
1854 2182 1972 2226 erat
1998 2172 2240 2237 Sataum,
2281 2175 2352 2237 is,
2390 2175 2638 2243 inquam,
2679 2174 2918 2243 pretium
2969 2171 3367 2241 redemptionis
3394 2171 3583 2225 refun-

333 2245 448 2311 δεῖν
479 2246 734 2304 videlicet
762 2252 1026 2320 operibus
1057 2254 1176 2311 suis
1207 2257 1475 2321 abolendo
1506 2268 1756 2328 peccata,
1804 2271 2029 2329 propter
2072 2276 2194 2329 quae
2242 2263 2298 2313 in
2352 2261 2637 2315 servitutis
2670 2261 3058 2316 necessitatem
3088 2260 3335 2315 devenit.
3383 2261 3459 2315 De
3483 2260 3581 2314 illo

332 2331 483 2386 fatur
510 2336 806 2403 Apostolus
845 2354 859 2392 :
895 2356 914 2388 ι
952 2338 1029 2393 Ne
1064 2341 1468 2398 ahundantiore
1505 2345 1588 2400 vel
1630 2346 1833 2415 majore
1882 2348 2107 2401 tristitia
2161 2348 2524 2403 absorbeatur
2557 2348 2682 2401 talis
2716 2365 2735 2397 ι
2765 2357 2823 2402 ιιι
2865 2349 2958 2417 qui
2996 2364 3109 2403 suae
3136 2347 3476 2417 paenitentia:
3520 2354 3577 2401 et

332 2420 718 2476 conversionis
749 2424 887 2479 satis
909 2427 1135 2483 evidens
1157 2430 1443 2496 specimen
1469 2429 1704 2498 dederit,
1736 2441 1790 2488 et
1829 2449 1929 2489 suo
1959 2433 2236 2492 desiderio
2269 2443 2498 2492 testctur
2540 2444 2756 2505 tempus
2785 2449 2926 2501 esse,
2972 2445 3031 2490 ut
3057 2435 3357 2506 recipiatur
3385 2436 3439 2488 in
3469 2434 3580 2490 Ec-

332 2507 512 2563 clesiae
541 2524 783 2579 gregem,
819 2525 850 2565 a
876 2529 986 2583 quo
1016 2517 1277 2571 etrelusus
1306 2517 1520 2581 fuerat.,

402 2618 505 2671 Aut
542 2635 677 2673 unus
703 2635 769 2674 ea:
797 2620 1062 2690 fratribus
1094 2625 1209 2694 ejus
1245 2630 1463 2682 redimet
1498 2645 1637 2692 eunt,
1677 2628 1817 2702 [48.]
1848 2629 1980 2685 .lnre
2013 2629 2405 2705 redemptionis
2439 2629 2676 2698 gaudent
2728 2628 2804 2684 illi
2844 2629 2937 2699 qni
2970 2644 3068 2685 sua
3094 2628 3310 2698 justitia
3335 2639 3387 2684 et
3415 2627 3573 2686 fami-

328 2705 588 2769 liaritate,
618 2724 739 2779 qua:
771 2710 905 2779 ipsis
935 2723 1016 2767 εει
1043 2729 1167 2767 cum
1206 2722 1516 2785 peccatore.
1549 2697 1969 2786 possuntvillius
2000 2697 2302 2772 dissolvere
2323 2697 2528 2782 debita,
2560 2716 3022 2787 quemadmodum
3047 2716 3149 2779 illi,
3183 2717 3274 2786 qui
3302 2726 3561 2788 apporta-

328 2789 463 2846 bant
488 2793 553 2846 ad
584 2792 867 2850 Christum
902 2801 1284 2870 paralyticnm,
1318 2811 1539 2872 propter
1595 2802 1753 2857 iidem
1813 2820 1968 2858 suam
2030 2806 2398 2874 impetrarunt
2435 2806 2654 2859 inlirmo
2698 2806 3015 2860 sanitatem.
3058 2804 3325 2859 Caeterum
3375 2803 3574 2860 fortior

329 2890 383 2935 et
421 2881 649 2938 validior
681 2892 767 2939 est
802 2885 1111 2955 spiritualis
1142 2889 1488 2959 conjunctio,
1527 2906 1692 2959 quam
1724 2891 1969 2946 amicitia
1999 2892 2115 2957 illa,
2146 2908 2266 2962 quae
2300 2894 2483 2947 oritur
2536 2908 2603 2948 ex
2652 2892 2998 2964 praecedente
3027 2889 3395 2947 beneﬁcentia
3439 2907 3573 2963 erga

328 2966 633 3026 beneﬁcos.

401 3106 459 3163 Si
492 3119 672 3165 autem
709 3112 965 3169 Hebraeus
994 3115 1083 3169 ille
1106 3132 1215 3173 non
1245 3118 1562 3192 redemptus
1599 3124 1762 3179 fuerit
1793 3141 1901 3193 quo

2071 3120 2137 3172 Ei
2171 3119 2228 3172 δὲ
2260 3120 2354 3172 καὶ⁸
2389 3118 2463 3189 μή
2505 3118 2593 3171 διὰ
2629 3117 2954 3189 λυτρὼσεως
2990 3116 3216 3188 δυνηθῇ,
3260 3118 3319 3170 ὲν
3356 3114 3436 3185 τῷ
3462 3115 3578 3168 ἑνι-

327 3196 566 3252 diximns
599 3200 778 3265 modo,
812 3217 955 3260 anno
974 3205 1368 3277 redemptionis
1398 3214 1685 3281 pristinam
1707 3217 1901 3283 recipit

2005 3211 2151 3281 αυτῷ
2181 3212 2280 3281 τῆξ
2315 3211 2561 3278 ἀφέσεως
2585 3209 2803 3274 ἔξεισιν.
2844 3208 3098 3279 Ἀδελφδς
3128 3208 3230 3279 γὰρ
3262 3209 3322 3260 οὒ
3349 3205 3579 3279 λυτροῦ-

329 3289 660 3345 libertatem.
687 3292 878 3349 Frater
901 3298 1044 3351 enim
1077 3315 1185 3354 non
1218 3301 1414 3356 liberat
1442 3302 1522 3370 “;
1558 3316 1611 3359 at
1650 3306 1903 3361 Christus

328 3396 428 3435 nos
458 3381 667 3438 liberali
699 3400 866 3439 causa
926 3389 1123 3444 asserit
1180 3405 1365 3445 manu.
1400 3391 1465 3445 Et
1493 3411 1652 3461 quem
1695 3395 1900 3463 judicis

325 3470 600 3526 sententia
623 3488 839 3528 servum
883 3479 1220 3545 pronuntiat,
1264 3481 1391 3535 huic
1439 3483 1611 3551 gratia
1673 3483 1898 3539 liberta-

327 3571 434 3618 tem
502 3565 717 3621 tribuit.
743 3564 799 3620 in
864 3568 980 3640 lege
1031 3586 1191 3625 nemo
1248 3573 1565 3642 patiebatur
1621 3576 1897 3641 libertate,

327 3657 433 3711 nisi
481 3657 666 3713 oblato
732 3659 888 3730 prius
942 3665 1162 3732 pretio.
1215 3665 1286 3718 At
1346 3667 1450 3722 sub
1506 3668 1729 3723 Christo
1788 3684 1896 3724 non

326 3747 602 3806 sufﬁciunt
667 3751 748 3806 vel
830 3761 1073 3809 nostrum
1148 3758 1420 3826 pretintn,
1500 3760 1582 3813 vel
1662 3762 1895 3830 pretium

324 3842 468 3911 quod
500 3842 592 3897 alii
643 3859 743 3915 pro
783 3844 940 3901 nobis
979 3847 1288 3916 persolvere
1321 3851 1493 3919 parati
1513 3858 1675 3915 sunt,
1706 3869 1894 3921 quem-

326 3933 619 3988 admodum
690 3951 788 3991 ncc
814 3934 978 3992 Josim
1002 3938 1214 4008 jnstitia
1245 3939 1452 4010 profuit
1493 3942 1691 4011 populo
1720 3942 1898 3999 Israe-

325 4024 500 4080 litico.
535 4025 737 4082 Verum
800 4026 964 4084 Musis
1007 4029 1183 4086 virtus
1240 4031 1407 4084 valuit
1468 4033 1719 4087 nonnihil
1799 4051 1896 4105 pro

322 4118 526 4188 populo
565 4130 815 4176 recenter
875 4132 1086 4190 vocato,
1154 4124 1247 4195 qui
1307 4125 1570 4195 nequibat
1608 4122 1896 4184 commode

323 4225 387 4263 ea
434 4218 758 4281 tempestate
797 4214 1000 4284 puniri.
1050 4214 1398 4287 Quapropter
1442 4218 1615 4287 gratia
1677 4220 1898 4275 admisit

322 4301 492 4357 Mosis
532 4304 829 4372 justitiam,
867 4308 938 4361 ob
973 4322 1136 4377 quam
1164 4318 1482 4377 pacaretur,
1532 4318 1754 4379 propter
1799 4328 1895 4365 co-

321 4395 660 4464 gnationem,
707 4412 829 4466 qua:
866 4398 945 4451 illi
991 4412 1116 4451 cum
1172 4397 1276 4452 ista
1314 4407 1474 4468 gente
1505 4398 1700 4452 fuerat.
1747 4397 1894 4454 Nihil
1925 4447 1969 4506 ο

320 4490 525 4545 dicitur
560 4492 653 4555 de
710 4490 917 4546 Levitis
963 4491 1021 4544 in
1073 4490 1394 4546 servitutem
1443 4493 1752 4561 rapiendis,
1813 4494 1896 4548 vel

323 4597 351 4633 a
408 4574 732 4652 propinquis
764 4583 817 4635 in
845 4582 1154 4637 libertatem
1212 4583 1575 4637 vindicandis.
1599 4582 1719 4638 Non
1745 4583 1892 4638 enim

2001 3321 2114 3368 ται,
2154 3300 2493 3372 λυτρὼσεται
2517 3301 2743 3372 Κύριος.
2776 3303 2886 3354 Καὶ
2920 3300 2948 3353 ὅ
2979 3300 3158 3369 κρεσει
3196 3299 3271 3370 μὴ
3303 3298 3511 3361 λύεται,
3535 3297 3573 3368 ἡ

2002 3398 2158 3466 χάρις
2184 3395 2407 3465 ἀφίησιν
2430 3409 2442 3422 ⁸
2487 3394 2545 3445 ὲν
2578 3392 2679 3462 μὲν
2714 3392 2791 3462 τῷ
2817 3393 2989 3461 νόμῳ,
3038 3392 3114 3461 μὴ
3155 3390 3446 3459 διδομένων
3476 3387 3577 3440 λύ-

2001 3504 2147 3559 τρων
2166 3505 2179 3519 ο
2206 3488 2263 3539 ὲν
2292 3486 2348 3539 δὲ
2384 3485 2461 3556 τῷ
2490 3484 2734 3554 Χριστῷ.
2761 3482 2837 3555 μὴ
2857 3482 3229 3555 ἐξαρκούντων
3256 3482 3289 3536 ἆ
3312 3499 3394 3545 τις
3426 3480 3575 3550 ὑπὲρ

2002 3578 2217 3640 ἑαυτοῦ,
2245 3578 2279 3649 ἢ
2308 3578 2467 3642 ἄλλος
2488 3577 2629 3647 ὑπὲρ
2659 3576 2824 3629 αὐτοῦ
2856 3574 3150 3645 καταθείη,
3187 3575 3260 3638 ὡς
3281 3574 3380 3627 οὐκ
3406 3573 3576 3644 ἤρκε-

2003 3674 2150 3741 σενή
2192 3670 2399 3724 Ἰωσίου
2455 3667 2774 3736 δικαιοσύνη
2824 3667 2966 3738 ὑπὲρ
3001 3665 3096 3720 τοῦ
3124 3664 3377 3735 Ἰσραήλ·
3424 3666 3458 3735 ἠ
3513 3663 3573 3717 δὲ

2000 3758 2277 3822 Μωῦσέως
2314 3760 2560 3828 ἴσχυσεν,
2598 3759 2725 3828 ἄρτι
2772 3755 2866 3831 τοῦ
2899 3754 3033 3809 λαοῦ
3073 3753 3434 3825 κεκλημένου,
3476 3754 3575 3806 καὶ

1999 3852 2192 3925 καιρὸν
2217 3852 2317 3905 οὐκ
2346 3850 2560 3921 ἔχοντος
2587 3849 2804 3913 τελείας
2845 3847 3146 3911 κολάσεως.
3178 3846 3270 3900 Διὸ
3304 3846 3404 3917 τὴν
3437 3846 3573 3899 Μω-

2001 3948 2137 4008 σέως
2165 3943 2512 4012 δικαιοσύνην
2565 3942 2704 4013 ὑπὲρ
2746 3939 2840 3995 τοῦ
2880 3939 3010 3995 λαοῦ
3054 3940 3141 3994 διὰ
3188 3939 3508 4007 συγγένειαν
3539 3937 3575 4008 ἡ

1998 4037 2157 4109 χάρις
2198 4036 2432 4106 ἐδέχετο.
2467 4035 2695 4087 Λευΐτου
2722 4032 2783 4086 δὲ
2835 4033 2895 4086 ού
2931 4032 3081 4101 λέγει
3133 4031 3415 4107 δούλωσιν,
3446 4029 3572 4083 οὐδὲ

1997 4128 2266 4199 λύτρωσιν
2309 4126 2449 4197 ὑπὲρ
2477 4123 2626 4197 [ὑπὸ.
2675 4121 2963 4195 ὀρθότερ.]
3002 4123 3315 4192 συγγενοῦς.
3352 4123 3426 4176 Οὐ
3461 4120 3573 4190 γὰρ

1997 4218 2113 4271 ἔστι
2144 4219 2269 4280 τοὺς
2305 4218 2503 4288 ἑτέρων
2541 4215 2938 4287 ἐλευθερωτὰς,
2967 4215 3166 4278 αὐτοὺς
3216 4216 3296 4278 εἰς
3323 4211 3560 4266 δουλείαν

1998 4311 2200 4373 πεσεῖν,
2238 4310 2330 4362 καὶ
2384 4307 2452 4361 δι’
2499 4307 2701 4380 ἑτέρων
2748 4306 3111 4379 λυτρωθῆναι.
3162 4304 3305 4360 Ἐὰν
3354 4303 3461 4374 γὰρ
3500 4298 3562 4354 τὸ

1998 4400 2150 4467 ἅλας
2175 4397 2473 4468 μωρανθῇ.
2493 4399 2564 4453 ἐν
2590 4399 2704 4452 τίνι
2734 4399 3125 4463 ἁλισθήσεται
3147 4414 3167 4463 ;
3194 4398 3286 4449 Δεῖ
3307 4391 3399 4448 οὖν
3428 4392 3573 4464 ἔχειν

1999 4493 2059 4548 τὸ
2106 4492 2483 4545 ιξινιεκστιτωιτον⁹
2517 4492 2567 4544 εἰ
2616 4490 2674 4545 δὲ
2711 4492 2808 4562 μὴ,
2860 4490 2936 4557 ὡς
2996 4491 3231 4553 ἀνιάτως
3270 4488 3443 4559 ἔχων,
3494 4485 3572 4550 ὡς

2001 4582 2248 4654 ἔμπηρος
2273 4580 2666 4648 ἁποϐἁλλεται,
2695 4582 2951 4653 καθάπερ
2970 4581 3332 4653 ἐγνώκαμεν.

319 4672 447 4727 licet
497 4680 558 4727 ut
620 4673 723 4737 illi,
774 4675 867 4744 qui
920 4673 1148 4743 reliquis
1190 4672 1496 4727 libertatem
1544 4683 1858 4744 procurant,
1914 4674 1969 4729 in
2019 4676 2341 4730 servitutem
2380 4675 2761 4739 detrahantur,
2793 4684 2847 4729 et
2877 4672 3073 4729 deinde
3109 4674 3178 4727 ab
3245 4670 3368 4725 aliis
3429 4668 3572 4723 redi-

321 4774 560 4817 mantur.
589 4762 647 4818 Si
703 4765 848 4819 enini
900 4766 978 4820 sal
1012 4764 1318 4821 inlatuatus
1352 4764 1541 4827 fuerit,
1582 4781 1693 4836 quo
1719 4767 1948 4821 salietur
1975 4765 2019 4799 ⁸⁷
2045 4766 2069 4821 ?
2098 4765 2316 4821 Levitas
2362 4766 2532 4836 igitur
2587 4766 2662 4821 ita
2693 4766 2853 4821 decet
2909 4780 3039 4821 esse
3082 4763 3291 4818 solidos
3356 4762 3442 4856 in-
3468 4772 3569 4856 ref

322 4853 904 4926 ligionisnegotio,ut
930 4873 1211 4927 nunquam
1275 4857 1342 4911 ad
1380 4859 1634 4913 servilem
1702 4858 2024 4928 redigantur
2101 4857 2498 4913 conditionem.
2577 4856 2678 4912 Sin
2735 4858 2894 4913 aliter
2946 4857 3172 4921 fuerint,
3231 4852 3569 4911 insanabiles

320 4959 414 4997 eos
457 4959 579 5000 esse
605 4954 659 5001 et
698 4947 919 5003 mutilos
948 4956 1186 5004 constat.
1219 4947 1458 5005 Proinde
1493 4949 1659 5005 sicuti
1691 4964 1884 5005 omnes
1924 4957 2152 5013 norunt,
2178 4948 2526 5017 abjicientur.

390 5076 449 5132 Si
482 5077 652 5145 frater
674 5086 798 5133 t’uus
823 5078 894 5132 ad
930 5080 1167 5151 inopiam
1188 5081 1436 5138 redactus
1476 5084 1665 5153 fuerit,
1690 5092 1737 5138 et
1761 5083 2017 5152 impotens
2061 5080 2221 5151 fuerit
2244 5097 2430 5135 manus
2458 5081 2747 5149 ejus'apud
2783 5090 2850 5144 te,
2878 5080 3149 5135 subvenies
3177 5081 3244 5144 ei,
3286 5087 3395 5134 etc.
3421 5076 3561 5149 [35.]

320 5165 393 5219 Ex
417 5164 621 5233 quibus
648 5165 830 5221 verbis
870 5172 1087 5237 patent,
1119 5169 1278 5225 lenus
1311 5180 1364 5226 et
1406 5186 1631 5225 usuram
1665 5187 1730 5224 ex
1773 5171 2055 5241 impietate
2104 5169 2308 5225 exoriri
2354 5177 2408 5223 et
2455 5183 2673 5223 omnem
2721 5169 2922 5238 pellere
2966 5169 3393 5221 humanitatem.
3441 5163 3561 5219 Non

319 5263 502 5306 autem
536 5253 826 5321 imperavit
859 5253 1022 5317 lleus,
1061 5265 1121 5329 ut.
1150 5257 1299 5311 illam
1332 5256 1752 5312 beneﬁcentiam
1786 5257 1838 5311 in
1861 5266 2077 5315 exteras
2105 5265 2432 5314 exercerent
2470 5266 2682 5329 gentes.
2724 5255 2907 5312 Voluit
2942 5258 3090 5312 enim
3114 5267 3171 5311 ιιι
3194 5256 3366 5311 Judaei
3405 5267 3560 5310 exte-

320 5340 398 5394 ris
436 5341 695 5411 gentibus
717 5351 903 5397 essent
938 5326 1144 5407 infesti,
1171 5344 1430 5414 nulloque
1454 5346 1789 5402 commercio
1817 5345 1901 5401 his
1923 5348 2287 5403 sociarentur.
2325 5345 2465 5411 Quia
2508 5346 2704 5400 harum
2734 5348 2990 5401 convictu
3024 5346 3322 5417 plurimmn
3344 5343 3563 5400 Judaeu-

388 5496 433 5527 “
461 5496 607 5551 Psal.
653 5511 845 5561 ιινιιι,
873 5494 926 5551 8.
1028 5497 1070 5527 δ’
1111 5494 1302 5551 Matth.
1339 5512 1394 5567 ν,
1436 5500 1529 5554 15.

1828 5590 2056 5647 ΝΟΤΕ.

2062 5688 2171 5758 (³54)
2195 5686 2397 5741 Σαϐσά.
2445 5688 2501 5742 '0
2540 5686 2779 5752 Ἀλεξαν.
2815 5687 2943 5743 κώδ.

391 5678 504 5738 (3'2)
530 5679 717 5733 Ἔστιν
749 5680 1061 5732 ὑπολαϐεῖν.
1101 5681 1160 5734 '0
1194 5682 1311 5735 αύτ.

390 5750 501 5817 (55)
543 5750 819 5821 Σαῦαχθά.
866 5750 923 5804 Ὁ
953 5752 1073 5806 αὐτ.
