4050 6212
491 365 594 426 ῗ89
1467 366 2004 442 COMMENTARII
2049 365 2138 423 IN.
2157 365 2408 426 LEVIT]
2418 365 2598 426 CUM.
3640 362 3744 424 7‘30

493 488 614 528 rum
652 472 842 542 religio
867 471 1186 528 labefactari
1211 482 1266 530 et
1297 473 1416 529 laedi
1449 488 1658 544 posset.
1686 475 1844 532 Nunc
1889 491 2018 532 vero
2049 477 2369 532 humanitas
2400 486 2456 530 et
2485 476 2850 532 beneﬁcentia
2877 475 3221 532 ostendenda
3253 483 3338 530 est
3367 488 3496 544 erga
3526 487 3736 528 omnes.

493 557 628 612 Nam
665 574 858 613 omnes
882 559 948 614 ad
981 561 1236 630 salutem,
1271 576 1395 630 qua:
1427 563 1485 615 in
1513 563 1734 618 Christo
1761 563 2006 626 obvenit,
2049 570 2338 616 vocantur.
2380 561 2639 632 Maiorem
2671 563 2838 631 igitur
2867 561 3078 632 flagitat
3105 561 3296 632 gratia:
3321 571 3536 630 tempus
3565 560 3740 614 virtu-

495 657 625 698 tem.
669 644 942 714 Imprimis
979 655 1160 702 tamen
1193 648 1645 702 benefaciendqu
1678 663 1803 704 esse
1835 649 1956 700 lidei
1989 647 2309 704 domesticis
2345 657 2534 704 monet
2589 649 2898 720 Scriptura.
2933 648 3069 703 Nam
3107 649 3278 703 multo
3327 647 3626 702 absurdius
3659 654 3743 700 est

497 747 604 784 non
637 731 961 788 benefacere
996 733 1162 798 fideli,
1194 749 1358 804 quam
1400 735 1654 804 populari
1695 743 1748 788 et
1779 735 2085 788 domestico
2117 733 2171 788 in
2223 735 2360 806 legis
2386 737 2571 806 politia
2605 737 2796 791 veteri.
2831 737 2997 808 378
3047 737 3251 792 Omnes
3291 735 3437 790 enirn
3479 749 3625 788 nunc
3645 733 3744 786 do-

497 821 709 876 mestici
757 837 1048 876 censemur
1076 827 1145 878 ob
1175 825 1544 890 vocationem,
1572 841 1676 894 qua
1728 823 1792 878 ad
1829 823 1988 877 fidem
2017 823 2370 892 impellimur.
2407 821 2676 877 Craterum
2727 825 2956 877 avaritia
2993 839 3100 877 non
3129 821 3454 891 obsequitur
3485 821 3612 890 legi,
3644 835 3748 873 nec

499 915 784 961 reveretur
823 910 1080 976 gratiam.
1140 909 1487 980 Quapropter
1531 927 1640 964 non
1691 911 1969 963 immerito
2005 911 2234 963 avaritia
2271 909 2583 978 appellatur
2624 909 2959 964 idololatria.
3011 909 3294 979 Siquidem
3333 908 3510 970 illum,
3545 905 3636 976 qui
3693 907 3745 960 in
3805 925 3808 928 ·

499 986 618 1064 Ιι-εθ
659 995 826 1048 vitam
871 999 1020 1066 agit,
1053 1013 1162 1052 non
1209 1007 1422 1066 oportet
1457 998 1740 1066 aspernari
1777 1013 1934 1051 suum
1964 996 2188 1052 fratrem
2225 1013 2237 1047 :
2268 999 2418 1050 illum
2459 1013 2590 1053 vero
2626 999 2718 1068 qui
2753 999 2943 1070 gratia:
2993 1015 3050 1055 se
3095 998 3366 1070 permisit,
3397 1011 3504 1052 non
3533 1004 3752 1066 oportet

508 1079 786 1134 hominem
819 1081 1068 1150 ejusdem
1095 1095 1307 1138 natura:
1327 1093 1636 1138 consortem
1662 1083 1966 1152 despicere.

573 1169 690 1220 Non
728 1168 939 1238 facietis
977 1172 1117 1222 vobis
1151 1169 1354 1222 idolum
1381 1185 1473 1223 nec
1499 1169 1794 1238 sculptilia,
1825 1178 1932 1222 etc.
1964 1165 2182 1240 (ΧΧἫ,
2223 1166 2298 1240 1.]
2327 1167 2584 1224 Prohibet
2635 1171 2741 1225 hoc
2785 1169 2928 1234 loco,
2967 1186 3034 1225 ne
3063 1171 3190 1240 quis
3226 1177 3439 1225 statuas
3471 1166 3553 1222 vel
3583 1165 3750 1228 ldola,

505 1271 625 1324 qua:
647 1257 846 1310 divinis
883 1258 1185 1311 honoribus
1217 1257 1384 1320 colat,
1419 1256 1676 1310 fabricari
1706 1255 1984 1310 instituat.
2016 1255 2475 1310 CzeterumJudtci
2503 1257 2633 1311 hinc
2665 1259 2963 1312 occasione
2985 1265 3224 1326 sumpta,
3259 1271 3491 1326 prorsus
3515 1271 3545 1310 e
3573 1251 3752 1307 medio

506 1343 707 1396 tollunt
745 1345 1040 1411 imaginum
1064 1353 1116 1398 et
1144 1345 1416 1398 idolorum
1446 1345 1996 1414 compositionem,ct
2031 1353 2202 1398 artem
2244 1361 2352 1415 qua
2383 1355 2805 1412 construuntur,
2843 1347 3096 1402 fortassis
3133 1347 3261 1402 tnoti
3309 1347 3410 1400 hac
3455 1361 3522 1400 ex
3561 1357 3749 1404 causa,

505 1429 652 1498 quod
679 1431 928 1486 homines
957 1432 1115 1486 facile
1144 1433 1274 1485 hinc
1305 1432 1414 1484 labi
1445 1439 1670 1499 possent
1704 1429 1758 1482 in
1794 1431 2148 1498 impietatem,
2181 1433 2602 1502 inciperentque
2648 1435 2830 1489 colere
2867 1435 3071 1490 divinis
3103 1435 3408 1488 honoribus
3459 1447 3547 1486 res
3581 1429 3752 1484 inani-

507 1525 704 1570 matas.
731 1516 960 1570 Ponitur
992 1519 1214 1588 quidem
1253 1518 1547 1580 terminus,
1581 1517 1674 1586 qui
1705 1517 1847 1586 lapis
1879 1524 1984 1578 est,
2017 1517 2070 1570 in
2094 1531 2250 1586 agro,
2287 1529 2344 1570 ut
2368 1521 2573 1588 prmdia
2614 1522 2922 1590 distinguat
2953 1531 3007 1576 et
3041 1531 3310 1588 secernat,
3351 1537 3456 1574 non
3509 1529 3566 1573 ttt
3618 1517 3750 1572 ado-

505 1611 678 1660 retur.
711 1603 790 1655 Ad
848 1620 970 1657 eum
1021 1605 1238 1658 modum
1299 1604 1530 1673 legimus
1590 1605 1775 1657 leones
1803 1603 2009 1657 ellictos
2037 1620 2156 1658 esse
2201 1605 2270 1659 ab
2299 1603 2613 1670 Salomone,
2645 1623 2788 1675 quos
2819 1609 3108 1662 collocavit
3142 1609 3208 1660 ad
3254 1609 3444 1663 sellam
3495 1605 3700 1676 regiam
3737 1621 3751 1657 :

507 1689 586 1744 sic
617 1689 913 1744 Cheruhitn
941 1691 1217 1756 formavit,
1248 1691 1326 1746 sic
1359 1691 1568 1760 palmas
1603 1691 1781 1762 pinxit
1814 1691 1867 1743 in
1903 1691 2124 1760 templo,
2153 1701 2206 1747 et
2254 1694 2474 1768 interim
2501 1711 2658 1749 nemo
2689 1697 3040 1765 reprehendit
3072 1697 3164 1750 illa
3197 1711 3387 1766 opera.

579 1803 688 1856 Καὶ
749 1803 922 1857 δώσω
969 1804 1074 1857 τὸν
1113 1805 1291 1860 ὑετὸν
1337 1805 1478 1874 ὑμῖν
1529 1805 1600 1858 ἐν·
1643 1803 1826 1872 καιρῷ
1872 1803 2078 1858 αὑτοῦ.

2257 1805 2408 1860 Dabo
2433 1807 2664 1874 pluviam
2692 1807 2836 1862 vobis
2861 1809 2914 1862 in
2943 1819 3174 1876 tempore
3213 1825 3330 1874 suo,
3357 1815 3462 1862 etc.
3495 1805 3602 1878 [5.]
3633 1801 3757 1858 Harc

509 1893 904 1963 Μεταληπτέον
953 1895 1126 1948 ταῦτα
1167 1895 1572 1964 πνευματικῶς,
1621 1895 1714 1948 τοῦ
1746 1895 1882 1948 Θεοῦ
1927 1894 2083 1962 δίκην

2205 1898 2550 1966 ιρὶι·ἱιιιίι1ἰιθι·
2604 1901 2918 1969 accipienda
2956 1901 3166 1970 judico.
3233 1899 3368 1952 Nam
3401 1897 3542 1952 Deus
3584 1898 3758 1952 instar

512 1984 614 2051 γῆς
645 1983 882 2052 λιπαρᾶς
914 1985 1012 2048 τὰς
1042 1985 1150 2038 τῶν
1175 1985 1324 2054 αὑτῷ
1351 1985 1690 2053 πειθομένων
1721 1985 2083 2054 κατάρδοντος

2205 1987 2443 2042 fecundae
2469 2000 2525 2044 et
2551 1989 2753 2045 feracis
2795 2000 2953 2046 terrae
2995 2006 3220 2046 suorum
3275 1989 3492 2044 animos
3539 1987 3758 2042 cmlitus

511 2072 721 2128 ἄνωθεν
747 2073 946 2143 ψυχὰς,
981 2074 1057 2136 ὡς
1089 2075 1354 2144 ἀνελλιπῆ
1403 2076 1492 2128 τὸν
1529 2077 1626 2144 τῆς
1657 2073 1945 2136 εὐσεϐείας
1992 2074 2086 2143 φέ-

517 2179 634 2232 ρειν
665 2166 898 2234 καρπὸν,
935 2169 1030 2218 καὶ
1063 2166 1297 2229 διδόντος
1333 2165 1486 2220 θείαν
1523 2167 1770 2235 εἰρήνην.
1803 2165 1940 2235 Περὶ
1967 2161 2034 2234 ἧς
2059 2166 2088 2217 ὁ

515 2254 730 2318 Παῦλός
767 2273 969 2326 φησιν·
1013 2276 1032 2308 ι
1073 2257 1136 2308 Ἦ
1170 2258 1362 2327 εἰρήνη
1413 2256 1507 2308 τοῦ
1557 2254 1794 2325 Χριστοῦ
1853 2256 2090 2326 ὴὺπερ·

517 2349 718 2419 ἔχουσα
749 2351 926 2402 πάντα
959 2349 1082 2404 νοῦν
1113 2352 1413 2421 φρουρήσει
1435 2351 1532 2413 τὰς
1557 2350 1786 2420 καρδίας
1814 2349 1968 2418 ὑμῶν
1997 2349 2094 2400 καὶ

515 2437 582 2489 τὰ
623 2440 870 2508 νοήματα
909 2441 1084 2506 ὑμῶν,
1129 2439 1329 2501 παντὸς
1372 2438 1592 2509 ἐχθροῦ,
1627 2439 1720 2490 καὶ
1763 2437 1942 2508 πάσης
1981 2437 2095 2490 δια-

515 2527 740 2597 ϐολικῆς
771 2530 962 2596 ἐφόδου
995 2531 1058 2582 ὲκ
1091 2529 1268 2582 ποδῶν
1297 2532 1609 2599 γινομένης.
1651 2547 1670 2578 ι

586 2619 756 2672 Τοῦτο
827 2619 1020 2687 γέγονε
1079 2621 1172 2671 καὶ
1221 2621 1312 2671 ἐπὶ
1345 2619 1440 2672 τοῦ
1471 2617 1962 2688 Ναϐουχοδονόσορ,
1991 2617 2090 2688 [ὡς

531 2709 802 2782 Ἱερεμίας
831 2713 962 2780 φησὶ
995 2710 1154 2781 (55)],
1188 2712 1282 2764 καὶ
1313 2712 1404 2763 ἐπὶ
1428 2711 1526 2780 τῆς
1553 2713 1784 2780 ἐσχάτης
1812 2709 1918 2762 τῶν
1958 2709 2091 2762 Ῥω-

515 2802 696 2872 μαίων
729 2801 1066 2870 πολιορκίας,
1097 2799 1192 2872 [ὥς
1233 2817 1398 2870 φησιν
1427 2799 1734 2872 Ἱώσηπος.]
1770 2800 1904 2870 (56).

2189 2079 2332 2148 rigat
2357 2091 2410 2134 et
2436 2080 2738 2145 humectat,
2761 2090 2820 2136 ut
2851 2095 3116 2150 perennes
3144 2080 3362 2150 pietatis
3389 2080 3413 2134 f
3417 2086 3602 2134 ructus
3631 2093 3758 2148 pro‘

2191 2167 2390 2222 ferant.
2447 2167 2706 2240 Largitur
2761 2184 2982 2238 quoque
3025 2169 3140 2224 suis
3193 2181 3408 2236 pacem,
3457 2165 3526 2220 de
3560 2163 3756 2234 quain

2193 2259 2340 2313 hunc
2369 2259 2590 2314 modum
2621 2261 2848 2314 disserit
2885 2259 3088 2314 Paulus
3117 2275 3130 2311 :
3159 2277 3178 2310 ι
3237 2257 3345 2311 Pax
3379 2257 3610 2316 Christi,
3637 2269 3760 2324 quae

2193 2359 2488 2418 exsuperat
2507 2363 2726 2404 omnem
2755 2349 3116 2412 intellectum,
3165 2347 3438 2403 custodiet
3468 2344 3634 2398 corda
3667 2357 3758 2398 ve-

2193 2449 2332 2504 stra,
2392 2451 2444 2495 et
2497 2455 2694 2496 sensus
2753 2451 2988 2502 vestros,
3021 2449 3080 2495 ut
3120 2455 3222 2494 nec
3251 2437 3504 2492 diabolus
3527 2435 3610 2490 vel
3667 2433 3758 2486 illa

2193 2529 2398 2584 diaboli
2424 2530 2620 2584 techna
2655 2531 2812 2586 vobis
2843 2530 3286 2600 appropinquare
3307 2529 3453 2582 ausit
3483 2527 3550 2580 δ’.
3591 2543 3612 2576 ι

2263 2619 2418 2685 Quod
2459 2637 2589 2676 vero
2639 2623 2879 2676 minatur
2915 2623 3050 2684 fore,
3085 2629 3146 2676 ut
3183 2635 3338 2674 suam
3373 2629 3593 2671 carnem
3623 2613 3760 2669 filia-

2196 2727 2430 2782 rumque
2463 2729 2684 2768 carnem
2715 2715 2844 2778 sint,
2862 2715 2913 2768 id
2944 2713 3144 2768 accidit
3169 2721 3414 2780 tempore
3441 2709 3590 2771 belli,
3615 2707 3760 2778 quod
3795 2731 3802 2740 -

2195 2800 2400 2860 «Ιιιὼιεὶδ
2467 2805 2652 2860 intulit
2713 2803 3259 2868 Nabuchodonosor,
3299 2811 3359 2856 ut
3400 2801 3562 2856 docet
3609 2798 3764 2854 «lere-

517 2893 657 2948 mias
683 2893 754 2947 ⁸⁸.
813 2893 958 2947 Idem
1006 2895 1206 2948 accidit
1263 2895 1318 2948 in
1346 2905 1595 2949 extremo
1637 2895 1792 2950 urbis
1847 2893 2086 2956 excidio,
2129 2908 2252 2950 cum
2291 2899 2524 2952 Romani
2582 2901 2770 2954 urbem
2797 2908 2850 2954 et
2884 2909 3098 2970 gentem
3144 2897 3488 2958 deleverunt,
3549 2899 3610 2948 ut
3675 2901 3760 2948 te-

517 2995 696 3042 statur
725 2986 1022 3057 Josephus.

515 3123 520 3126 .
587 3079 696 3133 Kal
723 3079 890 3146 θήσω
921 3078 990 3132 τὰ
1021 3078 1184 3134 κῶλα
1219 3079 1384 3148 ὑμῶν
1411 3079 1510 3132 ἐπὶ
1533 3079 1606 3132 τὰ
1637 3077 1800 3132 κῶλα
1842 3076 1960 3130 τῶν
2015 3079 2095 3130 ει-

517 3169 722 3222 δώλων
753 3169 940 3238 ὑμῶν.
976 3171 1145 3224 Τοῦτο
1167 3171 1423 3241 ἐποίησεν
1465 3169 1710 3234 Ἐζεκίας
1741 3169 1876 3238 (57),
1926 3167 2001 3230 ὡς
2060 3169 2092 3235 ὴ

2277 3079 2340 3134 Et
2358 3096 2550 3148 ponam
2579 3079 2810 3134 membra
2846 3088 3020 3134 vestra
3044 3095 3200 3148 super
3232 3077 3464 3132 membra
3495 3075 3760 3128 idolorum

2202 3185 2515 3228 vestrorum.
2575 3181 2684 3226 etc.
2737 3170 2876 3243 [50.]
2927 3170 3042 3226 lloc
3084 3169 3348 3224 factitavit
3383 3167 3670 3230 Ezechias,
3705 3175 3764 3222 ut

517 3263 752 3332 τετάρτη
809 3263 920 3332 (58)
983 3263 1088 3317 τῶν
1135 3264 1432 3316 Βασιλειῶν
1477 3263 1648 3330 δηλοῖ.
1705 3262 1764 3312 't‘l
1819 3261 1876 3314 δὲ
1937 3261 2100 3328 Ἱερε-

2205 3269 2348 3328 patet
2373 3275 2438 3314 ex
2473 3258 2540 3314 ιν
2571 3261 2709 3314 libro
2761 3261 2895 3330 Reg.
2925 3268 2980 3314 et
3019 3275 3087 3314 ex
3127 3259 3374 3316 secundo
3407 3257 3648 3328 Paralip.
3675 3258 3766 3312 lti-

522 3352 652 3420 μῑας
689 3352 826 3422 (59),
863 3355 960 3406 xui.
999 3355 1094 3406 ἐπὶ
1117 3355 1212 3407 τοῦ
1259 3354 1731 3424 Ναϐουχοδονόσορ
1772 3352 1878 3422 ἔφη
1935 3351 2094 3403 τοῦτο

519 3444 848 3512 γεγενῆσθαι
901 3447 958 3498 ἐν
977 3445 1088 3516 «τῷ
1135 3445 1456 3515 καλουμένῳ
1487 3443 1670 3512 Ταφὲθ
1692 3481 1706 3508 ,
1761 3443 1818 3494 ὲν
1849 3443 2093 3512 φάραγγι

519 3533 639 3586 υἱοῦ
678 3533 882 3603 Ἐνώμ.

2199 3353 2320 3406 dem
2361 3350 2626 3406 Jereutias
2651 3361 2883 3406 testatur
2915 3351 3188 3406 accidisse
3211 3351 3266 3406 in
3307 3352 3448 3416 loco,
3475 3350 3572 3420 qui
3603 3363 3768 3404 voca-

2199 3451 2290 3498 tur
2312 3442 2522 3514 Tophet
2548 3444 2600 3496 in
2637 3445 2774 3498 valle
2799 3443 2890 3498 filii
2926 3443 3134 3498 Eunoni
3165 3444 3233 3497 '°.

596 3645 743 3702 Tunc
774 3649 980 3716 fruetur
1009 3657 1149 3702 terra
1167 3647 1416 3702 Sabbatis
1435 3647 1570 3710 suis,
1591 3652 1696 3699 etc.
1733 3643 1876 3716 [5L]
1911 3641 2338 3714 Quadringentis
2373 3645 2520 3698 enim
2555 3643 2664 3698 illis
2691 3651 2746 3698 et
2780 3644 3078 3714 nonaginta
3111 3644 3291 3706 annis.
3327 3643 3529 3712 quibus
3555 3655 3768 3697 summa

525 3743 770 3803 potestas
798 3750 965 3803 penes
995 3749 1154 3802 reges
1188 3732 1294 3787 fuit
1324 3733 1380 3786 in
1411 3733 1506 3786 illo
1541 3732 1764 3800 populo,
1797 3731 2144 3800 septuaginta
2169 3733 2299 3784 anni
2351 3730 2704 3800 computandi
2750 3737 2908 3784 erant
2943 3745 3042 3798 pro
3075 3729 3354 3793 Sabbatis,
3381 3729 3500 3798 qui,
3537 3739 3596 3782 ut
3625 3739 3770 3782 terra

527 3822 648 3874 suis
683 3821 958 3874 frueretur
993 3821 1272 3884 Sabbatis,
1307 3819 1486 3873 exacti
1521 3827 1650 3872 sunt
1689 3819 1744 3870 in
1783 3817 2104 3886 captivitate
2140 3815 2492 3887 Babylonica.
2525 3815 2748 3870 Priscus
2792 3814 3104 3870 Judaeorum
3133 3817 3368 3886 populus
3406 3815 3772 3884 promissione

529 3905 808 3962 felicitatis
835 3914 888 3959 et
919 3915 1130 3961 terrore
1157 3920 1444 3974 pugnarunt
1479 3903 1844 3958 inducebatur
1873 3903 1938 3957 ad
1971 3903 2252 3958 virtutem.
2301 3905 2498 3958 Verum
2549 3904 2918 3974 periculosum
2957 3913 3075 3956 erat
3127 3911 3185 3956 ut
3241 3905 3308 3965 is,
3363 3903 3456 3972 qui
3497 3917 3605 3956 non
3655 3911 3772 3956 toto

529 4004 750 4064 pectore
777 3993 998 4047 sitiebat
1027 3999 1080 4046 et
1116 3992 1462 4046 desiderabat
1490 3991 1752 4044 virtutem
1787 3991 2008 4058 duplice
2038 3989 2128 4042 illa
2162 3989 2248 4042 via
2281 3987 2346 4042 ad
2369 3989 2623 4042 virtutem
2659 3989 3026 4056 polliceretur.
3061 3985 3192 4042 Nam
3215 3989 3260 4042 si
3287 3987 3413 4056 quis
3449 3995 3567 4042 erat
3597 3989 3772 4056 pusil~

529 4081 770 4142 lanitnis,
801 4095 977 4148 neque
1009 4079 1298 4149 promissis
1329 4093 1506 4147 neque
1563 4079 1724 4132 minis
1771 4077 1930 4131 facile
1959 4077 2024 4130 ad
2057 4076 2314 4129 virtutem
2342 4075 2737 4140 deducebatur,
2765 4075 3064 4144 desperans
3099 4091 3158 4130 se
3194 4089 3354 4144 posse
3381 4088 3500 4128 eatn
3527 4075 3770 4141 assequi.

529 4169 631 4236 Qui
663 4185 794 4224 vero
823 4169 1086 4238 cupidine
1115 4167 1336 4221 virtutis
1373 4165 1748 4235 adipiscenda:
1803 4165 2018 4234 ﬂagrat,
2079 4177 2204 4216 eum
2239 4161 2380 4214 nihil
2435 4163 2506 4216 ab
2543 4160 2640 4216 illo
2682 4160 2881 4216 ardore
2911 4161 3162 4228 repellet.
3191 4157 3386 4214 Omnis
3417 4165 3604 4212 autem
3647 4173 3772 4228 ipes

529 4265 999 4327 opesqnenostrre
1037 4257 1090 4310 in
1123 4253 1232 4309 Deo
1261 4255 1380 4310 sitae
1415 4263 1568 4317 sunt,
1611 4267 1710 4308 nec
1741 4263 2203 4314 momentaneatu,
2241 4263 2364 4320 qua
2415 4251 2470 4303 in
2519 4250 2722 4306 steetdo
2762 4250 3016 4318 obtingit,
3049 4249 3376 4304 all'ectamus
3427 4248 3770 4314 felicitatem,

532 4345 628 4400 sed
649 4355 854 4400 aeterna
887 4355 1179 4412 Speramus
1209 4343 1375 4403 bona,
1435 4342 1660 4410 haecque
1713 4357 1836 4410 spes
1875 4351 1975 4392 nos
2007 4338 2324 4406 neutiquam
2372 4337 2546 4394 fallet.
2581 4337 2692 4392 Nec
2727 4339 3074 4407 exquirimus
3115 4337 3207 4392 illa
3239 4337 3382 4391 bona
3413 4337 3638 4407 quando
3661 4337 3772 4405 jam

533 4431 824 4492 morimur,
853 4430 948 4482 sed
987 4429 1043 4481 in
1079 4427 1377 4482 universali
1413 4427 1824 4481 reSurrectione
1861 4425 2136 4492 potiemur
2165 4425 2276 4478 illis
2307 4425 2490 4480 bonis.

607 4518 672 4572 Et
689 4519 788 4572 erit
811 4519 1096 4572 (estimatio
1127 4517 1352 4570 inescati
1383 4531 1416 4570 α
1441 4516 1631 4585 viginti
1664 4516 1820 4568 antris
1869 4529 2032 4582 usque
2075 4511 2144 4566 ad
2185 4513 2490 4583 sexaginta.
2521 4523 2634 4566 etc.
2679 4509 2914 4582 [XXVIL
2959 4511 3040 4586 3.]
3083 4511 3217 4566 Nam
3261 4527 3442 4568 annus
3483 4513 3778 4568 vicesimus

537 4611 750 4664 initium
778 4614 862 4661 est
893 4608 1072 4660 aetatis
1097 4607 1162 4659 ad
1197 4621 1286 4660 res
1311 4605 1582 4673 gerendas
1617 4605 1841 4664 habilis.
1873 4611 1928 4656 et
1975 4602 2356 4672 sexagesimus
2395 4601 2540 4654 linis.
2571 4600 2818 4669 Corpora
2859 4607 2976 4654 tum
3009 4601 3214 4670 vigent,
3243 4601 3646 4670 prudentiaque
3691 4603 3768 4656 in-

537 4697 783 4750 nascitur
804 4695 1072 4749 senilibus
1104 4694 1284 4746 anuis.
1325 4691 1384 4746 Si
1417 4695 1546 4760 quis
1578 4707 1708 4745 vero
1745 4691 2059 4746 consideret
2093 4689 2326 4755 spiritus
2357 4689 2440 4758 (ut
2471 4687 2636 4742 habet
2655 4687 2934 4756 adagium)
2972 4689 3214 4743 inveniet
3249 4690 3572 4746 muliebrem
3617 4699 3780 4744 natu-

539 4799 652 4836 ram
689 4784 870 4835 minus
898 4795 1060 4849 quam
1097 4781 1308 4834 virilem
1345 4780 1608 4848 ponderis
1645 4779 1848 4832 habere
1879 4784 2134 4847 respectu
2167 4775 2332 4830 etiam
2369 4777 2560 4845 primae
2617 4775 2948 4840 creationis,
2981 4777 3036 4829 id
3073 4782 3156 4830 est
3187 4776 3338 4831 illius
3360 4777 3642 4846 temporis,
3671 4793 3781 4848 quo

1802 4909 1847 4941 "°
1882 4907 2014 4962 ibid.
2047 4909 2136 4962 3‘2.

2065 5000 2197 5054 ΝΟΤ
2209 4997 2292 5052 Ᾰὲ.

2223 5107 2644 5190 fﬂﬁfsrptbp:
2697 5105 2790 5190 τοῦ
2837 5105 3062 5190 latex.)
3107 5109 3259 5190 rdiis“
3279 5110 3451 5190 φηοίς
3519 5109 3677 5190 [fieri
3727 5111 3782 5164 δὲ

2222 5177 2470 5242 Ἐζεκίαν
2501 5177 2528 5231 ὁ
2562 5179 2674 5250 υἱὸς
2703 5177 2862 5250 adfati
2895 5179 3187 5250 Μανασσῆς
3233 5177 3506 5250 βασιλεύει
3533 5179 3626 5250 ἔτη
3661 5197 3786 5250 πεν-

2225 5251 2460 5318 τήκοντα
2507 5248 2688 5318 πέντεἶ
2727 5247 2956 5318 Ἔπειτα
3002 5249 3030 5300 ὁ
3057 5247 3246 5300 τούτου
3307 5247 3418 5312 υἱὸς
3463 5247 3644 5318 Ἀμὼζ
3693 5249 3786 5316 ἐτη

612 4913 658 4946 ⁸³
689 4909 922 4980 Philipp.
963 4925 1046 4975 tv,‘
1071 4911 1121 4962 7.
1200 4909 1244 4940 ⁸³⁵
1274 4907 1476 4965 Jcreut.
1509 4927 1604 4972 vtt,
1633 4909 1724 4962 Eii.

613 5118 728 5188 (55)
755 5117 856 5188 κἘν
881 5131 1006 5184 κεφ.
1043 5131 1158 5180 xtx,
1199 5115 1350 5188 ὲᾷζθτ
1386 5187 1390 5188 7
1572 5187 1599 5188 77
1644 5185 1663 5188 ᾗ
1897 5151 1904 5154 .

615 5185 725 5254 (56)
753 5187 844 5240 Ἐν
869 5201 994 5251 κεφ.
1027 5201 1136 5250 xvt,
1163 5185 1254 5238 τοῦ
1281 5186 1310 5236 7
1335 5186 1518 5254 λόγου.
1562 5185 1668 5240 Τοῦ
1723 5189 1850 5258 περὶ
1893 5185 2116 5238 Ἰουδαῖ-

541 5257 642 5328 κῆς
671 5255 835 5328 ditiis.
906 5325 914 5328 _
993 5323 1085 5328 ψῃ
1163 5324 1174 5328 7
1346 5325 1354 5328 _
1524 5326 1556 5328 77
1758 5325 1766 5328 _
1871 5327 1877 5328 7

615 5328 726 5396 (57)
770 5326 828 5379 Ὁ
863 5325 958 5396 μὲν
993 5323 1264 5396 Ἐζεκξας,
1300 5325 1417 5396 τὰςί
1443 5326 1660 5396 στῆλαί
1685 5325 1778 5378 καὶ
1829 5327 1894 5379 τὰ
1933 5343 2118 5394 χειρο-

543 5393 742 5466 ποίητα
759 5395 1076 5466 κατέλυσεντ
1117 5393 1284 5466 (Ῐυρα
1307 5396 1368 5466 τὸ
1394 5395 1426 5447 4
1461 5393 1540 5466 s76.
1571 5393 1664 5448 τοῦ
1694 5411 1822 5448 xvttt
2017 5393 2120 5466 τῆς

545 5467 612 5522 ιν
659 5463 768 5517 τῶν
799 5467 947 5517 Βασ.
992 5465 1083 5515 καὶ
1111 5463 1171 5516 τὸ
1203 5466 1264 5517 Μ
1297 5465 1370 5518 ὲδ.
1400 5465 1494 5516 τοῦ
1529 5481 1632 5518 xxx
1665 5481 1790 5530 κεφ.
1813 5465 1912 5533 τῆς
1943 5465 1980 5516 ll
2005 5463 2116 5516 τῶν

546 5535 874 5604 Παραλειπ.)
1063 5533 1270 5604 ἰιυσξας
1295 5535 1388 5588 καὶ
1417 5535 1483 5586 τὰ
1510 5533 1660 5587 κῶλα
1689 5533 1796 5586 τῶν
1815 5534 2115 5604 ἀνθρώπων

547 5601 728 5658 ἔτεϊ-τὰ
751 5604 899 5656 κῶλα
927 5602 1032 5654 τῶν
1086 5601 1319 5654 εἰδώλων
1347 5603 1512 5672 ἔθηκε
1547 5605 1668 5672 (ὅρα.
1717 5604 1778 5655 τὸ
1819 5603 1854 5656 2
1899 5601 1972 5655 {6.
2019 5603 2112 5656 τοῦ

547 5691 642 5728 Xttt
681 5691 802 5739 κεφ.
842 5675 939 5737 τῆς
994 5673 1180 5740 τρίτης
1207 5674 1314 5740 τῶν
1345 5674 1473 5724 Bac.
1505 5675 1598 5725 καὶ
1627 5673 1685 5723 τὸ
1711 5673 1774 5726 Η
1825 5672 1918 5724 τοῦ
1953 5689 2108 5735 xxttt,

547 5745 638 5812 τῆ,
673 5743 974 5812 τετάρτης).
1005 5739 1147 5810 ΙΙ;ρὶ⁷
1181 5739 1240 5794 οὒ
1287 5743 1514 5812 Κλήμης
1563 5745 1588 5794 ὁ
1617 5741 1996 5811 Ἀλεξανδρεὺς
2033 5745 2110 5813 (ὲν

2226 5316 2361 5372 δῦω·
2397 5319 2512 5390 μεθ’
2545 5319 2602 5370 ὃν
2657 5316 2865 5390 Ἰῳσςας
3013 5317 3123 5390 υἱὸς
3156 5317 3320 5371 αὑτοῦ
3366 5322 3394 5371 ὁ
3421 5316 3788 5390 νομίκὼτατος

2227 5391 2318 5457 ἐτη
2353 5381 2643 5456 τριάκοντα
2667 5387 2756 5440 καὶ
2785 5387 2864 5439 ἓν.
2887 5381 3056 5449 Οὗτος
3087 5389 3324 5456 ἐπέθηκε
3373 5392 3440 5441 τὰ
3471 5381 3620 5442 δὶιῦλα
3677 5389 3789 5457 τῶν

2214 5456 2520 5527 ἀνθρώπων
2565 5458 2657 5509 ἐπὶ
2703 5459 2770 5508 τὰ
2809 5457 2956 5508 κᾶλα.
2983 5457 3090 5508 τῶν
3131 5459 3384 5524 εἰδώλων,
3426 5457 3604 5522 καθὼς
3635 5461 3692 5510 ὲν
3715 5456 3792 5526 τῷ

2213 5527 2481 5597 Λευῖτικῷ
2515 5527 2840 5597 γέγραπται.
2953 5596 2956 5597 7
3401 5596 3406 5597 7
3572 5545 3586 5560 -

2287 5599 2402 5664 (58)
2445 5596 2530 5660 Ὡς
2559 5596 2628 5651 ἐν
2645 5600 2712 5668 τῇ
2741 5597 2781 5650 δ’
2809 5599 2916 5650 τῶν
2949 5596 3080 5668 Bas.
3133 5599 3249 5668 κάν
3281 5601 3345 5668 τῇ
3391 5596 3620 5668 δευτέρᾳ
3683 5597 3792 5649 τῶν

2217 5668 2732 5738 Παραλειπομὲνων.
2773 5668 2829 5721 ’0
2855 5668 2952 5738 τῆς
2983 5667 3120 5734 Λὺγ.
3155 5667 3280 5721 mod.

2287 5737 2396 5808 (39)
2437 5739 2524 5790 Ἑν
2557 5737 2714 5808 τῴὃξ
2739 5737 2816 5792 ὲδ.
2851 5737 2942 5790 τοῦ
2967 5753 3036 5790 vtt
3075 5753 3194 5802 κεφ.
