4050 6212
345 332 447 400 791
1671 344 2022 408 PROCOPII
2056 348 2297 410 GAZ/EI
3477 349 3583 415 792

347 454 586 521 primum
610 457 780 510 creati
814 465 963 512 sunt.
992 455 1089 511 Vir
1115 457 1387 529 siquidem
1425 459 1607 531 imago
1634 469 1689 515 et
1715 461 1889 531 gloria
1916 460 2011 516 Dei
2051 473 2157 528 est,
2185 474 2240 519 at
2285 466 2479 521 mulier
2514 472 2600 521 est
2633 464 2808 535 gloria
2836 465 2939 521 viri
2968 482 3034 520 es
3070 466 3194 537 ipso
3226 478 3445 537 sumpta
3476 485 3577 526 nec

346 550 475 595 ante
501 540 681 611 ipsum
709 541 941 599 formata
975 547 1276 602 secundum
1310 549 1652 619 spiraculum
1678 558 1929 605 Sanctum
1961 550 2105 612 vitae,
2153 555 2299 620 quod
2348 553 2637 622 inspiravit
2680 552 2822 615 viro,
2860 567 3034 622 eoque
3069 554 3247 622 ipsum
3283 556 3570 610 animavit.

346 634 405 688 In
434 635 596 690 modo
625 638 905 693 nominata
922 647 1081 696 aetate
1111 641 1158 696 si
1183 639 1391 697 fuerint
1425 641 1510 695 vir
1535 651 1590 698 et
1620 644 1841 708 mulier,
1877 644 2170 700 aestimatio
2201 647 2299 700 viri
2318 647 2535 701 excedit
2568 647 2982 701 aestimationem
3017 648 3264 702 mulieris
3298 646 3370 701 20
3401 649 3574 704 siclis.

349 723 454 778 Pro
479 724 596 779 viro
625 727 770 779 enim
813 725 904 794 50,
928 736 983 783 et
1010 744 1112 799 pro
1146 732 1379 786 muliere
1404 730 1473 786 ὅθ
1499 740 1918 802 computantur.
1948 732 2125 787 Etiam
2153 734 2204 786 in
2248 733 2478 801 reliquis
2513 733 2691 788 aetatis
2723 733 3139 789 conditionibus
3171 734 3407 804 explicat
3432 738 3574 788 aesti-

348 811 606 865 mationis
622 811 1194 869 diversitatem.£tas
1215 832 1337 887 qua:
1363 832 1390 870 a
1427 819 1618 887 quinto
1639 833 1785 875 anno
1818 819 2087 889 incipiens
2116 836 2176 877 se
2208 820 2450 875 extendit
2474 836 2646 889 usque
2668 820 2733 874 ad
2756 821 3071 875 vicesimum
3092 837 3295 875 annum
3344 821 3573 875 multum

347 900 551 952 recedit
581 900 651 953 ab
680 900 1044 956 aestimatione
1072 903 1244 959 virilis
1271 903 1437 974 379
1463 907 1660 959 aetatis.
1700 904 1839 971 Quia
1886 906 1939 961 iu
1971 924 2032 962 ea
2068 915 2225 961 aetate
2265 908 2436 977 major
2473 914 2555 961 est
2580 896 2821 962 amentia
2863 918 2917 963 et
2954 909 3123 962 libido
3161 907 3422 977 cupidine
3459 917 3572 962 tum

344 987 669 1045 innascente
694 1001 747 1046 et
781 1003 1067 1063 grassante
1100 996 1152 1049 in
1172 997 1520 1066 corporibus.
1548 995 1726 1062 Etas,
1759 1012 1882 1067 quae.
1912 993 2041 1049 huic
2069 989 2340 1056 succedit,
2367 990 2592 1059 majoris
2608 992 2916 1045 aestimatur
2942 1002 3165 1061 propter
3198 992 3570 1044 maturitatem

342 1077 672 1143 graviorem.
707 1078 861 1134 Tunc
889 1082 1034 1135 enim
1072 1082 1461 1137 defervescunt
1508 1084 1764 1138 violenta:
1797 1081 2117 1152 cupidines:
2148 1094 2249 1134 nec
2287 1093 2482 1148 magna
2537 1087 2621 1134 est
2663 1078 2974 1137 dim-rentia
3009 1081 3153 1133 inter
3198 1093 3315 1133 eam
3351 1088 3405 1133 et
3446 1079 3573 1133 viri-

344 1160 447 1215 lem
474 1171 712 1217 :etatem.
748 1164 927 1220 Prima
957 1182 1175 1236 quoque
1193 1176 1328 1223 aetas
1352 1176 1573 1239 propter
1599 1169 2005 1239 simplicitatem
2055 1177 2110 1222 et
2172 1167 2547 1221 sinceritatem
2584 1180 2739 1220 suam
2775 1166 3070 1235 plurimum
3103 1168 3365 1220 momenti
3408 1165 3570 1220 habet

340 1247 485 1314 apud
521 1246 799 1305 Christum
830 1252 1100 1308 dicentem
1127 1274 1141 1310 :
1167 1274 1185 1307 ι
1219 1254 1434 1310 Talium
1465 1263 1551 1311 est
1583 1270 1811 1326 regnum
1839 1256 2100 1311 cmlorum
2132 1254 2198 1306 ⁸⁸.
2239 1252 2375 1318 »ρυί
2400 1266 2532 1305 vero
2554 1266 2661 1305 non
2698 1253 2975 1321 attingunt
3007 1262 3229 1322 propter
3256 1253 3567 1322 pauperiem

338 1346 459 1387 eam
486 1336 930 1402 aestimationem,
981 1355 1081 1395 nec
1132 1356 1253 1396 eam
1306 1342 1624 1412 persolvere
1686 1352 1946 1413 possunt,
2000 1356 2030 1395 a
2083 1356 2211 1394 vero
2253 1341 2508 1411 pontiﬁce
2536 1344 2882 1394 aestimantur
2907 1355 3005 1410 pro
3028 1355 3126 1394 sua
3162 1340 3441 1404 facultate,
3472 1339 3569 1409 qui

337 1421 471 1475 dicit
505 1440 519 1477 :
551 1441 570 1475 ι
609 1423 727 1479 Non
756 1442 947 1482 omnes
970 1443 1200 1496 capaces
1232 1440 1362 1485 sunt
1386 1429 1551 1500 hujus
1585 1429 1739 1495 dicti,
1769 1430 1865 1485 sed
1902 1430 2108 1501 quibus
2166 1427 2372 1482 dictum
2419 1438 2503 1482 est
2535 1428 2602 1481 δ’.
2629 1446 2646 1479 ι
2684 1426 2822 1481 Huic
2862 1427 3019 1482 aliine
3048 1438 3169 1483 est:
3199 1446 3217 1479 ι
3252 1427 3352 1493 Qui
3396 1433 3570 1496 potest

335 1521 534 1577 capere
559 1513 742 1579 capiat
770 1515 837 1568 ".
886 1535 905 1568 ι
930 1514 1180 1587 Sejungit
1212 1519 1335 1574 illos
1378 1527 1603 1589 propter
1625 1518 1899 1579 defectus,
1930 1532 2070 1588 quos
2103 1515 2343 1570 admittit
2388 1514 2444 1569 in
2474 1514 2552 1578 id,
2582 1514 2729 1584 quod
2757 1524 3007 1584 possunt,
3032 1526 3084 1569 et
3126 1514 3268 1584 quod
3323 1516 3566 1582 capiunt.

335 1595 670 1653 Animalium
700 1609 882 1657 autem
922 1614 1369 1661 consecratorum
1404 1607 1531 1671 Deo,
1567 1622 1688 1676 quae
1712 1605 1912 1659 munda
1944 1604 2305 1667 fuerint,inon
2340 1614 2569 1672 possunt
2600 1604 2902 1673 permutari
2935 1620 3116 1672 neque
3145 1602 3367 1657 meliore
3396 1617 3570 1670 neque
3622 1598 3635 1613 '

334 1682 629 1743 deteriore.
656 1688 780 1743 Non
808 1693 953 1746 enim
983 1694 1125 1763 perit
1146 1694 1221 1759 id,
1246 1695 1393 1764 quod
1441 1694 1611 1750 fuerit
1649 1693 1763 1749 Dei.
1799 1692 2079 1763 Siquidem
2114 1692 2279 1747 etiam
2326 1692 2679 1761 parvulorum
2720 1691 2895 1761 angeli
2926 1691 3111 1744 vident
3145 1692 3353 1742 vultum
3391 1688 3569 1742 Patris

333 1773 427 1842 qui
461 1782 545 1829 est
578 1775 633 1827 in
664 1777 841 1833 caelis.
870 1777 1072 1834 Verum
1095 1781 1479 1851 unusquisque
1512 1780 1567 1835 in
1600 1795 1702 1836 suo
1744 1782 1941 1835 ordine
1967 1782 2021 1834 in
2075 1794 2245 1846 regno
2290 1778 2502 1833 caelesti
2540 1778 2748 1846 potitur
2773 1778 3010 1846 gaudiis.
3042 1775 3309 1831 Praeterea
3346 1775 3522 1844 inquit
3552 1794 3567 1830 :

340 1875 361 1909 ι
397 1858 497 1924 Qui
521 1863 671 1916 venit
701 1864 769 1917 ad
799 1880 905 1928 me,
936 1882 1059 1921 eum
1094 1883 1441 1938 nequaquam
1472 1868 1688 1937 ejiciam
1723 1868 1790 1929 “_.
1842 1887 1860 1920 ι
1890 1868 1907 1937 ⁹Ι

2003 1867 2267 1920 niliaritas
2295 1867 2442 1919 enim
2485 1864 2601 1932 illa,
2630 1881 2736 1935 qna
2765 1858 3143 1920 concessimus
3168 1866 3222 1918 in
3245 1871 3568 1934 potestatem

334 1943 454 2008 Dei,
477 1964 582 2004 nou
621 1952 799 2007 solum
834 1966 1015 2009 servat
1073 1956 1281 2026 primos
1308 1964 1363 2012 et
1401 1956 1697 2018 secundos,
1736 1958 1904 2011 etiam
1954 1955 2186 2010 salutem
2219 1955 2410 2008 tribuit
2443 1955 2645 2015 tertiis,
2688 1954 2850 2006 modo
2887 1967 2953 2007 ne
2987 1954 3098 2006 sint
3142 1953 3193 2005 in
3232 1965 3460 2005 numero
3484 1963 3572 2003 rc-

333 2036 655 2103 proborum,
687 2041 777 2109 qui
807 2043 1178 2112 expelluntur.
1209 2043 1344 2098 Nam
1370 2046 1552 2100 multae
1570 2045 1886 2100 mansiones
1902 2051 2034 2099 sunt
2058 2044 2200 2113 apud
2230 2042 2468 2098 Patrem.
2491 2041 2807 2096 Estimatio
2837 2026 3018 2094 autem
3050 2040 3213 2094 datur
3238 2054 3338 2108 pro
3366 2040 3572 2091 anima.

333 2121 478 2176 libus
503 2123 823 2181 immundis.
848 2127 1125 2184 immunda
1162 2131 1417 2186 animalia
1450 2132 1696 2201 intellige
1732 2132 1853 2186 illos
1870 2131 1988 2202 qui,
2027 2146 2135 2186 non
2165 2145 2261 2200 per
2299 2145 2379 2195 se,
2405 2130 2498 2183 sed
2531 2144 2626 2198 per
2651 2129 2790 2183 alios
2820 2114 3233 2196 conjttng‘uutu‘r
3260 2125 3391 2180 Deo.
3428 2126 3569 2181 istos

332 2207 612 2264 adducunt
643 2228 740 2282 per
770 2216 1093 2271 eharitatem
1119 2219 1423 2272 secundum
1446 2221 1863 2274 aestimationem
1897 2220 2055 2288 pretii
2107 2218 2347 2272 illorum.
2377 2215 2442 2270 lii
2483 2224 2615 2271 sunt
2654 2215 2753 2280 illi,
2790 2230 2931 2284 quos
2965 2228 3221 2281 paramus
3266 2212 3474 2266 amicos
3502 2228 3568 2265 ex

333 2310 645 2353 mammona
682 2302 889 2372 iniquo,
916 2311 975 2359 ut
1012 2306 1320 2376 suscipiant
1344 2322 1441 2361 nos
1482 2308 1535 2362 in
1566 2318 1768 2363 :eterna
1797 2309 2041 2377 ipsorum
2067 2305 2445 2360 tabernacula.
2495 2299 2742 2358 Eslilieii
2785 2300 3080 2356 aestimatio
3111 2301 3309 2354 iterum
3344 2299 3570 2367 permit.

332 2382 471 2438 titur
497 2387 735 2441 arbitrio
775 2389 1101 2448 sacerdotis.
1141 2392 1196 2446 In
1223 2393 1640 2449 testimationem
1662 2394 1778 2464 agri
1812 2395 2040 2449 veniunt
2066 2392 2229 2446 etiam
2255 2390 2471 2443 fructus
2504 2387 2878 2457 cumputandi.
2909 2386 3048 2441 Hinc
3069 2385 3349 2453 colligitur
3370 2392 3572 2454 praeter

334 2468 596 2535 fructum,
650 2490 810 2545 quem
867 2480 992 2548 quis
1045 2479 1252 2550 profert
1315 2481 1416 2546 illi,
1467 2482 1560 2552 qui
1596 2498 1696 2551 pro
1735 2483 1857 2552 ipso
1895 2480 2112 2535 accedit
2164 2478 2230 2531 ad
2272 2476 2466 2539 Deum,
2505 2479 2670 2528 etiam
2721 2474 3011 2527 aéstimatio
3052 2474 3101 2527 ei
3126 2488 3221 2541 per
3251 2473 3415 2526 iStum
3437 2471 3566 2525 erit.

331 2556 516 2628 lnquit
546 2561 691 2616 enim
726 2561 929 2622 Paulus
962 2582 975 2620 :
1008 2586 1027 2619 ι
1069 2566 1187 2624 Non
1246 2568 1396 2639 quod
1439 2570 1715 2640 requiram
1766 2574 2014 2635 munus,‘
2056 2567 2150 2622 sed
2200 2566 2423 2635 requiro
2480 2563 2719 2618 fructum
2754 2562 3150 2617 exuberantem
3197 2560 3255 2614 in
3294 2559 3567 2614 rationem

330 2656 573 2705 vestram
606 2651 673 2705 ⁸³.
712 2671 733 2704 ι

403 2766 463 2821 Si
494 2768 620 2839 quis
658 2768 766 2828 Deo
800 2772 1133 2830 dedicaverit
1164 2790 1276 2830 non
1303 2776 1725 2832 aestimationem
1749 2817 1763 2840 ,
1798 2776 1893 2831 sed

2068 2776 2204 2831 Εἰδὲ
2234 2774 2308 2859 μὴ
2337 2771 2450 2844 (40)
2469 2770 2633 2843 τιμὴν
2664 2768 2843 2831 οἰκίας
2870 2767 2905 2839 ἢ
2933 2766 3103 2839 ἀγροῦ
3132 2782 3246 2859 τις(
3272 2764 3390 2859 an:
3426 2762 3570 2859 αθτὰ

329 2854 504 2925 ipsam
530 2868 937 2921 consecraverit
962 2866 1185 2922 domum
1210 2876 1304 2922 aut
1336 2883 1524 2941 agrum
1548 2887 1561 2923 :
1588 2868 1900 2923 numerabit

329 2948 745 3009 aestimationem
780 2956 888 3020 rei,
920 2966 975 3010 et
1002 2957 1249 3026 quintam
1283 2967 1491 3027 partem
1526 2960 1685 3026 pretii
1737 2959 1899 3014 addet

329 3038 600 3105 praedictae
633 3057 879 3099 summae.
915 3045 981 3099 Et
1017 3049 1414 3115 possessionem
1469 3049 1747 3113 retinebit,
1797 3064 1897 3105 nec

329 3130 423 3183 alii
442 3132 654 3188 vendet.
684 3132 780 3188 Sin
803 3136 897 3190 alii
916 3137 1242 3201 vendiderit.
1269 3149 1486 3209 emptor
1511 3153 1574 3194 ea
1606 3139 1744 3193 bona
1771 3152 1897 3208 pos-

330 3221 528 3277 sidebit
558 3239 730 3294 usque
754 3227 820 3280 ad
850 3226 1154 3298 jubilaeum,
1187 3240 1238 3284 et
1266 3228 1462 3285 deinde
1482 3230 1784 3300 proprietas
1812 3230 1897 3285 vel

327 3312 634 3368 dominium
660 3316 853 3372 iterum
882 3318 1088 3375 recidet
1110 3320 1178 3374 ad
1209 3319 1399 3375 Deum.

398 3403 501 3472 Qui
534 3423 663 3463 vero
683 3413 891 3466 voverit
920 3428 1134 3486 agrum,
1164 3416 1255 3483 qui
1293 3428 1402 3469 non
1434 3423 1518 3470 est
1551 3414 1619 3471 de
1646 3429 1743 3470 sua
1780 3414 1893 3469 hae-

327 3492 594 3562 reditate,
632 3498 729 3555 sed
770 3516 894 3555 eum
940 3518 1007 3557 ex
1039 3510 1222 3573 empto
1253 3504 1584 3574 possederit,
1621 3518 1746 3560 eum
1785 3518 1893 3559 non

326 3586 574 3654 acquirat
603 3589 731 3646 sibi.
780 3588 882 3646 Ubi
925 3593 1253 3663 persolverit
1287 3593 1500 3649 fructus
1550 3592 1680 3658 Deo,
1708 3593 1765 3648 in
1802 3591 1894 3662 ju-

326 3675 486 3733 bilato
509 3680 759 3736 eumdem
790 3695 982 3753 agrum
1012 3684 1265 3739 restituet
1293 3681 1591 3738 venditori.

2003 2870 2208 2940 ἁγιάσῃ
2249 2854 2388 2936 eis,
2442 2864 2540 2934 τὴν
2574 2862 2740 2932 τιμὴν
2776 2859 3073 2929 καταθήσει
3122 2856 3262 2927 μετὰ
3300 2855 3393 2907 τοῦ
3426 2854 3572 2923 πέμ-

2004 2978 2161 3024 πτου,
2201 2958 2566 3029 λυτρούμενος
2592 2955 2757 3021 αὐτὰ,
2804 2954 2897 3007 καὶ
2941 2951 3157 3022 μεθέξει
3181 2949 3279 3012 τὰς
3320 2947 3562 3016 κτήσεις.

2016 3054 2218 3123 Ἐτέρῳ
2243 3051 2298 3104 δὲ
2332 3050 2434 3105 οὐκ
2466 3047 2826 3109 ἀποδώσεται,
2853 3044 2989 3100 ἀλλὰ
3004 3043 3108 3097 κᾶν
3126 3040 3401 3097 ἀποδῶται
3428 3038 3563 3107 (Η).

2003 3144 2163 3215 μέχρι
2195 3141 2287 3196 τοῦ
2317 3141 2631 3213 Ὶωσηλαιου
2658 3137 2873 3204 καθέξει
2899 3139 2928 3191 ὁ
2951 3135 3272 3207 πριάμενος,
3304 3131 3399 3185 καὶ
3430 3129 3567 3201 μετὰ

1997 3236 2187 3303 τοῦτον
2219 3234 2371 3290 ἔσται
2401 3232 2559 3288 Θεοῦ.

2067 3407 2172 3459 Τὸν
2197 3407 2255 3459 δὲ
2283 3407 2343 3473 ἐξ
2366 3405 2672 3477 ἀγορασίας
2698 3401 2995 3477 (4Ξ)ἀγρδν
3035 3403 3136 3457 οὐκ
3199 3384 3566 3466 ὰνάκτήσιται

1997 3497 2161 3550 αὐτὸν
2190 3496 2385 3568 ἑαυτῷ,
2419 3496 2560 3551 ἀλλὰ
2585 3495 2722 3568 πρὸς
2754 3496 2915 3564 λόγον
2943 3492 3052 3548 τῶν
3082 3488 3312 3562 καρπῶν
3332 3486 3569 3549 ἀποδοὺς

1995 3588 2074 3659 τῷ
2098 3589 2239 3660 Θεῷ,
2273 3592 2331 3644 ὲν
2360 3588 2437 3660 τῷ
2482 3587 2670 3662 ’Ῑωὸὴλ
2706 3586 3220 3657 ἀποκαταστήσεται
3260 3581 3351 3636 τὸν
3396 3580 3570 3652 ἀγρὸν

1996 3678 2074 3751 τῷ
2108 3697 2176 3733 πε
2186 3682 2442 3752 πρακότι.

394 3794 665 3849 Animalia
700 3795 1074 3869 primogenita,
1107 3797 1157 3853 si
1186 3797 1385 3853 munda
1417 3796 1637 3867 fuerint,
1676 3812 1780 3852 non
1821 3805 2042 3867 possunt
2072 3794 2281 3852 redimi.
2322 3794 2461 3869 [ΞΒ]

393 3908 453 3966 Si
495 3924 625 3966 vero
658 3911 941 3967 immunda
984 3909 1218 3976 fuerint,
1250 3913 1559 3971 admittitur
1588 3915 1893 3987 redemptio

322 4016 448 4057 cum
477 4003 758 4059 additione
789 4003 984 4074 quinta
1022 4004 1184 4074 pretii
1227 4015 1402 4076 parte.

2068 3913 2160 3984 Μὴ
2217 3903 2474 3987 καθαρῶν
2513 3911 2602 3979 δὲ,
2650 3912 2684 3983 ἠ
2737 3910 2877 3982 μετὰ
2918 3909 3015 3965 τοῦ
3058 3907 3307 3978 πέμπτου
3352 3903 3569 3978 λύτρω-

1999 4022 2081 4069 m;
2112 4006 2247 4078 (is).

392 4116 501 4172 Aut
542 4115 646 4171 hac
680 4116 1001 4171 conditione
1037 4118 1202 4172 etiam
1244 4116 1406 4172 vendi
1447 4128 1724 4189 poterunt.
1762 4119 2117 4189 Quzecunque
2160 4131 2346 4175 autem
2383 4119 2662 4175 donantur
2713 4124 2768 4174 et
2804 4125 3207 4173 consecrantur
3237 4111 3371 4175 Deo,
3420 4125 3568 4164 nuu-

320 4217 485 4271 quam
526 4202 846 4274 gaudebunt
887 4203 1013 4273 jure
1068 4203 1471 4273 redemptionis
1509 4223 1522 4258 :
1565 4207 1677 4260 imo
1712 4221 1885 4275 usque
1923 4204 1992 4259 ad
2028 4214 2259 4261 mortem
2288 4206 2407 4262 sive
2437 4206 2722 4261 interitum
2771 4204 2862 4259 Dei
2900 4212 3241 4276 permanent.
3294 4198 3568 4253 Caeterum

320 4305 390 4345 ex
429 4289 516 4345 his
561 4290 915 4346 relucescunt
951 4287 1279 4345 diii'erentite
1314 4291 1539 4346 illorum
1586 4292 1680 4361 qui
1738 4292 2062 4347 dedicantur
2095 4293 2230 4349 Deo.
2265 4292 2398 4349 Nam
2443 4293 2665 4364 quidam
2698 4294 2940 4363 seipsum
2972 4308 3068 4363 per
3106 4292 3247 4347 alios
3285 4288 3395 4345 Deo
3429 4303 3565 4344 con-

322 4388 532 4443 secrat;
563 4378 706 4433 alius
736 4392 830 4446 per
859 4390 920 4431 se
950 4377 1128 4445 ipsum
1178 4377 1469 4432 dedicatur
1518 4378 1649 4434 Deo.
1698 4377 1935 4443 Quidam
1979 4388 2213 4449 possunt
2246 4394 2343 4449 per
2388 4380 2530 4436 alios
2566 4379 2751 4435 oti'erri
2794 4381 2939 4447 Deo;
2978 4379 3077 4433 alii
3136 4385 3422 4446 nequeunt
3467 4392 3567 4448 per

320 4464 459 4519 alios
487 4465 683 4518 donari
707 4462 838 4524 Deo,
875 4462 972 4529 qui
1005 4462 1261 4517 videlicet
1292 4473 1521 4518 utuntur
1554 4465 1826 4521 ministris
1860 4464 1955 4520 Dei
1992 4467 2047 4520 in
2083 4466 2303 4535 negotio
2338 4465 2456 4530 Dei,
2498 4468 2594 4538 qui
2634 4469 2794 4538 quasi
2826 4466 3126 4522 aestimatio
3146 4480 3246 4535 pro
3280 4465 3416 4534 ipsis
3465 4464 3567 4518 ob-

322 4551 414 4604 lati
446 4558 594 4605 sunt.
615 4549 714 4605 Per
736 4561 797 4602 se
822 4547 1035 4602 donant
1059 4563 1120 4603 se
1145 4548 1275 4610 Deo,
1304 4551 1397 4618 qui
1429 4551 1811 4607 administrant
1836 4568 2034 4606 munus
2049 4554 2413 4622 apostolicum
2441 4570 2454 4607 :
2487 4554 2541 4608 in
2570 4553 2816 4609 secundo
2834 4554 2903 4607 ab
2926 4551 3014 4607 his
3043 4552 3234 4605 ordine
3265 4556 3395 4606 sunt
3416 4588 3429 4611 .
3467 4547 3562 4618 qui

319 4639 645 4693 diaconatus
668 4636 851 4691 munia
884 4636 1127 4693 obeunt:
1160 4637 1232 4693 ab
1263 4636 1557 4693 diaconatu
1585 4640 1679 4709 qui
1709 4640 2020 4706 discedunt,
2053 4641 2310 4696 recidunt
2343 4641 2411 4696 ad
2444 4657 2563 4697 eam
2584 4642 2816 4697 classem
2859 4641 3167 4701 hominum.
3204 4640 3295 4708 qui
3324 4639 3557 4692 aliorum

318 4741 485 4796 opera
508 4724 818 4795 junguntur
840 4725 1010 4780 cultui
1045 4725 1256 4781 divino.
1284 4724 1391 4791 Qui
1425 4725 1724 4780 sacerdotii
1768 4724 2107 4786 iunctionem
2142 4740 2531 4800 susceperunt,
2576 4744 2859 4798 nunquam
2903 4735 3163 4796 poterunt
3194 4729 3263 4780 ab
3304 4728 3405 4779 hac
3436 4737 3560 4803 sese

320 4825 609 4882 segregare
640 4821 695 4866 et
724 4810 794 4866 ad
841 4813 1027 4867 saeculi
1064 4813 1279 4883 negotia
1320 4811 1542 4867 reverti.
1585 4809 1721 4866 Nam
1763 4814 1829 4867 ad
1859 4817 2043 4868 omnia
2079 4817 2425 4871 habebuntur
2456 4815 2702 4872 inutiles.
2759 4815 2853 4869 Sal
2899 4815 3046 4867 enim
3096 4815 3143 4867 si
3189 4812 3360 4866 fuerit
3421 4810 3565 4865 inl'a-

320 4907 528 4961 tuatus,
577 4912 687 4967 quo
745 4898 1012 4953 salietur?
1068 4897 1451 4955 Verumtamen
1502 4906 1558 4954 et
1596 4899 1644 4956 si
1715 4902 1840 4970 quis
1909 4918 1969 4958 se
2041 4902 2256 4957 abdicet
2316 4902 2630 4964 diaconatu,
2684 4917 2752 4956 ne
2796 4910 2979 4956 tamen
3067 4915 3127 4954 se
3178 4907 3353 4952 totum
3413 4914 3566 4952 man-

319 4987 464 5056 cipet
489 4987 732 5042 externis
762 4988 996 5057 negotiis
1022 4995 1077 5043 et
1110 4987 1555 5044 necessitatibus.
1588 4987 1705 5043 Hoc
1732 4990 1878 5044 enim
1909 4991 2157 5046 innuitur
2195 5006 2292 5061 per
2326 4990 2402 5055 id,
2435 4993 2584 5061 quod
2621 4991 2775 5056 dicit,
2811 5005 3002 5059 agrqu
3040 5004 3149 5044 non
3181 4986 3560 5050 vendentium,

320 5074 416 5129 sed
443 5074 842 5129 restituendum
890 5074 1000 5130 Deo
1037 5076 1256 5131 etiamsi
1292 5076 1563 5132 alienatus
1599 5075 1760 5131 fuerit
1790 5095 1804 5131 :
1841 5079 2032 5134 redimi
2072 5093 2201 5133 vero
2241 5078 2427 5132 addita
2454 5078 2646 5148 quinta
2687 5086 2844 5146 parte
2870 5076 3031 5145 pretii
3076 5091 3183 5129 una
3213 5090 3340 5128 cum
3381 5074 3563 5142 pretio

322 5161 487 5217 iusto.
522 5159 873 5231 Significatur
906 5172 1164 5231 praeterea
1196 5178 1343 5227 eum,
1376 5165 1469 5233 qui
1501 5165 1814 5236 exagitator
1846 5165 2093 5221 adversis
2130 5168 2292 5221 rebus
2323 5165 2536 5229 saeculi,
2585 5164 2787 5219 debere
2822 5163 3070 5234 cogitare
3110 5159 3405 5232 spirituaie
3457 5164 3563 5213 mi-

383 5338 426 5368 "
462 5335 655 5391 Matth.
698 5351 810 5401 ιιι,
838 5337 922 5392 Η.
998 5339 1046 5370 ⁸³
1080 5335 1213 5392 ibid.
1262 5337 1348 5390 11.
1426 5339 1472 5371 ⁵³
1507 5337 1639 5393 ibid.
1674 5336 1759 5392 1‘3.
1835 5339 1882 5370 ³⁵

2003 5354 2073 5393 ιη.
2105 5354 2180 5403 Vl,
2221 5324 2311 5394 s7.
2390 5340 2433 5372 ιο
2463 5338 2701 5412 Philipp.
2735 5357 2809 5409 ιν,
2840 5340 2932 5397 t7.

480 5498 481 5503 ,
1684 5515 1701 5530 ο
1798 5453 2057 5511 Nom};

388 5547 499 5616 (ιθ)
530 5545 658 5602 Ἐὰν
677 5547 735 5601 δέ
766 5566 851 5611 τις
875 5549 949 5617 μὴ
986 5548 1087 5619 τὴν
1118 5564 1169 5600 τι
1218 5546 1305 5618 ὴν,
1335 5548 1448 5602 ἀλλ’
1474 5547 1881 5620 αὑτὴνᾶμάση

358 5619 415 5672 ἣν
457 5619 634 5672 οἰκίαν
691 5617 724 5672 ἢ
777 5619 868 5672 τὸν
917 5619 1115 5672 ἀγρὸν.
1164 5566 1325 5672 gliscat
1372 5618 1470 5672 τὴν
1498 5619 1664 5672 τιμὴν
1697 5621 1790 5671 καὶ
1821 5607 1881 5672 sb

314 5607 415 5686 ἠὺ
457 5607 634 5672 οὶκίαν
691 5617 742 5741 ιχ
777 5607 888 5673 ’τὸ-ν’
917 5607 1115 5689 ἀγρδν.
1164 5607 1325 5672 δὼἷτέι
1372 5618 1470 5687 τὴν
1498 5607 1664 5687 τιμὴν
1697 5607 1790 5671 κάὶ
1821 5607 1882 5672 τδ

329 5690 603 5741 πέειπτον.
649 5704 723 5741 κει
772 5689 985 5741 καθέξει
1012 5689 1182 5741 ταῦτα.
1202 5729 1217 5741 .
1249 5689 1420 5741 ἑτέρω
1448 5687 1526 5741 δὲ.
1574 5703 1658 5740 κτ.
1700 5690 1759 5741 'U
1784 5689 1882 5741 τῆς

325 5690 603 5810 ﬂammis.
649 5687 742 5741 stati.
772 5687 1182 5754 καθέξει-δαῦτε.
1202 5729 1217 5754 ,
1249 5689 1420 5759 ἑτέρῳ
1448 5687 1526 5753 δὲ,
1574 5703 1658 5740 κτ.
1700 5690 1759 5743 'U
1784 5689 1882 5759 τῆς

371 5774 461 5810 υτ-
488 5775 566 5810 κω
601 5801 616 5810 .

371 5774 432 5826 tr;
448 5775 461 5788 ·
488 5774 616 5816 κωο.

2059 5551 2169 5619 (Η)
2205 5551 2331 5621 Ἐὰν
2358 5549 2415 5602 δὲ
2447 5549 2617 5621 ἑτέρῳ
2644 5550 2939 5605 ἀποδῶται.
2978 5551 3036 5603 Ὁ
3061 5551 3185 5604 αὐτ.

2220 5621 2276 5705 ’.0
2297 5620 2353 5672 δὲ
2386 5616 2617 5705 quia};
2662 5623 2829 5705 ἀιγρὸν
2875 5617 3362 5705 οὐκξπὸμλήρου
3400 5616 3552 5682 ἰδίου,

1988 5692 2100 5745 ἀλλ’
2131 5692 2188 5755 ἐξ
2218 5691 2518 5761 ἀγορπισιας
2539 5691 2639 5761 οὐκ
2670 5690 2829 5745 avsa.
2865 5709 2951 5748 κτ.
2994 5693 3052 5744 '0
3085 5690 3205 5744 αὐτ.
3301 5720 3359 5761 λ,-

2071 5761 2175 5832 J3;
2207 5756 2509 5835 Λῦτρωσις,
2543 5760 2574 5829 ἢ
2611 5763 2828 5830 rapiam.
2880 5762 2935 5816 Ὀ
2964 5762 3065 5832 τῆς
3091 5762 3222 5827 My.
3246 5756 3377 5812 κώδ.
