4050 6212
260 411 370 477 793
1282 412 1822 474 COMMENTARII
1874 415 1959 476 IN
2002 414 2392 479 NUMEROS.
3033 413 3043 423 ’
3241 481 3253 493 ,
3423 411 3527 477 794

262 526 581 586 nisterium.
603 525 860 599 Quinque
877 529 1077 584 etenim
1104 537 1251 586 sunt.
1274 545 1369 599 per
1389 531 1857 601 quaicopnlamur
1875 530 2021 588 Deo:
2048 536 2439 606 cogitationes,
2467 536 2633 613 380
2653 536 3004 606 cupiditates,
3024 532 3284 597 rationes,
3310 547 3475 602 opera
3501 549 3515 585 :

261 614 517 686 quintum
567 628 695 668 vero
737 629 976 686 agnosce
1006 615 1346 671 allectiones.
1389 615 1549 682 Quod
1582 634 1714 688 ager
1757 620 2017 676 venditus
2063 637 2170 676 non
2206 631 2385 692 potest
2420 625 2618 678 redimi
2663 624 2733 678 ab
2769 631 3052 691 emptore,
3086 620 3182 675 sed
3219 619 3527 673 reddendas

261 714 349 760 est
385 700 652 757 venditori
682 702 775 757 ubi
808 702 1021 757 fructus
1053 703 1182 756 inde
1220 704 1556 772 perceperis,
1595 705 1817 774 enigma
1852 709 2121 773 continet,
2149 718 2203 764 et
2249 711 2458 765 indicat
2489 711 2637 774 illos,
2674 709 2771 778 qui
2809 726 2916 762 non
2959 718 3109 761 recte
3149 704 3527 760 ecclesiastica

260 804 490 846 munera
534 797 797 845 tractant.
853 789 992 845 Huic
1034 790 1217 845 simile
1264 801 1348 847 est
1384 799 1439 845 et
1481 792 1635 852 illud.
1676 794 1822 862 quod
1853 794 1922 850 de
1956 796 2338 866 primogenitis
2369 797 2744 851 animantibus
2780 797 3018 867 impuris
3058 794 3342 858 scribitur,
3382 794 3528 864 quod

258 886 378 934 hazc
415 880 763 935 redimantur
800 895 924 934 cum
960 879 1263 950 appendice
1293 880 1501 950 quintae
1539 882 1699 949 pretii
1733 881 1871 950 justi
1904 882 2101 951 partis,
2150 890 2205 938 et
2242 883 2552 938 vendantur
2585 883 2785 938 deinde
2817 884 3062 952 impune.

326 991 441 1044 Καὶ
472 991 701 1044 ἐπὶτῶν
723 990 880 1056 ζώων
900 992 1011 1046 τῶν
1027 991 1391 1062 πρωτοτόκων
1422 991 1684 1063 καθαρῶν
1718 993 1840 1064 μὲν,
1872 982 1918 1035 Α

2017 994 2221 1049 Verum
2256 996 2512 1050 animalia
2554 999 2757 1052 munda
2794 1010 3074 1066 nunquam
3126 993 3410 1065 patiuntur
3441 1007 3530 1047 re-

254 1086 378 1140 esse
404 1085 698 1157 λύτρωσις.

1969 1085 2286 1156 lemptionis
2327 1088 2722 1143 conditionem.
3540 1148 3568 1181 κ

332 1196 537 1251 Sancta
573 1201 756 1250 autem
791 1204 1134 1263 sanctorum,
1163 1212 1285 1267 quae
1318 1197 1517 1252 donata
1558 1195 1768 1251 fuerint
1799 1196 1930 1263 Deo,
1960 1207 2090 1253 sunt
2132 1200 2466 1254 excellentes
2498 1198 2591 1254 Dei
2626 1199 2899 1263 homines,
2931 1197 3141 1268 quique
3180 1198 3334 1251 nullo
3370 1197 3532 1251 modo

259 1298 291 1338 a
331 1284 442 1338 Deo
472 1283 687 1352 sejungi
731 1292 966 1350 queunt.
1009 1283 1243 1338 Decimae
1275 1300 1492 1355 quoque
1522 1284 1842 1338 animalium
1880 1300 1980 1339 nec
2023 1286 2327 1355 permutari
2375 1302 2474 1340 nec
2515 1287 2709 1339 redimi
2753 1294 3006 1352 possunt.
3036 1286 3343 1339 Fructunm
3374 1300 3527 1347 vero,

260 1370 490 1425 decimae
529 1387 638 1426 non
672 1368 954 1441 refugiunt
997 1370 1427 1441 redemptionem
1469 1371 1514 1426 si
1549 1372 1677 1439 quis
1715 1379 1938 1440 paratus
1970 1375 2049 1427 sit
2085 1372 2381 1426 refundere
2416 1374 2585 1426 etiant
2615 1373 2870 1441 quintam
2905 1372 3247 1425 decimarum
3294 1382 3528 1440 partem.

261 1458 577 1512 Anitnantia
608 1459 753 1513 enim
791 1458 1108 1513 inanimatis
1138 1467 1415 1530 praestant.
1450 1457 1722 1529 Quidquid
1758 1474 1878 1513 vero
1908 1469 2278 1513 consecratum
2306 1459 2492 1527 fuerit,
2533 1459 2635 1523 ait,
2668 1457 2778 1512 Deo
2809 1461 2875 1512 ab
2903 1458 3213 1512 hominibus
3246 1474 3352 1512 non
3383 1458 3532 1511 redi-

262 1555 456 1600 metur.
501 1543 640 1617 [28].

330 1650 515 1720 Ὅπερ
545 1652 639 1704 ἐπὶ
665 1650 777 1703 τῶν
809 1651 1084 1722 πολεμίων
1124 1650 1238 1722 (44)
1270 1651 1367 1703 ἐπὶ
1398 1651 1635 1704 θανάτου
1699 1652 1846 1720 γίνε-

2025 1651 2118 1706 Sic
2163 1650 2349 1707 hostes
2393 1651 2701 1706 consecrati
2747 1649 2879 1713 Deo,
2930 1650 3150 1720 penitus
3186 1649 3530 1712 delt-bantur,

256 1760 374 1807 ται,
406 1742 484 1806 ὡς
517 1744 610 1797 ἐπὶ
637 1742 744 1796 τῶν
781 1744 1180 1813 Ἱεριχουντίων
1202 1743 1759 1813 κάναθεματισθέντων
1790 1747 1847 1798 ὲν

1944 1751 2017 1808 ,ιιι
2046 1743 2263 1803 accidit
2300 1742 2640 1796 Jericuntltis
2676 1742 2911 1805 civibus,
2933 1741 3028 1811 qui
3061 1756 3253 1795 omnes
3291 1756 3386 1794 ore
3415 1741 3532 1810 gla-

259 1835 494 1903 στόματι
526 1833 735 1903 ξίφους,
769 1836 834 1905 ἢν
861 1834 974 1905 45)
1009 1836 1101 1888 ἐπὶ
1125 1834 1220 1888 τοῦ
1252 1834 1448 1898 αἰῶνος
1490 1834 1583 1888 τοῦ
1627 1834 1847 1905 μέλλον-

1951 1835 2026 1888 dii
2060 1845 2217 1889 erant
2251 1833 2538 1903 perdendi,
2571 1834 2621 1887 id
2652 1840 2759 1897 est,
2791 1848 2984 1887 omnes
3029 1833 3353 1887 inexorabili
3384 1830 3533 1902 judi-

257 1943 351 1989 τος
381 1928 671 1997 ποιήσεται
698 1926 955 1998 Χριστός.
980 1928 1107 1979 Ἐπὶ
1134 1926 1191 1979 δὲ
1213 1925 1320 1979 τῶν
1344 1926 1563 1979 οἰκείων
1589 1924 1712 1994 Θεῴ
1749 1928 1844 1979 ἐπὶ

1951 1928 2059 1991 cio,
2105 1929 2252 1996 quod
2299 1936 2461 1997 typus
2495 1934 2614 1981 erat
2663 1925 2833 1979 futuri
2876 1924 3073 1994 jndicii
3127 1923 3377 1985 extremi,
3439 1922 3532 1977 Dei

256 2020 445 2091 τελείᾳ
462 2022 525 2090 τῇ
556 2022 635 2083 εἰς
668 2019 801 2072 Θεὸν
829 2020 1137 2089 μεταθέσει,
1166 2020 1295 2089 σιιτερὶ⁸
1321 2012 1395 2073 ὧν
1418 2018 1643 2086 ἐγκαλεῖ
1672 2019 1803 2083 Θεός
1822 2035 1838 2052 ⁸

1950 2019 2120 2073 dediti
2149 2026 2204 2072 et
2233 2018 2436 2072 addicti
2466 2024 2646 2072 erant.
2689 2016 2796 2072 Sed
2829 2018 2937 2071 alia
2966 2017 3107 2070 ratio
3130 2025 3217 2070 est
3243 2028 3535 2069 consecra—

266 2128 289 2164 s
338 2110 647 2175 Ἐποτίζετε
667 2111 795 2174 τοὺς
819 2110 1185 2181 ήγιασμὲνους
1213 2107 1376 2166 οἶνον.
1420 2128 1439 2161 ι
1478 2110 1590 2163 Καὶ
1628 2110 1655 2161 ὁ
1684 2111 1844 2164 Σολο-

1950 2110 2119 2185 tionis
2159 2114 2371 2183 piorum
2419 2112 2738 2174 hominum,
2781 2109 2873 2178 qui
2917 2108 3159 2179 perlecta
3212 2106 3533 2177 poenitentia

264 2194 382 2273 μῶν
406 2219 571 2272 φησιν
600 2202 712 2271 (46)
742 2201 949 2272 ἀγαθὸν
976 2201 1051 2273 μὴ
1074 2201 1360 2269 εὔξασθαι,
1394 2200 1428 2272 ἢ
1462 2199 1725 2267 εὖξασθαι
1745 2203 1841 2256 καὶ

1949 2206 2085 2258 etin
2136 2205 2334 2258 melius
2366 2204 2493 2257 vitae
2545 2202 2910 2255 conversione
2962 2199 3355 2267 adjndicantnr
3402 2196 3530 2260 Deo,

263 2297 341 2368 μὴ
367 2296 679 2353 ἀποδοῦναι.

1950 2297 2020 2350 ob
2050 2311 2190 2365 quos
2221 2294 2366 2349 Deus
2389 2295 2643 2366 obiurgat
2705 2294 2948 2360 Judaeos,
2981 2292 3170 2345 dir-ens
3197 2307 3210 2343 :
3242 2307 3261 2339 ι
3299 2288 3535 2344 Dedistis

263 2386 399 2440 mihi
432 2386 772 2441 consecratis
813 2386 1002 2440 vinum
1034 2373 1223 2441 bibere
1250 2388 1318 2441 ⁵⁸.
1358 2406 1377 2439 ι
1433 2389 1694 2443 Salomon
1725 2385 2099 2454 periculosum
2134 2395 2187 2439 et
2220 2401 2384 2455 grave
2415 2400 2538 2438 esse
2577 2389 2740 2439 docet
2794 2385 2876 2447 ",
2920 2384 2964 2437 si
3009 2384 3136 2452 quis
3199 2382 3407 2435 voverit
3447 2396 3538 2433 ve-

261 2474 379 2526 tum
410 2481 466 2527 et
495 2474 694 2528 deinde
726 2472 777 2527 id
811 2473 1041 2529 reddere
1074 2474 1161 2527 vel
1193 2474 1436 2528 noluerit
1473 2475 1558 2529 vel
1588 2489 1697 2527 non
1730 2471 2082 2542 persolvendi
2115 2480 2304 2525 votum
2345 2472 2641 2526 consilium
2676 2470 2881 2525 inierit.

335 2581 491 2637 Hanc
529 2583 872 2653 impietatem
923 2583 1117 2637 vitavit
1158 2580 1416 2652 Jephtbe,
1450 2598 1578 2637 cum
1612 2582 1821 2636 diceret
1864 2580 2015 2635 nullo
2059 2580 2221 2635 modo
2264 2580 2376 2634 ﬁeri
2414 2596 2597 2650 posse,
2639 2590 2697 2633 ut
2726 2579 2833 2633 lilia
2865 2579 3133 2632 liberetur
3161 2576 3243 2629 vel
3288 2576 3535 2629 solvatur

262 2672 401 2728 dura
444 2673 558 2728 voti
597 2675 952 2730 necessitate.
991 2672 1109 2728 Non
1150 2675 1351 2729 restitit
1382 2674 1556 2744 patris
1582 2671 1868 2728 sententiae
1901 2671 1982 2738 pia
2022 2670 2151 2736 lilia,
2184 2686 2304 2740 quae
2335 2680 2493 2741 typus
2528 2669 2628 2723 fuit
2661 2668 2795 2723 casti
2826 2678 2879 2722 et
2910 2669 3030 2735 puri
3061 2666 3293 2728 Christi,
3318 2665 3407 2733 qui
3438 2679 3531 2718 se.

208 2817 217 2823 ,
262 2762 446 2830 ipsum
487 2762 738 2827 permisit
766 2763 1035 2817 voluntati
1081 2760 1264 2816 Patris
1299 2769 1359 2815 ut
1403 2777 1504 2831 pro
1534 2761 1692 2815 nobis
1737 2758 2140 2814 atrocissimam
2176 2757 2357 2810 obiret
2399 2765 2650 2809 mortem.
2688 2754 2961 2809 Caeterum
3002 2751 3244 2808 crudelis
3289 2752 3378 2804 illa
3415 2751 3525 2803 voti

263 2864 359 2918 per
397 2849 601 2904 solutio
652 2852 826 2906 semel
860 2851 1143 2906 celebrata
1178 2849 1529 2919 postmodum
1565 2850 1746 2904 verita
1790 2852 1874 2902 est
1898 2886 1912 2908 ,
1950 2852 2011 2899 ut
2049 2843 2357 2898 declararet
2403 2841 2688 2896 Christum
2726 2843 2897 2897 semel
2938 2857 3035 2910 pro
3079 2839 3264 2893 mundi
3314 2851 3537 2908 peccato

261 2934 417 2989 diros
464 2936 748 2990 cruciatus
788 2949 1134 3006 perpessum.
1169 2935 1496 3007 Exemplum
1534 2948 1668 2991 vero
1706 2932 1943 3005 Jephthe
1983 2931 2036 2985 in
2081 2931 2393 2983 litterarum
2443 2938 2797 2984 monumenta
2852 2929 3080 2983 relatum
3123 2935 3208 2982 est
3235 2968 3249 2991 ,
3281 2938 3339 2979 ιιι
3370 2924 3535 2978 simul

262 3023 413 3077 cauti
447 3036 516 3077 ne
543 3020 677 3093 quid
722 3032 927 3079 temere
978 3037 1275 3079 voveatnus
1307 3022 1581 3077 Domino:
1615 3030 1713 3077 aut
1750 3022 1798 3078 si
1834 3019 1973 3090 quid
2000 3017 2337 3077 voverimus,
2371 3016 2421 3069 id
2468 3017 2609 3070 bona
2643 3015 2747 3070 ﬁde
2778 3015 3178 3084 persolvamns.
3246 3011 3377 3066 Nam
3405 3027 3535 3080 pro-

265 3110 578 3174 missiones,
618 3126 758 3180 quas
792 3108 905 3165 Deo
948 3110 1259 3177 fecerimus,
1307 3110 1542 3165 illibatas
1575 3109 1898 3165 conservari
1932 3114 2152 3175 oportet
2180 3104 2400 3159 etiamsi
2436 3104 2673 3159 hominis
2709 3105 2875 3158 vitam
2903 3108 3264 3157 conceruant.
3297 3098 3536 3154 Proinde

265 3195 497 3267 .lephthe
525 3199 832 3267 exemplum
861 3200 1170 3269 proposuit,
1204 3199 1299 3268 qui
1333 3198 1387 3252 in
1425 3213 1488 3254 re
1519 3198 1760 3252 maxima
1792 3195 2024 3249 Domino
2057 3192 2305 3248 servavit
2343 3192 2526 3252 iidem.
2562 3199 2621 3245 ut
2654 3206 2754 3246 nos
2787 3191 3041 3246 similiter
3070 3203 3319 3258 agamus.
3374 3188 3522 3256 ejus-

266 3298 372 3352 que
411 3284 683 3357 justitiam
728 3286 1030 3341 imitemur.
1063 3284 1299 3356 Jcphthe
1342 3285 1633 3355 promissis
1666 3284 1859 3347 stetit,
1893 3296 1962 3337 ne
2002 3279 2509 3350 deprehenderetur
2546 3277 2852 3348 transgredi
2902 3279 3094 3349 legem.
3128 3276 3394 3341 Quamvis
3432 3290 3533 3328 vo-

267 3387 384 3437 ιιιιιι
419 3372 551 3426 illud
593 3372 933 3439 reddiderit,
956 3388 1067 3428 non
1104 3385 1285 3428 tamen
1322 3374 1375 3428 id
1409 3372 1541 3427 fecit
1575 3373 1878 3430 secundum
1916 3369 2231 3426 scientiam.
2263 3368 2493 3423 Animus
2523 3367 2644 3437 ejus
2688 3368 2900 3439 integer
2941 3376 2996 3423 et
3033 3366 3385 3435 incorruptus
3415 3378 3534 3417 ma-

264 3457 351 3526 gis
400 3457 455 3512 in
500 3458 605 3512 hoc
640 3458 788 3514 facto
836 3460 1272 3515 considerandus
1305 3471 1411 3515 est.
1443 3458 1517 3514 Ut
1549 3458 1913 3514 universalem
1954 3456 2248 3524 quamdam
2286 3455 2629 3524 proferamus
2663 3454 3059 3525 expositionem
3108 3453 3175 3507 de
3221 3452 3304 3506 his
3348 3451 3533 3513 rebus,

266 3560 389 3615 quae
415 3557 754 3600 consecratae
786 3545 989 3601 fuerint
1017 3546 1148 3611 Deo,
1177 3548 1261 3602 sic
1295 3547 1445 3602 audi.
1478 3545 1736 3613 Quadam
1765 3543 2238 3598 consecrabantur
2284 3541 2514 3596 Domino
2537 3581 2551 3607 ,
2580 3551 2634 3597 et
2665 3541 3021 3596 nominantur
3063 3548 3274 3595 sancta.
3313 3536 3536 3593 Liccbat

267 3632 541 3685 sacerdoti
569 3631 684 3685 haec
712 3633 798 3686 vel
832 3633 1071 3687 retinere
1103 3634 1189 3688 vel
1221 3632 1491 3689 alienare.
1521 3630 1692 3687 .Laus
1724 3632 1836 3684 Deo
1867 3630 2039 3682 Trino
2074 3641 2127 3682 et
2165 3628 2283 3681 uni.

338 3740 622 3811 ’Δνάθημα
667 3743 724 3797 δὲ
768 3745 921 3799 οὐδὲν
958 3745 1154 3817 λύτρον
1206 3748 1377 3809 ἐστὶν.
1408 3747 1521 3800 ἀλλ’
1544 3747 1698 3815 ἅγιον
1726 3747 1839 3816 (Π)
1870 3753 1914 3808 Β

2012 3744 2272 3811 Quaedam
2300 3745 2694 3801 derlicahantnr
2742 3746 2993 3809 Domino,
3023 3753 3079 3801 et
3111 3741 3534 3814 appellabantur

266 3831 443 3900 ἁγίων
474 3831 592 3902 Θεῷ
619 3833 724 3897 ἕως
744 3834 999 3903 θανάτου,
1031 3837 1124 3891 καὶ
1151 3838 1273 3892 ἀντὶ
1313 3837 1637 3910 λυτρὼσεως
1665 3839 1851 3893 ἀνατί-

1957 3837 2327 3891 anatbemata.
2366 3838 2494 3892 Haec
2522 3852 2801 3905 nunquam
2837 3836 2905 3897 ad
2939 3837 3211 3891 humanos
3243 3842 3298 3888 et
3347 3830 3530 3900 prola-

269 3920 447 3977 θεται.
1955 3940 2060 3980 nos
2088 3941 2221 3980 usus
2249 3927 2489 3981 revocati
2525 3935 2813 3996 poterant:
2839 3935 3102 3997 perpetuo
3133 3931 3457 3980 consecrata
3478 3926 3534 3975 et

1954 4014 2155 4071 divinis
2186 4017 2378 4072 usibus
2416 4015 2689 4072 destinata
2721 4017 3107 4072 servabantur.
3176 4016 3189 4027 ‘

338 4190 387 4223 “
424 4190 591 4246 Amos
633 4206 698 4254 ιι,
746 4190 833 4245 l2.
906 4190 956 4222 "
994 4188 1249 4255 Eccle.v,
1285 4193 1340 4258 3,
1384 4194 1439 4249 4.

1775 4284 2010 4342 ΝΟΤίΕ.

343 4376 453 4448 (44)
486 4380 654 4432 Ὅταν
684 4380 775 4432 ἐπὶ
808 4379 919 4432 τῶν
954 4379 1249 4448 πολεμίων.
1304 4380 1365 4432 '0
1418 4380 1662 4447 Ἄλεξιν.
1708 4286 2090 4438 κώῗρτῶἓέπὶ
2118 4380 2199 4442 δὲ.”
2230 4395 2317 4435 κτ.

271 4443 542 4518 Ἐπὶ-’μὲν
570 4449 845 4518 πολεμίων
874 4451 969 4502 ἐπὶ
1002 4443 1235 4518 θανάτῳ.
1281 4451 1337 4503 ’0
1363 4449 1462 4518 τῆς
1477 4443 1603 4517 Atil-1'.
1639 4449 1771 4508 κὼδ.
2023 4449 2135 4516 (46)
2176 4450 2236 4502 '0
2272 4448 2328 4501 δὲ
2350 4446 2600 4516 Σολομὼν
2633 4445 2812 4518 δεινὸν
2831 4445 3136 4518 ductet:va
3155 4443 3393 4518 τὸμετὰ
3434 4443 3534 4518 τὴν

345 4512 922 4589 (45)Τᾷὸ.ὴν.οιξδιμοῦ
947 4512 1839 4589 ἀναφέρεται..Καπιὰναγνωστ.
1950 4512 2039 4589 Ego"
2069 4512 2440 4589 éduztpwxijv
2473 4512 2907 4589 ᾆνιισκέιικίιςιθιιιξ
3078 4512 3355 4589 τῆςᾼᾼῦχ.

272 4584 540 4659 ξπερηξο
577 4584 632 4639 δὲ
686 4587 788 4659 τῆς
824 4584 976 4656 Ὰύγ.
1022 4584 1151 4641 mea".
1210 4590 1324 4643 τάδ’
1376 4593 1487 4659 ἔχει
1509 4607 1521 4619 ⁸
1572 4584 1847 4644 τούτὲστιν
1992 4584 2138 4659 '_(47i
2170 4584 2313 4641 Ἀλλ’
2339 4584 2653 4642 ἀνατίθεται.
2687 4584 2850 4658 μέχρι
2885 4584 3142 4640 θανάτουζ
3189 4585 3247 4639 '0
3266 4584 3366 4655 τῆς
3392 4586 3530 4654 Λύγ.

271 4654 640 4710 ἀνατεθέντων
669 4654 1111 4729 τῇὰπαραιτήτῳ
1165 4659 1349 4730 κρίσει
1389 4654 1482 4713 τοῦ
1541 4659 1844 4729 μέλλοντος.
1953 4654 2083 4715 aea.

697 5059 700 5063 '
765 5036 1885 5167 COMMENTARII
1987 5038 2154 5164 IN
2213 5037 3015 5218 NUMEBOS.

344 5435 471 5502 Πᾶς
485 5434 703 5505 ἄρσην,
721 5434 840 5489 ἀπὸ
861 5434 1249 5501 εικοσαέτους
1275 5437 1375 5491 καὶ
1400 5437 1625 5492 ἐπάνω.
1662 5440 1849 5510 Παρα-
1876 5445 1918 5502 c

2020 5437 2182 5508 381
2222 5437 2403 5491 Omnis
2436 5437 2619 5506 viginti
2647 5446 2695 5490 et
2720 5451 2879 5505 supra
2906 5451 3165 5490 annorum
3201 5453 3315 5490 mas
3336 5435 3412 5509 [|,
3452 5434 3530 5507 3.]

269 5527 538 5597 τηρητέον
570 5527 629 5580 ὲν
658 5528 772 5590 τοῖς
800 5526 1104 5598 Ἀριομοῖς.
1135 5528 1218 5581 ὃτι
1238 5529 1298 5581 οὐ
1340 5530 1478 5602 γυνὴ
1512 5531 1849 5601 ἀριθμεῖται,

1958 5526 2017 5582 ιιι
2046 5528 2291 5582 numeris
2324 5527 2722 5582 observandum
2765 5534 2869 5591 est,
2894 5526 3039 5595 quod
3075 5541 3172 5581 nec
3193 5528 3409 5587 mulier,
3429 5540 3526 5578 ceu

268 5619 347 5683 ὡς
368 5621 633 5689 ἀσθενής·
675 5620 737 5674 οὑ
790 5622 1021 5685 παιδίον,
1063 5622 1138 5685 ὡς
1176 5621 1670 5693 εὐκαταφρόνητον,
1712 5622 1854 5693 πλὴν

1958 5635 2123 5676 sexus
2167 5619 2513 5682 imbecillior,
2547 5635 2648 5675 nec
2692 5635 2827 5689 puer
2872 5619 3277 5689 (primogenitis
3335 5626 3390 5672 et
3425 5614 3529 5671 Le-

272 5710 638 5778 πρωτοτόκων
659 5710 757 5764 καὶ
784 5710 1028 5764 Aeni”:th
1054 5728 1067 5742 ·
1093 5711 1155 5764 οὐ
1176 5710 1383 5776 δοῦλος,
1415 5710 1504 5765 διὰ
1527 5710 1589 5764 τὸ
1619 5711 1813 5783 ἄτιμον
1829 5728 1847 5746 ’

1960 5711 2085 5767 vitis
2124 5710 2418 5781 exceptis),
2464 5726 2563 5766 ceu
2595 5719 2728 5766 aetas
2754 5710 3096 5779 contemptui
3127 5707 3385 5773 obnoxia,
3434 5721 3530 5761 nec

272 5803 371 5854 οὑκ
406 5802 697 5871 ἐπίμικτος
719 5842 733 5867 ,
769 5800 857 5856 διὰ
894 5801 953 5855 τὸ
974 5802 1287 5876 ἀλλότριον·
1348 5800 1465 5857 ἀλλ’
1526 5806 1573 5858 οἱ
1620 5804 1871 5876 ἄρσενες,

1959 5819 2153 5861 servus
2192 5819 2290 5861 cett
2324 5803 2590 5874 abjectus,
2638 5818 2737 5859 nec
2778 5801 2988 5857 advena
3023 5816 3123 5858 ccu
3148 5800 3399 5866 alienus;
3433 5800 3526 5857 scd
