4050 6212
612 362 722 424 795
1910 364 2259 423 PROCOPII
2287 363 2531 423 GALEI
3769 364 3879 427 796

615 487 800 527 mares
832 466 1125 543 indigenae,
1160 473 1341 539 liberi,
1376 473 1673 541 bene.nati,
1707 472 2026 544 justamque
2054 484 2188 527 aeta-

2295 476 2388 526 xa‘.
2415 476 2628 537 οἰκεῖοι,
2668 472 2945 545 ἐλεύθεροι
2983 492 3044 528 τε
3093 475 3191 531 καὶ
3232 479 3498 547 εὐγενεῖς,
3532 477 3626 532 καὶ
3654 479 3741 542 εις
3785 480 3880 548 μέ-

615 580 724 625 tem
767 571 947 639 adepti
988 571 1043 624 in
1069 571 1533 639 supplementum,
1567 570 1672 623 hoc
1711 577 1823 633 est,
1848 568 2069 638 generis
2098 583 2191 622 se-

2295 582 2424 635 τρον
2458 565 2674 635 ἡλικίας
2696 566 2925 636 ἥκοντες
2953 567 3050 621 τοῦ
3079 568 3448 642 πληρώματος
3475 568 3568 624 τοῦ
3605 570 3857 642 Χριστοῦ

617 663 755 718 riem
780 662 1013 725 Christi,
1050 670 1447 717 accensentur.

685 797 821 852 Nam
846 800 884 852 ii
920 799 1013 868 qui
1044 799 1260 853 animos
1288 799 1354 851 ad
1397 812 1638 868 pugnam
1672 794 2142 849 instructissimos
2183 792 2406 853 habent.
2431 791 2640 862 quique
2669 793 2856 847 divina
2880 793 3192 863 cognitione
3225 794 3378 864 digni
3411 794 3770 863 iudicantur.
3814 795 3861 849 in

617 902 852 942 numero
886 889 1060 954 ipsius
1095 898 1145 939 et
1188 887 1419 940 decuria
1458 887 1638 938 locum
1667 883 1888 938 demum
1934 881 2240 935 inveniunt.
2272 878 2490 946 Alioqui
2527 893 2660 932 sane
2697 881 3076 947 cognitionem
3107 881 3288 950 ipsius
3324 882 3664 950 subterfugit
3703 881 3864 941 nihil,

612 974 771 1044 juxta
802 975 935 1028 illud
967 994 983 1028 ε
1028 992 1050 1026 ι
1084 974 1188 1039 Qui
1218 975 1411 1042 copias
1454 982 1738 1027 astrorum
1773 971 2095 1022 dinumerat
2127 968 2193 1019 ⁸⁸.
2234 984 2253 1017 ι
2295 965 2355 1018 Et
2396 964 2530 1019 illud
2563 986 2577 1020 :
2611 984 2630 1016 ι
2676 965 2880 1021 Omnes
2910 981 3015 1021 suo
3044 967 3265 1021 vocabit
3292 966 3517 1021 nomine
3545 968 3614 1020 ⁸⁸.
3677 984 3701 1017 ι
3735 964 3869 1032 Quin

618 1062 784 1115 etiam
814 1061 879 1114 ad
907 1076 1160 1128 passeres
1191 1075 1366 1128 usque
1401 1075 1558 1113 suam
1589 1058 1963 1127 cognitionem
2006 1054 2291 1123 pervenire
2322 1052 2581 1105 Servator
2610 1053 2903 1106 asserit“.
2938 1054 3121 1122 Atque
3150 1054 3432 1121 justorum
3468 1054 3870 1123 cognitionem.

620 1161 720 1215 per
758 1147 1016 1209 familias,
1048 1162 1145 1214 per
1183 1146 1404 1208 domos,
1442 1161 1538 1213 per
1576 1157 2028 1212 unumquemque
2080 1141 2400 1209 separatim,
2446 1141 2515 1192 ab
2560 1140 2841 1194 universis
2876 1139 2943 1192 ad
2990 1141 3237 1210 singulos
3269 1148 3554 1210 propagat.
3588 1138 3869 1206 Siquidem

620 1242 804 1300 partes
826 1232 1057 1298 singula:
1083 1232 1137 1284 in
1172 1231 1432 1283 universo
1464 1220 1747 1283 concluse
1777 1236 2057 1288 tenentur,
2095 1242 2196 1279 nec.
2233 1227 2425 1289 totius,
2467 1226 2718 1294 partibus
2754 1226 3022 1288 exclusis,
3048 1227 3209 1293 juxta
3252 1225 3571 1281 Graecorum
3602 1242 3871 1296 quorum-

616 1321 741 1374 dam
769 1320 1110 1388 opinionem,
1144 1319 1286 1372 ratio
1320 1319 1433 1371 ullo
1472 1318 1633 1370 modo
1663 1316 1849 1369 haberi
1882 1322 2084 1384 potest.
2113 1314 2191 1366 Ad
2222 1316 2369 1367 hunc
2398 1313 2619 1365 modum
2656 1315 2978 1368 recensiOne
3010 1330 3231 1385 quoque
3265 1330 3433 1384 super
3494 1313 3666 1368 Saule
3708 1314 3868 1379 facta,

617 1407 926 1461 secundum
955 1408 1133 1462 tribus
1174 1408 1409 1476 primum
1440 1404 1582 1459 facta
1614 1414 1699 1459 est
1727 1405 1968 1459 sortitio.
2011 1402 2215 1457 Deinde
2247 1400 2551 1456 secundum
2589 1401 2849 1454 familias.
2896 1405 3119 1455 Demum
3150 1402 3461 1455 secundum
3499 1416 3869 1470 unumquem-

615 1510 724 1563 que
755 1496 933 1547 doncc
971 1505 1121 1548 sorte
1153 1495 1421 1563 quaesitus
1454 1502 1603 1546 esset
1664 1491 2064 1559 deprehensus.
2113 1489 2214 1553 Qui
2269 1505 2387 1541 nius
2435 1496 2600 1540 etiam
2662 1503 2788 1539 cum
2838 1487 3029 1540 Achan
3080 1500 3381 1557 usurpatus
3419 1497 3527 1542 est.
3560 1486 3670 1553 Qui
3712 1488 3870 1557 igitur

615 1582 990 1650 descriptione
1027 1582 1175 1650 digni
1211 1581 1560 1641 exstiterint,
1600 1580 1654 1632 in
1688 1584 1794 1631 vita
1824 1578 2150 1631 referentur.
2175 1577 2371 1629 Beatus
2403 1582 2585 1626 autem
2618 1573 2710 1626 ille
2739 1576 2831 1642 qui
2875 1574 2932 1627 in
2973 1575 3254 1627 civitatem
3290 1573 3601 1628 Jerusalem
3636 1573 3863 1629 inscribi

615 1672 815 1739 dignus
849 1670 1007 1723 fuerit
1036 1670 1318 1737 judicatus
1356 1686 1369 1720 :
1404 1688 1422 1718 ι
1460 1666 1745 1721 Exsultate
1787 1668 1968 1726 enim.
2002 1665 2202 1731 inquit,
2237 1679 2301 1716 en
2327 1661 2474 1730 quod
2511 1659 2737 1712 nomina
2776 1668 2959 1714 vestra
2994 1661 3048 1713 in
3090 1661 3249 1715 caelis
3274 1668 3405 1713 sunt
3436 1660 3716 1730 inscripta
3751 1662 3818 1691 ⁶¹’
3850 1678 3865 1709 ι

616 1760 889 1823 Qunniam
925 1773 1056 1811 vero
1087 1758 1264 1811 civem
1303 1754 1607 1810 Jerusalem
1636 1756 1925 1815 exsistere,
1969 1762 2025 1807 et
2052 1754 2174 1804 vitae
2214 1748 2603 1813 felicitatisque
2649 1755 2965 1800 consortem
3006 1762 3129 1800 esse
3155 1748 3299 1799 inter
3330 1761 3389 1801 se
3420 1747 3735 1811 cohaerent,
3773 1762 3862 1801 ve-

615 1845 906 1898 hementer
934 1846 1257 1898 enitendum
1294 1852 1399 1905 est,
1432 1860 1500 1896 ne
1534 1844 1805 1895 exsistant
1836 1854 2073 1909 quorum
2107 1835 2326 1890 nomina
2355 1835 2465 1886 sint
2501 1835 2770 1901 ascripta,
2812 1850 2936 1885 cu'n
2968 1835 3073 1902 ipsi
3107 1835 3330 1886 interim
3362 1849 3391 1885 a
3432 1834 3571 1897 vita,
3604 1849 3715 1887 sua
3754 1834 3871 1887 cul-

619 1947 684 2000 pa
717 1934 1121 1992 desciscentes.
1151 1932 1306 1997 juxta
1334 1928 1659 1991 Jeremiam,
1687 1928 1965 1982 excidant.
2008 1923 2166 1989 Quod
2198 1937 2324 1975 cum
2374 1923 2448 1975 ita
2495 1922 2591 1985 sit,
2632 1920 2911 1991 duplicem
2962 1924 3393 1991 descriptionem
3434 1937 3564 1977 esse
3616 1924 3866 1990 cogitari.

618 2018 747 2072 dum
780 2025 884 2078 est,
918 2033 1082 2070 unam
1128 2018 1352 2086 quidem
1385 2031 1603 2077 eorum,
1636 2016 1731 2083 qui
1780 2012 1848 2066 ad
1883 2015 2049 2065 vitam
2081 2019 2207 2065 sunt
2238 2009 2520 2077 descripti.
2550 2024 2786 2076 quorum
2820 2010 3002 2079 capilli
3052 2010 3107 2062 in
3159 2018 3454 2064 numerato
3502 2010 3660 2078 apud
3710 2008 3867 2064 Deum

620 2106 913 2165 habentur,
955 2105 1184 2158 alteram
1231 2119 1423 2157 eorum
1462 2104 1554 2171 qui
1590 2101 1658 2153 ad
1689 2101 1991 2154 interitum.
2041 2097 2155 2151 Hoc
2184 2100 2329 2153 enim
2353 2098 2498 2167 quod
2535 2100 2780 2151 dicitur:
2827 2117 2848 2150 ι
2909 2101 2951 2155 Ε
2980 2102 3381 2156 commentario
3424 2101 3738 2155 viventium
3780 2116 3867 2153 ex-

618 2191 947 2245 scindautur
979 2191 1082 2256 “‘;
1117 2209 1137 2242 ι
1174 2192 1300 2244 item
1340 2208 1355 2244 :
1389 2209 1408 2241 ι
1445 2191 1502 2243 ln
1549 2203 1776 2243 numero
1800 2189 2077 2256 justorum
2102 2200 2209 2239 non
2234 2187 2577 2240 collocentur
2596 2186 2674 2249 ⁶¹;
2720 2204 2739 2238 ι
2770 2194 2936 2255 atque
2971 2188 3103 2241 illud
3141 2206 3157 2242 :
3190 2207 3211 2239 ι
3242 2193 3290 2252 Ε
3330 2188 3480 2242 libro
3504 2196 3601 2241 tuo
3624 2203 3724 2242 me
3751 2188 3867 2242 abo-

617 2281 726 2333 leto
749 2280 831 2344 ⁸⁸,
881 2298 900 2329 ι
940 2278 1009 2331 de
1036 2279 1104 2333 iis
1145 2279 1240 2346 qui
1274 2278 1645 2345 descriptione
1682 2289 1711 2327 a
1765 2274 1877 2328 Deo
1920 2275 2070 2342 digni
2104 2274 2211 2341 iam
2266 2272 2438 2325 habiti
2488 2281 2667 2333 erant,
2698 2282 2751 2325 et
2790 2288 3194 2341 szepenu~nero,
3243 2275 3471 2341 quando
3500 2289 3531 2327 a
3572 2273 3863 2328 virtutead

616 2368 813 2419 vitium
845 2366 1191 2419 deﬂectimus
1221 2365 1496 2427 videlicet,
1534 2363 1931 2430 descriptionis
1961 2362 2418 2430 permutationem
2448 2357 2585 2424 ﬁeri,
2616 2369 2701 2414 est
2741 2361 3185 2429 intelligendum.
3216 2360 3382 2415 Facta
3433 2368 3523 2416 est
3555 2371 3752 2417 autem
3781 2360 3862 2415 de-

615 2455 847 2523 scriptio
876 2469 972 2521 per
999 2452 1182 2506 Mosen
1209 2464 1261 2505 et
1291 2453 1587 2513 Aaronem,
1628 2452 1820 2521 quoin
1846 2450 2117 2503 ambobus
2150 2447 2372 2500 unicum
2397 2446 2720 2510 Christum;
2750 2448 2807 2501 in
2838 2447 2989 2501 lose
3024 2448 3248 2517 quidem
3277 2458 3337 2501 ut
3379 2448 3617 2502 latorem
3665 2449 3857 2517 legum,

619 2541 675 2593 in
691 2540 907 2594 Aarone
931 2554 1083 2599 vero,
1110 2548 1170 2591 ut
1200 2539 1514 2608 pontiﬁcem
1543 2552 1820 2591 summum
1848 2536 2367 2602 contemplaremnr.
2404 2532 2680 2587 Caeterum
2706 2535 3020 2603 descriptos
3046 2533 3294 2590 Joannes
3319 2536 3506 2606 inquit
3535 2553 3550 2588 :
3582 2553 3603 2585 ι
3643 2534 3706 2589 In
3735 2536 3860 2588 litte-

618 2623 697 2677 ris
726 2623 864 2675 meis
906 2622 1037 2687 nolo
1066 2636 1165 2676 vos
1208 2623 1413 2683 celare,
1442 2620 1700 2687 juvenes.
1727 2618 1875 2687 quod
1906 2618 2055 2670 viros
2084 2632 2182 2670 vos
2231 2620 2590 2683 praestitistis,
2620 2629 2675 2674 et
2721 2621 2926 2674 malum
2975 2622 3264 2676 devicistis
3313 2623 3379 2675 “.
3419 2640 3440 2674 ι
3480 2624 3861 2676 Accensentur

617 2724 750 2764 vero
782 2707 917 2762 Mosi
950 2709 1193 2775 collegre,
1224 2723 1370 2777 quos
1420 2707 1671 2774 adjunxit
1723 2704 1904 2765 Deus,
1949 2705 2204 2758 tribunus
2243 2721 2440 2778 nempe
2490 2708 2733 2761 tribuum
2784 2708 3156 2777 singularum,
3187 2709 3296 2762 dux
3332 2710 3574 2774 militiae,
3614 2710 3858 2778 princeps

616 2799 1009 2852 consiliorum.
1043 2796 1147 2863 Qui
1176 2812 1310 2851 sane
1348 2799 1576 2864 angelos
1606 2810 1774 2864 super
1796 2795 2115 2849 hominibus
2145 2794 2587 2850 succenturiatos
2631 2805 3058 2863 repraesentant.
3093 2795 3166 2848 De
3206 2794 3376 2865 justis
3403 2798 3554 2851 enim
3597 2796 3858 2864 scriptum

616 2894 800 2941 exstat
830 2902 847 2939 :
886 2904 907 2937 ι
938 2886 1181 2955 Angelus
1206 2883 1428 2936 Domini
1466 2892 1651 2938 castra
1698 2881 1940 2951 undique
1964 2883 2113 2936 circa
2142 2884 2407 2937 timentes
2438 2881 2616 2951 ipsum
2650 2881 2839 2945 habet,
2888 2883 3151 2951 ipsosque
3177 2898 3278 2952 pro
3309 2883 3457 2938 virili
3490 2883 3701 2938 asserit
3744 2882 3807 2934 “.
3838 2899 3855 2931 ι

621 2970 905 3039 Siquidem
935 2970 972 3023 ii
1009 2970 1115 3038 ipsi
1146 2984 1369 3038 quoque
1398 2970 1640 3038 gentium
1670 2969 1872 3022 limites
1910 2966 2176 3021 lsraelitis
2210 2978 2359 3022 sorte
2390 2967 2826 3022 distribuerunt.
2863 2966 3233 3022 Collocantur
3262 2984 3396 3023 vero
3440 2969 3519 3022 illi
3567 2968 3857 3023 secundum

618 3058 841 3125 generis
877 3056 1221 3122 dignitatem,
1244 3072 1342 3109 nec
1369 3056 1746 3124 generationis
1774 3056 1991 3109 seriem.
2028 3053 2214 3107 Primo
2249 3052 2464 3116 Ruben,
2487 3053 2750 3123 deinceps
2778 3055 2969 3109 cuncti
3002 3056 3079 3108 illi
3110 3065 3260 3117 octo,
3290 3057 3385 3124 qui
3415 3073 3445 3109 e
3472 3057 3669 3113 liberis
3689 3056 3857 3109 uxori-

620 3143 727 3196 bus
755 3150 888 3196 sunt
922 3142 1121 3195 exorti.
1178 3140 1376 3195 Postea
1409 3150 1652 3211 quatuor
1690 3155 1721 3193 a
1766 3144 1943 3194 servis
1968 3140 2123 3195 editi.
2156 3140 2281 3207 Ipsa
2307 3142 2455 3194 enim
2490 3142 2795 3210 antiquitas
2821 3155 2917 3211 per
2959 3157 3019 3196 se
3062 3142 3209 3212 apud
3266 3141 3436 3196 Deum
3486 3158 3601 3197 non
3633 3142 3856 3197 excellit.

618 3228 1097 3294 Quemadmodum
1136 3245 1235 3282 nec
1273 3230 1443 3282 lsrael
1474 3228 1762 3297 posteriori
1810 3225 2087 3287 Ecclesiae,
2139 3226 2286 3281 illius
2322 3229 2470 3280 enim
2502 3237 2692 3297 typum
2726 3230 2899 3297 gessit
2941 3229 3162 3291 lsmael,
3197 3229 3368 3297 hujus
3407 3244 3567 3294 vero,
3606 3231 3745 3284 bene
3771 3242 3857 3282 na-

621 3326 711 3369 tus
736 3317 849 3377 ille,
885 3316 1137 3382 quamvis
1162 3315 1352 3384 juuiur
1394 3313 1566 3367 Isaac.
1601 3314 1812 3366 Idcirco
1839 3313 1936 3381 qui
1978 3313 2238 3380 haptizati
2274 3314 2382 3367 vim
2428 3315 2649 3369 coalitus
2693 3323 2749 3369 et
2780 3315 3003 3369 divitias
3026 3324 3447 3384 compararunt,
3496 3316 3707 3386 quique
3734 3328 3855 3368 novo

618 3403 798 3455 ascito
838 3402 1030 3454 habitu
1064 3418 1247 3455 rerum
1273 3402 1590 3456 divinarum
1624 3409 1965 3468 sate-gerunt,
1997 3408 2108 3452 tam
2141 3400 2376 3469 juvenes
2402 3415 2569 3470 quam
2607 3400 2734 3462 viri,
2767 3403 3027 3471 supernis
3058 3402 3429 3457 instituuntur
3470 3401 3721 3457 sedibus.
3750 3396 3851 3453 Non

623 3503 734 3543 uno
759 3497 945 3542 tamen
973 3489 1278 3559 eodemque
1318 3489 1482 3542 modo
1512 3503 1744 3553 omnes;
1778 3487 1900 3551 sed,
1937 3487 1984 3541 si
2015 3488 2277 3556 Apostolo
2303 3489 2600 3552 credimus,
2632 3488 2937 3543 secundum
2968 3489 3199 3559 patrias.
3231 3499 3284 3545 et
3323 3488 3591 3556 familias,
3622 3491 3713 3542 alii
3737 3487 3845 3556 qui-

620 3574 745 3629 dem
785 3576 889 3637 sic,
927 3576 1020 3628 alii
1063 3591 1192 3630 vero
1223 3576 1305 3630 sic
1331 3576 1400 3628 “.
1433 3573 1620 3639 Quare
1668 3573 1871 3627 adultis
1892 3571 2112 3627 Levitas
2137 3584 2192 3628 et
2217 3575 2613 3645 primogenitos
2645 3575 2700 3628 in
2730 3576 2983 3646 catalogo
3026 3576 3338 3647 subjungit.
3382 3575 3503 3631 lino
3556 3592 3685 3631 cum
3715 3573 3850 3629 nobis

614 3661 787 3733 382
817 3662 1061 3716 misisset
1084 3659 1283 3715 Filium
1334 3662 1519 3731 gravis
1553 3675 1822 3714 annorum
1855 3657 2039 3724 Pater,
2068 3668 2127 3713 ut
2165 3660 2221 3713 in
2252 3658 2477 3716 Daniele
2515 3660 2746 3731 legimus
2786 3661 2869 3723 ",
2908 3663 3079 3716 libros
3106 3664 3348 3731 aperuit,
3374 3678 3443 3717 ac
3475 3679 3607 3718 reos
3648 3663 3845 3732 quidem

621 3763 971 3823 peccatorum
1002 3754 1211 3822 judicio
1246 3752 1507 3821 subjecit,
1569 3767 1667 3806 eos
1714 3766 1850 3805 vero
1900 3752 1989 3821 qui
2045 3751 2259 3805 fortiter
2302 3758 2531 3818 egerant
2576 3749 2906 3805 coelestibus
2962 3750 3102 3804 locis
3158 3751 3390 3805 inscribi
3476 3749 3852 3816 accenserique

619 3844 861 3903 mandat,
905 3840 1102 3894 deletis
1126 3857 1192 3895 ex
1234 3841 1375 3894 libro
1405 3840 1730 3899 viventium.
1756 3840 1910 3906 juxta
1950 3838 2171 3892 Davidis
2193 3839 2543 3899 vaticinium,
2580 3835 2787 3891 Judzeis
2814 3838 2882 3902 ⁸³,
2900 3839 2995 3908 qui
3031 3840 3276 3909 segniter
3305 3842 3562 3906 egerint,
3596 3842 3848 3908 ﬁdemque

616 3924 1017 3996 derogaverant
1045 3926 1323 3979 vocationi
1353 3941 1487 3990 suae,
1513 3925 1617 3979 hoc
1648 3926 1870 3993 quidem
1896 3933 2231 3994 pnetcxente
2258 3923 2405 3993 quod
2437 3925 2667 3977 emisset
2693 3939 2912 3993 agrum,
2946 3925 3044 3978 illo
3070 3926 3216 3995 quod
3252 3940 3489 3981 uxorem
3516 3928 3784 3981 duxisset.

692 4012 986 4066 Considera
1012 4014 1153 4081 ﬁlios
1180 4011 1324 4078 Levi,
1358 4024 1465 4067 etc.
1499 4010 1611 4083 μη,
1638 4011 1718 4084 6.]
1754 4013 1934 4064 Prima
1966 4013 2189 4081 quidem
2215 4012 2515 4081 descriptio
2538 4022 2623 4066 est
2670 4012 3013 4081 magnanimi
3049 4022 3216 4083 atque
3267 4014 3584 4084 prudentis.
3618 4014 3845 4067 Duarum

620 4113 755 4153 vero
783 4100 1133 4170 sequentium
1167 4099 1339 4153 altera
1378 4100 1604 4168 quidem
1641 4113 1857 4152 omnem
1901 4096 2130 4152 Levitici
2170 4105 2386 4171 generis
2419 4103 2726 4158 masculum
2770 4104 3038 4158 continet.
3078 4106 3264 4158 Altera
3305 4120 3441 4159 vero
3473 4105 3664 4172 reliqui
3702 4102 3837 4168 vulgi

618 4200 730 4240 non
755 4202 971 4241 omnem
1008 4187 1336 4248 masculum,
1368 4199 1560 4239 verum
1593 4186 2022 4253 primogenitum
2051 4187 2211 4254 cujus
2250 4200 2381 4243 aetas
2411 4204 2441 4241 a
2470 4205 2658 4243 mense
2697 4191 2782 4243 vel
2813 4204 2984 4258 supra
3015 4200 3412 4246 numeraretur
3440 4193 3619 4247 etiam.
3655 4187 3848 4242 Prima:

616 4274 825 4327 etenim
855 4274 1217 4343 descriptioni
1248 4273 1397 4326 illam
1443 4287 1668 4341 quoque
1691 4287 1812 4341 quae
1847 4271 2011 4326 ﬁdem
2044 4283 2465 4342 repra-sentaret
2494 4276 2796 4345 adjungere
2824 4284 2945 4330 erat
2990 4294 3264 4333 necesse:
3311 4279 3470 4347 cujus
3503 4275 3720 4345 quidem
3754 4274 3854 4325 duo

622 4362 750 4430 plex
778 4361 989 4415 exstitit
1030 4362 1191 4415 ratio.
1223 4360 1329 4413 Alii
1363 4363 1568 4413 etenim
1603 4359 1695 4412 Dei
1728 4361 1866 4428 jugo
1898 4360 2291 4417 submittentes
2328 4365 2471 4417 colla
2513 4364 2664 4425 fidei,
2696 4365 3047 4418 sanctitatem
3094 4381 3331 4434 operum
3377 4360 3706 4435 adiungunt.
3754 4360 3852 4415 Alii

625 4462 757 4501 vero
782 4462 906 4501 cum
934 4448 1142 4501 mundo
1176 4447 1594 4517 participantcs,
1616 4448 2001 4501 sanctimoniae
2032 4452 2358 4503 exercitium
2389 4464 2645 4504 mancum
2683 4448 3182 4521 imperfectumque
3230 4455 3581 4523 relinquunt.
3624 4450 3851 4516 Quorum

623 4534 705 4588 illi
753 4535 974 4603 quidem
1033 4535 1326 4604 imaginem
1358 4550 1550 4589 eorum
1584 4536 1678 4604 qui
1730 4536 1875 4589 inter
1906 4534 2125 4591 Levitas
2161 4537 2367 4606 primas
2406 4546 2594 4590 tenent
2617 4577 2633 4597 .
2669 4538 2722 4590 hi
2756 4552 2883 4592 vero
2917 4540 3012 4608 qui
3058 4548 3374 4609 sequuntur
3408 4555 3531 4601 eos.
3574 4553 3683 4611 pre
3707 4551 3764 4592 se
3788 4532 3856 4587 fe-

622 4629 775 4674 runt.
801 4620 1001 4675 Cuncti
1034 4637 1214 4674 mares
1254 4622 1603 4691 primogeniti
1655 4612 1867 4676 Christi
1903 4623 2254 4693 primogeniti
2292 4624 2518 4693 figuram
2552 4625 2607 4677 in
2640 4639 2702 4679 se
2738 4623 2964 4678 habent.
2993 4626 3067 4679 At
3107 4627 3207 4695 qui
3250 4626 3339 4679 his
3381 4625 3684 4680 inferiores
3724 4626 3853 4679 still.

626 4706 804 4761 Paulo
833 4723 974 4777 opus
1014 4708 1239 4771 habent,
1272 4711 1367 4777 qui
1402 4723 1498 4763 eos
1528 4708 1821 4777 parturiat.
1852 4709 2029 4764 donec
2060 4711 2114 4763 in
2146 4711 2229 4765 eis
2271 4711 2630 4766 conﬁrmetur
2673 4710 2944 4767 Dominus
2980 4714 3047 4765 ”.
3082 4713 3156 4767 De
3180 4713 3414 4783 reliquis
3443 4713 3671 4781 quidem
3703 4707 3856 4763 tribu-

624 4796 730 4850 bus
760 4812 868 4849 non
909 4805 1144 4850 cunctus
1186 4811 1326 4855 nias.
1365 4796 1476 4849 imo
1526 4796 1930 4864 primogenitus
1965 4806 2177 4850 tantum
2210 4797 2562 4852 describitur.
2616 4797 2674 4852 Si
2718 4799 2941 4868 quidem
2990 4814 3100 4853 non
3151 4799 3336 4855 omnis
3390 4801 3564 4855 homo
3599 4796 3768 4854 ﬁdelis
3807 4800 3855 4845 el

624 4885 851 4938 Christo
902 4883 1208 4939 conformis
1238 4892 1346 4945 est,
1404 4898 1530 4937 cum
1583 4884 1740 4938 multi
1775 4900 1886 4938 non
1942 4884 2172 4939 credant
2209 4890 2456 4939 omnino.
2504 4886 2776 4939 Czeterum
2826 4886 2894 4941 de
2926 4886 3133 4941 Levitis
3165 4888 3394 4941 omnis:
3458 4906 3478 4938 ι
3531 4885 3679 4941 Deus
3733 4881 3853 4935 enim

624 4973 774 5041 quod
808 4984 1061 5025 sanctum
1112 4984 1197 5026 est
1225 4970 1330 5027 sibi
1383 4983 1558 5026 tutum
1606 4974 1868 5026 vindicat.
1908 4990 1927 5022 ι
1961 4971 2180 5026 Claram
2228 4987 2359 5027 vero
2405 4969 2612 5025 Christi
2654 4971 2938 5026 infantiam
2976 4973 3140 5037 facit,
3179 4973 3329 5042 quod
3383 4971 3852 5044 priniogeuitorum

626 5058 1033 5129 dcscriptioad
1067 5061 1276 5115 mensis
1306 5074 1527 5129 quoque
1564 5068 1781 5113 :etatem
1819 5070 1875 5113 et
1906 5074 2073 5129 supra
2110 5074 2234 5113 sese
2257 5059 2581 5113 demittebat
2616 5078 2815 5133 usque.
2850 5061 2922 5116 Et
2954 5064 3095 5118 tales
3123 5077 3252 5117 cum
3282 5077 3386 5117 nos
3418 5078 3549 5117 esse
3581 5062 3762 5119 vellet.
3785 5060 3857 5111 in-

624 5147 785 5215 quit:
822 5164 841 5196 ι
873 5145 1006 5199 Sitis
1033 5148 1329 5213 prudentes
1362 5147 1513 5201 velut
1547 5154 1855 5215 serpentes,
1886 5155 1941 5199 et
1974 5145 2122 5213 plani
2160 5144 2303 5197 sicut
2342 5147 2701 5202 columbe”.
2749 5168 2768 5200 ι
2804 5148 2952 5213 Quin
3006 5159 3061 5203 et
3097 5148 3299 5202 Paulus
3338 5148 3478 5203 dicit
3514 5167 3531 5202 :
3575 5167 3595 5199 ι
3640 5146 3861 5201 Fratrem

625 5249 696 5287 ne
727 5233 872 5287 ﬁalis
899 5235 1177 5288 mentibus
1206 5234 1410 5287 vestris
1444 5234 1690 5303 puerulis
1723 5234 1959 5296 similes,
2010 5231 2106 5285 sed
2155 5231 2403 5284 malitia:
2443 5232 2610 5286 corde
2645 5248 2775 5287 vero
2822 5234 2890 5287 ad
2938 5233 3335 5301 perfectionem
3369 5237 3625 5305 aspirate
3651 5234 3725 5285 ’⁸.
3766 5249 3783 5281 ι
3810 5227 3862 5280 1η
4000 5260 4003 5325 1i

627 5327 769 5379 votis
816 5324 964 5378 enim
994 5322 1221 5392 ρειῐειριί
1274 5325 1476 5377 habent
1512 5332 1570 5377 ut
1601 5338 1909 5384 serventur.
1946 5332 2001 5377 et
2036 5323 2226 5377 honori

2403 5332 2459 5371 im
2512 5318 2620 5387 piis
2670 5320 2790 5374 suis
2825 5320 3109 5374 laboribus
3160 5331 3526 5389 pepererunt,
3586 5319 3865 5393 participes

628 5412 868 5468 ﬁamus:
899 5410 1159 5478 lagnum
1201 5411 1351 5464 enim
1398 5426 1484 5465 me
1520 5418 1672 5466 tenet
1697 5411 1862 5466 vestri
1890 5410 2252 5473 desiderium,
2288 5409 2485 5478 inquit,
2521 5419 2579 5463 ut
2607 5409 2880 5466 donorum
2914 5412 3296 5482 spiritualium
3331 5413 3495 5470 vobis
3524 5392 3867 5485 aliquodim-
3968 5408 3973 5411 ’

702 5598 749 5629 ⁸⁸
775 5594 919 5651 Psal.
948 5611 1127 5655 caui,
1161 5595 1215 5648 4.
1289 5597 1336 5627 ³⁸
1379 5593 1485 5646 lsa.
1534 5610 1626 5651 ιι..
1656 5591 1748 5645 26.
1826 5593 1871 5623 “
1902 5590 2092 5644 Matth.
2132 5606 2185 5653 x,
2218 5589 2301 5644 ξε).

2269 5589 2313 5644 9.
2387 5589 2427 5620 "
2467 5588 2597 5641 Luc.
2635 5588 2804 5654 χλι),
2918 5590 2986 5621 ⁶¹⁹
3016 5589 3165 5643 Psal.
3206 5604 3416 5651 uvm.
3446 5590 3544 5645 29.
3664 5592 3709 5621 ⁸⁸
3748 5582 3868 5655 ibid.

628 5667 679 5701 ⁸⁸
703 5667 878 5722 Exod.
908 5683 1081 5723 xxxii.
1119 5653 1208 5718 δὲ.
1287 5661 1526 5717 ⁸⁵110111.
1567 5680 1639 5718 ιι.
1686 5663 1767 5715 Il.
1846 5664 1890 5694 ⁸³
1916 5661 2273 5731 l‘sat.xxmi.
2308 5662 2361 5731 8.
2437 5660 2483 5689 “
2521 5653 2693 5714 lCor.
2726 5673 2835 5725 vtt,
2860 5660 2915 5713 7.
2992 5662 3037 5690 ⁶⁷
3069 5660 3207 5716 Dan.
3236 5677 3334 5727 vit,
3368 5662 3437 5716 t3
3464 5675 3581 5731 seq.
3670 5660 3714 5691 "
3741 5653 3870 5709 Ρδειιι

633 5752 844 5803 vam,
883 5737 973 5803 9.9.
1050 5737 1095 5767 "
1133 5735 1308 5789 Galat.
1353 5751 1425 5795 tv,
1458 5735 1541 5789 19.
1617 5734 1664 5764 "
1697 5732 1890 5797 Matth,
1926 5748 1977 5795 x,
2022 5731 2101 5783 16.
2182 5732 2221 5761 τ¹
2258 5730 2429 5785 lCor.
2467 5743 2575 5793 xlv,
2603 5731 2699 5787 ‘20.
