4050 6212
244 379 350 445 797

1313 326 1320 334 ‘
1347 375 1756 438 COMMENTA
1769 375 1881 434 [ill
1914 373 1994 432 ΙΝ
2034 368 2422 430 NUMEROS.

3388 357 3492 420 798

249 493 515 568 pertiam,
555 507 749 562 nempe
794 501 1004 548 certam
1049 499 1105 546 et
1138 500 1482 546 constantem
1519 488 1608 542 Dei
1641 487 2049 555 mgnitionem:
2086 479 2483 536 recordabatur
2509 474 2652 532 enim
2685 471 2890 528 Christi
2918 469 3210 568 verborum
3293 467 3494 568 «Hii-ra-

252 554 328 638 iis
363 554 698 650 accepistis;
719 581 893 648 gratis
922 577 1132 634 reddite
1159 578 1226 630 ⁷¹.
1269 595 1287 628 ι
1318 579 1395 630 Ac
1424 577 1478 630 in
1513 554 1728 630 summa
1779 572 1996 642 quidem
2039 583 2235 637 magna
2267 567 2426 620 nobis
2475 576 2570 633 per
2605 561 2729 616 illos
2787 573 2954 614 usura
2992 555 3162 618 redit,
3211 554 3257 609 si
3303 554 3489 606 divina

252 677 477 740 propter
498 645 745 736 peccata
765 676 1028 734 concepta
1079 664 1276 720 aemula
1311 669 1624 717 concurrat.
1657 658 1926 726 Quodrca
1961 659 2228 713 Jeremias
2263 655 2720 726 supplicationem
2753 665 2852 722 pro
2885 649 3087 721 populo
3126 645 3270 716 apud
3320 646 3488 698 Deum

251 735 559 819 Iguuium,
591 755 744 808 audit
789 771 804 807 :
847 771 866 804 ι
911 752 1178 808 Oherrate
1206 751 1262 805 in
1287 750 1390 805 viis
1417 747 1746 808 Jerusalem,
1781 755 1832 800 et
1873 747 2050 800 videte
2090 744 2138 798 si
2167 744 2296 814 quis
2321 742 2591 810 judicium
2615 747 2894 801 exerceat,
2935 746 2992 791 et
3033 735 3188 788 [idem
3219 741 3486 819 sectetur.

251 840 408 908 Quod
439 841 490 896 si
521 817 708 904 fuerit,
729 849 829 910 ego
863 854 1084 909 quoque
1107 837 1388 909 episcopis
1421 837 1691 906 propitius
1725 833 1881 888 fuero
1901 835 2044 890 "'“.
2076 853 2094 885 ι
2127 829 2182 886 ιιι
2213 831 2470 887 Sodomis
2498 841 2718 900 quoque
2740 827 2810 881 de
2834 827 3078 896 quinque
3107 817 3352 894 [decem]
3377 835 3492 888 per-

251 936 510 986 contatus
541 935 626 983 est
665 929 742 992 ",
770 909 1006 996 quorum
1036 927 1210 996 gratia
1237 925 1372 978 iram
1421 939 1574 976 suam
1599 921 1774 977 voluit
1803 921 2097 990 deponere.

283 1041 290 1047 -
321 1017 462 1072 Cave
494 1033 558 1071 ue
589 1018 784 1069 tribum
815 1014 940 1069 Levi
985 1015 1084 1069 alii
1111 1029 1413 1066 accenseas.
1449 1007 1593 1083 [l0.]
1635 1009 1861 1077 Propter
1893 1005 2162 1062 sacriﬁcia
2195 1003 2364 1073 hujus
2414 1002 2592 1058 tribus
2623 1004 2741 1056 haec
2785 999 2928 1054 facta
2961 1007 3051 1054 est
3085 999 3388 1068 separatio,
3425 1011 3490 1051 ea

250 1105 470 1160 ratione
501 1103 778 1166 videlicet,
813 1119 919 1172 qua
951 1101 1251 1171 Apostolus
1283 1101 1450 1153 etiam
1479 1095 1543 1149 ad
1579 1095 1936 1164 Evangelium
1987 1093 2086 1148 fuit
2115 1100 2428 1162 separatus.

321 1189 460 1244 Cave
507 1205 570 1243 ne
609 1191 805 1246 tribum
851 1189 1002 1242 illam
1055 1184 1394 1240 adnunt'eras.
1433 1185 1756 1252 Separetur,
1795 1180 2039 1250 inquam,
2072 1179 2253 1232 tribus
2287 1177 2400 1240 illa,
2441 1182 2668 1244 propter
2699 1173 3068 1228 ministerium
3108 1187 3292 1235 suum,
3341 1173 3490 1239 quod

253 1287 562 1348 separatum
591 1294 720 1334 esse
753 1277 968 1342 dicunt,
1013 1263 1176 1348 atque
1221 1276 1318 1339 ita,
1360 1281 1418 1327 ut
1447 1272 1494 1326 si
1539 1271 1665 1342 quis
1695 1269 1908 1322 alienus
1939 1265 2122 1334 (quem
2161 1262 2339 1317 sacris
2370 1275 2476 1314 non
2513 1259 2787 1348 initiatum
2837 1258 3019 1326 vocat)
3053 1256 3188 1310 illud
3219 1271 3486 1325 capesce-

253 1340 352 1431 rei,
393 1376 720 1422 moreretur.
761 1367 841 1422 Ac
875 1340 1103 1436 neregi'
1131 1363 1356 1434 quidem
1391 1340 1572 1416 sacris
1607 1355 1820 1428 operari
1853 1361 1970 1406 erat
2012 1353 2251 1414 licitum,
2291 1349 2432 1404 adeo
2471 1356 2528 1401 ut
2559 1340 2682 1402 cum
2727 1354 2964 1400 conatus
2995 1353 3144 1400 esset
3175 1345 3290 1409 ille,
3327 1345 3480 1412 lepra

251 1451 592 1507 inliceretur.
624 1452 691 1506 Et
721 1453 825 1508 hac
848 1467 981 1508 sane
1023 1431 1259 1515 ratione,
1285 1466 1349 1504 ex
1381 1446 1727 1502 invocatione
1756 1441 1992 1510 Philippi
2023 1438 2244 1492 diaconi
2278 1435 2522 1507 Spiritus
2565 1449 2674 1490 non
2703 1433 2990 1490 descendit
3021 1433 3088 1488 ab
3117 1434 3308 1496 initio,
3343 1431 3487 1486 Petri

247 1548 301 1593 et
330 1537 560 1594 Joannis
594 1542 701 1594 hoc
723 1540 962 1594 cilicium
1008 1553 1132 1593 cum
1161 1535 1466 1594 esset“.At
1498 1532 1866 1588 concedamus
1895 1543 2029 1581 sane
2063 1527 2206 1600 hanc
2243 1525 2584 1578 iunctionem
2615 1537 2739 1578 esse
2769 1537 3008 1585 sacram,
3045 1521 3177 1590 quid
3217 1537 3345 1575 vera
3369 1519 3485 1589 jam

247 1620 355 1675 ista
401 1624 784 1692 segregatione
807 1632 924 1676 erat
963 1636 1126 1692 opus,
1161 1634 1285 1674 cum
1317 1625 1514 1671 natura
1541 1616 1946 1686 quodammodo
1983 1612 2216 1667 inferius
2242 1627 2272 1666 a
2305 1611 2612 1680 superioris
2651 1610 2845 1664 ordine
2875 1607 3193 1663 abstineat?
3226 1608 3366 1672 Quid
3403 1611 3489 1660 in-

243 1703 418 1773 quis?
443 1705 508 1759 ad
547 1705 759 1758 ordinis
795 1705 1240 1773 perSpicuitatem
1286 1699 1465 1754 facere
1494 1710 1656 1764 nota;
1688 1699 1832 1753 unde
1873 1711 2090 1756 constat
2131 1702 2266 1754 illud
2308 1699 2452 1769 quod
2481 1699 2617 1752 dicit
2651 1715 2664 1752 :
2701 1715 2720 1750 ι
2761 1697 3006 1767 Quisque
3043 1698 3098 1751 in
3147 1711 3306 1750 suum
3338 1695 3487 1749 ordi-

243 1805 369 1844 nem
403 1799 457 1844 et
487 1790 768 1844 decuriam
807 1803 928 1845 sese
955 1789 1127 1844 ferat.
1162 1807 1184 1842 ι

241 1877 599 1932 institutione
629 1879 734 1944 sub
758 1877 1062 1946 majoribus
1089 1877 1332 1929 minores
1367 1873 1531 1943 positi
1555 1873 1722 1930 sunt?

1291 1783 1431 1854 Quid
1473 1785 1618 1854 quod
1657 1788 1833 1855 angeli
1875 1804 2098 1858 quoque
2138 1776 2406 1843 centuriis
2436 1794 2567 1841 sunt
2596 1783 2901 1854 disjuncti?
2938 1781 3079 1850 Quid
3124 1784 3268 1854 quod
3295 1783 3484 1836 divina

316 1961 524 2017 Ponant
573 1973 746 2016 autem
799 1975 979 2018 castra
1029 1964 1282 2017 orientem
1337 1977 1513 2014 versus
1541 1958 1610 2011 ad
1644 1959 1964 2011 exorientem
1995 1958 2158 2012 solem
2196 1959 2286 2028 qui
2307 1965 2428 2012 sunt
2480 1956 2576 2010 sub
2608 1939 2801 2010 vexillo
2843 1964 3140 2009 castrorum
3184 1952 3333 2008 ludo
3395 1967 3486 2020 per

241 2052 509 2106 exercitus
541 2068 666 2106 suos
713 2053 778 2106 “.
813 2049 952 2122 [22.]
985 2052 1158 2105 Judas
1189 2047 1551 2118 primogenito
1584 2045 1773 2099 Ruben
1808 2049 2166 2116 prmponitur,
2203 2044 2347 2114 (ιιιυὰ
2398 2045 2451 2096 in
2483 2041 2709 2096 Christo
2737 2041 2983 2096 secundo
3011 2043 3132 2096 loco
3167 2049 3253 2096 est
3281 2050 3482 2093 nolan-

241 2139 398 2193 dum.
430 2137 544 2192 Sub
574 2139 738 2207 primi
765 2139 922 2192 ducis
959 2139 1152 2207 signis,
1183 2137 1235 2188 in
1271 2136 1479 2188 lumine
1503 2143 1557 2188 et
1587 2134 1784 2202 Spiritu
1830 2137 1992 2188 vitam
2019 2148 2174 2187 suam
2214 2133 2580 2200 transigentes
2612 2130 2996 2198 designantur.
3033 2128 3304 2183 Castorum
3334 2128 3482 2196 quod

243 2226 342 2281 alii
379 2225 744 2279 tabernaculo
769 2226 895 2279 aliis
917 2224 1208 2278 imminent
1242 2223 1489 2292 propius,
1529 2221 1669 2275 alios
1701 2221 1887 2274 virtuti
1923 2219 2220 2273 viciniores
2249 2219 2372 2271 aliis
2407 2233 2527 2272 esse
2559 2219 2828 2271 insinuat.
2865 2215 3040 2272 Habet
3066 2213 3256 2276 Judas,
3311 2226 3340 2264 a
3373 2227 3484 2280 quo

237 2310 500 2367 Christus
529 2311 835 2366 secundum
866 2305 1090 2368 carnem
1122 2320 1290 2364 natus
1315 2317 1424 2373 est,
1457 2309 1691 2378 prinmm
1729 2307 1909 2363 locum
1949 2317 2074 2377 post
2116 2313 2227 2360 tres
2267 2305 2399 2358 illas
2435 2319 2556 2374 quae
2583 2319 2612 2356 a
2641 2303 2892 2374 principe
2922 2302 3069 2357 tribu
3109 2299 3299 2354 Ruben
3331 2299 3481 2354 vidc~

235 2397 389 2461 licet,
421 2407 805 2452 numerantur.

308 2506 510 2574 Τάγμα
534 2505 787 2576 δεύτερον
842 2503 976 2576 (48),
1026 2497 1208 2558 οὗτοιο
1279 2501 1529 2572 Ῥουϐὶμ,
1567 2500 1807 2572 Συμεὼν,

1990 2496 2302 2552 Secundum
2356 2473 2547 2551 Ruben
2582 2497 2765 2552 habet.
2815 2495 2942 2552 Post
2991 2510 3171 2566 regem
3210 2493 3356 2550 enim
3388 2506 3479 2547 se-

231 2598 366 2652 Γάδ.
407 2599 464 2653 '0
496 2585 835 2668 πρωτότοκος
861 2597 1078 2666 ἐξάρχει
1107 2595 1245 2664 μετᾶ
1263 2594 1355 2648 τὸν
1381 2593 1624 2662 βασιλέα.
1649 2595 1808 2662 Πρω-

229 2690 458 2751 τότοκος
489 2691 597 2759 γὰρ
624 2691 652 2742 6
677 2687 911 2759 Χριστὸς
944 2689 1002 2740 ὲν
1041 2685 1227 2755 σαρκί.
1278 2687 1542 2757 Δεύτερον
1570 2683 1627 2736 δὲ
1658 2685 1718 2738 τὸ
1750 2687 1808 2738 ἐν

233 2776 472 2848 ὑπάρξει.
497 2777 712 2846 σεμνὸν,
744 2775 864 2846 ἤτὸ
893 2775 1191 2845 βασιλικόν.
1231 2773 1593 2836 Συνέζευκται
1617 2773 1672 2827 δὲ
1695 2775 1808 2837 τοῖς

233 2867 542 2938 ἱλευθέροις
577 2867 638 2919 τὸ
671 2865 876 2931 δοῦλον,
909 2865 1272 2936 βυηθοῦμενον
1292 2867 1360 2936 τῇ
1399 2863 1650 2931 συζεύξει
1670 2880 1684 2894 '
1711 2863 1807 2917 καὶ

229 2960 397 3014 τοῦτο
427 2959 659 3028 μάλιστα
691 2957 842 3025 παρὰ
874 2956 1096 3028 Χριστῷ
1125 2997 1141 3020 ,
1183 2957 1321 3010 ὅπου
1355 2957 1457 3009 οὐκ
1497 2955 1576 3010 ἔνι
1601 2955 1806 3021 δυῦλος,

233 3050 356 3104 οὐδὲ
383 3049 684 3118 ἐλεύθερος.

305 3139 505 3210 Τρίτον
531 3141 718 3208 τάγμα
743 3135 888 3194 οὗτοι
915 3155 930 3171 ο
969 3138 1232 3210 Ἐςρρατμ,
1267 3141 1584 3210 Μανασσῆς,
1624 3140 1810 3194 Βενια-

236 3232 352 3306 μίν.
391 3233 484 3286 Ἐκ
509 3232 856 3302 πρωτοτόκου
899 3233 998 3304 τῆς
1059 3232 1258 3302 Ῥαχὴλ
1292 3233 1322 3284 6
1375 3233 1635 3303 Ἐφραῖμ.
1677 3231 1810 3284 Ἀπὸ

240 3325 345 3395 γὰρ
371 3323 465 3377 τοῦ
504 3324 703 3395 Ἰωσὴφ
739 3323 857 3378 υἱοῦ
885 3323 1101 3392 πρώτου
1133 3323 1246 3394 (49)
1277 3325 1380 3390 τῆς
1420 3323 1640 3395 Ῥαχήλ.
1674 3327 1807 3377 Συν-

237 3417 469 3470 inserat
503 3415 561 3469 δὲ
591 3417 686 3469 καὶ
721 3417 750 3470 6
785 3415 996 3486 ἔτερος,
1019 3415 1274 3486 δεύτερος
1313 3415 1408 3481 ὢν,
1457 3417 1721 3488 πρότερος
1749 3418 1809 3470 ἐν

227 3506 392 3577 τύπῳ
431 3507 542 3562 τῶν
591 3509 1033 3578 ἐπιστρεφόντων
1082 3507 1192 3561 ἀπὸ
1232 3508 1330 3562 τοῦ
1367 3509 1604 3580 Ἰσραὴλ,
1639 3509 1807 3563 ὄντων

223 3598 472 3670 ιχθρῶν,
506 3600 600 3652 καὶ
624 3599 711 3652 διὰ
740 3601 866 3664 τοὺς
893 3601 1139 3670 πατέρας
1167 3601 1487 3669 ἀγαπητῶν.

311 3837 584 3936 Τέταρτεω
623 3861 808 3934 τάγμα
865 3865 976 3936 (50)
1027 3867 1165 3920 εἰσὶν
1225 3867 1366 3922 οἶδε’
1421 3867 1554 3932 Δὰν,
1616 3868 1806 3941 Ἀσὴρ,

233 3951 576 4023 Νεφθαλείμ.
601 3951 800 4008 Δοῦλον
821 3954 881 4010 τὸ
903 3954 1210 4024 γένος,ἀλλ’
1229 3957 1330 4013 οὐκ
1353 3957 1680 4028 ἀτιμάζεται
1697 3959 1808 4029 (5i)

230 4045 360 4102 οὐδὲ
391 4047 450 4099 ἐν
471 4045 644 4116 νόμῳ.

1916 2590 2126 2644 cuudus
2159 2589 2644 2658 primogenituram
2674 2587 2836 2658 383
2885 2588 3058 2642 honor
3104 2594 3312 2649 manet,
3369 2585 3484 2654 pri-

1917 2679 2222 2748 mogenitus
2253 2679 2402 2732 enim
2444 2679 2626 2732 omnis
2649 2679 2834 2732 carnis
2864 2676 3122 2732 Christus
3153 2676 3371 2730 exsistit
3413 2675 3484 2729 ¹⁸.

1913 2769 2164 2840 Capulati
2192 2785 2322 2825 vero
2372 2777 2503 2826 sunt
2567 2770 2754 2826 liberis
2801 2771 2970 2836 servi,
3027 2778 3086 2823 ut
3145 2778 3336 2837 mutuo
3379 2767 3484 2838 sibi

1911 2869 2210 2940 suppetias
2239 2868 2460 2930 ferant.
2485 2867 2641 2934 Quod
2694 2869 2749 2922 in
2802 2867 2998 2937 primis
3027 2865 3168 2936 apud
3201 2863 3484 2918 Christum

1916 2961 2034 3016 ﬁeri
2067 2963 2229 3025 solet,
2261 2962 2316 3015 in
2341 2975 2452 3031 quo
2492 2974 2594 3014 nec
2628 2974 2824 3014 servus
2864 2965 2949 3013 est
2991 2954 3365 3012 nec'libertus
3391 2956 3434 2986 “
3467 2973 3483 3010 :

1915 3067 2086 3122 super
2117 3053 2486 3107 servos-enim
2529 3051 2760 3122 spiritus
2793 3058 2880 3105 est
2901 3047 3135 3104 eﬂusus.

1983 3143 2224 3200 Tertiam
2283 3143 2574 3198 stationem
2621 3141 2907 3212 Ephraim,
2958 3141 3238 3202 Manasse,
3281 3137 3492 3207 Benja-

1914 3239 2028 3290 min
2070 3237 2345 3290 obtinent.
2371 3233 2448 3288 Ex
2487 3235 2852 3306 prinmgenito
2899 3232 3156 3287 Rachelis
3195 3240 3492 3299 susceptus

1899 3325 2000 3382 ‘est
2040 3326 2324 3397 Ephraim,
2350 3340 2380 3380 a
2410 3323 2654 3397 Josepho
2675 3327 2822 3383 enim
2859 3326 3038 3397 primo
3079 3321 3336 3378 Rachelis
3377 3320 3492 3374 lilio

1913 3428 1996 3475 est
2056 3420 2400 3490 progenitus.
2453 3419 2789 3490 Adjungitur
2818 3434 2952 3473 vero
2982 3417 3146 3472 etiam
3185 3416 3350 3478 alter,
3388 3429 3489 3482 po-

1914 3509 2114 3564 sterior
2153 3508 2379 3578 quidem
2419 3507 2475 3561 in
2524 3505 2755 3573 ordine,
2789 3507 2937 3577 prior
2992 3521 3123 3561 vero
3160 3504 3214 3558 in
3271 3504 3440 3574 ﬁgura
3469 3538 3486 3566 ,

1913 3613 2080 3670 quam
2113 3599 2218 3664 iis,
2257 3597 2354 3668 qui
2395 3613 2464 3652 ex
2513 3598 2753 3653 inimicis
2809 3597 2971 3651 amici
3022 3598 3178 3660 tlunt,
3224 3603 3280 3648 et
3327 3593 3486 3666 chari

1923 3701 2146 3760 propter
2179 3699 2364 3761 patres
2394 3700 2546 3753 sunt,
2579 3690 2819 3759 praetulit
2853 3708 2866 3744 :
2903 3691 2945 3721 ’⁷
2977 3686 3146 3744 Versa
3171 3687 3318 3744 enim
3371 3685 3488 3738 vice

1911 3798 2105 3840 servus
2138 3785 2194 3838 in
2225 3785 2534 3865 libertatem
2562 3793 2648 3839 est
2681 3783 3006 3838 translatus.

1977 3875 2245 3940 Quartum
2282 3875 2531 3930 ordinem
2571 3874 2824 3930 obtinent
2859 3874 2995 3940 Dan,
3027 3873 3165 3928 Aser
3208 3869 3498 3942 Nephtha—

1915 3963 2010 4020 lim
2041 3983 2055 4019 :
2087 3981 2261 4036 genus
2287 3966 2508 4030 servile,
2543 3967 2638 4022 sed
2667 3980 2774 4020 non
2807 3965 3109 4035 despicitur
3137 3963 3191 4018 in
3230 3963 3372 4033 lege.

240 4206 252 4213 η
307 4139 666 4212 Unaquaeque
692 4156 822 4198 vero
878 4141 1061 4198 tribus
1100 4140 1157 4196 in
1192 4141 1418 4196 modum
1447 4142 1730 4198 exercitus
1789 4142 2059 4197 instructa
2089 4151 2229 4197 erat.
2269 4145 2398 4198 Erat
2431 4145 2578 4199 enim
2627 4145 2808 4208 locus,
2841 4153 2960 4200 erat
2997 4142 3254 4198 distincta
3307 4143 3487 4214 regio,

231 4239 359 4288 erat
387 4239 574 4286 certus
609 4247 892 4296 numerus,
931 4231 1006 4284 ita
1043 4241 1098 4284 ut
1128 4231 1284 4286 salvo
1317 4231 1512 4286 ordine
1543 4231 1624 4287 ire
1653 4239 1708 4287 et
1752 4229 1932 4286 redire
1974 4239 2226 4300 possent.
2264 4231 2496 4301 Insuper
2525 4239 2582 4286 et
2628 4232 2985 4286 manifestum
3045 4229 3208 4284 [iebat
3255 4241 3390 4300 quot
3415 4248 3488 4288 ex

233 4331 456 4390 quaque
497 4317 642 4372 tribu
693 4319 762 4370 ab
792 4332 970 4388 pugna
1003 4321 1422 4386 egrederentur,
1477 4326 1613 4388 quot
1645 4326 1950 4383 manerent,
1980 4324 2224 4389 quotque
2254 4321 2307 4373 in
2336 4319 2481 4376 bello
2527 4319 2729 4374 cadere
2779 4319 3126 4390 contigisset.
3163 4317 3478 4373 Notandum

233 4419 390 4466 vero,
423 4403 565 4480 quod
601 4412 813 4458 tantum
839 4405 946 4472 illi,
979 4405 1070 4475 qui
1109 4403 1301 4475 viginti
1333 4417 1387 4460 et
1425 4422 1592 4477 supra
1629 4421 1898 4462 annorum
1935 4407 2267 4462 exsistentes
2299 4425 2532 4465 censum
2555 4407 2946 4473 sustinebant,
3000 4406 3292 4463 ordinibus
3328 4407 3470 4464 iusi-

233 4491 497 4556 stebant,
521 4491 929 4561 tentoriumque
981 4491 1194 4566 reliqua
1249 4493 1592 4563 supellectile
1662 4494 1850 4550 triduo
1883 4505 2008 4551 ante
2035 4506 2318 4568 assumpta
2347 4497 2757 4553 comitabantur
2784 4537 2798 4562 ,
2836 4504 2895 4550 ut
2923 4492 3211 4567 sequetur.

306 4579 376 4634 Et
407 4581 686 4635 tuebantur
715 4581 984 4636 custodias
1011 4582 1148 4652 ejus,
1176 4581 1409 4637 Aaronis
1432 4582 1694 4640 videlicet.
1731 4581 1871 4656 [58.]
1905 4584 2022 4654 Ipse
2048 4600 2178 4639 vero
2196 4595 2556 4656 repraesentat
2577 4585 2860 4640 Christum
2889 4599 3050 4655 quem
3081 4581 3246 4639 Pater
3283 4580 3478 4638 domui

231 4683 370 4730 suae,
405 4683 526 4738 quae
569 4684 672 4722 nos
705 4682 918 4733 sumus,
941 4669 1208 4738 praefecit.
1240 4672 1311 4723 At
1331 4685 1620 4726 sacrorum
1649 4670 1768 4740 ejus
1802 4673 2136 4742 cooperarii,
2162 4674 2543 4744 apostolorum
2576 4673 2715 4728 crdo
2742 4680 2848 4738 est,
2877 4671 2972 4727 Dei
2995 4671 3144 4727 enim
3174 4671 3485 4741 cooperarii

123 4747 130 4754 ’
230 4760 389 4818 sunt,
419 4754 898 4841 et‘mysteriorum
931 4753 1025 4810 Dei
1053 4755 1514 4841 ‘dispensatores.
1574 4755 1760 4812 lnnuit
1811 4770 1996 4814 autem
2039 4771 2245 4817 Sanctae
2275 4763 2540 4818 Ecclesiae
2571 4760 2818 4825 ordines,
2867 4761 3253 4830 episcoporum
3323 4765 3478 4829 puta.

228 4848 291 4898 et
317 4832 762 4912 presbyterorum
782 4841 878 4912 qui
906 4832 1400 4898 sacra'ministeria
1428 4845 1659 4900 obeunt.
1696 4845 1771 4900 Ea
1808 4862 1938 4903 vero
1968 4864 2092 4918 quae
2127 4849 2273 4904 intra
2302 4851 2602 4904 tentorium
2633 4859 2784 4914 sunt,
2808 4845 3032 4901 ordines
3057 4861 3250 4900 eorum
3284 4845 3482 4899 adum-

228 4927 416 4990 braut,
447 4927 540 4996 qui
561 4941 717 4982 suam
749 4925 908 4982 {idem
934 4928 989 4982 in
1019 4929 1300 4999 profunda
1333 4940 1388 4985 et
1409 4923 1604 4985 abdita
1643 4931 2000 4989 abstrudunt.
2029 4935 2088 4990 In
2122 4951 2266 5006 quos
2297 4931 2751 5005 illud'competit,
2783 4947 2975 4990 sacras
3010 4947 3146 4988 suas
3173 4931 3484 4987 tuebuntur

231 5014 570 5071 functiones.
607 5011 971 5072 Diaconorum
1027 5019 1180 5086 item,
1209 5017 1304 5089 qui
1335 5011 1664 5076 ministeriis
1698 5020 1936 5090 publicis
1959 5022 2274 5092 invigilant,
2306 5023 2403 5093 qui
2445 5023 2712 5092 populum
2753 5021 2826 5076 de
2859 5020 3131 5091 precibus
3166 5026 3222 5074 et
3249 5017 3482 5088 reliquis

303 5120 350 5151 "
383 5118 572 5202 hiatth.
617 5133 670 5179 ι.
707 5117 762 5172 8.
837 5117 1192 5202 "°f‘_Jerem_.
1225 5137 1277 5189 v,
1312 5121 1366 5177 1.
1420 5122 1490 5202 ,ξ’
1513 5122 1649 5202 Gen.
1675 5135 1806 5176 mn

1918 5120 2022 5202 Ξ...
2045 5119 2088 5202 ξ
2115 5118 2236 5202 hct.
2269 5117 2633 5202 ιιιιεῃςεοίὲ..
2687 5115 2859 5202 “Allis
2887 5117 3037 5197 locus
3165 5116 3356 5172 Graeco
3387 5133 3487 5187 pa-

224 5193 601 5314 -:-‘u:nr;::;ﬁ:r
620 5199 725 5254 est,
757 5205 823 5246 ac
846 5190 1005 5248 valde
1033 5185 1340 5264 perplexas.
1419 5194 1466 5227 "
1493 5194 1682 5249 Coloss
1736 5209 1782 5256 ι,
1811 5193 1898 5248 i5.
1978 5191 2025 5224 “
2048 5191 2228 5246 Galat.
2255 5204 2338 5254 ιιι,
2368 5189 2463 5252 28,
2543 5189 2584 5219 ιτ
2617 5188 2674 5242 in
2726 5185 2914 5242 Graeco
2946 5187 3205 5256 quiddam
3236 5185 3492 5244 mancum

277 5279 289 5314 Ι
321 5279 347 5313 υ
462 5277 469 5284 “
587 5298 602 5312 .

1758 5363 1993 5420 NOTAE.

306 5461 420 5546 (48)
459 5477 729 5545 Δευτέραν
768 5476 796 5528 ὁ
857 5475 1101 5546 Ῥᾳυόὴν
1138 5474 1493 5546 παρεμϐολὴν
1540 5471 1655 5546 ἔχει
1712 5474 1806 5525 καὶ
1982 5476 2094 5546 (49)
2143 5473 2354 5546 Τιδοῦς
2383 5473 2536 5546 ἔντος
2565 5471 2693 5546 uicti
2716 5472 2954 5546 stemma.
2999 5473 3062 5525 '0
3089 5473 3211 5546 ᾳρτ.

235 5542 445 5626 scirpo.
475 5542 766 5616 Μετᾶγὰρ
790 5547 880 5599 τὸν
905 5542 1148 5616 βασιλέα
1202 5542 1460 5616 δεότερον
1484 5547 1546 5597 τὸ
1583 5543 1642 5594 ἂν
1670 5556 1806 5610 προ·
1982 5542 2094 5616 (50)
2136 5545 2259 5598 Τῶν
2285 5544 2432 5614 ἀμφὶ
2469 5545 2596 5599 Δάν.
2650 5543 2708 5597 '0
2739 5542 2840 5612 τῆς
2869 5543 3005 5610 Δὺγ.
3037 5542 3168 5596 κὼδ.

239 5615 467 5646 ,ε-ιηε..
504 5617 722 5646 -..μελίη
751 5617 1104 5646 ΠΑ.-.-λ-Αυιιρ
1133 5617 1237 5646 uiua
1265 5617 1289 5646 λ
1317 5615 1518 5646 κάη-ηιμ
1541 5614 1598 5646 lu
1618 5611 1801 5646 ηηΛιῖσ
1983 5619 2092 5646 ιξειι
2143 5615 2283 5646 Ἀἱῖν
2321 5615 2439 5646 lnth
2465 5615 2520 5646 lu
2548 5612 2699 5646 ιιᾹοηΛ
2725 5613 3029 5646 λος-Αιῖλνιι-Λη
3097 5612 3156 5646 Ἷὶ
3186 5610 3242 5646 ηε.

239 5613 472 5742 ὖπᾶἔξει
504 5613 793 5670 σεανόνἸΙ
806 5613 1104 5697 ρωτότοὶιος
1133 5617 1237 5686 γὰρ
1265 5617 1291 5669 6
1317 5613 1518 5685 Κύριος
1541 5614 1598 5666 ἐν
1618 5613 1801 5682 σαριςί·
2143 5615 2283 5668 Ἀλλ’
2321 5613 2441 5668 οὐδὲ
2465 5615 2520 5668 ὲν
2548 5613 2699 5684 νόμῳ
2725 5613 3049 5684 ἁπόὸ).ητον.
3097 5613 3156 5664 ὐ
3185 5613 3307 5665 αὐτ.

241 5707 338 5742 συν
375 5688 592 5752 ζευκτπι
630 5685 711 5752 δὲ,
743 5703 827 5742 κτ.
881 5688 938 5740 ’0
971 5703 1070 5756 της
1103 5687 1240 5755 Αὑγ.
1271 5685 1400 5740 κώδ.
