  <div class='ocr_page' id='page_1' title='image "/cluster/home/n/w/nwhite01/storage/ocr_20150623/87:1/hvd.32044073502353/405.png"; bbox 0 0 4050 6212; ppageno 0'>
   <div class='ocr_carea' id='block_1_1' title="bbox 585 318 3840 387">
    <p class='ocr_par' dir='ltr' id='par_1_1' title="bbox 585 318 3840 387">
     <span class='ocr_line' id='line_1_1' title="bbox 585 318 3840 387; baseline -0.002 -3"><span class='ocrx_word' id='word_1_1' title='bbox 585 323 689 387; x_wconf 75' lang='lat'><strong>793</strong></span> <span class='ocrx_word' id='word_1_2' title='bbox 1877 323 2228 384; x_wconf 84' lang='lat' dir='ltr'><strong>PROCOPII</strong></span> <span class='ocrx_word' id='word_1_3' title='bbox 2269 322 2510 383; x_wconf 60' lang='lat' dir='ltr'><strong>GAZi-EI</strong></span> <span class='ocrx_word' id='word_1_4' title='bbox 3740 318 3840 380; x_wconf 80' lang='lat'><strong>800</strong></span> 
     </span>
    </p>
   </div>
   <div class='ocr_carea' id='block_1_2' title="bbox 589 436 3844 510">
    <p class='ocr_par' dir='ltr' id='par_1_2' title="bbox 589 436 3844 510">
     <span class='ocr_line' id='line_1_2' title="bbox 589 436 3844 510; baseline -0 -19"><span class='ocrx_word' id='word_1_5' title='bbox 589 437 753 492; x_wconf 86' lang='lat' dir='ltr'><strong>rebus</strong></span> <span class='ocrx_word' id='word_1_6' title='bbox 781 436 1061 501; x_wconf 86' lang='lat' dir='ltr'><strong>erudiunt,</strong></span> <span class='ocrx_word' id='word_1_7' title='bbox 1083 437 1176 506; x_wconf 85' lang='lat' dir='ltr'><strong>qui</strong></span> <span class='ocrx_word' id='word_1_8' title='bbox 1196 452 1352 494; x_wconf 89' lang='lat' dir='ltr'><strong>sacra</strong></span> <span class='ocrx_word' id='word_1_9' title='bbox 1379 452 1508 493; x_wconf 85' lang='lat' dir='ltr'><strong>vasa</strong></span> <span class='ocrx_word' id='word_1_10' title='bbox 1542 438 1956 504; x_wconf 80' lang='lat' dir='ltr'><strong>administrant,</strong></span> <span class='ocrx_word' id='word_1_11' title='bbox 1985 442 2036 494; x_wconf 92' lang='lat' dir='ltr'><strong>in</strong></span> <span class='ocrx_word' id='word_1_12' title='bbox 2070 455 2212 510; x_wconf 90' lang='lat' dir='ltr'><strong>quos</strong></span> <span class='ocrx_word' id='word_1_13' title='bbox 2244 439 2378 494; x_wconf 91' lang='lat' dir='ltr'><strong>illud</strong></span> <span class='ocrx_word' id='word_1_14' title='bbox 2403 439 2511 494; x_wconf 88' lang='lat' dir='ltr'><strong>dici</strong></span> <span class='ocrx_word' id='word_1_15' title='bbox 2542 437 2715 509; x_wconf 78' lang='lat' dir='ltr'><strong>possit</strong></span> <span class='ocrx_word' id='word_1_16' title='bbox 2743 453 2756 491; x_wconf 88' lang='lat'><strong>:</strong></span> <span class='ocrx_word' id='word_1_17' title='bbox 2787 458 2803 490; x_wconf 84' lang='grc' dir='ltr'><strong>ι</strong></span> <span class='ocrx_word' id='word_1_18' title='bbox 2838 437 3170 494; x_wconf 87' lang='lat' dir='ltr'><strong>Custodient</strong></span> <span class='ocrx_word' id='word_1_19' title='bbox 3198 437 3484 494; x_wconf 86' lang='lat' dir='ltr'><strong>custodias</strong></span> <span class='ocrx_word' id='word_1_20' title='bbox 3508 436 3844 492; x_wconf 81' lang='lat' dir='ltr'><strong>tabernacu-</strong></span> 
     </span>
    </p>
   </div>
   <div class='ocr_carea' id='block_1_3' title="bbox 588 522 3837 596">
    <p class='ocr_par' dir='ltr' id='par_1_3' title="bbox 588 522 3837 596">
     <span class='ocr_line' id='line_1_3' title="bbox 588 522 3837 596; baseline 0.001 -22"><span class='ocrx_word' id='word_1_21' title='bbox 588 524 648 586; x_wconf 81' lang='lat' dir='ltr'><strong>li,</strong></span> <span class='ocrx_word' id='word_1_22' title='bbox 679 524 862 578; x_wconf 83' lang='lat' dir='ltr'><strong>omnia</strong></span> <span class='ocrx_word' id='word_1_23' title='bbox 887 539 1016 579; x_wconf 87' lang='lat' dir='ltr'><strong>vasa</strong></span> <span class='ocrx_word' id='word_1_24' title='bbox 1046 525 1245 594; x_wconf 92' lang='lat' dir='ltr'><strong>ipsius,</strong></span> <span class='ocrx_word' id='word_1_25' title='bbox 1277 535 1330 580; x_wconf 88' lang='lat' dir='ltr'><strong>et</strong></span> <span class='ocrx_word' id='word_1_26' title='bbox 1366 527 1552 596; x_wconf 86' lang='lat' dir='ltr'><strong>p0pu|i</strong></span> <span class='ocrx_word' id='word_1_27' title='bbox 1587 525 1834 595; x_wconf 87' lang='lat' dir='ltr'><strong>judicia;</strong></span> <span class='ocrx_word' id='word_1_28' title='bbox 1873 546 1891 577; x_wconf 77' lang='grc' dir='ltr'><strong>ι</strong></span> <span class='ocrx_word' id='word_1_29' title='bbox 1927 527 2159 580; x_wconf 75' lang='lat' dir='ltr'><strong>Ministri</strong></span> <span class='ocrx_word' id='word_1_30' title='bbox 2187 528 2332 580; x_wconf 91' lang='lat' dir='ltr'><strong>enim</strong></span> <span class='ocrx_word' id='word_1_31' title='bbox 2370 536 2526 582; x_wconf 87' lang='lat' dir='ltr'><strong>erant</strong></span> <span class='ocrx_word' id='word_1_32' title='bbox 2553 541 2838 582; x_wconf 89' lang='lat' dir='ltr'><strong>sacrorum</strong></span> <span class='ocrx_word' id='word_1_33' title='bbox 2873 540 3163 580; x_wconf 89' lang='lat' dir='ltr'><strong>munerum</strong></span> <span class='ocrx_word' id='word_1_34' title='bbox 3249 534 3304 579; x_wconf 90' lang='lat' dir='ltr'><strong>et</strong></span> <span class='ocrx_word' id='word_1_35' title='bbox 3329 524 3579 594; x_wconf 78' lang='lat' dir='ltr'><strong>magistri</strong></span> <span class='ocrx_word' id='word_1_36' title='bbox 3639 522 3837 592; x_wconf 80' lang='lat' dir='ltr'><strong>plebis.</strong></span> 
     </span>
    </p>
   </div>
   <div class='ocr_carea' id='block_1_4' title="bbox 589 609 3837 683">
    <p class='ocr_par' dir='ltr' id='par_1_4' title="bbox 589 609 3837 683">
     <span class='ocr_line' id='line_1_4' title="bbox 589 609 3837 683; baseline 0.001 -21"><span class='ocrx_word' id='word_1_37' title='bbox 589 609 800 664; x_wconf 83' lang='lat' dir='ltr'><strong>Etcum</strong></span> <span class='ocrx_word' id='word_1_38' title='bbox 837 626 970 679; x_wconf 91' lang='lat' dir='ltr'><strong>puer</strong></span> <span class='ocrx_word' id='word_1_39' title='bbox 996 627 1105 665; x_wconf 91' lang='lat' dir='ltr'><strong>non</strong></span> <span class='ocrx_word' id='word_1_40' title='bbox 1135 624 1282 668; x_wconf 87' lang='lat' dir='ltr'><strong>esset</strong></span> <span class='ocrx_word' id='word_1_41' title='bbox 1308 614 1410 678; x_wconf 86' lang='lat' dir='ltr'><strong>eis,</strong></span> <span class='ocrx_word' id='word_1_42' title='bbox 1462 616 1639 668; x_wconf 86' lang='lat' dir='ltr'><strong>sacris</strong></span> <span class='ocrx_word' id='word_1_43' title='bbox 1662 615 1875 683; x_wconf 91' lang='lat' dir='ltr'><strong>operati</strong></span> <span class='ocrx_word' id='word_1_44' title='bbox 1910 622 2042 668; x_wconf 89' lang='lat' dir='ltr'><strong>sunt</strong></span> <span class='ocrx_word' id='word_1_45' title='bbox 2075 614 2304 667; x_wconf 80' lang='lat' dir='ltr'><strong>Eleazar</strong></span> <span class='ocrx_word' id='word_1_46' title='bbox 2335 625 2384 668; x_wconf 94' lang='lat' dir='ltr'><strong>et</strong></span> <span class='ocrx_word' id='word_1_47' title='bbox 2420 613 2685 679; x_wconf 75' lang='lat' dir='ltr'><strong>Ithamar,</strong></span> <span class='ocrx_word' id='word_1_48' title='bbox 2720 629 2843 667; x_wconf 92' lang='lat' dir='ltr'><strong>cum</strong></span> <span class='ocrx_word' id='word_1_49' title='bbox 2886 621 3042 682; x_wconf 90' lang='lat' dir='ltr'><strong>patre</strong></span> <span class='ocrx_word' id='word_1_50' title='bbox 3077 627 3180 666; x_wconf 91' lang='lat' dir='ltr'><strong>suo</strong></span> <span class='ocrx_word' id='word_1_51' title='bbox 3207 612 3448 666; x_wconf 84' lang='lat' dir='ltr'><strong>Aarone.</strong></span> <span class='ocrx_word' id='word_1_52' title='bbox 3480 611 3535 666; x_wconf 86' lang='lat' dir='ltr'><strong>In</strong></span> <span class='ocrx_word' id='word_1_53' title='bbox 3560 611 3708 665; x_wconf 89' lang='lat' dir='ltr'><strong>satis</strong></span> <span class='ocrx_word' id='word_1_54' title='bbox 3733 619 3837 665; x_wconf 88' lang='lat' dir='ltr'><strong>ete-</strong></span> 
     </span>
    </p>
   </div>
   <div class='ocr_carea' id='block_1_5' title="bbox 589 696 3834 768">
    <p class='ocr_par' dir='ltr' id='par_1_5' title="bbox 589 696 3834 768">
     <span class='ocr_line' id='line_1_5' title="bbox 589 696 3834 768; baseline -0 -19"><span class='ocrx_word' id='word_1_55' title='bbox 589 698 702 749; x_wconf 87' lang='lat' dir='ltr'><strong>nim</strong></span> <span class='ocrx_word' id='word_1_56' title='bbox 730 708 848 750; x_wconf 89' lang='lat' dir='ltr'><strong>erat</strong></span> <span class='ocrx_word' id='word_1_57' title='bbox 877 709 934 751; x_wconf 91' lang='grc' dir='ltr'><strong>ιιι</strong></span> <span class='ocrx_word' id='word_1_58' title='bbox 979 712 1198 752; x_wconf 87' lang='lat' dir='ltr'><strong>sacrum</strong></span> <span class='ocrx_word' id='word_1_59' title='bbox 1254 715 1454 753; x_wconf 90' lang='lat' dir='ltr'><strong>munus</strong></span> <span class='ocrx_word' id='word_1_60' title='bbox 1485 715 1513 753; x_wconf 85' lang='lat' dir='ltr'><strong>a</strong></span> <span class='ocrx_word' id='word_1_61' title='bbox 1548 699 1658 754; x_wconf 90' lang='lat' dir='ltr'><strong>Deo</strong></span> <span class='ocrx_word' id='word_1_62' title='bbox 1689 701 2064 754; x_wconf 91' lang='lat' dir='ltr'><strong>constitutum</strong></span> <span class='ocrx_word' id='word_1_63' title='bbox 2115 699 2341 754; x_wconf 90' lang='lat' dir='ltr'><strong>duraret</strong></span> <span class='ocrx_word' id='word_1_64' title='bbox 2373 707 2663 768; x_wconf 78' lang='lat' dir='ltr'><strong>perpetrm.</strong></span> <span class='ocrx_word' id='word_1_65' title='bbox 2694 699 2762 752; x_wconf 81' lang='lat' dir='ltr'><strong>At</strong></span> <span class='ocrx_word' id='word_1_66' title='bbox 2792 699 2881 752; x_wconf 91' lang='lat' dir='ltr'><strong>hic</strong></span> <span class='ocrx_word' id='word_1_67' title='bbox 2905 699 3127 767; x_wconf 85' lang='lat' dir='ltr'><strong>quidem</strong></span> <span class='ocrx_word' id='word_1_68' title='bbox 3161 712 3333 752; x_wconf 89' lang='lat' dir='ltr'><strong>causa</strong></span> <span class='ocrx_word' id='word_1_69' title='bbox 3374 696 3643 752; x_wconf 92' lang='lat' dir='ltr'><strong>redditur</strong></span> <span class='ocrx_word' id='word_1_70' title='bbox 3681 711 3834 765; x_wconf 90' lang='lat' dir='ltr'><strong>quam</strong></span> 
     </span>
    </p>
   </div>
   <div class='ocr_carea' id='block_1_6' title="bbox 590 783 3836 854">
    <p class='ocr_par' dir='ltr' id='par_1_6' title="bbox 590 783 3836 854">
     <span class='ocr_line' id='line_1_6' title="bbox 590 783 3836 854; baseline -0 -19"><span class='ocrx_word' id='word_1_71' title='bbox 590 783 662 838; x_wconf 89' lang='lat' dir='ltr'><strong>ob</strong></span> <span class='ocrx_word' id='word_1_72' title='bbox 690 783 886 839; x_wconf 81' lang='lat' dir='ltr'><strong>fratres</strong></span> <span class='ocrx_word' id='word_1_73' title='bbox 919 795 1109 839; x_wconf 88' lang='lat' dir='ltr'><strong>contra</strong></span> <span class='ocrx_word' id='word_1_74' title='bbox 1168 801 1227 840; x_wconf 91' lang='lat' dir='ltr'><strong>se</strong></span> <span class='ocrx_word' id='word_1_75' title='bbox 1259 785 1600 840; x_wconf 89' lang='lat' dir='ltr'><strong>dissiderunt</strong></span> <span class='ocrx_word' id='word_1_76' title='bbox 1636 787 1889 841; x_wconf 82' lang='lat' dir='ltr'><strong>invicem.</strong></span> <span class='ocrx_word' id='word_1_77' title='bbox 1926 787 2094 840; x_wconf 80' lang='lat' dir='ltr'><strong>Addit</strong></span> <span class='ocrx_word' id='word_1_78' title='bbox 2119 786 2290 846; x_wconf 88' lang='lat' dir='ltr'><strong>enim,</strong></span> <span class='ocrx_word' id='word_1_79' title='bbox 2328 803 2345 835; x_wconf 75' lang='grc' dir='ltr'><strong>ι</strong></span> <span class='ocrx_word' id='word_1_80' title='bbox 2387 799 2513 838; x_wconf 92' lang='lat' dir='ltr'><strong>cum</strong></span> <span class='ocrx_word' id='word_1_81' title='bbox 2564 785 2781 838; x_wconf 83' lang='lat' dir='ltr'><strong>Aarone</strong></span> <span class='ocrx_word' id='word_1_82' title='bbox 2820 801 2833 837; x_wconf 87' lang='lat'>:</span> <span class='ocrx_word' id='word_1_83' title='bbox 2872 802 2889 834; x_wconf 70' lang='grc' dir='ltr'><strong>ι</strong></span> <span class='ocrx_word' id='word_1_84' title='bbox 2927 800 2956 837; x_wconf 90' lang='lat' dir='ltr'><strong>a</strong></span> <span class='ocrx_word' id='word_1_85' title='bbox 2998 785 3105 836; x_wconf 88' lang='lat' dir='ltr'><strong>Dco</strong></span> <span class='ocrx_word' id='word_1_86' title='bbox 3139 793 3341 854; x_wconf 75' lang='lat' dir='ltr'><strong>-autem</strong></span> <span class='ocrx_word' id='word_1_87' title='bbox 3379 783 3683 838; x_wconf 86' lang='lat' dir='ltr'><strong>sacerdotii</strong></span> <span class='ocrx_word' id='word_1_88' title='bbox 3729 797 3836 851; x_wconf 85' lang='lat' dir='ltr'><strong>per-</strong></span> 
     </span>
    </p>
   </div>
   <div class='ocr_carea' id='block_1_7' title="bbox 592 869 3834 940">
    <p class='ocr_par' dir='ltr' id='par_1_7' title="bbox 592 869 3834 940">
     <span class='ocr_line' id='line_1_7' title="bbox 592 869 3834 940; baseline -0.001 -17"><span class='ocrx_word' id='word_1_89' title='bbox 592 886 724 923; x_wconf 89' lang='lat' dir='ltr'><strong>sona</strong></span> <span class='ocrx_word' id='word_1_90' title='bbox 759 872 988 925; x_wconf 78' lang='lat' dir='ltr'><strong>Aaronis</strong></span> <span class='ocrx_word' id='word_1_91' title='bbox 1022 873 1206 940; x_wconf 80' lang='lat' dir='ltr'><strong>generi</strong></span> <span class='ocrx_word' id='word_1_92' title='bbox 1259 883 1340 926; x_wconf 86' lang='lat' dir='ltr'><strong>est</strong></span> <span class='ocrx_word' id='word_1_93' title='bbox 1372 874 1645 940; x_wconf 89' lang='lat' dir='ltr'><strong>imposita,</strong></span> <span class='ocrx_word' id='word_1_94' title='bbox 1685 887 1783 926; x_wconf 91' lang='lat' dir='ltr'><strong>nec</strong></span> <span class='ocrx_word' id='word_1_95' title='bbox 1813 873 2220 927; x_wconf 72' lang='lat' dir='ltr'><strong>vicissitudinis</strong></span> <span class='ocrx_word' id='word_1_96' title='bbox 2297 871 2708 930; x_wconf 88' lang='lat' dir='ltr'><strong>incertitudine.</strong></span> <span class='ocrx_word' id='word_1_97' title='bbox 2745 881 2802 923; x_wconf 94' lang='grc' dir='ltr'><strong>ιιι</strong></span> <span class='ocrx_word' id='word_1_98' title='bbox 2842 871 2946 926; x_wconf 93' lang='lat' dir='ltr'><strong>sub</strong></span> <span class='ocrx_word' id='word_1_99' title='bbox 2979 872 3144 924; x_wconf 87' lang='lat' dir='ltr'><strong>Saule</strong></span> <span class='ocrx_word' id='word_1_100' title='bbox 3173 871 3429 940; x_wconf 88' lang='lat' dir='ltr'><strong>contigit,</strong></span> <span class='ocrx_word' id='word_1_101' title='bbox 3474 869 3834 922; x_wconf 83' lang='lat' dir='ltr'><strong>labefactare-</strong></span> 
     </span>
    </p>
   </div>
   <div class='ocr_carea' id='block_1_8' title="bbox 591 950 3831 1028">
    <p class='ocr_par' dir='ltr' id='par_1_8' title="bbox 591 950 3831 1028">
     <span class='ocr_line' id='line_1_8' title="bbox 591 950 3831 1028; baseline -0.001 -19"><span class='ocrx_word' id='word_1_102' title='bbox 591 964 702 1010; x_wconf 90' lang='lat' dir='ltr'><strong>tur.</strong></span> <span class='ocrx_word' id='word_1_103' title='bbox 743 959 933 1010; x_wconf 74' lang='lat' dir='ltr'><strong>Adami</strong></span> <span class='ocrx_word' id='word_1_104' title='bbox 988 961 1192 1027; x_wconf 83' lang='lat' dir='ltr'><strong>quippe</strong></span> <span class='ocrx_word' id='word_1_105' title='bbox 1231 961 1486 1028; x_wconf 84' lang='lat' dir='ltr'><strong>prosapia</strong></span> <span class='ocrx_word' id='word_1_106' title='bbox 1530 975 1622 1026; x_wconf 90' lang='lat' dir='ltr'><strong>per</strong></span> <span class='ocrx_word' id='word_1_107' title='bbox 1655 958 1784 1014; x_wconf 90' lang='lat' dir='ltr'><strong>Seth</strong></span> <span class='ocrx_word' id='word_1_108' title='bbox 1819 976 2038 1028; x_wconf 83' lang='lat' dir='ltr'><strong>quoque</strong></span> <span class='ocrx_word' id='word_1_109' title='bbox 2096 950 2535 1012; x_wconf 87' lang='lat' dir='ltr'><strong>conservabatur</strong></span> <span class='ocrx_word' id='word_1_110' title='bbox 2564 968 2686 1026; x_wconf 92' lang='lat' dir='ltr'><strong>post</strong></span> <span class='ocrx_word' id='word_1_111' title='bbox 2715 957 2871 1011; x_wconf 90' lang='lat' dir='ltr'><strong>Caini</strong></span> <span class='ocrx_word' id='word_1_112' title='bbox 2921 965 2975 1011; x_wconf 91' lang='lat' dir='ltr'><strong>et</strong></span> <span class='ocrx_word' id='word_1_113' title='bbox 3008 957 3182 1011; x_wconf 88' lang='lat' dir='ltr'><strong>abelis</strong></span> <span class='ocrx_word' id='word_1_114' title='bbox 3214 967 3467 1011; x_wconf 86' lang='lat' dir='ltr'><strong>mortem.</strong></span> <span class='ocrx_word' id='word_1_115' title='bbox 3497 954 3673 1008; x_wconf 80' lang='lat' dir='ltr'><strong>David</strong></span> <span class='ocrx_word' id='word_1_116' title='bbox 3717 957 3831 1009; x_wconf 87' lang='lat' dir='ltr'><strong>item</strong></span> 
     </span>
    </p>
   </div>
   <div class='ocr_carea' id='block_1_9' title="bbox 593 1041 3834 1116">
    <p class='ocr_par' dir='ltr' id='par_1_9' title="bbox 593 1041 3834 1116">
     <span class='ocr_line' id='line_1_9' title="bbox 593 1041 3834 1116; baseline -0.001 -20"><span class='ocrx_word' id='word_1_117' title='bbox 593 1059 662 1096; x_wconf 89' lang='lat' dir='ltr'><strong>ne</strong></span> <span class='ocrx_word' id='word_1_118' title='bbox 710 1047 1130 1100; x_wconf 86' lang='lat' dir='ltr'><strong>successoribus</strong></span> <span class='ocrx_word' id='word_1_119' title='bbox 1190 1057 1414 1116; x_wconf 91' lang='lat' dir='ltr'><strong>propter</strong></span> <span class='ocrx_word' id='word_1_120' title='bbox 1446 1047 1759 1101; x_wconf 81' lang='lat' dir='ltr'><strong>Solomonis</strong></span> <span class='ocrx_word' id='word_1_121' title='bbox 1798 1048 2260 1102; x_wconf 83' lang='lat' dir='ltr'><strong>exorbitationem</strong></span> <span class='ocrx_word' id='word_1_122' title='bbox 2298 1043 2717 1107; x_wconf 75' lang='lat' dir='ltr'><strong>destitueretur,</strong></span> <span class='ocrx_word' id='word_1_123' title='bbox 2752 1043 2954 1098; x_wconf 74' lang='lat' dir='ltr'><strong>eximia</strong></span> <span class='ocrx_word' id='word_1_124' title='bbox 2988 1044 3190 1110; x_wconf 85' lang='lat' dir='ltr'><strong>pietate</strong></span> <span class='ocrx_word' id='word_1_125' title='bbox 3219 1059 3314 1096; x_wconf 88' lang='lat' dir='ltr'><strong>sua</strong></span> <span class='ocrx_word' id='word_1_126' title='bbox 3352 1054 3436 1096; x_wconf 88' lang='lat' dir='ltr'><strong>est</strong></span> <span class='ocrx_word' id='word_1_127' title='bbox 3479 1041 3834 1103; x_wconf 82' lang='lat' dir='ltr'><strong>sublevatus;</strong></span> 
     </span>
    </p>
   </div>
   <div class='ocr_carea' id='block_1_10' title="bbox 593 1129 3830 1203">
    <p class='ocr_par' dir='ltr' id='par_1_10' title="bbox 593 1129 3830 1203">
     <span class='ocr_line' id='line_1_10' title="bbox 593 1129 3830 1203; baseline 0 -21"><span class='ocrx_word' id='word_1_128' title='bbox 593 1129 800 1183; x_wconf 87' lang='lat' dir='ltr'><strong>factum</strong></span> <span class='ocrx_word' id='word_1_129' title='bbox 831 1140 916 1185; x_wconf 85' lang='lat' dir='ltr'><strong>est</strong></span> <span class='ocrx_word' id='word_1_130' title='bbox 945 1134 1125 1192; x_wconf 63' lang='lat' dir='ltr'><strong>euim,</strong></span> <span class='ocrx_word' id='word_1_131' title='bbox 1146 1143 1201 1185; x_wconf 87' lang='lat' dir='ltr'><strong>ut</strong></span> <span class='ocrx_word' id='word_1_132' title='bbox 1243 1149 1338 1201; x_wconf 89' lang='lat' dir='ltr'><strong>per</strong></span> <span class='ocrx_word' id='word_1_133' title='bbox 1365 1135 1541 1201; x_wconf 87' lang='lat' dir='ltr'><strong>ipsum</strong></span> <span class='ocrx_word' id='word_1_134' title='bbox 1581 1142 2008 1187; x_wconf 86' lang='lat' dir='ltr'><strong>conservaretur</strong></span> <span class='ocrx_word' id='word_1_135' title='bbox 2045 1133 2212 1198; x_wconf 81' lang='lat' dir='ltr'><strong>filius,</strong></span> <span class='ocrx_word' id='word_1_136' title='bbox 2254 1136 2436 1203; x_wconf 90' lang='lat' dir='ltr'><strong>potius</strong></span> <span class='ocrx_word' id='word_1_137' title='bbox 2467 1149 2632 1202; x_wconf 90' lang='lat' dir='ltr'><strong>quam</strong></span> <span class='ocrx_word' id='word_1_138' title='bbox 2664 1142 2722 1186; x_wconf 94' lang='lat' dir='ltr'><strong>ut</strong></span> <span class='ocrx_word' id='word_1_139' title='bbox 2764 1134 2880 1200; x_wconf 91' lang='lat' dir='ltr'><strong>ipse</strong></span> <span class='ocrx_word' id='word_1_140' title='bbox 2911 1140 3135 1202; x_wconf 86' lang='lat' dir='ltr'><strong>propter</strong></span> <span class='ocrx_word' id='word_1_141' title='bbox 3166 1130 3336 1185; x_wconf 86' lang='lat' dir='ltr'><strong>lilium</strong></span> <span class='ocrx_word' id='word_1_142' title='bbox 3373 1144 3474 1183; x_wconf 87' lang='lat' dir='ltr'><strong>sua</strong></span> <span class='ocrx_word' id='word_1_143' title='bbox 3517 1129 3700 1200; x_wconf 86' lang='lat' dir='ltr'><strong>stirpe</strong></span> <span class='ocrx_word' id='word_1_144' title='bbox 3741 1144 3830 1184; x_wconf 80' lang='lat' dir='ltr'><strong>ex-</strong></span> 
     </span>
    </p>
   </div>
   <div class='ocr_carea' id='block_1_11' title="bbox 592 1217 3835 1290">
    <p class='ocr_par' dir='ltr' id='par_1_11' title="bbox 592 1217 3835 1290">
     <span class='ocr_line' id='line_1_11' title="bbox 592 1217 3835 1290; baseline -0.001 -18"><span class='ocrx_word' id='word_1_145' title='bbox 592 1219 829 1282; x_wconf 75' lang='lat' dir='ltr'><strong>cideret;</strong></span> <span class='ocrx_word' id='word_1_146' title='bbox 865 1219 1327 1287; x_wconf 72' lang='lat' dir='ltr'><strong>quemadmodum</strong></span> <span class='ocrx_word' id='word_1_147' title='bbox 1360 1221 1627 1287; x_wconf 91' lang='lat' dir='ltr'><strong>scriptum</strong></span> <span class='ocrx_word' id='word_1_148' title='bbox 1657 1229 1762 1273; x_wconf 90' lang='lat' dir='ltr'><strong>est.</strong></span> <span class='ocrx_word' id='word_1_149' title='bbox 1793 1222 1871 1274; x_wconf 80' lang='lat' dir='ltr'><strong>Ac</strong></span> <span class='ocrx_word' id='word_1_150' title='bbox 1900 1218 2066 1273; x_wconf 85' lang='lat' dir='ltr'><strong>Israel</strong></span> <span class='ocrx_word' id='word_1_151' title='bbox 2104 1219 2211 1275; x_wconf 87' lang='lat' dir='ltr'><strong>non</strong></span> <span class='ocrx_word' id='word_1_152' title='bbox 2247 1219 2497 1274; x_wconf 87' lang='lat' dir='ltr'><strong>funditus</strong></span> <span class='ocrx_word' id='word_1_153' title='bbox 2519 1220 2794 1290; x_wconf 84' lang='lat' dir='ltr'><strong>extirpata</strong></span> <span class='ocrx_word' id='word_1_154' title='bbox 2823 1227 2925 1280; x_wconf 88' lang='lat' dir='ltr'><strong>est,</strong></span> <span class='ocrx_word' id='word_1_155' title='bbox 2959 1233 3086 1272; x_wconf 90' lang='lat' dir='ltr'><strong>cum</strong></span> <span class='ocrx_word' id='word_1_156' title='bbox 3126 1217 3180 1270; x_wconf 92' lang='lat' dir='ltr'><strong>in</strong></span> <span class='ocrx_word' id='word_1_157' title='bbox 3216 1232 3279 1272; x_wconf 91' lang='lat' dir='ltr'><strong>ea</strong></span> <span class='ocrx_word' id='word_1_158' title='bbox 3310 1225 3498 1271; x_wconf 83' lang='lat' dir='ltr'><strong>essent</strong></span> <span class='ocrx_word' id='word_1_159' title='bbox 3527 1218 3627 1284; x_wconf 77' lang='lat' dir='ltr'><strong>qui</strong></span> <span class='ocrx_word' id='word_1_160' title='bbox 3656 1217 3835 1270; x_wconf 85' lang='lat' dir='ltr'><strong>crede-</strong></span> 
     </span>
    </p>
   </div>
   <div class='ocr_carea' id='block_1_12' title="bbox 593 1302 3835 1376">
    <p class='ocr_par' dir='ltr' id='par_1_12' title="bbox 593 1302 3835 1376">
     <span class='ocr_line' id='line_1_12' title="bbox 593 1302 3835 1376; baseline -0.001 -19"><span class='ocrx_word' id='word_1_161' title='bbox 593 1305 747 1358; x_wconf 86' lang='lat' dir='ltr'><strong>bant.</strong></span> <span class='ocrx_word' id='word_1_162' title='bbox 781 1305 1046 1374; x_wconf 90' lang='lat' dir='ltr'><strong>lniquitas</strong></span> <span class='ocrx_word' id='word_1_163' title='bbox 1073 1307 1218 1360; x_wconf 92' lang='lat' dir='ltr'><strong>enim</strong></span> <span class='ocrx_word' id='word_1_164' title='bbox 1247 1307 1368 1374; x_wconf 84' lang='lat' dir='ltr'><strong>ejus</strong></span> <span class='ocrx_word' id='word_1_165' title='bbox 1391 1316 1474 1361; x_wconf 89' lang='lat' dir='ltr'><strong>est</strong></span> <span class='ocrx_word' id='word_1_166' title='bbox 1501 1307 1748 1369; x_wconf 90' lang='lat' dir='ltr'><strong>inducta,</strong></span> <span class='ocrx_word' id='word_1_167' title='bbox 1782 1315 2007 1375; x_wconf 83' lang='lat' dir='ltr'><strong>prapter</strong></span> <span class='ocrx_word' id='word_1_168' title='bbox 2038 1306 2429 1376; x_wconf 72' lang='lat' dir='ltr'><strong>benignitatem</strong></span> <span class='ocrx_word' id='word_1_169' title='bbox 2468 1307 2582 1369; x_wconf 91' lang='lat' dir='ltr'><strong>Dei,</strong></span> <span class='ocrx_word' id='word_1_170' title='bbox 2615 1321 2778 1374; x_wconf 84' lang='lat' dir='ltr'><strong>quam</strong></span> <span class='ocrx_word' id='word_1_171' title='bbox 2815 1306 3071 1376; x_wconf 88' lang='lat' dir='ltr'><strong>concepit</strong></span> <span class='ocrx_word' id='word_1_172' title='bbox 3097 1320 3224 1374; x_wconf 88' lang='lat' dir='ltr'><strong>erga</strong></span> <span class='ocrx_word' id='word_1_173' title='bbox 3252 1313 3454 1373; x_wconf 88' lang='lat' dir='ltr'><strong>patres.</strong></span> <span class='ocrx_word' id='word_1_174' title='bbox 3492 1302 3835 1372; x_wconf 83' lang='lat' dir='ltr'><strong>Quapropter</strong></span> 
     </span>
    </p>
   </div>
   <div class='ocr_carea' id='block_1_13' title="bbox 593 1389 3834 1463">
    <p class='ocr_par' dir='ltr' id='par_1_13' title="bbox 593 1389 3834 1463">
     <span class='ocr_line' id='line_1_13' title="bbox 593 1389 3834 1463; baseline -0.001 -18"><span class='ocrx_word' id='word_1_175' title='bbox 593 1403 824 1461; x_wconf 80' lang='lat' dir='ltr'><strong>augusta</strong></span> <span class='ocrx_word' id='word_1_176' title='bbox 853 1394 1166 1462; x_wconf 89' lang='lat' dir='ltr'><strong>antiquitus</strong></span> <span class='ocrx_word' id='word_1_177' title='bbox 1198 1394 1406 1448; x_wconf 85' lang='lat' dir='ltr'><strong>sobolis</strong></span> <span class='ocrx_word' id='word_1_178' title='bbox 1464 1393 1783 1463; x_wconf 81' lang='lat' dir='ltr'><strong>pmpagatio</strong></span> <span class='ocrx_word' id='word_1_179' title='bbox 1818 1393 1922 1446; x_wconf 88' lang='lat' dir='ltr'><strong>fuit</strong></span> <span class='ocrx_word' id='word_1_180' title='bbox 1953 1394 2100 1447; x_wconf 88' lang='lat' dir='ltr'><strong>sicut</strong></span> <span class='ocrx_word' id='word_1_181' title='bbox 2124 1393 2388 1448; x_wconf 88' lang='lat' dir='ltr'><strong>sterilitas</strong></span> <span class='ocrx_word' id='word_1_182' title='bbox 2419 1394 2694 1463; x_wconf 79' lang='lat' dir='ltr'><strong>lugubris.</strong></span> <span class='ocrx_word' id='word_1_183' title='bbox 2731 1391 2969 1446; x_wconf 86' lang='lat' dir='ltr'><strong>Causam</strong></span> <span class='ocrx_word' id='word_1_184' title='bbox 3014 1406 3146 1446; x_wconf 84' lang='lat' dir='ltr'><strong>vero</strong></span> <span class='ocrx_word' id='word_1_185' title='bbox 3179 1399 3401 1460; x_wconf 87' lang='lat' dir='ltr'><strong>propter</strong></span> <span class='ocrx_word' id='word_1_186' title='bbox 3425 1405 3597 1459; x_wconf 88' lang='lat' dir='ltr'><strong>quam</strong></span> <span class='ocrx_word' id='word_1_187' title='bbox 3629 1389 3834 1443; x_wconf 72' lang='lat' dir='ltr'><strong>Levita:</strong></span> 
     </span>
    </p>
   </div>
   <div class='ocr_carea' id='block_1_14' title="bbox 593 1473 3830 1550">
    <p class='ocr_par' dir='ltr' id='par_1_14' title="bbox 593 1473 3830 1550">
     <span class='ocr_line' id='line_1_14' title="bbox 593 1473 3830 1550; baseline -0.002 -18"><span class='ocrx_word' id='word_1_188' title='bbox 593 1480 890 1547; x_wconf 76' lang='lat' dir='ltr'><strong>mancipat,</strong></span> <span class='ocrx_word' id='word_1_189' title='bbox 954 1495 1076 1533; x_wconf 87' lang='lat' dir='ltr'><strong>esse</strong></span> <span class='ocrx_word' id='word_1_190' title='bbox 1125 1481 1222 1544; x_wconf 89' lang='lat' dir='ltr'><strong>ait,</strong></span> <span class='ocrx_word' id='word_1_191' title='bbox 1277 1480 1495 1534; x_wconf 86' lang='lat' dir='ltr'><strong>lsraelis</strong></span> <span class='ocrx_word' id='word_1_192' title='bbox 1529 1496 1594 1534; x_wconf 79' lang='lat' dir='ltr'><strong>ex</strong></span> <span class='ocrx_word' id='word_1_193' title='bbox 1629 1479 1860 1550; x_wconf 59' lang='lat' dir='ltr'><strong>[Egypto</strong></span> <span class='ocrx_word' id='word_1_194' title='bbox 1884 1483 2423 1543; x_wconf 89' lang='lat' dir='ltr'><strong>assertionem;non</strong></span> <span class='ocrx_word' id='word_1_195' title='bbox 2463 1480 2642 1536; x_wconf 85' lang='lat' dir='ltr'><strong>solum</strong></span> <span class='ocrx_word' id='word_1_196' title='bbox 2710 1478 2995 1533; x_wconf 88' lang='lat' dir='ltr'><strong>hominum</strong></span> <span class='ocrx_word' id='word_1_197' title='bbox 3036 1477 3255 1532; x_wconf 79' lang='lat' dir='ltr'><strong>aﬂectio</strong></span> <span class='ocrx_word' id='word_1_198' title='bbox 3289 1478 3443 1546; x_wconf 92' lang='lat' dir='ltr'><strong>ipsos</strong></span> <span class='ocrx_word' id='word_1_199' title='bbox 3471 1475 3623 1545; x_wconf 92' lang='lat' dir='ltr'><strong>apud</strong></span> <span class='ocrx_word' id='word_1_200' title='bbox 3676 1473 3830 1528; x_wconf 87' lang='lat' dir='ltr'><strong>Deum</strong></span> 
     </span>
    </p>
   </div>
   <div class='ocr_carea' id='block_1_15' title="bbox 594 1560 3830 1636">
    <p class='ocr_par' dir='ltr' id='par_1_15' title="bbox 594 1560 3830 1636">
     <span class='ocr_line' id='line_1_15' title="bbox 594 1560 3830 1636; baseline -0.002 -16"><span class='ocrx_word' id='word_1_201' title='bbox 594 1567 964 1631; x_wconf 87' lang='lat' dir='ltr'><strong>commendat,</strong></span> <span class='ocrx_word' id='word_1_202' title='bbox 996 1582 1186 1620; x_wconf 84' lang='lat' dir='ltr'><strong>verum</strong></span> <span class='ocrx_word' id='word_1_203' title='bbox 1225 1569 1394 1622; x_wconf 81' lang='lat' dir='ltr'><strong>mul:o</strong></span> <span class='ocrx_word' id='word_1_204' title='bbox 1437 1567 1608 1633; x_wconf 77' lang='lat' dir='ltr'><strong>magis</strong></span> <span class='ocrx_word' id='word_1_205' title='bbox 1642 1566 1783 1620; x_wconf 84' lang='lat' dir='ltr'><strong>Deus</strong></span> <span class='ocrx_word' id='word_1_206' title='bbox 1813 1567 1932 1636; x_wconf 90' lang='lat' dir='ltr'><strong>ipse</strong></span> <span class='ocrx_word' id='word_1_207' title='bbox 1972 1567 2228 1621; x_wconf 89' lang='lat' dir='ltr'><strong>homines</strong></span> <span class='ocrx_word' id='word_1_208' title='bbox 2257 1567 2508 1630; x_wconf 88' lang='lat' dir='ltr'><strong>attrahit,</strong></span> <span class='ocrx_word' id='word_1_209' title='bbox 2541 1567 2757 1635; x_wconf 87' lang='lat' dir='ltr'><strong>sibique</strong></span> <span class='ocrx_word' id='word_1_210' title='bbox 2795 1565 3054 1620; x_wconf 88' lang='lat' dir='ltr'><strong>vindicat.</strong></span> <span class='ocrx_word' id='word_1_211' title='bbox 3095 1560 3254 1618; x_wconf 88' lang='lat' dir='ltr'><strong>Unde</strong></span> <span class='ocrx_word' id='word_1_212' title='bbox 3291 1572 3344 1617; x_wconf 91' lang='lat' dir='ltr'><strong>et</strong></span> <span class='ocrx_word' id='word_1_213' title='bbox 3368 1561 3620 1618; x_wconf 71' lang='lat' dir='ltr'><strong>Joannes</strong></span> <span class='ocrx_word' id='word_1_214' title='bbox 3659 1580 3671 1615; x_wconf 92' lang='lat'><strong>:</strong></span> <span class='ocrx_word' id='word_1_215' title='bbox 3726 1560 3830 1616; x_wconf 79' lang='lat' dir='ltr'><strong>Non</strong></span> 
     </span>
    </p>
   </div>
   <div class='ocr_carea' id='block_1_16' title="bbox 594 1649 3832 1722">
    <p class='ocr_par' dir='ltr' id='par_1_16' title="bbox 594 1649 3832 1722">
     <span class='ocr_line' id='line_1_16' title="bbox 594 1649 3832 1722; baseline -0.001 -18"><span class='ocrx_word' id='word_1_216' title='bbox 594 1651 739 1720; x_wconf 90' lang='lat' dir='ltr'><strong>quod</strong></span> <span class='ocrx_word' id='word_1_217' title='bbox 784 1652 949 1706; x_wconf 83' lang='lat' dir='ltr'><strong>Deum</strong></span> <span class='ocrx_word' id='word_1_218' title='bbox 980 1653 1332 1708; x_wconf 80' lang='lat' dir='ltr'><strong>dilexerimus</strong></span> <span class='ocrx_word' id='word_1_219' title='bbox 1365 1671 1483 1718; x_wconf 85' lang='lat' dir='ltr'><strong>nos,</strong></span> <span class='ocrx_word' id='word_1_220' title='bbox 1533 1654 1732 1722; x_wconf 89' lang='lat' dir='ltr'><strong>inquit,</strong></span> <span class='ocrx_word' id='word_1_221' title='bbox 1768 1669 1960 1706; x_wconf 89' lang='lat' dir='ltr'><strong>verum</strong></span> <span class='ocrx_word' id='word_1_222' title='bbox 1994 1668 2094 1708; x_wconf 90' lang='lat' dir='ltr'><strong>nos</strong></span> <span class='ocrx_word' id='word_1_223' title='bbox 2145 1653 2309 1715; x_wconf 86' lang='lat' dir='ltr'><strong>Deus,</strong></span> <span class='ocrx_word' id='word_1_224' title='bbox 2340 1668 2462 1707; x_wconf 90' lang='lat' dir='ltr'><strong>cum</strong></span> <span class='ocrx_word' id='word_1_225' title='bbox 2494 1652 2691 1708; x_wconf 86' lang='lat' dir='ltr'><strong>Filium</strong></span> <span class='ocrx_word' id='word_1_226' title='bbox 2733 1653 2799 1706; x_wconf 87' lang='lat' dir='ltr'><strong>ad</strong></span> <span class='ocrx_word' id='word_1_227' title='bbox 2833 1668 2937 1707; x_wconf 88' lang='lat' dir='ltr'><strong>nos</strong></span> <span class='ocrx_word' id='word_1_228' title='bbox 2964 1652 3213 1706; x_wconf 85' lang='lat' dir='ltr'><strong>misisset</strong></span> <span class='ocrx_word' id='word_1_229' title='bbox 3246 1650 3311 1704; x_wconf 82' lang='grc'><strong>¹⁸.</strong></span> <span class='ocrx_word' id='word_1_230' title='bbox 3346 1649 3564 1704; x_wconf 81' lang='lat' dir='ltr'><strong>idcirco</strong></span> <span class='ocrx_word' id='word_1_231' title='bbox 3624 1649 3832 1717; x_wconf 82' lang='lat' dir='ltr'><strong>quidem</strong></span> 
     </span>
    </p>
   </div>
   <div class='ocr_carea' id='block_1_17' title="bbox 598 1733 3831 1810">
    <p class='ocr_par' dir='ltr' id='par_1_17' title="bbox 598 1733 3831 1810">
     <span class='ocr_line' id='line_1_17' title="bbox 598 1733 3831 1810; baseline -0.001 -20"><span class='ocrx_word' id='word_1_232' title='bbox 598 1741 992 1808; x_wconf 82' lang='lat' dir='ltr'><strong>primogenitos</strong></span> <span class='ocrx_word' id='word_1_233' title='bbox 1023 1741 1130 1794; x_wconf 87' lang='lat' dir='ltr'><strong>sibi</strong></span> <span class='ocrx_word' id='word_1_234' title='bbox 1178 1742 1544 1805; x_wconf 85' lang='lat' dir='ltr'><strong>consecravit,</strong></span> <span class='ocrx_word' id='word_1_235' title='bbox 1585 1739 1731 1810; x_wconf 90' lang='lat' dir='ltr'><strong>quod</strong></span> <span class='ocrx_word' id='word_1_236' title='bbox 1770 1741 2166 1810; x_wconf 85' lang='lat' dir='ltr'><strong>primogenitos</strong></span> <span class='ocrx_word' id='word_1_237' title='bbox 2198 1753 2419 1808; x_wconf 89' lang='lat' dir='ltr'><strong>quoque</strong></span> <span class='ocrx_word' id='word_1_238' title='bbox 2447 1739 2499 1792; x_wconf 92' lang='lat' dir='ltr'><strong>in</strong></span> <span class='ocrx_word' id='word_1_239' title='bbox 2535 1739 2774 1810; x_wconf 64' lang='lat' dir='ltr'><strong>JEgypto</strong></span> <span class='ocrx_word' id='word_1_240' title='bbox 2811 1737 3023 1808; x_wconf 88' lang='lat' dir='ltr'><strong>magnis</strong></span> <span class='ocrx_word' id='word_1_241' title='bbox 3047 1736 3227 1790; x_wconf 80' lang='lat' dir='ltr'><strong>affecit</strong></span> <span class='ocrx_word' id='word_1_242' title='bbox 3263 1735 3579 1790; x_wconf 81' lang='lat' dir='ltr'><strong>beneficiis.</strong></span> <span class='ocrx_word' id='word_1_243' title='bbox 3612 1733 3689 1788; x_wconf 85' lang='lat' dir='ltr'><strong>Ita</strong></span> <span class='ocrx_word' id='word_1_244' title='bbox 3712 1749 3831 1789; x_wconf 85' lang='lat' dir='ltr'><strong>sane</strong></span> 
     </span>
    </p>
   </div>
   <div class='ocr_carea' id='block_1_18' title="bbox 595 1821 3831 1898">
    <p class='ocr_par' dir='ltr' id='par_1_18' title="bbox 595 1821 3831 1898">
     <span class='ocr_line' id='line_1_18' title="bbox 595 1821 3831 1898; baseline -0.001 -20"><span class='ocrx_word' id='word_1_245' title='bbox 595 1826 757 1878; x_wconf 88' lang='lat' dir='ltr'><strong>etiam</strong></span> <span class='ocrx_word' id='word_1_246' title='bbox 789 1841 911 1879; x_wconf 92' lang='lat' dir='ltr'><strong>cum</strong></span> <span class='ocrx_word' id='word_1_247' title='bbox 949 1826 1201 1895; x_wconf 91' lang='lat' dir='ltr'><strong>primitus</strong></span> <span class='ocrx_word' id='word_1_248' title='bbox 1235 1827 1288 1879; x_wconf 93' lang='lat' dir='ltr'><strong>in</strong></span> <span class='ocrx_word' id='word_1_249' title='bbox 1335 1827 1710 1881; x_wconf 86' lang='lat' dir='ltr'><strong>testimonium</strong></span> <span class='ocrx_word' id='word_1_250' title='bbox 1744 1828 1934 1898; x_wconf 68' lang='lat' dir='ltr'><strong>gloria:</strong></span> <span class='ocrx_word' id='word_1_251' title='bbox 1956 1832 2070 1881; x_wconf 69' lang='lat' dir='ltr'><strong>suae&quot;</strong></span> <span class='ocrx_word' id='word_1_252' title='bbox 2096 1841 2160 1880; x_wconf 80' lang='lat' dir='ltr'><strong>ex</strong></span> <span class='ocrx_word' id='word_1_253' title='bbox 2195 1827 2450 1881; x_wconf 87' lang='lat' dir='ltr'><strong>omnibus</strong></span> <span class='ocrx_word' id='word_1_254' title='bbox 2482 1827 2797 1881; x_wconf 91' lang='lat' dir='ltr'><strong>hominibus</strong></span> <span class='ocrx_word' id='word_1_255' title='bbox 2831 1825 3120 1893; x_wconf 89' lang='lat' dir='ltr'><strong>sclegisset</strong></span> <span class='ocrx_word' id='word_1_256' title='bbox 3145 1821 3305 1886; x_wconf 89' lang='lat' dir='ltr'><strong>Deus,</strong></span> <span class='ocrx_word' id='word_1_257' title='bbox 3331 1837 3593 1892; x_wconf 88' lang='lat' dir='ltr'><strong>agnoque</strong></span> <span class='ocrx_word' id='word_1_258' title='bbox 3625 1837 3721 1891; x_wconf 88' lang='lat' dir='ltr'><strong>pro</strong></span> <span class='ocrx_word' id='word_1_259' title='bbox 3747 1837 3831 1875; x_wconf 83' lang='lat' dir='ltr'><strong>no-</strong></span> 
     </span>
    </p>
   </div>
   <div class='ocr_carea' id='block_1_19' title="bbox 597 1905 3828 1983">
    <p class='ocr_par' dir='ltr' id='par_1_19' title="bbox 597 1905 3828 1983">
     <span class='ocr_line' id='line_1_19' title="bbox 597 1905 3828 1983; baseline -0.002 -16"><span class='ocrx_word' id='word_1_260' title='bbox 597 1914 686 1967; x_wconf 92' lang='lat' dir='ltr'><strong>bis</strong></span> <span class='ocrx_word' id='word_1_261' title='bbox 709 1913 986 1980; x_wconf 79' lang='lat' dir='ltr'><strong>deposito,</strong></span> <span class='ocrx_word' id='word_1_262' title='bbox 1019 1915 1088 1966; x_wconf 87' lang='lat' dir='ltr'><strong>ab</strong></span> <span class='ocrx_word' id='word_1_263' title='bbox 1115 1915 1492 1968; x_wconf 89' lang='lat' dir='ltr'><strong>internecione</strong></span> <span class='ocrx_word' id='word_1_264' title='bbox 1516 1915 1818 1983; x_wconf 82' lang='lat' dir='ltr'><strong>rapuisset,</strong></span> <span class='ocrx_word' id='word_1_265' title='bbox 1847 1929 1944 1967; x_wconf 87' lang='lat' dir='ltr'><strong>nos</strong></span> <span class='ocrx_word' id='word_1_266' title='bbox 1979 1927 2198 1983; x_wconf 90' lang='lat' dir='ltr'><strong>quoque</strong></span> <span class='ocrx_word' id='word_1_267' title='bbox 2227 1912 2332 1967; x_wconf 89' lang='lat' dir='ltr'><strong>sibi</strong></span> <span class='ocrx_word' id='word_1_268' title='bbox 2358 1913 2559 1966; x_wconf 83' lang='lat' dir='ltr'><strong>dicavit</strong></span> <span class='ocrx_word' id='word_1_269' title='bbox 2593 1913 2866 1982; x_wconf 90' lang='lat' dir='ltr'><strong>proprios.</strong></span> <span class='ocrx_word' id='word_1_270' title='bbox 2902 1911 3044 1977; x_wconf 80' lang='lat' dir='ltr'><strong>Quid</strong></span> <span class='ocrx_word' id='word_1_271' title='bbox 3069 1925 3200 1964; x_wconf 89' lang='lat' dir='ltr'><strong>vero</strong></span> <span class='ocrx_word' id='word_1_272' title='bbox 3232 1924 3414 1963; x_wconf 63' lang='lat' dir='ltr'><strong>causae</strong></span> <span class='ocrx_word' id='word_1_273' title='bbox 3436 1917 3523 1963; x_wconf 90' lang='lat' dir='ltr'><strong>est</strong></span> <span class='ocrx_word' id='word_1_274' title='bbox 3557 1909 3704 1978; x_wconf 91' lang='lat' dir='ltr'><strong>quod</strong></span> <span class='ocrx_word' id='word_1_275' title='bbox 3736 1905 3828 1960; x_wconf 77' lang='lat' dir='ltr'><strong>non</strong></span> 
     </span>
    </p>
   </div>
   <div class='ocr_carea' id='block_1_20' title="bbox 596 1993 3824 2069">
    <p class='ocr_par' dir='ltr' id='par_1_20' title="bbox 596 1993 3824 2069">
     <span class='ocr_line' id='line_1_20' title="bbox 596 1993 3824 2069; baseline -0.001 -18"><span class='ocrx_word' id='word_1_276' title='bbox 596 1999 746 2069; x_wconf 89' lang='lat' dir='ltr'><strong>ipsos</strong></span> <span class='ocrx_word' id='word_1_277' title='bbox 779 2000 998 2069; x_wconf 88' lang='lat' dir='ltr'><strong>quidem</strong></span> <span class='ocrx_word' id='word_1_278' title='bbox 1031 2000 1448 2068; x_wconf 86' lang='lat' dir='ltr'><strong>primogenitos,</strong></span> <span class='ocrx_word' id='word_1_279' title='bbox 1475 2013 1616 2068; x_wconf 91' lang='lat' dir='ltr'><strong>quos</strong></span> <span class='ocrx_word' id='word_1_280' title='bbox 1647 2000 2030 2053; x_wconf 79' lang='lat' dir='ltr'><strong>sanctiﬁcasse</strong></span> <span class='ocrx_word' id='word_1_281' title='bbox 2057 2015 2116 2053; x_wconf 90' lang='lat' dir='ltr'><strong>se</strong></span> <span class='ocrx_word' id='word_1_282' title='bbox 2157 2008 2417 2063; x_wconf 88' lang='lat' dir='ltr'><strong>testatur,</strong></span> <span class='ocrx_word' id='word_1_283' title='bbox 2449 1999 2516 2052; x_wconf 91' lang='lat' dir='ltr'><strong>ad</strong></span> <span class='ocrx_word' id='word_1_284' title='bbox 2546 2001 2688 2054; x_wconf 86' lang='lat' dir='ltr'><strong>sacri</strong></span> <span class='ocrx_word' id='word_1_285' title='bbox 2726 1999 3017 2053; x_wconf 89' lang='lat' dir='ltr'><strong>ministerii</strong></span> <span class='ocrx_word' id='word_1_286' title='bbox 3053 1997 3392 2052; x_wconf 90' lang='lat' dir='ltr'><strong>functionem</strong></span> <span class='ocrx_word' id='word_1_287' title='bbox 3437 1993 3701 2066; x_wconf 61' lang='lat' dir='ltr'><strong>separat?</strong></span> <span class='ocrx_word' id='word_1_288' title='bbox 3728 1995 3824 2049; x_wconf 81' lang='lat' dir='ltr'><strong>Aut</strong></span> 
     </span>
    </p>
   </div>
   <div class='ocr_carea' id='block_1_21' title="bbox 595 2084 3824 2157">
    <p class='ocr_par' dir='ltr' id='par_1_21' title="bbox 595 2084 3824 2157">
     <span class='ocr_line' id='line_1_21' title="bbox 595 2084 3824 2157; baseline -0.001 -19"><span class='ocrx_word' id='word_1_289' title='bbox 595 2102 692 2138; x_wconf 84' lang='lat' dir='ltr'><strong>cur</strong></span> <span class='ocrx_word' id='word_1_290' title='bbox 725 2087 927 2141; x_wconf 84' lang='lat' dir='ltr'><strong>Levitae</strong></span> <span class='ocrx_word' id='word_1_291' title='bbox 957 2103 1076 2141; x_wconf 88' lang='lat' dir='ltr'><strong>eam</strong></span> <span class='ocrx_word' id='word_1_292' title='bbox 1137 2087 1205 2140; x_wconf 89' lang='lat' dir='ltr'><strong>ad</strong></span> <span class='ocrx_word' id='word_1_293' title='bbox 1243 2103 1354 2141; x_wconf 90' lang='lat' dir='ltr'><strong>rem</strong></span> <span class='ocrx_word' id='word_1_294' title='bbox 1385 2087 1770 2157; x_wconf 86' lang='lat' dir='ltr'><strong>primogenitis</strong></span> <span class='ocrx_word' id='word_1_295' title='bbox 1813 2089 2092 2141; x_wconf 71' lang='lat' dir='ltr'><strong>exsistunt</strong></span> <span class='ocrx_word' id='word_1_296' title='bbox 2141 2087 2425 2155; x_wconf 87' lang='lat' dir='ltr'><strong>potiores?</strong></span> <span class='ocrx_word' id='word_1_297' title='bbox 2457 2087 2597 2153; x_wconf 87' lang='lat' dir='ltr'><strong>Quia</strong></span> <span class='ocrx_word' id='word_1_298' title='bbox 2626 2087 2671 2141; x_wconf 90' lang='lat' dir='ltr'><strong>si</strong></span> <span class='ocrx_word' id='word_1_299' title='bbox 2699 2103 2765 2142; x_wconf 77' lang='lat' dir='ltr'><strong>ex</strong></span> <span class='ocrx_word' id='word_1_300' title='bbox 2788 2087 2937 2140; x_wconf 89' lang='lat' dir='ltr'><strong>omni</strong></span> <span class='ocrx_word' id='word_1_301' title='bbox 2969 2087 3115 2139; x_wconf 92' lang='lat' dir='ltr'><strong>tribu</strong></span> <span class='ocrx_word' id='word_1_302' title='bbox 3147 2100 3299 2139; x_wconf 87' lang='lat' dir='ltr'><strong>more</strong></span> <span class='ocrx_word' id='word_1_303' title='bbox 3324 2093 3601 2138; x_wconf 88' lang='lat' dir='ltr'><strong>consueto</strong></span> <span class='ocrx_word' id='word_1_304' title='bbox 3633 2084 3824 2152; x_wconf 60' lang='lat' dir='ltr'><strong>primo.</strong></span> 
     </span>
    </p>
   </div>
   <div class='ocr_carea' id='block_1_22' title="bbox 593 2171 3824 2244">
    <p class='ocr_par' dir='ltr' id='par_1_22' title="bbox 593 2171 3824 2244">
     <span class='ocr_line' id='line_1_22' title="bbox 593 2171 3824 2244; baseline -0.001 -18"><span class='ocrx_word' id='word_1_305' title='bbox 593 2174 760 2242; x_wconf 65' lang='lat' dir='ltr'><strong>geniti</strong></span> <span class='ocrx_word' id='word_1_306' title='bbox 817 2175 999 2228; x_wconf 84' lang='lat' dir='ltr'><strong>forent</strong></span> <span class='ocrx_word' id='word_1_307' title='bbox 1035 2174 1330 2242; x_wconf 88' lang='lat' dir='ltr'><strong>assumpti,</strong></span> <span class='ocrx_word' id='word_1_308' title='bbox 1381 2174 1605 2238; x_wconf 69' lang='lat' dir='ltr'><strong>vulgare</strong></span> <span class='ocrx_word' id='word_1_309' title='bbox 1661 2173 1826 2226; x_wconf 86' lang='lat' dir='ltr'><strong>nimis</strong></span> <span class='ocrx_word' id='word_1_310' title='bbox 1870 2175 2236 2227; x_wconf 75' lang='lat' dir='ltr'><strong>miniSterium</strong></span> <span class='ocrx_word' id='word_1_311' title='bbox 2292 2190 2512 2230; x_wconf 86' lang='lat' dir='ltr'><strong>sacrum</strong></span> <span class='ocrx_word' id='word_1_312' title='bbox 2561 2176 2834 2230; x_wconf 83' lang='lat' dir='ltr'><strong>evasisset</strong></span> <span class='ocrx_word' id='word_1_313' title='bbox 2873 2173 3016 2244; x_wconf 88' lang='lat' dir='ltr'><strong>apud</strong></span> <span class='ocrx_word' id='word_1_314' title='bbox 3049 2173 3288 2244; x_wconf 89' lang='lat' dir='ltr'><strong>plebem,</strong></span> <span class='ocrx_word' id='word_1_315' title='bbox 3321 2180 3490 2242; x_wconf 88' lang='lat' dir='ltr'><strong>atque</strong></span> <span class='ocrx_word' id='word_1_316' title='bbox 3533 2171 3824 2225; x_wconf 87' lang='lat' dir='ltr'><strong>eviluisset.</strong></span> 
     </span>
    </p>
   </div>
   <div class='ocr_carea' id='block_1_23' title="bbox 595 2257 3825 2330">
    <p class='ocr_par' dir='ltr' id='par_1_23' title="bbox 595 2257 3825 2330">
     <span class='ocr_line' id='line_1_23' title="bbox 595 2257 3825 2330; baseline -0.001 -17"><span class='ocrx_word' id='word_1_317' title='bbox 595 2263 938 2330; x_wconf 74' lang='lat' dir='ltr'><strong>Quapropter</strong></span> <span class='ocrx_word' id='word_1_318' title='bbox 961 2277 1203 2330; x_wconf 78' lang='lat' dir='ltr'><strong>ex:rquo</strong></span> <span class='ocrx_word' id='word_1_319' title='bbox 1242 2269 1298 2312; x_wconf 92' lang='lat' dir='ltr'><strong>ut</strong></span> <span class='ocrx_word' id='word_1_320' title='bbox 1345 2275 1572 2330; x_wconf 89' lang='lat' dir='ltr'><strong>regnum</strong></span> <span class='ocrx_word' id='word_1_321' title='bbox 1628 2261 1807 2313; x_wconf 77' lang='lat' dir='ltr'><strong>unica:</strong></span> <span class='ocrx_word' id='word_1_322' title='bbox 1839 2259 1992 2314; x_wconf 66' lang='lat' dir='ltr'><strong>inda:</strong></span> <span class='ocrx_word' id='word_1_323' title='bbox 2017 2260 2187 2312; x_wconf 90' lang='lat' dir='ltr'><strong>tribui</strong></span> <span class='ocrx_word' id='word_1_324' title='bbox 2213 2271 2298 2315; x_wconf 90' lang='lat' dir='ltr'><strong>est</strong></span> <span class='ocrx_word' id='word_1_325' title='bbox 2329 2261 2630 2327; x_wconf 89' lang='lat' dir='ltr'><strong>addictum,</strong></span> <span class='ocrx_word' id='word_1_326' title='bbox 2667 2262 3037 2317; x_wconf 84' lang='lat' dir='ltr'><strong>sacerdotium</strong></span> <span class='ocrx_word' id='word_1_327' title='bbox 3073 2275 3295 2330; x_wconf 91' lang='lat' dir='ltr'><strong>quoque</strong></span> <span class='ocrx_word' id='word_1_328' title='bbox 3323 2259 3392 2312; x_wconf 89' lang='lat' dir='ltr'><strong>ab</strong></span> <span class='ocrx_word' id='word_1_329' title='bbox 3434 2259 3564 2312; x_wconf 88' lang='lat' dir='ltr'><strong>aliis</strong></span> <span class='ocrx_word' id='word_1_330' title='bbox 3593 2257 3825 2311; x_wconf 86' lang='lat' dir='ltr'><strong>tribubus</strong></span> 
     </span>
    </p>
   </div>
   <div class='ocr_carea' id='block_1_24' title="bbox 596 2344 3825 2419">
    <p class='ocr_par' dir='ltr' id='par_1_24' title="bbox 596 2344 3825 2419">
     <span class='ocr_line' id='line_1_24' title="bbox 596 2344 3825 2419; baseline -0.001 -21"><span class='ocrx_word' id='word_1_331' title='bbox 596 2347 908 2414; x_wconf 81' lang='lat' dir='ltr'><strong>sejnnclum</strong></span> <span class='ocrx_word' id='word_1_332' title='bbox 946 2362 1071 2400; x_wconf 86' lang='lat' dir='ltr'><strong>esse</strong></span> <span class='ocrx_word' id='word_1_333' title='bbox 1115 2347 1383 2414; x_wconf 81' lang='lat' dir='ltr'><strong>oportuit.</strong></span> <span class='ocrx_word' id='word_1_334' title='bbox 1425 2345 1672 2412; x_wconf 87' lang='lat' dir='ltr'><strong>Quorum</strong></span> <span class='ocrx_word' id='word_1_335' title='bbox 1708 2356 1940 2416; x_wconf 88' lang='lat' dir='ltr'><strong>utroque</strong></span> <span class='ocrx_word' id='word_1_336' title='bbox 1967 2362 2102 2400; x_wconf 89' lang='lat' dir='ltr'><strong>sane</strong></span> <span class='ocrx_word' id='word_1_337' title='bbox 2127 2345 2192 2398; x_wconf 90' lang='lat' dir='ltr'><strong>ad</strong></span> <span class='ocrx_word' id='word_1_338' title='bbox 2228 2345 2534 2411; x_wconf 86' lang='lat' dir='ltr'><strong>Christum.</strong></span> <span class='ocrx_word' id='word_1_339' title='bbox 2575 2350 2672 2419; x_wconf 90' lang='lat' dir='ltr'><strong>qui</strong></span> <span class='ocrx_word' id='word_1_340' title='bbox 2701 2349 3072 2404; x_wconf 86' lang='lat' dir='ltr'><strong>sacerdotium</strong></span> <span class='ocrx_word' id='word_1_341' title='bbox 3113 2354 3168 2401; x_wconf 92' lang='lat' dir='ltr'><strong>et</strong></span> <span class='ocrx_word' id='word_1_342' title='bbox 3214 2361 3441 2416; x_wconf 86' lang='lat' dir='ltr'><strong>regnum</strong></span> <span class='ocrx_word' id='word_1_343' title='bbox 3484 2344 3825 2398; x_wconf 83' lang='lat' dir='ltr'><strong>communita-</strong></span> 
     </span>
    </p>
   </div>
   <div class='ocr_carea' id='block_1_25' title="bbox 597 2430 3826 2505">
    <p class='ocr_par' dir='ltr' id='par_1_25' title="bbox 597 2430 3826 2505">
     <span class='ocr_line' id='line_1_25' title="bbox 597 2430 3826 2505; baseline -0.001 -21"><span class='ocrx_word' id='word_1_344' title='bbox 597 2433 667 2486; x_wconf 91' lang='lat' dir='ltr'><strong>tis</strong></span> <span class='ocrx_word' id='word_1_345' title='bbox 707 2448 897 2486; x_wconf 77' lang='lat' dir='ltr'><strong>exsors</strong></span> <span class='ocrx_word' id='word_1_346' title='bbox 933 2434 1116 2493; x_wconf 81' lang='lat' dir='ltr'><strong>habct,</strong></span> <span class='ocrx_word' id='word_1_347' title='bbox 1150 2433 1290 2486; x_wconf 80' lang='lat' dir='ltr'><strong>farta</strong></span> <span class='ocrx_word' id='word_1_348' title='bbox 1325 2445 1408 2487; x_wconf 89' lang='lat' dir='ltr'><strong>est</strong></span> <span class='ocrx_word' id='word_1_349' title='bbox 1435 2435 1654 2488; x_wconf 69' lang='lat' dir='ltr'><strong>allusio.</strong></span> <span class='ocrx_word' id='word_1_350' title='bbox 1691 2434 1768 2487; x_wconf 80' lang='lat' dir='ltr'><strong>Ac</strong></span> <span class='ocrx_word' id='word_1_351' title='bbox 1799 2435 1935 2488; x_wconf 90' lang='lat' dir='ltr'><strong>illud</strong></span> <span class='ocrx_word' id='word_1_352' title='bbox 1967 2434 2193 2502; x_wconf 89' lang='lat' dir='ltr'><strong>quidem</strong></span> <span class='ocrx_word' id='word_1_353' title='bbox 2227 2449 2256 2486; x_wconf 90' lang='lat' dir='ltr'><strong>a</strong></span> <span class='ocrx_word' id='word_1_354' title='bbox 2289 2447 2485 2498; x_wconf 87' lang='lat' dir='ltr'><strong>matre,</strong></span> <span class='ocrx_word' id='word_1_355' title='bbox 2519 2436 2624 2490; x_wconf 88' lang='lat' dir='ltr'><strong>hoc</strong></span> <span class='ocrx_word' id='word_1_356' title='bbox 2659 2450 2790 2490; x_wconf 86' lang='lat' dir='ltr'><strong>vero</strong></span> <span class='ocrx_word' id='word_1_357' title='bbox 2823 2451 2854 2490; x_wconf 90' lang='lat' dir='ltr'><strong>a</strong></span> <span class='ocrx_word' id='word_1_358' title='bbox 2898 2445 3054 2505; x_wconf 88' lang='lat' dir='ltr'><strong>patre</strong></span> <span class='ocrx_word' id='word_1_359' title='bbox 3081 2434 3297 2488; x_wconf 87' lang='lat' dir='ltr'><strong>habuit.</strong></span> <span class='ocrx_word' id='word_1_360' title='bbox 3341 2431 3410 2485; x_wconf 80' lang='lat' dir='ltr'><strong>At</strong></span> <span class='ocrx_word' id='word_1_361' title='bbox 3438 2430 3826 2500; x_wconf 85' lang='lat' dir='ltr'><strong>primogenilos</strong></span> 
     </span>
    </p>
   </div>
   <div class='ocr_carea' id='block_1_26' title="bbox 493 2519 3825 2612">
    <p class='ocr_par' dir='ltr' id='par_1_26' title="bbox 493 2519 3825 2612">
     <span class='ocr_line' id='line_1_26' title="bbox 493 2519 3825 2612; baseline -0.001 -40"><span class='ocrx_word' id='word_1_362' title='bbox 493 2593 504 2612; x_wconf 49' lang='lat'><strong>‘</strong></span> <span class='ocrx_word' id='word_1_363' title='bbox 600 2520 704 2572; x_wconf 86' lang='lat' dir='ltr'><strong>sibi</strong></span> <span class='ocrx_word' id='word_1_364' title='bbox 740 2519 1138 2586; x_wconf 83' lang='lat' dir='ltr'><strong>vindicaverat,</strong></span> <span class='ocrx_word' id='word_1_365' title='bbox 1172 2521 1356 2590; x_wconf 87' lang='lat' dir='ltr'><strong>inquis</strong></span> <span class='ocrx_word' id='word_1_366' title='bbox 1391 2538 1404 2574; x_wconf 94' lang='lat'><strong>:</strong></span> <span class='ocrx_word' id='word_1_367' title='bbox 1433 2521 1564 2589; x_wconf 88' lang='lat' dir='ltr'><strong>quid</strong></span> <span class='ocrx_word' id='word_1_368' title='bbox 1600 2523 1962 2576; x_wconf 87' lang='lat' dir='ltr'><strong>tum?nonne</strong></span> <span class='ocrx_word' id='word_1_369' title='bbox 1999 2523 2143 2576; x_wconf 89' lang='lat' dir='ltr'><strong>enim</strong></span> <span class='ocrx_word' id='word_1_370' title='bbox 2169 2519 2338 2592; x_wconf 68' lang='grc'><strong>384</strong></span> <span class='ocrx_word' id='word_1_371' title='bbox 2367 2524 2635 2596; x_wconf 84' lang='lat' dir='ltr'><strong>quidquid</strong></span> <span class='ocrx_word' id='word_1_372' title='bbox 2665 2523 2877 2594; x_wconf 91' lang='lat' dir='ltr'><strong>uspiam</strong></span> <span class='ocrx_word' id='word_1_373' title='bbox 2905 2531 3014 2586; x_wconf 86' lang='lat' dir='ltr'><strong>est,</strong></span> <span class='ocrx_word' id='word_1_374' title='bbox 3047 2537 3148 2591; x_wconf 92' lang='lat' dir='ltr'><strong>pro</strong></span> <span class='ocrx_word' id='word_1_375' title='bbox 3181 2522 3326 2576; x_wconf 83' lang='lat' dir='ltr'><strong>virili</strong></span> <span class='ocrx_word' id='word_1_376' title='bbox 3370 2521 3743 2612; x_wconf 36' lang='lat' dir='ltr'><strong>sibi‘usurpat</strong></span> <span class='ocrx_word' id='word_1_377' title='bbox 3781 2524 3825 2570; x_wconf 86' lang='lat' dir='ltr'><strong>et</strong></span> 
     </span>
    </p>
   </div>
   <div class='ocr_carea' id='block_1_27' title="bbox 599 2605 3824 2678">
    <p class='ocr_par' dir='ltr' id='par_1_27' title="bbox 599 2605 3824 2678">
     <span class='ocr_line' id='line_1_27' title="bbox 599 2605 3824 2678; baseline -0 -20"><span class='ocrx_word' id='word_1_378' title='bbox 599 2606 876 2661; x_wconf 86' lang='lat' dir='ltr'><strong>vindicat?</strong></span> <span class='ocrx_word' id='word_1_379' title='bbox 903 2608 1014 2661; x_wconf 89' lang='lat' dir='ltr'><strong>imo</strong></span> <span class='ocrx_word' id='word_1_380' title='bbox 1060 2623 1190 2662; x_wconf 90' lang='lat' dir='ltr'><strong>vero</strong></span> <span class='ocrx_word' id='word_1_381' title='bbox 1241 2609 1399 2662; x_wconf 88' lang='lat' dir='ltr'><strong>bruta</strong></span> <span class='ocrx_word' id='word_1_382' title='bbox 1436 2609 1553 2676; x_wconf 89' lang='lat' dir='ltr'><strong>ipsa</strong></span> <span class='ocrx_word' id='word_1_383' title='bbox 1607 2610 1990 2665; x_wconf 80' lang='lat' dir='ltr'><strong>sanctiﬁcasse</strong></span> <span class='ocrx_word' id='word_1_384' title='bbox 2024 2608 2128 2662; x_wconf 86' lang='lat' dir='ltr'><strong>sibi</strong></span> <span class='ocrx_word' id='word_1_385' title='bbox 2157 2607 2317 2662; x_wconf 91' lang='lat' dir='ltr'><strong>dicit.</strong></span> <span class='ocrx_word' id='word_1_386' title='bbox 2353 2607 2518 2664; x_wconf 69' lang='lat' dir='ltr'><strong>«Mihi</strong></span> <span class='ocrx_word' id='word_1_387' title='bbox 2568 2611 2714 2666; x_wconf 91' lang='lat' dir='ltr'><strong>enim</strong></span> <span class='ocrx_word' id='word_1_388' title='bbox 2752 2609 2937 2672; x_wconf 88' lang='lat' dir='ltr'><strong>cedat,</strong></span> <span class='ocrx_word' id='word_1_389' title='bbox 2971 2609 3177 2678; x_wconf 91' lang='lat' dir='ltr'><strong>inquit,</strong></span> <span class='ocrx_word' id='word_1_390' title='bbox 3223 2622 3386 2663; x_wconf 89' lang='lat' dir='ltr'><strong>omne</strong></span> <span class='ocrx_word' id='word_1_391' title='bbox 3415 2605 3824 2676; x_wconf 76' lang='lat' dir='ltr'><strong>primogenitum</strong></span> 
     </span>
    </p>
   </div>
   <div class='ocr_carea' id='block_1_28' title="bbox 594 2693 3638 2764">
    <p class='ocr_par' dir='ltr' id='par_1_28' title="bbox 594 2693 3638 2764">
     <span class='ocr_line' id='line_1_28' title="bbox 594 2693 3638 2764; baseline -0.001 -16"><span class='ocrx_word' id='word_1_392' title='bbox 594 2695 649 2748; x_wconf 92' lang='lat' dir='ltr'><strong>in</strong></span> <span class='ocrx_word' id='word_1_393' title='bbox 679 2693 866 2755; x_wconf 89' lang='lat' dir='ltr'><strong>Israel,</strong></span> <span class='ocrx_word' id='word_1_394' title='bbox 887 2696 1001 2748; x_wconf 85' lang='lat' dir='ltr'><strong>sive</strong></span> <span class='ocrx_word' id='word_1_395' title='bbox 1040 2695 1276 2748; x_wconf 87' lang='lat' dir='ltr'><strong>hominis</strong></span> <span class='ocrx_word' id='word_1_396' title='bbox 1309 2695 1424 2748; x_wconf 91' lang='lat' dir='ltr'><strong>sive</strong></span> <span class='ocrx_word' id='word_1_397' title='bbox 1451 2695 1686 2763; x_wconf 85' lang='lat' dir='ltr'><strong>jumeuti</strong></span> <span class='ocrx_word' id='word_1_398' title='bbox 1711 2697 1960 2751; x_wconf 80' lang='lat' dir='ltr'><strong>exsistat.</strong></span> <span class='ocrx_word' id='word_1_399' title='bbox 2004 2715 2021 2746; x_wconf 77' lang='grc' dir='ltr'><strong>ι</strong></span> <span class='ocrx_word' id='word_1_400' title='bbox 2064 2697 2135 2750; x_wconf 92' lang='lat' dir='ltr'><strong>De</strong></span> <span class='ocrx_word' id='word_1_401' title='bbox 2174 2694 2558 2764; x_wconf 84' lang='lat' dir='ltr'><strong>primogenitis</strong></span> <span class='ocrx_word' id='word_1_402' title='bbox 2583 2711 2711 2752; x_wconf 90' lang='lat' dir='ltr'><strong>vero</strong></span> <span class='ocrx_word' id='word_1_403' title='bbox 2737 2697 2789 2750; x_wconf 90' lang='lat' dir='ltr'><strong>in</strong></span> <span class='ocrx_word' id='word_1_404' title='bbox 2814 2696 3001 2752; x_wconf 81' lang='lat' dir='ltr'><strong>Exodo</strong></span> <span class='ocrx_word' id='word_1_405' title='bbox 3023 2695 3232 2750; x_wconf 90' lang='lat' dir='ltr'><strong>dictum</strong></span> <span class='ocrx_word' id='word_1_406' title='bbox 3270 2703 3354 2748; x_wconf 89' lang='lat' dir='ltr'><strong>est</strong></span> <span class='ocrx_word' id='word_1_407' title='bbox 3387 2693 3638 2747; x_wconf 86' lang='lat' dir='ltr'><strong>uberius.</strong></span> 
     </span>
    </p>
   </div>
   <div class='ocr_carea' id='block_1_29' title="bbox 676 2779 3825 2856">
    <p class='ocr_par' dir='ltr' id='par_1_29' title="bbox 676 2779 3825 2856">
     <span class='ocr_line' id='line_1_29' title="bbox 676 2779 3825 2856; baseline -0.001 -23"><span class='ocrx_word' id='word_1_408' title='bbox 676 2779 872 2851; x_wconf 79' lang='lat' dir='ltr'><strong>Viginti</strong></span> <span class='ocrx_word' id='word_1_409' title='bbox 902 2783 1132 2852; x_wconf 84' lang='lat' dir='ltr'><strong>quinque</strong></span> <span class='ocrx_word' id='word_1_410' title='bbox 1162 2793 1211 2834; x_wconf 84' lang='lat' dir='ltr'><strong>et</strong></span> <span class='ocrx_word' id='word_1_411' title='bbox 1240 2797 1403 2848; x_wconf 83' lang='lat' dir='ltr'><strong>supra</strong></span> <span class='ocrx_word' id='word_1_412' title='bbox 1441 2799 1726 2846; x_wconf 72' lang='lat' dir='ltr'><strong>narrarunt,</strong></span> <span class='ocrx_word' id='word_1_413' title='bbox 1762 2800 1924 2853; x_wconf 76' lang='lat' dir='ltr'><strong>usque</strong></span> <span class='ocrx_word' id='word_1_414' title='bbox 1974 2783 2042 2837; x_wconf 87' lang='lat' dir='ltr'><strong>ad</strong></span> <span class='ocrx_word' id='word_1_415' title='bbox 2093 2785 2503 2856; x_wconf 85' lang='lat' dir='ltr'><strong>quinquaginta.</strong></span> <span class='ocrx_word' id='word_1_416' title='bbox 2541 2779 2851 2852; x_wconf 85' lang='lat' dir='ltr'><strong>Descriptio</strong></span> <span class='ocrx_word' id='word_1_417' title='bbox 2895 2782 3116 2851; x_wconf 89' lang='lat' dir='ltr'><strong>quidem</strong></span> <span class='ocrx_word' id='word_1_418' title='bbox 3148 2781 3364 2850; x_wconf 89' lang='lat' dir='ltr'><strong>reliqua</strong></span> <span class='ocrx_word' id='word_1_419' title='bbox 3396 2779 3610 2834; x_wconf 86' lang='lat' dir='ltr'><strong>mensis</strong></span> <span class='ocrx_word' id='word_1_420' title='bbox 3637 2787 3825 2832; x_wconf 65' lang='lat' dir='ltr'><strong>aetatem</strong></span> 
     </span>
    </p>
   </div>
   <div class='ocr_carea' id='block_1_30' title="bbox 597 2868 3819 2942">
    <p class='ocr_par' dir='ltr' id='par_1_30' title="bbox 597 2868 3819 2942">
     <span class='ocr_line' id='line_1_30' title="bbox 597 2868 3819 2942; baseline 0.001 -24"><span class='ocrx_word' id='word_1_421' title='bbox 597 2877 822 2936; x_wconf 80' lang='lat' dir='ltr'><strong>prapter</strong></span> <span class='ocrx_word' id='word_1_422' title='bbox 856 2869 1226 2922; x_wconf 88' lang='lat' dir='ltr'><strong>innocentiam</strong></span> <span class='ocrx_word' id='word_1_423' title='bbox 1255 2868 1378 2936; x_wconf 86' lang='lat' dir='ltr'><strong>ejus</strong></span> <span class='ocrx_word' id='word_1_424' title='bbox 1407 2885 1528 2940; x_wconf 82' lang='lat' dir='ltr'><strong>qua-</strong></span> <span class='ocrx_word' id='word_1_425' title='bbox 1561 2871 1742 2939; x_wconf 88' lang='lat' dir='ltr'><strong>magni</strong></span> <span class='ocrx_word' id='word_1_426' title='bbox 1773 2870 1916 2940; x_wconf 90' lang='lat' dir='ltr'><strong>apud</strong></span> <span class='ocrx_word' id='word_1_427' title='bbox 1949 2871 2114 2925; x_wconf 86' lang='lat' dir='ltr'><strong>Deum</strong></span> <span class='ocrx_word' id='word_1_428' title='bbox 2147 2875 2226 2940; x_wconf 83' lang='lat' dir='ltr'><strong>fit,</strong></span> <span class='ocrx_word' id='word_1_429' title='bbox 2259 2874 2582 2942; x_wconf 87' lang='lat' dir='ltr'><strong>attingebat.</strong></span> <span class='ocrx_word' id='word_1_430' title='bbox 2615 2872 2886 2928; x_wconf 71' lang='lat' dir='ltr'><strong>Caeterum</strong></span> <span class='ocrx_word' id='word_1_431' title='bbox 2927 2887 3088 2928; x_wconf 88' lang='lat' dir='ltr'><strong>sacra</strong></span> <span class='ocrx_word' id='word_1_432' title='bbox 3131 2872 3424 2928; x_wconf 88' lang='lat' dir='ltr'><strong>ministerii</strong></span> <span class='ocrx_word' id='word_1_433' title='bbox 3457 2871 3672 2924; x_wconf 78' lang='lat' dir='ltr'><strong>functio</strong></span> <span class='ocrx_word' id='word_1_434' title='bbox 3711 2877 3819 2923; x_wconf 66' lang='grc' dir='ltr'><strong>αξιο-</strong></span> 
     </span>
    </p>
   </div>
   <div class='ocr_carea' id='block_1_31' title="bbox 602 2953 3826 3029">
    <p class='ocr_par' dir='ltr' id='par_1_31' title="bbox 602 2953 3826 3029">
     <span class='ocr_line' id='line_1_31' title="bbox 602 2953 3826 3029; baseline -0.001 -22"><span class='ocrx_word' id='word_1_435' title='bbox 602 2966 710 3007; x_wconf 87' lang='lat' dir='ltr'><strong>tem</strong></span> <span class='ocrx_word' id='word_1_436' title='bbox 750 2954 1008 3018; x_wconf 86' lang='lat' dir='ltr'><strong>validam,</strong></span> <span class='ocrx_word' id='word_1_437' title='bbox 1038 2964 1091 3008; x_wconf 90' lang='lat' dir='ltr'><strong>et</strong></span> <span class='ocrx_word' id='word_1_438' title='bbox 1117 2965 1420 3014; x_wconf 89' lang='lat' dir='ltr'><strong>maturam.</strong></span> <span class='ocrx_word' id='word_1_439' title='bbox 1445 2957 1626 3024; x_wconf 87' lang='lat' dir='ltr'><strong>qualis</strong></span> <span class='ocrx_word' id='word_1_440' title='bbox 1650 2964 1736 3010; x_wconf 87' lang='lat' dir='ltr'><strong>est</strong></span> <span class='ocrx_word' id='word_1_441' title='bbox 1767 2957 1927 3010; x_wconf 92' lang='lat' dir='ltr'><strong>initio</strong></span> <span class='ocrx_word' id='word_1_442' title='bbox 1957 2960 2161 3029; x_wconf 89' lang='lat' dir='ltr'><strong>posita,</strong></span> <span class='ocrx_word' id='word_1_443' title='bbox 2197 2973 2320 3029; x_wconf 67' lang='lat' dir='ltr'><strong>qum</strong></span> <span class='ocrx_word' id='word_1_444' title='bbox 2360 2957 2787 3010; x_wconf 86' lang='lat' dir='ltr'><strong>adolescentiam</strong></span> <span class='ocrx_word' id='word_1_445' title='bbox 2814 2962 3120 3024; x_wconf 87' lang='lat' dir='ltr'><strong>superaret,</strong></span> <span class='ocrx_word' id='word_1_446' title='bbox 3155 2969 3297 3024; x_wconf 88' lang='lat' dir='ltr'><strong>aque</strong></span> <span class='ocrx_word' id='word_1_447' title='bbox 3330 2953 3492 3008; x_wconf 90' lang='lat' dir='ltr'><strong>senili</strong></span> <span class='ocrx_word' id='word_1_448' title='bbox 3526 2953 3826 3007; x_wconf 79' lang='lat' dir='ltr'><strong>infirmitate</strong></span> 
     </span>
    </p>
   </div>
   <div class='ocr_carea' id='block_1_32' title="bbox 600 3037 3822 3110">
    <p class='ocr_par' dir='ltr' id='par_1_32' title="bbox 600 3037 3822 3110">
     <span class='ocr_line' id='line_1_32' title="bbox 600 3037 3822 3110; baseline 0.001 -21"><span class='ocrx_word' id='word_1_449' title='bbox 600 3040 788 3105; x_wconf 86' lang='lat' dir='ltr'><strong>procul</strong></span> <span class='ocrx_word' id='word_1_450' title='bbox 826 3037 1066 3098; x_wconf 86' lang='lat' dir='ltr'><strong>abesset,</strong></span> <span class='ocrx_word' id='word_1_451' title='bbox 1101 3037 1407 3106; x_wconf 84' lang='lat' dir='ltr'><strong>ﬂagitabat,</strong></span> <span class='ocrx_word' id='word_1_452' title='bbox 1447 3039 1627 3105; x_wconf 82' lang='lat' dir='ltr'><strong>Quare</strong></span> <span class='ocrx_word' id='word_1_453' title='bbox 1655 3053 1782 3093; x_wconf 88' lang='lat' dir='ltr'><strong>cum</strong></span> <span class='ocrx_word' id='word_1_454' title='bbox 1817 3039 2031 3094; x_wconf 89' lang='lat' dir='ltr'><strong>Cahath</strong></span> <span class='ocrx_word' id='word_1_455' title='bbox 2074 3047 2310 3101; x_wconf 88' lang='lat' dir='ltr'><strong>mediam</strong></span> <span class='ocrx_word' id='word_1_456' title='bbox 2352 3053 2566 3096; x_wconf 64' lang='lat' dir='ltr'><strong>aetatem</strong></span> <span class='ocrx_word' id='word_1_457' title='bbox 2611 3044 2757 3097; x_wconf 90' lang='lat' dir='ltr'><strong>inter</strong></span> <span class='ocrx_word' id='word_1_458' title='bbox 2780 3040 2992 3097; x_wconf 86' lang='lat' dir='ltr'><strong>Gersou</strong></span> <span class='ocrx_word' id='word_1_459' title='bbox 3017 3050 3073 3096; x_wconf 89' lang='lat' dir='ltr'><strong>et</strong></span> <span class='ocrx_word' id='word_1_460' title='bbox 3105 3040 3304 3095; x_wconf 73' lang='lat' dir='ltr'><strong>Morari</strong></span> <span class='ocrx_word' id='word_1_461' title='bbox 3339 3049 3573 3106; x_wconf 88' lang='lat' dir='ltr'><strong>teneret,</strong></span> <span class='ocrx_word' id='word_1_462' title='bbox 3607 3041 3822 3110; x_wconf 79' lang='lat' dir='ltr'><strong>gloriam</strong></span> 
     </span>
    </p>
   </div>
   <div class='ocr_carea' id='block_1_33' title="bbox 599 3124 3808 3198">
    <p class='ocr_par' dir='ltr' id='par_1_33' title="bbox 599 3124 3808 3198">
     <span class='ocr_line' id='line_1_33' title="bbox 599 3124 3808 3198; baseline 0.001 -22"><span class='ocrx_word' id='word_1_463' title='bbox 599 3124 746 3176; x_wconf 87' lang='lat' dir='ltr'><strong>illam</strong></span> <span class='ocrx_word' id='word_1_464' title='bbox 781 3139 892 3193; x_wconf 68' lang='lat' dir='ltr'><strong>prae</strong></span> <span class='ocrx_word' id='word_1_465' title='bbox 917 3125 984 3178; x_wconf 92' lang='lat' dir='ltr'><strong>iis</strong></span> <span class='ocrx_word' id='word_1_466' title='bbox 1012 3133 1098 3178; x_wconf 89' lang='lat' dir='ltr'><strong>est</strong></span> <span class='ocrx_word' id='word_1_467' title='bbox 1127 3137 1485 3192; x_wconf 79' lang='lat' dir='ltr'><strong>consecutus,</strong></span> <span class='ocrx_word' id='word_1_468' title='bbox 1519 3137 1577 3180; x_wconf 90' lang='lat' dir='ltr'><strong>ut</strong></span> <span class='ocrx_word' id='word_1_469' title='bbox 1607 3142 1674 3180; x_wconf 81' lang='lat' dir='ltr'><strong>ex</strong></span> <span class='ocrx_word' id='word_1_470' title='bbox 1694 3142 1794 3182; x_wconf 85' lang='lat' dir='ltr'><strong>sua</strong></span> <span class='ocrx_word' id='word_1_471' title='bbox 1835 3129 2009 3197; x_wconf 89' lang='lat' dir='ltr'><strong>stirpe</strong></span> <span class='ocrx_word' id='word_1_472' title='bbox 2039 3133 2380 3193; x_wconf 86' lang='lat' dir='ltr'><strong>sacerdotes,</strong></span> <span class='ocrx_word' id='word_1_473' title='bbox 2419 3143 2654 3198; x_wconf 90' lang='lat' dir='ltr'><strong>quorum</strong></span> <span class='ocrx_word' id='word_1_474' title='bbox 2686 3129 2886 3198; x_wconf 88' lang='lat' dir='ltr'><strong>singuli</strong></span> <span class='ocrx_word' id='word_1_475' title='bbox 2919 3127 3218 3198; x_wconf 85' lang='lat' dir='ltr'><strong>principem</strong></span> <span class='ocrx_word' id='word_1_476' title='bbox 3247 3128 3486 3182; x_wconf 82' lang='lat' dir='ltr'><strong>babeant</strong></span> <span class='ocrx_word' id='word_1_477' title='bbox 3514 3127 3808 3197; x_wconf 86' lang='lat' dir='ltr'><strong>proprium,</strong></span> 
     </span>
    </p>
   </div>
   <div class='ocr_carea' id='block_1_34' title="bbox 596 3211 3824 3288">
    <p class='ocr_par' dir='ltr' id='par_1_34' title="bbox 596 3211 3824 3288">
     <span class='ocr_line' id='line_1_34' title="bbox 596 3211 3824 3288; baseline 0.001 -24"><span class='ocrx_word' id='word_1_478' title='bbox 596 3211 833 3264; x_wconf 89' lang='lat' dir='ltr'><strong>emittat.</strong></span> <span class='ocrx_word' id='word_1_479' title='bbox 887 3211 1192 3281; x_wconf 88' lang='lat' dir='ltr'><strong>Supremus</strong></span> <span class='ocrx_word' id='word_1_480' title='bbox 1255 3228 1386 3268; x_wconf 74' lang='lat' dir='ltr'><strong>vero</strong></span> <span class='ocrx_word' id='word_1_481' title='bbox 1436 3215 1694 3282; x_wconf 90' lang='lat' dir='ltr'><strong>princeps</strong></span> <span class='ocrx_word' id='word_1_482' title='bbox 1745 3215 1889 3270; x_wconf 89' lang='lat' dir='ltr'><strong>inter</strong></span> <span class='ocrx_word' id='word_1_483' title='bbox 1932 3217 2212 3288; x_wconf 83' lang='lat' dir='ltr'><strong>principes</strong></span> <span class='ocrx_word' id='word_1_484' title='bbox 2241 3217 2540 3282; x_wconf 87' lang='lat' dir='ltr'><strong>Leviticos,</strong></span> <span class='ocrx_word' id='word_1_485' title='bbox 2571 3215 2802 3271; x_wconf 83' lang='lat' dir='ltr'><strong>Eleazar</strong></span> <span class='ocrx_word' id='word_1_486' title='bbox 2828 3215 3238 3271; x_wconf 85' lang='lat' dir='ltr'><strong>Aaronislilius</strong></span> <span class='ocrx_word' id='word_1_487' title='bbox 3288 3227 3400 3270; x_wconf 84' lang='lat' dir='ltr'><strong>est.</strong></span> <span class='ocrx_word' id='word_1_488' title='bbox 3437 3215 3688 3269; x_wconf 81' lang='lat' dir='ltr'><strong>Adhunc</strong></span> <span class='ocrx_word' id='word_1_489' title='bbox 3709 3225 3824 3267; x_wconf 80' lang='lat' dir='ltr'><strong>sane</strong></span> 
     </span>
    </p>
   </div>
   <div class='ocr_carea' id='block_1_35' title="bbox 598 3298 3816 3372">
    <p class='ocr_par' dir='ltr' id='par_1_35' title="bbox 598 3298 3816 3372">
     <span class='ocr_line' id='line_1_35' title="bbox 598 3298 3816 3372; baseline 0.001 -20"><span class='ocrx_word' id='word_1_490' title='bbox 598 3299 818 3352; x_wconf 88' lang='lat' dir='ltr'><strong>modum</strong></span> <span class='ocrx_word' id='word_1_491' title='bbox 874 3301 1050 3354; x_wconf 83' lang='lat' dir='ltr'><strong>cuivis</strong></span> <span class='ocrx_word' id='word_1_492' title='bbox 1095 3298 1417 3355; x_wconf 86' lang='lat' dir='ltr'><strong>Christiano</strong></span> <span class='ocrx_word' id='word_1_493' title='bbox 1443 3302 1674 3370; x_wconf 81' lang='lat' dir='ltr'><strong>angelus</strong></span> <span class='ocrx_word' id='word_1_494' title='bbox 1697 3302 1770 3356; x_wconf 89' lang='lat' dir='ltr'><strong>sit</strong></span> <span class='ocrx_word' id='word_1_495' title='bbox 1801 3306 2055 3372; x_wconf 88' lang='lat' dir='ltr'><strong>proprius</strong></span> <span class='ocrx_word' id='word_1_496' title='bbox 2084 3305 2235 3362; x_wconf 88' lang='lat' dir='ltr'><strong>licet.</strong></span> <span class='ocrx_word' id='word_1_497' title='bbox 2267 3306 2526 3360; x_wconf 87' lang='lat' dir='ltr'><strong>Omnium</strong></span> <span class='ocrx_word' id='word_1_498' title='bbox 2572 3312 2754 3358; x_wconf 88' lang='lat' dir='ltr'><strong>tamen</strong></span> <span class='ocrx_word' id='word_1_499' title='bbox 2782 3319 2928 3359; x_wconf 91' lang='lat' dir='ltr'><strong>unus</strong></span> <span class='ocrx_word' id='word_1_500' title='bbox 2957 3303 3229 3359; x_wconf 88' lang='lat' dir='ltr'><strong>Dominus</strong></span> <span class='ocrx_word' id='word_1_501' title='bbox 3252 3313 3305 3359; x_wconf 91' lang='lat' dir='ltr'><strong>ct</strong></span> <span class='ocrx_word' id='word_1_502' title='bbox 3325 3319 3418 3360; x_wconf 77' lang='lat' dir='ltr'><strong>rex</strong></span> <span class='ocrx_word' id='word_1_503' title='bbox 3447 3310 3532 3360; x_wconf 88' lang='lat' dir='ltr'><strong>est</strong></span> <span class='ocrx_word' id='word_1_504' title='bbox 3555 3303 3816 3364; x_wconf 87' lang='lat' dir='ltr'><strong>Christus,</strong></span> 
     </span>
    </p>
   </div>
   <div class='ocr_carea' id='block_1_36' title="bbox 599 3383 3248 3462">
    <p class='ocr_par' dir='ltr' id='par_1_36' title="bbox 599 3383 3248 3462">
     <span class='ocr_line' id='line_1_36' title="bbox 599 3383 3248 3462; baseline 0.004 -26"><span class='ocrx_word' id='word_1_505' title='bbox 599 3383 861 3442; x_wconf 87' lang='lat' dir='ltr'><strong>Dominus</strong></span> <span class='ocrx_word' id='word_1_506' title='bbox 885 3387 1030 3442; x_wconf 90' lang='lat' dir='ltr'><strong>enim</strong></span> <span class='ocrx_word' id='word_1_507' title='bbox 1063 3389 1155 3444; x_wconf 92' lang='lat' dir='ltr'><strong>ille</strong></span> <span class='ocrx_word' id='word_1_508' title='bbox 1175 3388 1579 3444; x_wconf 89' lang='lat' dir='ltr'><strong>dominantium</strong></span> <span class='ocrx_word' id='word_1_509' title='bbox 1606 3397 1662 3444; x_wconf 89' lang='lat' dir='ltr'><strong>et</strong></span> <span class='ocrx_word' id='word_1_510' title='bbox 1687 3405 1779 3443; x_wconf 81' lang='lat' dir='ltr'><strong>rex</strong></span> <span class='ocrx_word' id='word_1_511' title='bbox 1812 3393 2180 3459; x_wconf 86' lang='lat' dir='ltr'><strong>regnantium.</strong></span> <span class='ocrx_word' id='word_1_512' title='bbox 2215 3392 2385 3448; x_wconf 87' lang='lat' dir='ltr'><strong>Latus</strong></span> <span class='ocrx_word' id='word_1_513' title='bbox 2416 3407 2547 3446; x_wconf 82' lang='lat' dir='ltr'><strong>vero</strong></span> <span class='ocrx_word' id='word_1_514' title='bbox 2570 3392 2916 3448; x_wconf 88' lang='lat' dir='ltr'><strong>tabernaculi</strong></span> <span class='ocrx_word' id='word_1_515' title='bbox 2950 3391 3248 3462; x_wconf 87' lang='lat' dir='ltr'><strong>posterius.</strong></span> 
     </span>
    </p>
   </div>
   <div class='ocr_carea' id='block_1_37' title="bbox 668 3519 2267 3598">
    <p class='ocr_par' dir='ltr' id='par_1_37' title="bbox 668 3519 2238 3591">
     <span class='ocr_line' id='line_1_37' title="bbox 668 3519 2238 3591; baseline 0.006 -20"><span class='ocrx_word' id='word_1_516' title='bbox 668 3519 936 3574; x_wconf 85' lang='lat' dir='ltr'><strong>Occasum</strong></span> <span class='ocrx_word' id='word_1_517' title='bbox 981 3536 1173 3576; x_wconf 90' lang='lat' dir='ltr'><strong>versus</strong></span> <span class='ocrx_word' id='word_1_518' title='bbox 1206 3522 1504 3577; x_wconf 86' lang='lat' dir='ltr'><strong>tuebantur</strong></span> <span class='ocrx_word' id='word_1_519' title='bbox 1537 3521 1874 3591; x_wconf 70' lang='lat' dir='ltr'><strong>Gersonitze,</strong></span> <span class='ocrx_word' id='word_1_520' title='bbox 1903 3525 2160 3581; x_wconf 89' lang='lat' dir='ltr'><strong>meridio-</strong></span> <span class='ocrx_word' id='word_1_521' title='bbox 2190 3533 2238 3590; x_wconf 74' lang='grc' dir='ltr'><strong>Α</strong></span> 
     </span>
    </p>
   </div>
   <div class='ocr_carea' id='block_1_38' title="bbox 2219 3519 3818 3598">
    <p class='ocr_par' dir='ltr' id='par_1_38' title="bbox 2219 3523 3818 3598">
     <span class='ocr_line' id='line_1_38' title="bbox 2219 3523 3818 3598; baseline 0.002 -18"><span class='ocrx_word' id='word_1_522' title='bbox 2219 3537 2238 3590; x_wconf 63' lang='grc' dir='ltr'><strong>ι</strong></span> <span class='ocrx_word' id='word_1_523' title='bbox 2336 3528 2515 3591; x_wconf 82' lang='grc' dir='ltr'><strong>Τόπος</strong></span> <span class='ocrx_word' id='word_1_524' title='bbox 2572 3529 2684 3590; x_wconf 82' lang='grc' dir='ltr'><strong>τοῖς</strong></span> <span class='ocrx_word' id='word_1_525' title='bbox 2734 3527 3101 3596; x_wconf 76' lang='grc' dir='ltr'><strong>Γηδσωνίταις</strong></span> <span class='ocrx_word' id='word_1_526' title='bbox 3137 3529 3167 3581; x_wconf 83' lang='grc' dir='ltr'><strong>ὁ</strong></span> <span class='ocrx_word' id='word_1_527' title='bbox 3211 3527 3588 3598; x_wconf 78' lang='grc' dir='ltr'><strong>ὀπισθόδομος,</strong></span> <span class='ocrx_word' id='word_1_528' title='bbox 3631 3523 3818 3583; x_wconf 67' lang='lat' dir='ltr'><strong>duroto:</strong></span> 
     </span>
    </p>
   </div>
   <div class='ocr_carea' id='block_1_39' title="bbox 600 3609 2199 3692">
    <p class='ocr_par' dir='ltr' id='par_1_39' title="bbox 600 3609 2164 3683">
     <span class='ocr_line' id='line_1_39' title="bbox 600 3609 2164 3683; baseline 0.007 -19"><span class='ocrx_word' id='word_1_529' title='bbox 600 3611 722 3665; x_wconf 88' lang='lat' dir='ltr'><strong>nale</strong></span> <span class='ocrx_word' id='word_1_530' title='bbox 735 3609 1123 3677; x_wconf 71' lang='lat' dir='ltr'><strong>etCahathitae,</strong></span> <span class='ocrx_word' id='word_1_531' title='bbox 1145 3614 1578 3683; x_wconf 86' lang='lat' dir='ltr'><strong>septentrionale</strong></span> <span class='ocrx_word' id='word_1_532' title='bbox 1593 3613 1882 3679; x_wconf 71' lang='lat' dir='ltr'><strong>Meraritze,</strong></span> <span class='ocrx_word' id='word_1_533' title='bbox 1898 3619 2164 3675; x_wconf 88' lang='lat' dir='ltr'><strong>orientale</strong></span> 
     </span>
    </p>
   </div>
   <div class='ocr_carea' id='block_1_40' title="bbox 2215 3609 3814 3692">
    <p class='ocr_par' dir='ltr' id='par_1_40' title="bbox 2265 3616 3814 3692">
     <span class='ocr_line' id='line_1_40' title="bbox 2265 3616 3814 3692; baseline -0.002 -20"><span class='ocrx_word' id='word_1_534' title='bbox 2265 3619 2361 3672; x_wconf 81' lang='grc' dir='ltr'><strong>ὧν·</strong></span> <span class='ocrx_word' id='word_1_535' title='bbox 2393 3623 2505 3684; x_wconf 78' lang='grc' dir='ltr'><strong>τοῖς</strong></span> <span class='ocrx_word' id='word_1_536' title='bbox 2529 3620 2586 3674; x_wconf 75' lang='grc' dir='ltr'><strong>δὲ</strong></span> <span class='ocrx_word' id='word_1_537' title='bbox 2610 3619 2934 3686; x_wconf 82' lang='grc' dir='ltr'><strong>Κααθίταις,</strong></span> <span class='ocrx_word' id='word_1_538' title='bbox 2958 3621 3020 3676; x_wconf 79' lang='grc' dir='ltr'><strong>τὸ</strong></span> <span class='ocrx_word' id='word_1_539' title='bbox 3051 3620 3226 3675; x_wconf 86' lang='grc' dir='ltr'><strong>νότιον</strong></span> <span class='ocrx_word' id='word_1_540' title='bbox 3255 3622 3355 3692; x_wconf 79' lang='grc' dir='ltr'><strong>τῆς</strong></span> <span class='ocrx_word' id='word_1_541' title='bbox 3383 3621 3592 3692; x_wconf 79' lang='grc' dir='ltr'><strong>σκηνῆς</strong></span> <span class='ocrx_word' id='word_1_542' title='bbox 3619 3639 3633 3653; x_wconf 76' lang='grc'><em>’</em></span> <span class='ocrx_word' id='word_1_543' title='bbox 3659 3621 3759 3681; x_wconf 81' lang='grc' dir='ltr'><strong>τοῖς</strong></span> <span class='ocrx_word' id='word_1_544' title='bbox 3771 3616 3814 3668; x_wconf 80' lang='grc' dir='ltr'>ει</span> 
     </span>
    </p>
   </div>
   <div class='ocr_carea' id='block_1_41' title="bbox 598 3702 2197 3783">
    <p class='ocr_par' dir='ltr' id='par_1_41' title="bbox 598 3702 2165 3778">
     <span class='ocr_line' id='line_1_41' title="bbox 598 3702 2165 3778; baseline 0.006 -20"><span class='ocrx_word' id='word_1_545' title='bbox 598 3702 937 3771; x_wconf 87' lang='lat' dir='ltr'><strong>sacerdotes,</strong></span> <span class='ocrx_word' id='word_1_546' title='bbox 985 3718 1049 3758; x_wconf 90' lang='lat' dir='ltr'><strong>ea</strong></span> <span class='ocrx_word' id='word_1_547' title='bbox 1090 3705 1304 3761; x_wconf 91' lang='lat' dir='ltr'><strong>ratione</strong></span> <span class='ocrx_word' id='word_1_548' title='bbox 1350 3707 1646 3771; x_wconf 89' lang='lat' dir='ltr'><strong>nimirum,</strong></span> <span class='ocrx_word' id='word_1_549' title='bbox 1693 3723 1805 3778; x_wconf 95' lang='lat' dir='ltr'><strong>quo</strong></span> <span class='ocrx_word' id='word_1_550' title='bbox 1850 3711 2165 3768; x_wconf 85' lang='lat' dir='ltr'><strong>sacerdotes</strong></span> 
     </span>
    </p>
   </div>
   <div class='ocr_carea' id='block_1_42' title="bbox 2220 3702 3819 3783">
    <p class='ocr_par' dir='ltr' id='par_1_42' title="bbox 2263 3707 3819 3783">
     <span class='ocr_line' id='line_1_42' title="bbox 2263 3707 3819 3783; baseline -0.004 -19"><span class='ocrx_word' id='word_1_551' title='bbox 2263 3707 2638 3782; x_wconf 77' lang='grc' dir='ltr'><strong>Μεραρίταις.“</strong></span> <span class='ocrx_word' id='word_1_552' title='bbox 2659 3709 2721 3765; x_wconf 86' lang='grc' dir='ltr'><strong>τδ</strong></span> <span class='ocrx_word' id='word_1_553' title='bbox 2757 3709 2989 3783; x_wconf 81' lang='grc' dir='ltr'><strong>βόρειον·</strong></span> <span class='ocrx_word' id='word_1_554' title='bbox 3018 3714 3134 3774; x_wconf 86' lang='grc' dir='ltr'><strong>τοῖς</strong></span> <span class='ocrx_word' id='word_1_555' title='bbox 3184 3710 3241 3764; x_wconf 79' lang='grc' dir='ltr'><strong>δὲ</strong></span> <span class='ocrx_word' id='word_1_556' title='bbox 3275 3709 3482 3780; x_wconf 78' lang='grc' dir='ltr'><strong>ἱερεῦσι</strong></span> <span class='ocrx_word' id='word_1_557' title='bbox 3505 3750 3520 3774; x_wconf 88' lang='grc'><em>,</em></span> <span class='ocrx_word' id='word_1_558' title='bbox 3553 3711 3616 3764; x_wconf 72' lang='grc' dir='ltr'><strong>τὸ</strong></span> <span class='ocrx_word' id='word_1_559' title='bbox 3654 3711 3819 3764; x_wconf 76' lang='grc' dir='ltr'><strong>ἀνατο-</strong></span> 
     </span>
    </p>
   </div>
   <div class='ocr_carea' id='block_1_43' title="bbox 603 3795 2202 3870">
    <p class='ocr_par' dir='ltr' id='par_1_43' title="bbox 603 3795 2162 3865">
     <span class='ocr_line' id='line_1_43' title="bbox 603 3795 2162 3865; baseline 0.006 -19"><span class='ocrx_word' id='word_1_560' title='bbox 603 3795 875 3861; x_wconf 86' lang='lat' dir='ltr'><strong>movendi,</strong></span> <span class='ocrx_word' id='word_1_561' title='bbox 906 3796 1116 3865; x_wconf 88' lang='lat' dir='ltr'><strong>iterque</strong></span> <span class='ocrx_word' id='word_1_562' title='bbox 1141 3795 1419 3861; x_wconf 83' lang='lat' dir='ltr'><strong>faciendi,</strong></span> <span class='ocrx_word' id='word_1_563' title='bbox 1488 3797 1542 3852; x_wconf 90' lang='lat' dir='ltr'><strong>in</strong></span> <span class='ocrx_word' id='word_1_564' title='bbox 1588 3799 1807 3853; x_wconf 91' lang='lat' dir='ltr'><strong>oriente</strong></span> <span class='ocrx_word' id='word_1_565' title='bbox 1863 3816 1986 3855; x_wconf 91' lang='lat' dir='ltr'><strong>cum</strong></span> <span class='ocrx_word' id='word_1_566' title='bbox 2016 3803 2162 3856; x_wconf 92' lang='lat' dir='ltr'><strong>tribu</strong></span> 
     </span>
    </p>
   </div>
   <div class='ocr_carea' id='block_1_44' title="bbox 2219 3795 3818 3870">
    <p class='ocr_par' dir='ltr' id='par_1_44' title="bbox 2264 3797 3818 3870">
     <span class='ocr_line' id='line_1_44' title="bbox 2264 3797 3818 3870; baseline -0.001 -17"><span class='ocrx_word' id='word_1_567' title='bbox 2264 3798 2437 3854; x_wconf 82' lang='grc' dir='ltr'><strong>λικόν.</strong></span> <span class='ocrx_word' id='word_1_568' title='bbox 2467 3799 2588 3855; x_wconf 86' lang='grc' dir='ltr'><strong>’Ὶνα</strong></span> <span class='ocrx_word' id='word_1_569' title='bbox 2614 3802 2672 3853; x_wconf 78' lang='grc' dir='ltr'>έν</span> <span class='ocrx_word' id='word_1_570' title='bbox 2695 3803 2813 3864; x_wconf 83' lang='grc' dir='ltr'><strong>ταῖς</strong></span> <span class='ocrx_word' id='word_1_571' title='bbox 2837 3801 3089 3870; x_wconf 78' lang='grc' dir='ltr'><strong>κινήσεσι</strong></span> <span class='ocrx_word' id='word_1_572' title='bbox 3121 3800 3216 3853; x_wconf 76' lang='grc' dir='ltr'><strong>καὶ</strong></span> <span class='ocrx_word' id='word_1_573' title='bbox 3244 3799 3572 3868; x_wconf 72' lang='grc' dir='ltr'><strong>ὁδοιπορίαις</strong></span> <span class='ocrx_word' id='word_1_574' title='bbox 3602 3797 3818 3866; x_wconf 78' lang='grc' dir='ltr'><strong>κατάρχῃ</strong></span> 
     </span>
    </p>
   </div>
   <div class='ocr_carea' id='block_1_45' title="bbox 599 3881 2198 3962">
    <p class='ocr_par' dir='ltr' id='par_1_45' title="bbox 599 3881 2165 3958">
     <span class='ocr_line' id='line_1_45' title="bbox 599 3881 2165 3958; baseline 0.007 -22"><span class='ocrx_word' id='word_1_575' title='bbox 599 3881 976 3950; x_wconf 82' lang='lat' dir='ltr'><strong>Juda,darent</strong></span> <span class='ocrx_word' id='word_1_576' title='bbox 1007 3885 1276 3954; x_wconf 90' lang='lat' dir='ltr'><strong>auspicia.</strong></span> <span class='ocrx_word' id='word_1_577' title='bbox 1301 3885 1358 3939; x_wconf 90' lang='lat' dir='ltr'><strong>ln</strong></span> <span class='ocrx_word' id='word_1_578' title='bbox 1383 3886 1576 3940; x_wconf 89' lang='lat' dir='ltr'><strong>horum</strong></span> <span class='ocrx_word' id='word_1_579' title='bbox 1609 3887 1956 3958; x_wconf 90' lang='lat' dir='ltr'><strong>aliorumque</strong></span> <span class='ocrx_word' id='word_1_580' title='bbox 1985 3890 2165 3947; x_wconf 90' lang='lat' dir='ltr'><strong>medio</strong></span> 
     </span>
    </p>
   </div>
   <div class='ocr_carea' id='block_1_46' title="bbox 2220 3881 3819 3962">
    <p class='ocr_par' dir='ltr' id='par_1_46' title="bbox 2271 3886 3819 3962">
     <span class='ocr_line' id='line_1_46' title="bbox 2271 3886 3819 3962; baseline -0.008 -15"><span class='ocrx_word' id='word_1_581' title='bbox 2271 3892 2369 3962; x_wconf 78' lang='grc' dir='ltr'><strong>μὲν</strong></span> <span class='ocrx_word' id='word_1_582' title='bbox 2403 3894 2462 3946; x_wconf 83' lang='grc' dir='ltr'><strong>τὸ</strong></span> <span class='ocrx_word' id='word_1_583' title='bbox 2500 3891 2822 3945; x_wconf 80' lang='grc' dir='ltr'><strong>ἀνατολικὸν</strong></span> <span class='ocrx_word' id='word_1_584' title='bbox 2855 3889 2993 3958; x_wconf 82' lang='grc' dir='ltr'>πρὸς</span> <span class='ocrx_word' id='word_1_585' title='bbox 3033 3889 3114 3961; x_wconf 83' lang='grc' dir='ltr'><strong>τῷ</strong></span> <span class='ocrx_word' id='word_1_586' title='bbox 3179 3888 3348 3943; x_wconf 82' lang='grc' dir='ltr'><strong>Ἰούδα</strong></span> <span class='ocrx_word' id='word_1_587' title='bbox 3384 3890 3644 3959; x_wconf 79' lang='grc' dir='ltr'><strong>τάγματι,</strong></span> <span class='ocrx_word' id='word_1_588' title='bbox 3679 3887 3722 3939; x_wconf 85' lang='lat' dir='ltr'><strong>oi</strong></span> <span class='ocrx_word' id='word_1_589' title='bbox 3757 3886 3819 3936; x_wconf 77' lang='lat' dir='ltr'><strong>is-</strong></span> 
     </span>
    </p>
   </div>
   <div class='ocr_carea' id='block_1_47' title="bbox 603 3973 2202 4052">
    <p class='ocr_par' dir='ltr' id='par_1_47' title="bbox 603 3976 2166 4052">
     <span class='ocr_line' id='line_1_47' title="bbox 603 3976 2166 4052; baseline 0.006 -24"><span class='ocrx_word' id='word_1_590' title='bbox 603 3989 762 4028; x_wconf 83' lang='lat' dir='ltr'><strong>sacra</strong></span> <span class='ocrx_word' id='word_1_591' title='bbox 813 3989 944 4029; x_wconf 85' lang='lat' dir='ltr'><strong>vasa</strong></span> <span class='ocrx_word' id='word_1_592' title='bbox 997 3990 1027 4028; x_wconf 89' lang='lat' dir='ltr'><strong>a</strong></span> <span class='ocrx_word' id='word_1_593' title='bbox 1081 3976 1469 4032; x_wconf 88' lang='lat' dir='ltr'><strong>sacerdotibus</strong></span> <span class='ocrx_word' id='word_1_594' title='bbox 1523 3978 1796 4044; x_wconf 83' lang='lat' dir='ltr'><strong>obvelata,</strong></span> <span class='ocrx_word' id='word_1_595' title='bbox 1847 3989 1904 4034; x_wconf 92' lang='lat' dir='ltr'><strong>ut</strong></span> <span class='ocrx_word' id='word_1_596' title='bbox 1939 3996 2040 4036; x_wconf 87' lang='lat' dir='ltr'><strong>nec</strong></span> <span class='ocrx_word' id='word_1_597' title='bbox 2063 3981 2166 4052; x_wconf 88' lang='lat' dir='ltr'><strong>ipsi</strong></span> 
     </span>
    </p>
   </div>
   <div class='ocr_carea' id='block_1_48' title="bbox 2222 3973 3821 4052">
    <p class='ocr_par' dir='ltr' id='par_1_48' title="bbox 2275 3973 3821 4051">
     <span class='ocr_line' id='line_1_48' title="bbox 2275 3973 3821 4051; baseline -0.002 -17"><span class='ocrx_word' id='word_1_598' title='bbox 2275 3983 2412 4051; x_wconf 81' lang='grc' dir='ltr'>ρεϊς.</span> <span class='ocrx_word' id='word_1_599' title='bbox 2447 3980 2666 4034; x_wconf 85' lang='grc' dir='ltr'><strong>Τούτων</strong></span> <span class='ocrx_word' id='word_1_600' title='bbox 2713 3980 2772 4035; x_wconf 69' lang='grc' dir='ltr'><strong>δὲ</strong></span> <span class='ocrx_word' id='word_1_601' title='bbox 2824 3981 2917 4034; x_wconf 60' lang='grc' dir='ltr'><strong>καὶ⁵</strong></span> <span class='ocrx_word' id='word_1_602' title='bbox 2973 3980 3083 4034; x_wconf 84' lang='grc' dir='ltr'><strong>τῶν</strong></span> <span class='ocrx_word' id='word_1_603' title='bbox 3134 3979 3309 4035; x_wconf 71' lang='grc' dir='ltr'><strong>ἄλλων</strong></span> <span class='ocrx_word' id='word_1_604' title='bbox 3337 3975 3472 4035; x_wconf 76' lang='grc' dir='ltr'>ὦσιν</span> <span class='ocrx_word' id='word_1_605' title='bbox 3526 3982 3584 4033; x_wconf 79' lang='grc' dir='ltr'>έν</span> <span class='ocrx_word' id='word_1_606' title='bbox 3615 3978 3756 4049; x_wconf 82' lang='grc' dir='ltr'>μέσῳ</span> <span class='ocrx_word' id='word_1_607' title='bbox 3777 3973 3821 4026; x_wconf 82' lang='grc' dir='ltr'><strong>οἱ</strong></span> 
     </span>
    </p>
   </div>
   <div class='ocr_carea' id='block_1_49' title="bbox 601 4063 2200 4143">
    <p class='ocr_par' dir='ltr' id='par_1_49' title="bbox 601 4063 2165 4134">
     <span class='ocr_line' id='line_1_49' title="bbox 601 4063 2165 4134; baseline 0.006 -20"><span class='ocrx_word' id='word_1_608' title='bbox 601 4064 698 4133; x_wconf 86' lang='lat' dir='ltr'><strong>qui</strong></span> <span class='ocrx_word' id='word_1_609' title='bbox 732 4063 980 4119; x_wconf 84' lang='lat' dir='ltr'><strong>terebant</strong></span> <span class='ocrx_word' id='word_1_610' title='bbox 1012 4079 1114 4120; x_wconf 90' lang='lat' dir='ltr'><strong>nec</strong></span> <span class='ocrx_word' id='word_1_611' title='bbox 1157 4065 1248 4119; x_wconf 87' lang='lat' dir='ltr'><strong>alii</strong></span> <span class='ocrx_word' id='word_1_612' title='bbox 1285 4065 1493 4122; x_wconf 85' lang='lat' dir='ltr'><strong>aditum</strong></span> <span class='ocrx_word' id='word_1_613' title='bbox 1533 4067 1748 4124; x_wconf 88' lang='lat' dir='ltr'><strong>visendi</strong></span> <span class='ocrx_word' id='word_1_614' title='bbox 1778 4082 1841 4123; x_wconf 90' lang='lat' dir='ltr'><strong>ea</strong></span> <span class='ocrx_word' id='word_1_615' title='bbox 1875 4068 2165 4134; x_wconf 86' lang='lat' dir='ltr'><strong>haberent,</strong></span> 
     </span>
    </p>
   </div>
   <div class='ocr_carea' id='block_1_50' title="bbox 2223 4063 3822 4143">
    <p class='ocr_par' dir='ltr' id='par_1_50' title="bbox 2273 4063 3822 4143">
     <span class='ocr_line' id='line_1_50' title="bbox 2273 4063 3822 4143; baseline -0.006 -17"><span class='ocrx_word' id='word_1_616' title='bbox 2273 4071 2566 4139; x_wconf 81' lang='grc' dir='ltr'><strong>Κααθϊται,</strong></span> <span class='ocrx_word' id='word_1_617' title='bbox 2601 4063 2860 4143; x_wconf 64' lang='grc' dir='ltr'><strong>φέροντες</strong></span> <span class='ocrx_word' id='word_1_618' title='bbox 2887 4072 2955 4126; x_wconf 80' lang='grc' dir='ltr'><strong>τὰ</strong></span> <span class='ocrx_word' id='word_1_619' title='bbox 2980 4073 3104 4143; x_wconf 79' lang='grc' dir='ltr'><strong>ιερά</strong></span> <span class='ocrx_word' id='word_1_620' title='bbox 3129 4072 3299 4143; x_wconf 84' lang='grc' dir='ltr'><strong>σκεύη</strong></span> <span class='ocrx_word' id='word_1_621' title='bbox 3323 4071 3702 4141; x_wconf 70' lang='grc' dir='ltr'><strong>κεκαλυμμένα</strong></span> <span class='ocrx_word' id='word_1_622' title='bbox 3727 4065 3822 4119; x_wconf 76' lang='grc' dir='ltr'><strong>ὑπὸ</strong></span> 
     </span>
    </p>
   </div>
   <div class='ocr_carea' id='block_1_51' title="bbox 601 4156 2200 4234">
    <p class='ocr_par' dir='ltr' id='par_1_51' title="bbox 601 4156 1278 4228">
     <span class='ocr_line' id='line_1_51' title="bbox 601 4156 1278 4228; baseline 0.001 -16"><span class='ocrx_word' id='word_1_623' title='bbox 601 4156 911 4212; x_wconf 65' lang='grc' dir='ltr'>εοιιιιιιιίιω</span> <span class='ocrx_word' id='word_1_624' title='bbox 961 4158 1278 4228; x_wconf 88' lang='lat' dir='ltr'><strong>portabant.</strong></span> 
     </span>
    </p>
   </div>
   <div class='ocr_carea' id='block_1_52' title="bbox 2223 4156 3822 4234">
    <p class='ocr_par' dir='ltr' id='par_1_52' title="bbox 2271 4159 3822 4234">
     <span class='ocr_line' id='line_1_52' title="bbox 2271 4159 3822 4234; baseline -0.005 -19"><span class='ocrx_word' id='word_1_625' title='bbox 2271 4163 2381 4216; x_wconf 86' lang='grc' dir='ltr'><strong>τῶν</strong></span> <span class='ocrx_word' id='word_1_626' title='bbox 2411 4163 2621 4234; x_wconf 77' lang='grc' dir='ltr'><strong>ἱερέων,</strong></span> <span class='ocrx_word' id='word_1_627' title='bbox 2643 4163 2737 4220; x_wconf 79' lang='grc' dir='ltr'><strong>καὶ</strong></span> <span class='ocrx_word' id='word_1_628' title='bbox 2762 4165 2875 4227; x_wconf 80' lang='grc' dir='ltr'><strong>τοῖς</strong></span> <span class='ocrx_word' id='word_1_629' title='bbox 2902 4163 3083 4228; x_wconf 75' lang='grc' dir='ltr'><strong>ἄλλοις</strong></span> <span class='ocrx_word' id='word_1_630' title='bbox 3107 4165 3201 4218; x_wconf 78' lang='grc' dir='ltr'><strong>καὶ</strong></span> <span class='ocrx_word' id='word_1_631' title='bbox 3227 4166 3407 4227; x_wconf 78' lang='grc' dir='ltr'><strong>αὐτοῖς</strong></span> <span class='ocrx_word' id='word_1_632' title='bbox 3429 4163 3482 4216; x_wconf 83' lang='grc' dir='ltr'><strong>δὲ</strong></span> <span class='ocrx_word' id='word_1_633' title='bbox 3511 4163 3614 4224; x_wconf 79' lang='grc' dir='ltr'><strong>τοῖς</strong></span> <span class='ocrx_word' id='word_1_634' title='bbox 3637 4159 3822 4227; x_wconf 83' lang='grc' dir='ltr'>φέρου-</span> 
     </span>
    </p>
   </div>
   <div class='ocr_carea' id='block_1_53' title="bbox 2281 4253 2703 4326">
    <p class='ocr_par' dir='ltr' id='par_1_53' title="bbox 2281 4253 2703 4326">
     <span class='ocr_line' id='line_1_53' title="bbox 2281 4253 2703 4326; baseline 0.007 -20"><span class='ocrx_word' id='word_1_635' title='bbox 2281 4270 2364 4307; x_wconf 87' lang='grc' dir='ltr'><strong>σιν</strong></span> <span class='ocrx_word' id='word_1_636' title='bbox 2397 4253 2703 4326; x_wconf 82' lang='grc' dir='ltr'><strong>ἀθεώρητα.</strong></span> 
     </span>
    </p>
   </div>
   <div class='ocr_carea' id='block_1_54' title="bbox 677 4341 3822 4436">
    <p class='ocr_par' dir='ltr' id='par_1_54' title="bbox 677 4341 3822 4436">
     <span class='ocr_line' id='line_1_54' title="bbox 677 4341 3822 4436; baseline 0.001 -25"><span class='ocrx_word' id='word_1_637' title='bbox 677 4356 802 4413; x_wconf 79' lang='lat' dir='ltr'><strong>llaec</strong></span> <span class='ocrx_word' id='word_1_638' title='bbox 849 4356 1204 4411; x_wconf 86' lang='lat' dir='ltr'><strong>multifariam</strong></span> <span class='ocrx_word' id='word_1_639' title='bbox 1257 4373 1424 4427; x_wconf 90' lang='lat' dir='ltr'><strong>supra</strong></span> <span class='ocrx_word' id='word_1_640' title='bbox 1461 4361 1516 4413; x_wconf 93' lang='lat' dir='ltr'><strong>in</strong></span> <span class='ocrx_word' id='word_1_641' title='bbox 1559 4357 1841 4414; x_wconf 89' lang='lat' dir='ltr'><strong>Christum</strong></span> <span class='ocrx_word' id='word_1_642' title='bbox 1867 4357 2216 4418; x_wconf 80' lang='lat' dir='ltr'><strong>traduximus</strong></span> <span class='ocrx_word' id='word_1_643' title='bbox 2246 4341 2260 4417; x_wconf 75' lang='grc' dir='ltr'>ξ</span> <span class='ocrx_word' id='word_1_644' title='bbox 2300 4366 2394 4436; x_wconf 84' lang='grc' dir='ltr'>ιιιιί</span> <span class='ocrx_word' id='word_1_645' title='bbox 2431 4368 2700 4423; x_wconf 86' lang='lat' dir='ltr'><strong>varietate</strong></span> <span class='ocrx_word' id='word_1_646' title='bbox 2723 4368 2971 4424; x_wconf 90' lang='lat' dir='ltr'><strong>colorum</strong></span> <span class='ocrx_word' id='word_1_647' title='bbox 3006 4370 3306 4436; x_wconf 80' lang='lat' dir='ltr'><strong>tegumenti</strong></span> <span class='ocrx_word' id='word_1_648' title='bbox 3340 4372 3556 4421; x_wconf 90' lang='lat' dir='ltr'><strong>notatur</strong></span> <span class='ocrx_word' id='word_1_649' title='bbox 3601 4375 3822 4432; x_wconf 87' lang='lat' dir='ltr'><strong>quoque.</strong></span> 
     </span>
    </p>
   </div>
   <div class='ocr_carea' id='block_1_55' title="bbox 606 4445 3818 4526">
    <p class='ocr_par' dir='ltr' id='par_1_55' title="bbox 606 4445 3818 4526">
     <span class='ocr_line' id='line_1_55' title="bbox 606 4445 3818 4526; baseline 0 -27"><span class='ocrx_word' id='word_1_650' title='bbox 606 4446 680 4499; x_wconf 80' lang='lat' dir='ltr'><strong>Ac</strong></span> <span class='ocrx_word' id='word_1_651' title='bbox 716 4445 1131 4516; x_wconf 88' lang='lat' dir='ltr'><strong>hyacinthinum</strong></span> <span class='ocrx_word' id='word_1_652' title='bbox 1154 4445 1374 4513; x_wconf 89' lang='lat' dir='ltr'><strong>quidem</strong></span> <span class='ocrx_word' id='word_1_653' title='bbox 1406 4453 1764 4516; x_wconf 72' lang='lat' dir='ltr'><strong>repraesentat</strong></span> <span class='ocrx_word' id='word_1_654' title='bbox 1794 4446 2070 4501; x_wconf 75' lang='lat' dir='ltr'><strong>cmlestem</strong></span> <span class='ocrx_word' id='word_1_655' title='bbox 2093 4448 2216 4516; x_wconf 86' lang='lat' dir='ltr'><strong>ejus</strong></span> <span class='ocrx_word' id='word_1_656' title='bbox 2255 4452 2468 4510; x_wconf 90' lang='lat' dir='ltr'><strong>sedem.</strong></span> <span class='ocrx_word' id='word_1_657' title='bbox 2501 4451 2847 4524; x_wconf 86' lang='lat' dir='ltr'><strong>Purpureum</strong></span> <span class='ocrx_word' id='word_1_658' title='bbox 2887 4469 3019 4510; x_wconf 83' lang='lat' dir='ltr'><strong>vero</strong></span> <span class='ocrx_word' id='word_1_659' title='bbox 3049 4455 3171 4525; x_wconf 86' lang='lat' dir='ltr'><strong>ejus</strong></span> <span class='ocrx_word' id='word_1_660' title='bbox 3219 4469 3470 4526; x_wconf 88' lang='lat' dir='ltr'><strong>regnum.</strong></span> <span class='ocrx_word' id='word_1_661' title='bbox 3508 4446 3818 4506; x_wconf 76' lang='lat' dir='ltr'><strong>Coccin&#39;eutu</strong></span> 
     </span>
    </p>
   </div>
   <div class='ocr_carea' id='block_1_56' title="bbox 601 4530 3818 4615">
    <p class='ocr_par' dir='ltr' id='par_1_56' title="bbox 601 4530 3818 4615">
     <span class='ocr_line' id='line_1_56' title="bbox 601 4530 3818 4615; baseline 0.001 -28"><span class='ocrx_word' id='word_1_662' title='bbox 601 4531 721 4601; x_wconf 86' lang='lat' dir='ltr'><strong>ejus</strong></span> <span class='ocrx_word' id='word_1_663' title='bbox 749 4531 1095 4600; x_wconf 83' lang='lat' dir='ltr'><strong>sanguinem,</strong></span> <span class='ocrx_word' id='word_1_664' title='bbox 1136 4546 1296 4600; x_wconf 91' lang='lat' dir='ltr'><strong>quem</strong></span> <span class='ocrx_word' id='word_1_665' title='bbox 1325 4541 1513 4586; x_wconf 92' lang='lat' dir='ltr'><strong>nostra</strong></span> <span class='ocrx_word' id='word_1_666' title='bbox 1553 4546 1718 4585; x_wconf 90' lang='lat' dir='ltr'><strong>causa</strong></span> <span class='ocrx_word' id='word_1_667' title='bbox 1746 4530 1960 4587; x_wconf 74' lang='lat' dir='ltr'><strong>eil‘udit.’</strong></span> <span class='ocrx_word' id='word_1_668' title='bbox 1987 4534 2244 4593; x_wconf 83' lang='lat' dir='ltr'><strong>Humeris</strong></span> <span class='ocrx_word' id='word_1_669' title='bbox 2279 4557 2408 4596; x_wconf 88' lang='lat' dir='ltr'><strong>vero</strong></span> <span class='ocrx_word' id='word_1_670' title='bbox 2429 4543 2776 4615; x_wconf 57' lang='lat' dir='ltr'><strong>sacerdotum</strong></span> <span class='ocrx_word' id='word_1_671' title='bbox 2810 4545 3122 4598; x_wconf 90' lang='lat' dir='ltr'><strong>innituntur</strong></span> <span class='ocrx_word' id='word_1_672' title='bbox 3190 4557 3373 4604; x_wconf 88' lang='lat' dir='ltr'><strong>sacra,</strong></span> <span class='ocrx_word' id='word_1_673' title='bbox 3400 4557 3469 4595; x_wconf 88' lang='lat' dir='ltr'><strong>ne</strong></span> <span class='ocrx_word' id='word_1_674' title='bbox 3499 4547 3687 4595; x_wconf 89' lang='lat' dir='ltr'><strong>sancta</strong></span> <span class='ocrx_word' id='word_1_675' title='bbox 3713 4548 3818 4590; x_wconf 88' lang='lat' dir='ltr'><strong>cum</strong></span> 
     </span>
    </p>
   </div>
   <div class='ocr_carea' id='block_1_57' title="bbox 603 4617 3818 4697">
    <p class='ocr_par' dir='ltr' id='par_1_57' title="bbox 603 4617 3818 4697">
     <span class='ocr_line' id='line_1_57' title="bbox 603 4617 3818 4697; baseline 0.002 -27"><span class='ocrx_word' id='word_1_676' title='bbox 603 4619 733 4682; x_wconf 88' lang='lat' dir='ltr'><strong>sint,</strong></span> <span class='ocrx_word' id='word_1_677' title='bbox 777 4632 946 4687; x_wconf 89' lang='lat' dir='ltr'><strong>super</strong></span> <span class='ocrx_word' id='word_1_678' title='bbox 975 4617 1142 4687; x_wconf 89' lang='lat' dir='ltr'><strong>lignis</strong></span> <span class='ocrx_word' id='word_1_679' title='bbox 1189 4627 1403 4687; x_wconf 88' lang='lat' dir='ltr'><strong>portata</strong></span> <span class='ocrx_word' id='word_1_680' title='bbox 1437 4628 1560 4688; x_wconf 90' lang='lat' dir='ltr'><strong>post</strong></span> <span class='ocrx_word' id='word_1_681' title='bbox 1615 4627 1830 4688; x_wconf 83' lang='lat' dir='ltr'><strong>tergum</strong></span> <span class='ocrx_word' id='word_1_682' title='bbox 1884 4623 2160 4688; x_wconf 89' lang='lat' dir='ltr'><strong>portantis</strong></span> <span class='ocrx_word' id='word_1_683' title='bbox 2193 4625 2548 4684; x_wconf 89' lang='lat' dir='ltr'><strong>delabantur.</strong></span> <span class='ocrx_word' id='word_1_684' title='bbox 2575 4631 2845 4686; x_wconf 69' lang='lat' dir='ltr'><strong>Caeterum</strong></span> <span class='ocrx_word' id='word_1_685' title='bbox 2904 4629 3267 4697; x_wconf 88' lang='lat' dir='ltr'><strong>fundamenta</strong></span> <span class='ocrx_word' id='word_1_686' title='bbox 3302 4629 3532 4684; x_wconf 83' lang='lat' dir='ltr'><strong>tentorii</strong></span> <span class='ocrx_word' id='word_1_687' title='bbox 3597 4635 3818 4680; x_wconf 86' lang='lat' dir='ltr'><strong>nostram</strong></span> 
     </span>
    </p>
   </div>
   <div class='ocr_carea' id='block_1_58' title="bbox 604 4706 3817 4792">
    <p class='ocr_par' dir='ltr' id='par_1_58' title="bbox 604 4706 3817 4792">
     <span class='ocr_line' id='line_1_58' title="bbox 604 4706 3817 4792; baseline 0.002 -34"><span class='ocrx_word' id='word_1_688' title='bbox 604 4706 971 4761; x_wconf 83' lang='lat' dir='ltr'><strong>substantiam</strong></span> <span class='ocrx_word' id='word_1_689' title='bbox 1003 4706 1332 4761; x_wconf 84' lang='lat' dir='ltr'><strong>adumbrare</strong></span> <span class='ocrx_word' id='word_1_690' title='bbox 1367 4706 1590 4762; x_wconf 87' lang='lat' dir='ltr'><strong>tradunt</strong></span> <span class='ocrx_word' id='word_1_691' title='bbox 1621 4726 1636 4775; x_wconf 90' lang='lat'><strong>;</strong></span> <span class='ocrx_word' id='word_1_692' title='bbox 1672 4715 1844 4763; x_wconf 89' lang='lat' dir='ltr'><strong>strata</strong></span> <span class='ocrx_word' id='word_1_693' title='bbox 1871 4723 2001 4764; x_wconf 89' lang='lat' dir='ltr'><strong>vero</strong></span> <span class='ocrx_word' id='word_1_694' title='bbox 2033 4707 2253 4772; x_wconf 86' lang='lat' dir='ltr'><strong>divinos</strong></span> <span class='ocrx_word' id='word_1_695' title='bbox 2273 4727 2526 4786; x_wconf 90' lang='lat' dir='ltr'><strong>ornatus,</strong></span> <span class='ocrx_word' id='word_1_696' title='bbox 2569 4735 2697 4776; x_wconf 90' lang='lat' dir='ltr'><strong>vasa</strong></span> <span class='ocrx_word' id='word_1_697' title='bbox 2723 4733 2777 4777; x_wconf 89' lang='lat' dir='ltr'><strong>et</strong></span> <span class='ocrx_word' id='word_1_698' title='bbox 2800 4735 2924 4792; x_wconf 68' lang='lat' dir='ltr'><strong>quae</strong></span> <span class='ocrx_word' id='word_1_699' title='bbox 2949 4720 3003 4774; x_wconf 91' lang='lat' dir='ltr'><strong>in</strong></span> <span class='ocrx_word' id='word_1_700' title='bbox 3035 4721 3117 4776; x_wconf 89' lang='lat' dir='ltr'><strong>eis</strong></span> <span class='ocrx_word' id='word_1_701' title='bbox 3141 4727 3272 4774; x_wconf 91' lang='lat' dir='ltr'><strong>sunt</strong></span> <span class='ocrx_word' id='word_1_702' title='bbox 3297 4719 3562 4789; x_wconf 87' lang='lat' dir='ltr'><strong>reposita,</strong></span> <span class='ocrx_word' id='word_1_703' title='bbox 3599 4715 3817 4772; x_wconf 84' lang='lat' dir='ltr'><strong>divinam</strong></span> 
     </span>
    </p>
   </div>
   <div class='ocr_carea' id='block_1_59' title="bbox 605 4795 1292 4852">
    <p class='ocr_par' dir='ltr' id='par_1_59' title="bbox 605 4795 1292 4852">
     <span class='ocr_line' id='line_1_59' title="bbox 605 4795 1292 4852; baseline 0 -2"><span class='ocrx_word' id='word_1_704' title='bbox 605 4795 658 4850; x_wconf 92' lang='lat' dir='ltr'><strong>in</strong></span> <span class='ocrx_word' id='word_1_705' title='bbox 687 4795 843 4850; x_wconf 92' lang='lat' dir='ltr'><strong>nobis</strong></span> <span class='ocrx_word' id='word_1_706' title='bbox 866 4795 1292 4852; x_wconf 88' lang='lat' dir='ltr'><strong>habitationem.</strong></span> 
     </span>
    </p>
   </div>
   <div class='ocr_carea' id='block_1_60' title="bbox 674 4907 2273 4995">
    <p class='ocr_par' dir='ltr' id='par_1_60' title="bbox 674 4907 2247 4986">
     <span class='ocr_line' id='line_1_60' title="bbox 674 4907 2247 4986; baseline 0.009 -26"><span class='ocrx_word' id='word_1_707' title='bbox 674 4907 742 4961; x_wconf 87' lang='lat' dir='ltr'><strong>Et</strong></span> <span class='ocrx_word' id='word_1_708' title='bbox 767 4918 921 4962; x_wconf 83' lang='lat' dir='ltr'><strong>erunt</strong></span> <span class='ocrx_word' id='word_1_709' title='bbox 977 4908 1170 4965; x_wconf 77' lang='lat' dir='ltr'><strong>Levita:</strong></span> <span class='ocrx_word' id='word_1_710' title='bbox 1203 4912 1303 4965; x_wconf 80' lang='lat' dir='ltr'><strong>mei</strong></span> <span class='ocrx_word' id='word_1_711' title='bbox 1337 4920 1386 4965; x_wconf 84' lang='lat' dir='ltr'><strong>et</strong></span> <span class='ocrx_word' id='word_1_712' title='bbox 1443 4929 1538 4984; x_wconf 83' lang='lat' dir='ltr'><strong>ego</strong></span> <span class='ocrx_word' id='word_1_713' title='bbox 1592 4912 1852 4970; x_wconf 80' lang='lat' dir='ltr'><strong>Dominus</strong></span> <span class='ocrx_word' id='word_1_714' title='bbox 1911 4917 2169 4986; x_wconf 77' lang='lat' dir='ltr'><strong>ipsorum,</strong></span> <span class='ocrx_word' id='word_1_715' title='bbox 2205 4907 2247 4961; x_wconf 77' lang='grc' dir='ltr'><strong><em>Β</em></strong></span> 
     </span>
    </p>
   </div>
   <div class='ocr_carea' id='block_1_61' title="bbox 2224 4907 3823 4995">
    <p class='ocr_par' dir='ltr' id='par_1_61' title="bbox 2224 4908 3823 4995">
     <span class='ocr_line' id='line_1_61' title="bbox 2224 4908 3823 4995; baseline -0.003 -18"><span class='ocrx_word' id='word_1_716' title='bbox 2224 4908 2247 4961; x_wconf 66' lang='grc'>³</span> <span class='ocrx_word' id='word_1_717' title='bbox 2346 4921 2453 4977; x_wconf 79' lang='grc' dir='ltr'><strong>Καὶ</strong></span> <span class='ocrx_word' id='word_1_718' title='bbox 2483 4921 2726 4976; x_wconf 74' lang='grc' dir='ltr'><strong>ἔσονται</strong></span> <span class='ocrx_word' id='word_1_719' title='bbox 2747 4921 2873 4991; x_wconf 76' lang='grc' dir='ltr'><strong>ἐμοὶ</strong></span> <span class='ocrx_word' id='word_1_720' title='bbox 2891 4921 2992 4995; x_wconf 76' lang='grc' dir='ltr'><strong>[οἱ]</strong></span> <span class='ocrx_word' id='word_1_721' title='bbox 3011 4923 3268 4978; x_wconf 78' lang='grc' dir='ltr'><strong>Λευῖται.</strong></span> <span class='ocrx_word' id='word_1_722' title='bbox 3306 4922 3454 4992; x_wconf 76' lang='grc' dir='ltr'><strong>Ἐγὼ</strong></span> <span class='ocrx_word' id='word_1_723' title='bbox 3481 4923 3708 4990; x_wconf 79' lang='grc' dir='ltr'><strong>Κύριος.</strong></span> <span class='ocrx_word' id='word_1_724' title='bbox 3728 4917 3823 4972; x_wconf 79' lang='grc' dir='ltr'><strong>Μα-</strong></span> 
     </span>
    </p>
   </div>
   <div class='ocr_carea' id='block_1_62' title="bbox 602 4998 2201 5082">
    <p class='ocr_par' dir='ltr' id='par_1_62' title="bbox 602 4998 2170 5078">
     <span class='ocr_line' id='line_1_62' title="bbox 602 4998 2170 5078; baseline 0.008 -26"><span class='ocrx_word' id='word_1_725' title='bbox 602 5009 708 5053; x_wconf 89' lang='lat' dir='ltr'><strong>etc.</strong></span> <span class='ocrx_word' id='word_1_726' title='bbox 738 4998 877 5071; x_wconf 57' lang='grc' dir='ltr'><strong>[ὀᾶ]</strong></span> <span class='ocrx_word' id='word_1_727' title='bbox 937 4999 1272 5058; x_wconf 79' lang='lat' dir='ltr'><strong>Fortunatos</strong></span> <span class='ocrx_word' id='word_1_728' title='bbox 1323 5003 1553 5059; x_wconf 74' lang='lat' dir='ltr'><strong>alliciam</strong></span> <span class='ocrx_word' id='word_1_729' title='bbox 1608 5016 1893 5078; x_wconf 88' lang='lat' dir='ltr'><strong>promptos</strong></span> <span class='ocrx_word' id='word_1_730' title='bbox 1924 5018 1978 5063; x_wconf 91' lang='lat' dir='ltr'><strong>et</strong></span> <span class='ocrx_word' id='word_1_731' title='bbox 2006 5010 2170 5064; x_wconf 88' lang='lat' dir='ltr'><strong>indu-</strong></span> 
     </span>
    </p>
   </div>
   <div class='ocr_carea' id='block_1_63' title="bbox 2224 4998 3823 5082">
    <p class='ocr_par' dir='ltr' id='par_1_63' title="bbox 2279 5002 3823 5082">
     <span class='ocr_line' id='line_1_63' title="bbox 2279 5002 3823 5082; baseline -0.006 -17"><span class='ocrx_word' id='word_1_732' title='bbox 2279 5008 2519 5081; x_wconf 75' lang='grc' dir='ltr'><strong>καριζων</strong></span> <span class='ocrx_word' id='word_1_733' title='bbox 2538 5013 2662 5075; x_wconf 75' lang='grc' dir='ltr'><strong>τοὺς</strong></span> <span class='ocrx_word' id='word_1_734' title='bbox 2693 5013 2942 5082; x_wconf 74' lang='grc' dir='ltr'><strong>ἑτοίμους</strong></span> <span class='ocrx_word' id='word_1_735' title='bbox 2974 5013 3068 5065; x_wconf 80' lang='grc' dir='ltr'><strong>καὶ</strong></span> <span class='ocrx_word' id='word_1_736' title='bbox 3102 5012 3390 5082; x_wconf 79' lang='grc' dir='ltr'><strong>εὐσχόλους</strong></span> <span class='ocrx_word' id='word_1_737' title='bbox 3415 5014 3494 5074; x_wconf 78' lang='grc' dir='ltr'>εις</span> <span class='ocrx_word' id='word_1_738' title='bbox 3511 5012 3580 5064; x_wconf 72' lang='grc' dir='ltr'><strong>τὰ</strong></span> <span class='ocrx_word' id='word_1_739' title='bbox 3599 5009 3730 5064; x_wconf 81' lang='grc' dir='ltr'><strong>Θεοῦ</strong></span> <span class='ocrx_word' id='word_1_740' title='bbox 3746 5002 3823 5059; x_wconf 78' lang='grc' dir='ltr'><strong>τοῦ</strong></span> 
     </span>
    </p>
   </div>
   <div class='ocr_carea' id='block_1_64' title="bbox 603 5093 2202 5174">
    <p class='ocr_par' dir='ltr' id='par_1_64' title="bbox 603 5093 2174 5160">
     <span class='ocr_line' id='line_1_64' title="bbox 603 5093 2174 5160; baseline 0.007 -14"><span class='ocrx_word' id='word_1_741' title='bbox 603 5093 774 5160; x_wconf 72' lang='lat' dir='ltr'><strong>strios</strong></span> <span class='ocrx_word' id='word_1_742' title='bbox 795 5093 850 5146; x_wconf 92' lang='lat' dir='ltr'><strong>in</strong></span> <span class='ocrx_word' id='word_1_743' title='bbox 878 5095 1054 5150; x_wconf 89' lang='lat' dir='ltr'><strong>sacris</strong></span> <span class='ocrx_word' id='word_1_744' title='bbox 1083 5096 1254 5150; x_wconf 88' lang='lat' dir='ltr'><strong>solius</strong></span> <span class='ocrx_word' id='word_1_745' title='bbox 1283 5095 1497 5151; x_wconf 86' lang='lat' dir='ltr'><strong>Domini</strong></span> <span class='ocrx_word' id='word_1_746' title='bbox 1524 5101 1866 5154; x_wconf 87' lang='lat' dir='ltr'><strong>tnuneribus.</strong></span> <span class='ocrx_word' id='word_1_747' title='bbox 1896 5099 2016 5154; x_wconf 84' lang='lat' dir='ltr'><strong>Jam</strong></span> <span class='ocrx_word' id='word_1_748' title='bbox 2042 5117 2174 5157; x_wconf 88' lang='lat' dir='ltr'><strong>vero</strong></span> 
     </span>
    </p>
   </div>
   <div class='ocr_carea' id='block_1_65' title="bbox 2223 5093 3822 5174">
    <p class='ocr_par' dir='ltr' id='par_1_65' title="bbox 2282 5100 3822 5174">
     <span class='ocr_line' id='line_1_65' title="bbox 2282 5100 3822 5174; baseline -0.003 -22"><span class='ocrx_word' id='word_1_749' title='bbox 2282 5103 2446 5171; x_wconf 80' lang='grc' dir='ltr'><strong>μόνου</strong></span> <span class='ocrx_word' id='word_1_750' title='bbox 2471 5103 2699 5173; x_wconf 77' lang='grc' dir='ltr'><strong>Κυρίου.</strong></span> <span class='ocrx_word' id='word_1_751' title='bbox 2722 5103 2834 5156; x_wconf 83' lang='grc' dir='ltr'><strong>Νῦν</strong></span> <span class='ocrx_word' id='word_1_752' title='bbox 2860 5103 2915 5156; x_wconf 87' lang='grc' dir='ltr'>δὲ</span> <span class='ocrx_word' id='word_1_753' title='bbox 2941 5104 3002 5156; x_wconf 81' lang='grc' dir='ltr'><strong>οὐ</strong></span> <span class='ocrx_word' id='word_1_754' title='bbox 3029 5103 3174 5171; x_wconf 82' lang='grc' dir='ltr'>γένει</span> <span class='ocrx_word' id='word_1_755' title='bbox 3198 5102 3499 5174; x_wconf 81' lang='grc' dir='ltr'><strong>σωματικῷ</strong></span> <span class='ocrx_word' id='word_1_756' title='bbox 3538 5101 3601 5156; x_wconf 81' lang='grc' dir='ltr'><strong>τὺ</strong></span> <span class='ocrx_word' id='word_1_757' title='bbox 3625 5100 3822 5156; x_wconf 75' lang='grc' dir='ltr'><strong>οἰκεῖον.</strong></span> 
     </span>
    </p>
   </div>
   <div class='ocr_carea' id='block_1_66' title="bbox 605 5183 2204 5266">
    <p class='ocr_par' dir='ltr' id='par_1_66' title="bbox 605 5183 2178 5258">
     <span class='ocr_line' id='line_1_66' title="bbox 605 5183 2178 5258; baseline 0.007 -21"><span class='ocrx_word' id='word_1_758' title='bbox 605 5183 710 5238; x_wconf 87' lang='lat' dir='ltr'><strong>hac</strong></span> <span class='ocrx_word' id='word_1_759' title='bbox 735 5183 1106 5242; x_wconf 90' lang='lat' dir='ltr'><strong>familiaritate</strong></span> <span class='ocrx_word' id='word_1_760' title='bbox 1131 5203 1236 5242; x_wconf 92' lang='lat' dir='ltr'><strong>non</strong></span> <span class='ocrx_word' id='word_1_761' title='bbox 1277 5203 1408 5243; x_wconf 89' lang='lat' dir='ltr'><strong>caro</strong></span> <span class='ocrx_word' id='word_1_762' title='bbox 1435 5189 1552 5258; x_wconf 90' lang='lat' dir='ltr'><strong>ipsa</strong></span> <span class='ocrx_word' id='word_1_763' title='bbox 1593 5205 1656 5244; x_wconf 92' lang='lat' dir='ltr'><strong>ac</strong></span> <span class='ocrx_word' id='word_1_764' title='bbox 1685 5191 1981 5246; x_wconf 91' lang='lat' dir='ltr'><strong>humanum</strong></span> <span class='ocrx_word' id='word_1_765' title='bbox 2014 5192 2178 5248; x_wconf 87' lang='lat' dir='ltr'><strong>Levi-</strong></span> 
     </span>
    </p>
   </div>
   <div class='ocr_carea' id='block_1_67' title="bbox 2227 5183 3826 5266">
    <p class='ocr_par' dir='ltr' id='par_1_67' title="bbox 2275 5187 3826 5266">
     <span class='ocr_line' id='line_1_67' title="bbox 2275 5187 3826 5266; baseline -0.003 -21"><span class='ocrx_word' id='word_1_766' title='bbox 2275 5191 2412 5246; x_wconf 79' lang='grc' dir='ltr'><strong>ἀλλὰ</strong></span> <span class='ocrx_word' id='word_1_767' title='bbox 2450 5193 2768 5264; x_wconf 81' lang='grc' dir='ltr'><strong>προαιρέσει</strong></span> <span class='ocrx_word' id='word_1_768' title='bbox 2799 5195 3064 5266; x_wconf 76' lang='grc' dir='ltr'><strong>ὁρίζεται.</strong></span> <span class='ocrx_word' id='word_1_769' title='bbox 3099 5196 3208 5249; x_wconf 78' lang='grc' dir='ltr'><strong>Καὶ</strong></span> <span class='ocrx_word' id='word_1_770' title='bbox 3238 5197 3347 5259; x_wconf 80' lang='grc' dir='ltr'><strong>πᾶς</strong></span> <span class='ocrx_word' id='word_1_771' title='bbox 3407 5195 3539 5259; x_wconf 84' lang='grc' dir='ltr'>ῐδιος</span> <span class='ocrx_word' id='word_1_772' title='bbox 3563 5197 3592 5248; x_wconf 82' lang='grc' dir='ltr'><strong>ὁ</strong></span> <span class='ocrx_word' id='word_1_773' title='bbox 3622 5195 3688 5248; x_wconf 76' lang='grc' dir='ltr'><strong>τὰ</strong></span> <span class='ocrx_word' id='word_1_774' title='bbox 3710 5187 3826 5245; x_wconf 84' lang='grc' dir='ltr'><strong>Θεοῦ</strong></span> 
     </span>
    </p>
   </div>
   <div class='ocr_carea' id='block_1_68' title="bbox 607 5281 2206 5354">
    <p class='ocr_par' dir='ltr' id='par_1_68' title="bbox 607 5281 2179 5354">
     <span class='ocr_line' id='line_1_68' title="bbox 607 5281 2179 5354; baseline 0.009 -26"><span class='ocrx_word' id='word_1_775' title='bbox 607 5285 785 5330; x_wconf 88' lang='lat' dir='ltr'><strong>tarum</strong></span> <span class='ocrx_word' id='word_1_776' title='bbox 839 5293 1012 5347; x_wconf 85' lang='lat' dir='ltr'><strong>genus</strong></span> <span class='ocrx_word' id='word_1_777' title='bbox 1068 5281 1584 5347; x_wconf 89' lang='lat' dir='ltr'><strong>circumscribitur,</strong></span> <span class='ocrx_word' id='word_1_778' title='bbox 1641 5285 1737 5338; x_wconf 90' lang='lat' dir='ltr'><strong>sed</strong></span> <span class='ocrx_word' id='word_1_779' title='bbox 1783 5285 1900 5354; x_wconf 88' lang='lat' dir='ltr'><strong>ipsa</strong></span> <span class='ocrx_word' id='word_1_780' title='bbox 1958 5285 2179 5353; x_wconf 89' lang='lat' dir='ltr'><strong>electio,</strong></span> 
     </span>
    </p>
   </div>
   <div class='ocr_carea' id='block_1_69' title="bbox 1077 5281 2676 5354">
    <p class='ocr_par' dir='ltr' id='par_1_69' title="bbox 1077 5281 2676 5354">
     <span class='ocr_line' id='line_1_69' title="bbox 1077 5281 2676 5354; baseline 0.004 -20"><span class='ocrx_word' id='word_1_781' title='bbox 1077 5281 1584 5347; x_wconf 81' lang='lat' dir='ltr'><strong>circumscribitur,</strong></span> <span class='ocrx_word' id='word_1_782' title='bbox 1641 5285 1737 5338; x_wconf 90' lang='lat' dir='ltr'><strong>sed</strong></span> <span class='ocrx_word' id='word_1_783' title='bbox 1783 5285 1900 5354; x_wconf 88' lang='lat' dir='ltr'><strong>ipsa</strong></span> <span class='ocrx_word' id='word_1_784' title='bbox 1958 5285 2179 5353; x_wconf 89' lang='lat' dir='ltr'><strong>electio,</strong></span> <span class='ocrx_word' id='word_1_785' title='bbox 2271 5285 2676 5354; x_wconf 75' lang='grc' dir='ltr'><strong>ἐργαζόμενος.</strong></span> 
     </span>
    </p>
   </div>
   <div class='ocr_carea' id='block_1_70' title="bbox 607 5367 2178 5446">
    <p class='ocr_par' dir='ltr' id='par_1_70' title="bbox 607 5367 2178 5446">
     <span class='ocr_line' id='line_1_70' title="bbox 607 5367 2178 5446; baseline 0.005 -24"><span class='ocrx_word' id='word_1_786' title='bbox 607 5367 751 5424; x_wconf 91' lang='lat' dir='ltr'><strong>unde</strong></span> <span class='ocrx_word' id='word_1_787' title='bbox 784 5378 868 5424; x_wconf 91' lang='lat' dir='ltr'><strong>est</strong></span> <span class='ocrx_word' id='word_1_788' title='bbox 906 5369 1191 5439; x_wconf 88' lang='lat' dir='ltr'><strong>profecta:</strong></span> <span class='ocrx_word' id='word_1_789' title='bbox 1229 5370 1421 5428; x_wconf 83' lang='lat' dir='ltr'><strong>Omnis</strong></span> <span class='ocrx_word' id='word_1_790' title='bbox 1455 5375 1600 5429; x_wconf 86' lang='lat' dir='ltr'><strong>enim</strong></span> <span class='ocrx_word' id='word_1_791' title='bbox 1642 5373 1736 5430; x_wconf 91' lang='lat' dir='ltr'><strong>Dei</strong></span> <span class='ocrx_word' id='word_1_792' title='bbox 1780 5376 2039 5446; x_wconf 88' lang='lat' dir='ltr'><strong>proprius</strong></span> <span class='ocrx_word' id='word_1_793' title='bbox 2073 5390 2178 5444; x_wconf 89' lang='lat' dir='ltr'><strong>est,</strong></span> 
     </span>
    </p>
   </div>
   <div class='ocr_carea' id='block_1_71' title="bbox 607 5462 2067 5534">
    <p class='ocr_par' dir='ltr' id='par_1_71' title="bbox 607 5462 2067 5534">
     <span class='ocr_line' id='line_1_71' title="bbox 607 5462 2067 5534; baseline 0.005 -19"><span class='ocrx_word' id='word_1_794' title='bbox 607 5463 698 5529; x_wconf 81' lang='lat' dir='ltr'><strong>qui</strong></span> <span class='ocrx_word' id='word_1_795' title='bbox 744 5463 796 5515; x_wconf 93' lang='lat' dir='ltr'><strong>in</strong></span> <span class='ocrx_word' id='word_1_796' title='bbox 829 5463 996 5517; x_wconf 89' lang='lat' dir='ltr'><strong>rebus</strong></span> <span class='ocrx_word' id='word_1_797' title='bbox 1029 5462 1235 5517; x_wconf 85' lang='lat' dir='ltr'><strong>divinis</strong></span> <span class='ocrx_word' id='word_1_798' title='bbox 1271 5477 1494 5534; x_wconf 90' lang='lat' dir='ltr'><strong>operam</strong></span> <span class='ocrx_word' id='word_1_799' title='bbox 1521 5465 1769 5520; x_wconf 89' lang='lat' dir='ltr'><strong>sedulam</strong></span> <span class='ocrx_word' id='word_1_800' title='bbox 1805 5467 2067 5523; x_wconf 89' lang='lat' dir='ltr'><strong>collocat.</strong></span> 
     </span>
    </p>
   </div>
   <div class='ocr_carea' id='block_1_72' title="bbox 679 5542 2278 5629">
    <p class='ocr_par' dir='ltr' id='par_1_72' title="bbox 679 5551 2171 5629">
     <span class='ocr_line' id='line_1_72' title="bbox 679 5551 2171 5629; baseline 0.005 -23"><span class='ocrx_word' id='word_1_801' title='bbox 679 5552 927 5607; x_wconf 83' lang='lat' dir='ltr'><strong>Aliorum</strong></span> <span class='ocrx_word' id='word_1_802' title='bbox 957 5567 1088 5608; x_wconf 88' lang='lat' dir='ltr'><strong>vero</strong></span> <span class='ocrx_word' id='word_1_803' title='bbox 1117 5551 1401 5608; x_wconf 90' lang='lat' dir='ltr'><strong>hominum</strong></span> <span class='ocrx_word' id='word_1_804' title='bbox 1436 5555 1830 5626; x_wconf 88' lang='lat' dir='ltr'><strong>redemptionis</strong></span> <span class='ocrx_word' id='word_1_805' title='bbox 1892 5559 2065 5629; x_wconf 87' lang='lat' dir='ltr'><strong>pretia</strong></span> <span class='ocrx_word' id='word_1_806' title='bbox 2118 5559 2171 5614; x_wconf 92' lang='lat' dir='ltr'><strong>in</strong></span> 
     </span>
    </p>
   </div>
   <div class='ocr_carea' id='block_1_73' title="bbox 2232 5542 3831 5629">
    <p class='ocr_par' dir='ltr' id='par_1_73' title="bbox 2356 5542 3831 5620">
     <span class='ocr_line' id='line_1_73' title="bbox 2356 5542 3831 5620; baseline -0.009 -11"><span class='ocrx_word' id='word_1_807' title='bbox 2356 5551 2437 5609; x_wconf 78' lang='grc' dir='ltr'><strong>Τὰ</strong></span> <span class='ocrx_word' id='word_1_808' title='bbox 2463 5547 2570 5604; x_wconf 86' lang='grc' dir='ltr'><strong>τῶν</strong></span> <span class='ocrx_word' id='word_1_809' title='bbox 2605 5547 2806 5604; x_wconf 79' lang='grc' dir='ltr'><strong>λοιπῶν</strong></span> <span class='ocrx_word' id='word_1_810' title='bbox 2836 5546 3003 5618; x_wconf 81' lang='grc' dir='ltr'><strong>λύτρα</strong></span> <span class='ocrx_word' id='word_1_811' title='bbox 3048 5551 3157 5612; x_wconf 79' lang='grc' dir='ltr'><strong>τοῖς</strong></span> <span class='ocrx_word' id='word_1_812' title='bbox 3202 5547 3408 5620; x_wconf 78' lang='grc' dir='ltr'><strong>ἱερεῦσι</strong></span> <span class='ocrx_word' id='word_1_813' title='bbox 3440 5547 3661 5612; x_wconf 83' lang='grc' dir='ltr'><strong>δίδοται,</strong></span> <span class='ocrx_word' id='word_1_814' title='bbox 3705 5542 3831 5597; x_wconf 69' lang='grc' dir='ltr'><strong>ὦπα</strong></span> 
     </span>
    </p>
   </div>
   <div class='ocr_carea' id='block_1_74' title="bbox 687 5709 2286 5798">
    <p class='ocr_par' dir='ltr' id='par_1_74' title="bbox 687 5730 1197 5798">
     <span class='ocr_line' id='line_1_74' title="bbox 687 5730 1197 5798; baseline 0.004 -13"><span class='ocrx_word' id='word_1_815' title='bbox 687 5733 727 5762; x_wconf 77' lang='grc'><strong>’³</strong></span> <span class='ocrx_word' id='word_1_816' title='bbox 755 5731 772 5785; x_wconf 93' lang='grc'><strong>1</strong></span> <span class='ocrx_word' id='word_1_817' title='bbox 815 5730 974 5786; x_wconf 79' lang='lat' dir='ltr'><strong>Joan.</strong></span> <span class='ocrx_word' id='word_1_818' title='bbox 1004 5747 1076 5798; x_wconf 86' lang='lat' dir='ltr'><strong>tv,</strong></span> <span class='ocrx_word' id='word_1_819' title='bbox 1114 5730 1197 5787; x_wconf 84' lang='lat' dir='ltr'><strong>lO.</strong></span> 
     </span>
    </p>
   </div>
   <div class='ocr_carea' id='block_1_75' title="bbox 1518 5709 3117 5798">
    <p class='ocr_par' dir='ltr' id='par_1_75' title="bbox 3103 5709 3117 5738">
     <span class='ocr_line' id='line_1_75' title="bbox 3103 5709 3117 5738; baseline 0 0"><span class='ocrx_word' id='word_1_820' title='bbox 3103 5709 3117 5738; x_wconf 77' lang='grc' dir='ltr'>ι’</span> 
     </span>
    </p>
   </div>
  </div>
