4024 6194
279 150 383 215 8·’)1

1410 152 1945 221 COMMENTARII
1974 154 2058 215 IN
2096 156 2492 221 NUMEROS.

3433 101 3541 222 εόε

275 254 512 325 δικαίως
540 260 664 324 τοὺς
692 262 929 326 Λευῖτας
952 262 1093 334 ὑπὲρ
1114 261 1296 318 αὐτῶν
1322 262 1680 335 λειτουργεῖν,
1711 279 1858 332 κομι.

1972 265 2123 334 ipsos
2172 268 2538 323 conferuntur
2583 268 2936 332 sacerdotes,
2995 277 3053 323 ut
3097 271 3294 325 merito
3342 269 3545 326 Levita:

280 353 556 423 σαμὲνους
578 351 669 405 διὰ
696 352 804 405 τῶν
834 352 1026 423 ἱερέων
1058 355 1126 407 τὰ
1153 352 1345 424 λύτρα.
1384 353 1491 406 τοῦ
1531 353 1590 406 δὲ
1625 352 1866 422 πλήθους

280 442 392 496 τῶν
423 441 661 496 Λευῖτῶν
694 443 789 496 τοῦ
814 443 1217 515 ἀντιδιδομένου
1245 443 1355 497 τῶν
1382 444 1745 514 πρωτοτόκων
1770 443 1865 495 δύ-

282 550 450 603 ναμιν
488 533 603 603 ἔχει
652 533 889 603 Χριστὸς
951 534 1172 588 πάντων
1220 534 1524 606 ἀνθρώπων
1566 532 1865 598 ἀντιδοθεὶς

283 627 393 679 τῶν
428 627 536 679 ἀπὸ
568 626 663 681 τοῦ
696 628 1144 697 πρωτοπλάστου.
1186 628 1245 681 '0
1292 627 1349 681 δὲ
1399 627 1560 690 αὐτὸς
1610 628 1703 681 καὶ
1742 629 1865 681 ἀντὶ

284 718 383 787 τῆς
430 716 756 789 λυτρώσεως
810 719 921 771 τῶν
955 719 1245 789 περιττῶν,
1301 719 1442 789 ὑπὲρ
1493 712 1569 773 ὧν
1602 719 1703 772 οὐκ
1728 714 1872 790 ἦσαν

284 804 507 885 Λευῖται
543 808 824 878 ἱσάριθμοι
847 824 861 838 ο
890 809 950 861 ού
985 809 1252 879 μερικῶς,
1283 809 1404 863 οὐδὲ
1425 808 1715 880 διαφόρως,
1752 809 1871 864 ἀλλ’

282 892 366 961 εἷς
396 898 538 968 ὑπὲρ
589 900 809 954 πάντων
862 899 1057 970 λύτρον
1107 902 1416 983 γινόμενος,
1467 894 1870 958 κατατιθέντων

279 990 430 1060 αὐτῷ
487 990 658 1061 λύτρα
707 992 800 1046 τὸν
831 989 991 1058 λόγον
1017 991 1119 1062 τῆς
1160 992 1420 1056 πίστεως,
1468 994 1868 1064 ὲμπεριέχοντα

277 1080 380 1151 τὴν
408 1081 504 1135 τοῦ
535 1082 885 1154 ἐπταμεροῠς
915 1083 1079 1155 νόμου
1113 1083 1421 1156 πλήρωσιν,
1461 1084 1521 1137 ἐν
1553 1087 1668 1150 τοῖς
1702 1086 1866 1140 πέντε

283 1171 495 1253 σίκλοις
519 1174 949 1245 σημαινομένην.

1970 356 2219 426 ipsorum
2250 361 2478 415 nomine
2510 375 2667 415 sacra
2711 359 2936 420 faciant,
2980 374 3076 431 per
3107 360 3258 428 ipsos
3290 359 3547 416 sacerdo-

1972 454 2056 503 tes
2090 449 2488 519 redemptionis
2513 451 2687 517 pretia
2735 450 3088 519 reportaturi.
3125 448 3381 504 Omnium
3412 449 3544 505 vero

1970 548 2216 608 quoqnot
2253 539 2564 593 Levitarum
2597 541 2651 592 in
2677 541 3098 610 primogenitum
3132 540 3313 593 locum
3349 539 3547 593 subro-

1968 630 2080 701 gati
2119 639 2267 694 sunt,
2295 633 2557 701 aequalem
2585 640 2912 700 potestatem
2940 632 3199 686 Christus
3234 631 3399 687 habet
3422 632 3547 686 uni-

1966 734 2089 784 cus,
2127 720 2220 789 qui
2283 734 2384 789 pro
2432 720 2693 775 omnibus
2734 720 3054 774 hominibus
3085 718 3154 772 ab
3197 717 3405 772 Adamn
3432 733 3548 771 om-

1964 811 2119 864 nium
2151 820 2381 880 parente
2406 810 2901 876 descendentibus,
2942 820 3023 864 est
3050 808 3361 877 depositus.
3396 805 3542 872 Quin

1963 913 2019 958 et
2077 904 2194 973 ipse
2244 919 2466 974 quoque
2521 918 2622 973 pro
2655 902 3033 971 redemptione
3059 902 3396 970 reliquorum
3450 897 3545 968 qui

1965 993 2283 1051 Levitarum
2349 1010 2639 1050 numerum
2677 994 3043 1058 excedebant,
3101 991 3375 1047 satisfecit
3433 1004 3546 1043 non

1964 1087 2341 1156 particulatim
2406 1087 2652 1155 quidem,
2705 1080 2827 1139 nec'
2859 1084 3109 1154 repetitis
3154 1083 3386 1144 vicibus,
3446 1079 3545 1135 sed

1975 1194 2119 1233 unus
2176 1177 2358 1232 factus
2387 1177 2551 1231 obses
2582 1192 2685 1246 pro
2717 1176 2999 1235 omnibus.
3030 1177 3268 1246 pretium
3328 1173 3545 1228 redem-

282 1262 483 1332 ptionis
506 1264 948 1334 persolventibus
978 1263 1049 1330 ei,
1077 1261 1236 1319 fidem
1292 1263 1756 1335 quinquepartitae
1793 1266 1932 1339 legis
1971 1267 2349 1337 impletionem
2381 1267 2625 1336 quinque
2655 1264 2764 1318 illis
2799 1263 2951 1318 siclis
2981 1263 3145 1319 etiam
3170 1261 3542 1333 designatum,

280 1356 760 1425 complectentem,
787 1350 1065 1412 videlicet.

351 1444 426 1498 Τὸ
456 1446 531 1515 μὴ
556 1445 791 1518 ὁρᾶσθαι
823 1447 893 1500 τὰ
922 1445 1066 1519 ἱερὰ,
1115 1445 1176 1499 τὸ
1224 1443 1539 1517 ἀθεώρητον
1584 1446 1737 1518 δηλοῖ
1758 1446 1861 1519 τῆς

272 1537 543 1609 Θεότητος
565 1541 680 1601 τοῖς
708 1540 782 1610 μὴ
810 1539 892 1602 εἰς
918 1540 1086 1609 ἀκρον
1113 1538 1359 1607 ἥκουσιν.
1414 1537 1695 1609 Ἂγγέλοις
1729 1541 1859 1610 γοῦν

276 1628 341 1681 τὸ
369 1628 670 1681 θεάσασθαι
696 1629 787 1682 τὸν
835 1628 970 1683 Θεὸν
1020 1631 1303 1686 ἀνάκειται
1340 1628 1477 1704 πρὸς
1508 1630 1702 1697 δόξαν*
1731 1631 1858 1695 τοὺς

269 1719 333 1772 δὲ
354 1716 703 1790 ἀνθρώπους,
731 1719 959 1792 ὕστερόν
988 1737 1126 1775 ποτε
1161 1712 1462 1778 θεάσασθαι
1501 1720 1657 1786 Θεδν,
1689 1721 1855 1793 φησὶν

274 1810 308 1862 ὁ
327 1808 588 1879 Χριστὸς,
618 1810 750 1866 ὅταν
784 1810 979 1866 ἔλθωσι
1006 1813 1237 1885 καθαροὶ
1268 1814 1406 1886 πρὸς
1435 1814 1497 1868 τδ
1520 1813 1745 1868 τέλειον.
1780 1814 1854 1867 Τὸ

264 1900 335 1954 δὲ
366 1902 509 1972 ἱερὸν
542 1900 770 1970 σκεῦος,
809 1903 887 1967 ὡς
932 1903 1069 1977 Θεοῦ
1111 1906 1270 1960 οὐσία
1302 1907 1551 1975 τιμᾶται,
1593 1904 1730 1958 καθὸ
1759 1904 1854 1959 καὶ

275 1992 457 2065 ήνὼθη
491 1994 730 2065 σκεύειή
764 1993 885 2048 θεία
919 1995 1079 2051 οὐσία
1125 1989 1267 2051 κατά
1295 1996 1395 2068 τὴν
1414 1996 1709 2067 σάρκωσιν.
1760 1996 1852 2068 Μὴ

274 2083 625 2156 θεωρουμένη
652 2086 709 2138 δὲ
742 2087 874 2156 ἡμῖν
906 2089 938 2157 ὴ
970 2086 1090 2140 θεία
1120 2088 1297 2152 οὐσία.
1330 2089 1472 2160 ὑπὲρ
1498 2089 1646 2160 ἡμᾶς
1679 2088 1850 2153 ἐστιν,

274 2175 394 2230 ἀλλ’
415 2178 723 2242 ἐπισκιάζει
754 2179 888 2248 ἡμῖν
921 2178 1284 2251 ὑπερέχουσα.

2035 1444 2310 1500 Caeterum
2372 1441 2518 1513 quod
2575 1455 2735 1498 sacra
2790 1439 3038 1508 conspici
3107 1453 3221 1492 non
3268 1445 3540 1509 poterant,

1963 1534 2312 1591 divinitatem
2339 1532 2394 1587 in
2422 1531 2656 1587 sublime
2672 1546 2781 1585 non
2805 1529 3157 1583 tendentibus
3187 1530 3541 1597 spectandam

1961 1641 2073 1683 non
2094 1625 2355 1681 obvenire
2382 1631 2709 1694 argumento
2736 1624 2974 1677 exstitit.
3005 1621 3160 1687 Quod
3194 1636 3326 1676 vero
3361 1621 3541 1690 angi-li

1964 1719 2132 1775 Deum
2164 1717 2642 1787 conteniplantur,
2683 1715 2749 1770 ad
2801 1715 3027 1785 gloriam
3087 1715 3331 1781 ipsorum
3372 1712 3539 1779 facit;

1958 1811 2200 1882 posteris
2227 1808 2374 1864 enim
2411 1807 2754 1878 temporibus
2781 1807 3036 1861 homines
3061 1804 3230 1861 Deum
3258 1813 3542 1874 spectatu-

1956 1917 2050 1958 ros
2083 1917 2229 1966 esse,
2263 1901 2470 1956 indicat
2492 1899 2748 1956 Christus
2785 1901 2850 1964 υ,
2881 1898 3102 1969 quando
3144 1897 3539 1967 perfectionem

1957 1992 2268 2050 absolutam
2311 1986 2514 2046 fuerint
2535 1990 2716 2061 adepti
2754 2003 2969 2058 nempe.
3016 1987 3125 2043 Vas
3158 2001 3289 2041 vero
3318 2000 3538 2040 sacrum

1957 2099 2059 2139 ceu
2116 2083 2214 2138 Dei
2246 2146 2249 2151 ν
2282 2082 2590 2138 substantia
2642 2081 2865 2145 colitur,
2903 2079 3172 2149 siquidem
3210 2093 3334 2132 cum
3371 2091 3540 2132 carne

1959 2184 2220 2244 tanquam
2256 2188 2381 2227 cum
2412 2187 2541 2227 vase
2565 2170 2820 2240 copulata
2850 2178 2935 2225 est
2959 2169 3237 2224 divinitas.
3263 2168 3330 2221 At
3352 2166 3537 2222 divina

284 2269 513 2333 ,ssentia
542 2283 669 2323 cum
702 2270 865 2326 nobis
887 2270 1047 2339 longe
1076 2271 1150 2327 sit
1185 2269 1458 2341 superior,
1490 2277 1852 2342 conspectum
1890 2274 2142 2323 nostrum
2209 2262 2435 2334 refugit,
2466 2278 2531 2316 ac
2565 2276 2690 2318 sese
2715 2273 2975 2332 tanquam
3012 2261 3065 2314 in
3137 2259 3331 2314 umbra
3401 2273 3539 2328 qua-

274 2355 400 2414 dam
435 2375 602 2430 super
632 2375 733 2417 nos
764 2361 1021 2417 demittit.

343 2472 694 2545 Quapropter
752 2490 918 2545 super
946 2474 1196 2533 humeris
1228 2473 1540 2530 Levitarum
1606 2475 1847 2539 exsistit,
1877 2475 2033 2546 juxta
2068 2475 2201 2531 illud
2235 2475 2382 2546 quod
2409 2475 2613 2530 dicitur
2643 2473 2813 2528 Deum
2845 2469 3013 2542 super
3053 2471 3357 2527 Cherubim
3397 2472 3536 2528 resi-

271 2560 405 2617 dere
436 2569 492 2616 et
516 2576 683 2631 super
706 2560 1299 2632 Ephraim",tanquam
1319 2578 1487 2633 super
1514 2564 1768 2618 buccula.
1800 2564 2122 2631 Contegitur
2154 2579 2286 2617 vero
2334 2577 2461 2616 arca
2490 2563 2729 2632 tegmine
2756 2560 2923 2615 variis
2964 2560 3249 2614 coloribus
3274 2560 3538 2614 distincto

271 2647 420 2719 quod
449 2648 503 2703 in
531 2650 746 2704 volucri
811 2649 970 2719 legis,
1003 2649 1502 2720 mandatorumque
1528 2649 1813 2723 varietatis
1838 2665 2061 2718 parvam
2098 2649 2563 2721 significationem
2603 2647 2792 2702 habet.
2821 2646 3090 2712 Quocirca
3118 2647 3533 2716 hyaeinthinum

270 2733 615 2803 minimeque
650 2734 891 2791 lucidum
924 2743 1033 2802 est,
1065 2737 1212 2805 quod
1246 2735 1529 2791 incumbit
1565 2737 1976 2798 vestimentum,
2017 2737 2368 2806 coriumque.
2408 2736 2574 2806 Atqui
2616 2750 2806 2789 mensa
2843 2734 3163 2803 praelncida,
3205 2748 3447 2803 purpura
3480 2741 3535 2786 et

267 2834 445 2875 cocco
501 2821 706 2891 tegitur
779 2832 1002 2892 propter
1054 2812 1375 2891 sanguinem
1412 2841 1427 2878 :
1463 2822 1777 2879 forinsecus
1821 2823 1985 2895 385
2047 2832 2231 2877 autem
2275 2822 2600 2894 hyacintho,
2650 2836 2715 2876 eo
2745 2820 2894 2889 quod
2950 2820 3170 2874 dillicile
3197 2820 3269 2874 sit
3304 2821 3532 2888 cognitu

270 2914 515 2976 quantus
542 2908 596 2961 in
631 2907 817 2962 divina
843 2909 1123 2963 ambrosia
1154 2909 1442 2980 splendor,
1487 2918 1866 2981 quantumque
1892 2911 2087 2980 salutis
2124 2911 2177 2965 in
2217 2909 2421 2965 Christi
2485 2909 2755 2979 sanguine
2788 2908 2939 2962 insit.
2964 2908 3362 2962 Candelabrum
3390 2909 3534 2977 pelle

272 2995 594 3064 amictuque
659 2995 1021 3067 hyacinthino
1060 2996 1374 3062 obvelatur,
1431 2995 1693 3053 Ecclesiae
1719 2999 1921 3069 quippe
1949 2995 2094 3068 quod
2131 2995 2360 3065 figuram
2394 2998 2672 3049 sustineat
2708 3013 2721 3048 :
2753 3010 2877 3047 nam
2907 3010 3099 3048 omnes
3135 3010 3226 3049 res
3276 2995 3534 3049 humana:

271 3078 531 3136 obscurae
560 3091 691 3138 sunt
732 3093 786 3138 et
806 3097 1013 3153 opacae.
1048 3080 1251 3137 Eodem
1275 3098 1494 3152 quoque
1540 3085 1702 3140 modo
1731 3085 1907 3141 altare
1965 3083 2287 3145 sullimenli,
2338 3083 2484 3150 quod
2524 3083 2943 3154 thymiaterinm
2984 3093 3205 3147 vocant,
3259 3083 3475 3138 velatur
3513 3102 3528 3138 :

271 3166 411 3219 odor
479 3167 625 3222 enim
674 3183 924 3240 precum,
983 3169 1449 3240 quemadmodum
1479 3172 1789 3227 suliitorum
1834 3187 2081 3243 quoque,
2112 3171 2328 3226 occulte
2351 3170 2498 3224 intra
2527 3170 2710 3225 simun
2737 3168 2909 3223 animi
2938 3171 3132 3240 serpit,
3164 3179 3222 3225 ut
3253 3173 3412 3225 testis
3444 3178 3533 3226 est

269 3249 472 3307 David.

342 3358 419 3453 Tb
443 3358 824 3432 θυσιαστήριον
854 3364 1190 3420 καλύπτεται
1223 3369 1493 3439 πορφυρῷ
1529 3369 1623 3423 καὶ
1669 3369 1857 3423 ὑακιν-

2028 3366 2202 3422 Porro
2254 3366 2429 3420 altare
2490 3364 2801 3420 holocausti
2844 3381 3088 3435 purpura
3145 3375 3198 3420 et
3231 3367 3530 3453 hyacintho

271 3446 422 3518 θὶνῳζ
469 3451 586 3505 Ἐνι
614 3452 714 3523 μὲν
744 3453 853 3524 γὰρ
887 3456 945 3508 ὲν
975 3456 1053 3527 τῷ
1093 3457 1223 3528 θείῳ
1258 3458 1458 3531 θύματι
1488 3460 1548 3513 τὸ
1598 3460 1849 3533 λαμπρὸν

270 3544 367 3595 καὶ
397 3540 705 3611 βασιλικὸν,
736 3544 816 3597 ἔνι
849 3545 906 3598 δὲ
935 3549 1284 3619 ὲπικάλυψις.

1958 3457 2279 3513 obvolvitur
2316 3477 2329 3511 :
2368 3457 2422 3510 in
2478 3456 2670 3511 divino
2731 3457 2878 3510 enim
2928 3459 3204 3513 sacrificio
3265 3459 3530 3529 splendor

1954 3561 2018 3600 ac
2049 3546 2453 3618 magnificentia
2484 3557 2591 3611 est,
2631 3548 2874 3616 itemque
2899 3550 3181 3604 involutio.

334 3653 444 3710 Par
480 3664 567 3713 est
591 3664 774 3713 autem
822 3667 1015 3715 aestate
1043 3662 1466 3719 tabernaculum
1523 3664 1708 3718 rubris
1737 3670 1791 3718 et
1818 3657 2194 3730 byacintbinis
2216 3656 2375 3722 velis,
2406 3658 2472 3712 ad
2508 3656 2680 3712 decus
2715 3664 2770 3712 et
2802 3668 3061 3712 ornatum
3094 3658 3314 3722 obduci,
3344 3660 3527 3717 hieme

266 3757 401 3799 vero
421 3745 491 3800 de
513 3746 749 3816 pellibus
780 3748 909 3802 boni
936 3751 1248 3805 consulere.

339 3855 449 3909 Καὶ
476 3855 583 3923 τὰς
604 3858 828 3925 ,ϐάσεις
850 3859 1057 3927 αὐτῆς,
1100 3863 1197 3916 καὶ
1233 3861 1302 3917 τὸ
1330 3863 1632 3933 κάλυμμα.
1656 3863 1842 3917 Ἕοικε

2020 3855 2088 3910 Et
2121 3856 2299 3923 fulcra
2341 3856 2456 3924 ejus
2477 3864 2633 3927 atque
2661 3864 2883 3927 tegmen,
2933 3866 3037 3912 etc.
3077 3855 3191 3930 [ιν.
3228 3858 3346 3932 32.]
3380 3858 3522 3931 Teg-

263 3944 534 4017 κάλυμμα
582 3948 677 4001 νῦν
730 3947 800 4001 τά
858 3950 1002 4002 ἱστία
1032 3951 1132 4022 τῆς
1181 3952 1355 4022 αὐλῆς
1396 3953 1594 4020 λέγειν,
1627 3953 1725 4023 οὐχ
1758 3954 1843 4006 ὅτι

1961 3965 2073 4004 :nen
2131 3965 2279 4004 nunc
2304 3949 2429 4002 atrii
2476 3949 2588 4004 vela
2623 3964 2819 4006 vorare
2868 3949 3084 4005 videtur
3116 3968 3130 4003 :
3161 3966 3267 4005 non
3297 3953 3520 4021 quidem

198 4084 208 4093 .
263 4036 400 4089 αὐτὸ
415 4035 717 4103 ἐϐάσταζον
746 4056 759 4070 ο
776 4044 888 4104 τοῖς
917 4041 1024 4112 γὰρ
1050 4043 1185 4106 υῐοῖς
1214 4042 1424 4097 Γεδσὼν
1445 4045 1838 4114 ἀπενενέμητο·

1945 4040 2089 4109 quod
2155 4042 2494 4111 portaverint
2520 4041 2741 4110 ’ipsum,
2803 4042 2931 4096 filiis
2991 4043 3139 4096 enim
3191 4041 3421 4097 Gersom
3465 4044 3519 4098 id

265 4126 401 4199 ἀλλά
420 4130 546 4192 τοὺς
582 4130 808 4193 στύλους
836 4130 1063 4186 τούτων.
1114 4134 1190 4187 Oti
1231 4134 1341 4207 γὰρ
1365 4134 1526 4206 ⁸ἐστιν
1555 4135 1841 4207 ἐπινοῆσαι

1963 4129 2191 4183 uuneris
2249 4128 2568 4198 impositum
2613 4139 2751 4190 erat.
2787 4129 2881 4185 sed
2926 4131 3162 4199 perticas
3187 4130 3331 4200 ejus.
3370 4131 3520 4186 Con-

262 4217 452 4289 Ξτερον
484 4219 751 4291 κάλυμμα
786 4219 909 4290 ἔχον
943 4222 1189 4288 στύλους.

1939 4219 2146 4288 jectare
2166 4220 2312 4275 enim
2343 4236 2452 4275 non
2487 4236 2784 4291 possumus
2806 4222 3049 4291 assequi,
3073 4231 3288 4291 tegmen
3308 4225 3517 4279 colum-

1942 4326 2042 4368 nas
2073 4312 2333 4369 habuisse
2369 4312 2538 4369 aliud.
3132 4300 3135 4303 ’

304 4398 307 4401 ’
337 4409 406 4464 Et
436 4420 638 4497 tegmen
668 4414 793 4468 ostii
826 4413 1182 4469 tabernaculi.
1224 4415 1391 4485 Atqui
1423 4415 1550 4473 ﬁliis
1576 4418 1807 4474 Gersom
1836 4419 1940 4475 boc
1968 4420 2128 4478 oﬂicii
2159 4424 2324 4493 paulo
2359 4435 2487 4481 ante
2520 4425 2707 4480 datum
2750 4438 2888 4481 erat.
2931 4425 3130 4482 Verum
3165 4442 3265 4498 pro
3302 4431 3516 4484 colum-

263 4499 350 4555 nis
389 4492 587 4568 ipsius,
637 4510 853 4569 tegmen
891 4502 1069 4571 ipsutu
1104 4502 1310 4572 posuit.

335 4585 558 4641 Omnem
599 4587 884 4656 leprosum,
914 4604 1120 4643 onmem
1175 4605 1353 4643 semen
1390 4589 1814 4659 profundentem,
1870 4609 2073 4650 omnem
2108 4613 2173 4651 ea;
2224 4599 2405 4653 anima
2451 4602 2894 4670 contaminatum.
2919 4599 3009 4673 [V,
3057 4600 3140 4673 2.]
3170 4601 3227 4655 id
3269 4610 3376 4666 est,
3415 4605 3509 4673 qui

260 4672 502 4727 cadaver
523 4673 745 4742 aliquod
779 4676 1170 4730 contrectavit.
1206 4674 1281 4731 De
1311 4677 1509 4730 horum
1548 4687 1730 4731 autem
1779 4682 2158 4750 exploratione
2212 4701 2381 4756 supra
2427 4687 2481 4740 in
2524 4688 2766 4743 Levitico
2818 4672 3026 4743 dictum
3064 4672 3169 4744 est.
3204 4688 3344 4743 Illud
3380 4672 3510 4746 vero

261 4759 691 4827 observandum,
725 4760 872 4830 quod
908 4762 1060 4831 lepra
1086 4763 1532 4818 mortificationis
1558 4763 2019 4834 signiﬁcationem
2054 4773 2324 4833 continet,
2356 4781 2417 4826 ut
2452 4785 2648 4829 auctor
2676 4786 2761 4830 est
2796 4776 2978 4829 Aaron
3018 4792 3030 4826 :
3072 4791 3197 4830 cum
3227 4779 3374 4832 enim
3409 4795 3509 4849 pro

260 4845 431 4901 Maria
468 4864 657 4904 sornre
681 4864 782 4927 sua
814 4848 1209 4918 deprecaretur
1236 4849 1605 4929 apudDeum,
1636 4853 1818 4922 inquit
1852 4872 1866 4910 :
1896 4852 1976 4911 Ne
2008 4857 2103 4911 tiat
2134 4857 2332 4913 aborto
2354 4860 2550 4914 similis
2584 4860 2677 4930 qui
2715 4861 2996 4932 egreditur
3034 4876 3097 4917 ex
3130 4865 3358 4920 matrice
3393 4845 3508 4919 ma-

256 4934 379 4995 tris,
412 4943 468 4989 et
503 4936 691 4990 carnis
726 4935 903 5005 ipsius
930 4935 1222 4991 dimidium
1255 4935 1581 4993 absumatur
1611 4939 1677 4993 ".
1717 4958 1737 4992 ι

330 5018 651 5092 Quicunque
681 5021 865 5090 fecerit
896 5038 962 5076 ea:
990 5022 1232 5077 omnibus
1270 5022 1476 5077 delictis
1496 5041 1615 5094 qua:
1637 5034 1824 5080 contra
1846 5028 2110 5085 hominem
2139 5032 2515 5086 admittuntur.
2544 5032 2648 5106 [6.]
2672 5033 2772 5089 Vir
2806 5043 2904 5095 aut
2934 5035 3130 5092 mulier
3165 5037 3259 5107 qui
3296 5039 3506 5107 spolia-

253 5108 436 5165 verint
472 5113 982 5197 aliquemtsortetn
1024 5106 1401 5197 restituendo;
1424 5112 1784 5182 quintamque
1818 5124 2028 5186 partem
2071 5118 2405 5188 adjicienda,
2436 5122 2652 5189 culpam
2695 5137 2850 5197 suam
2884 5106 3502 5186 rescindant,domino-

249 5210 360 5263 que
376 5196 658 5283 victimam
693 5195 1000 5283 olliereudo,
1058 5198 1297 5266 expient.
1332 5196 1399 5252 Et
1427 5200 1541 5253 haec
1588 5200 1808 5268 quidem
1841 5218 1999 5273 pinna
2029 5221 2057 5259 a
2092 5206 2231 5264 furis
2275 5209 2547 5279 supplicio
2579 5225 2690 5280 quo
2720 5211 2786 5266 ad
2811 5195 3091 5283 quintupli
3134 5214 3498 5268 redditionem

248 5282 603 5372 astringitur,
635 5290 721 5372 est
748 5281 969 5372 diversa
993 5299 1009 5351 ;
1033 5284 1227 5372 “aliud
1258 5284 1404 5338 enim
1434 5285 1766 5372 supplicium
1812 5304 1908 5345 seu
1943 5307 2104 5363 pmna
2145 5298 2361 5366 peccati
2384 5307 2491 5362 est,
2519 5300 2671 5354 aliud
2712 5281 3032 5372 castigatio,
3053 5318 3148 5358 seu
3183 5302 3498 5359 emendatio

246 5367 393 5436 ejus.
427 5370 563 5435 Quae
589 5368 810 5440 quidem
838 5369 948 5426 illis
978 5369 1275 5425 adhibetur
1298 5372 1390 5442 qui
1418 5370 1486 5426 ad
1519 5383 1755 5429 mentem
1790 5378 1998 5433 reversi
2022 5379 2092 5436 de
2144 5385 2491 5440 correctione
2550 5367 2905 5459 iniquitatem
2951 5388 3143 5446 sedulo
3201 5391 3443 5462 cogitant
3473 5409 3492 5447 :
3550 5440 3565 5449 .

321 5544 362 5577 ⁶¹
389 5541 581 5599 Matth.
608 5560 662 5609 ν,
694 5544 747 5600 8.
822 5547 869 5578 ³⁸
894 5543 1275 5615 Ρεοῌτκκιιβ.
1355 5551 1396 5580 ¹¹
1431 5546 1590 5605 Num.
1620 5565 1718 5618 xu,
1746 5550 1832 5605 l9.
