  <div class='ocr_page' id='page_1' title='image "/cluster/home/n/w/nwhite01/storage/ocr_20150623/87:1/hvd.32044073502353/407.png"; bbox 0 0 4050 6212; ppageno 0'>
   <div class='ocr_carea' id='block_1_1' title="bbox 638 252 3885 336">
    <p class='ocr_par' dir='ltr' id='par_1_1' title="bbox 638 252 3885 336">
     <span class='ocr_line' id='line_1_1' title="bbox 638 252 3885 336; baseline 0.007 -24"><span class='ocrx_word' id='word_1_1' title='bbox 638 252 744 314; x_wconf 74' lang='lat' dir='ltr'><strong>8C3</strong></span> <span class='ocrx_word' id='word_1_2' title='bbox 1965 255 2323 326; x_wconf 79' lang='lat' dir='ltr'><strong>PROCOPII</strong></span> <span class='ocrx_word' id='word_1_3' title='bbox 2360 265 2604 326; x_wconf 61' lang='lat' dir='ltr'><strong>GA&#39;CEI</strong></span> <span class='ocrx_word' id='word_1_4' title='bbox 3030 256 3033 259; x_wconf 6' lang='grc' dir='ltr'>ἤ</span> <span class='ocrx_word' id='word_1_5' title='bbox 3776 276 3885 336; x_wconf 70' lang='lat' dir='ltr'><strong>SOI</strong></span> 
     </span>
    </p>
   </div>
   <div class='ocr_carea' id='block_1_2' title="bbox 634 374 3882 453">
    <p class='ocr_par' dir='ltr' id='par_1_2' title="bbox 634 374 3882 453">
     <span class='ocr_line' id='line_1_2' title="bbox 634 374 3882 453; baseline 0.003 -26"><span class='ocrx_word' id='word_1_6' title='bbox 634 376 785 427; x_wconf 72' lang='lat' dir='ltr'><strong>Illldc</strong></span> <span class='ocrx_word' id='word_1_7' title='bbox 813 374 1036 431; x_wconf 90' lang='lat' dir='ltr'><strong>victima</strong></span> <span class='ocrx_word' id='word_1_8' title='bbox 1065 389 1258 432; x_wconf 88' lang='lat' dir='ltr'><strong>eorum</strong></span> <span class='ocrx_word' id='word_1_9' title='bbox 1286 379 1356 434; x_wconf 90' lang='lat' dir='ltr'><strong>ad</strong></span> <span class='ocrx_word' id='word_1_10' title='bbox 1386 381 1759 450; x_wconf 74' lang='lat' dir='ltr'><strong>expiationem</strong></span> <span class='ocrx_word' id='word_1_11' title='bbox 1799 381 1906 435; x_wconf 86' lang='lat' dir='ltr'><strong>illis</strong></span> <span class='ocrx_word' id='word_1_12' title='bbox 1932 397 2152 452; x_wconf 86' lang='lat' dir='ltr'><strong>quoque</strong></span> <span class='ocrx_word' id='word_1_13' title='bbox 2177 382 2431 437; x_wconf 74' lang='lat' dir='ltr'><strong>inseruit.</strong></span> <span class='ocrx_word' id='word_1_14' title='bbox 2479 382 2712 438; x_wconf 83' lang='lat' dir='ltr'><strong>Pulchre</strong></span> <span class='ocrx_word' id='word_1_15' title='bbox 2753 395 2879 437; x_wconf 87' lang='lat' dir='ltr'><strong>vero</strong></span> <span class='ocrx_word' id='word_1_16' title='bbox 2912 396 2977 437; x_wconf 86' lang='lat' dir='ltr'><strong>ea</strong></span> <span class='ocrx_word' id='word_1_17' title='bbox 3019 396 3140 451; x_wconf 77' lang='lat' dir='ltr'><strong>qua:</strong></span> <span class='ocrx_word' id='word_1_18' title='bbox 3171 380 3224 435; x_wconf 94' lang='lat' dir='ltr'><strong>in</strong></span> <span class='ocrx_word' id='word_1_19' title='bbox 3258 379 3512 437; x_wconf 81' lang='lat' dir='ltr'><strong>homines</strong></span> <span class='ocrx_word' id='word_1_20' title='bbox 3543 380 3882 453; x_wconf 72' lang='lat' dir='ltr'><strong>delinquum</strong></span> 
     </span>
    </p>
   </div>
   <div class='ocr_carea' id='block_1_3' title="bbox 635 460 3879 539">
    <p class='ocr_par' dir='ltr' id='par_1_3' title="bbox 635 460 3879 539">
     <span class='ocr_line' id='line_1_3' title="bbox 635 460 3879 539; baseline 0.004 -27"><span class='ocrx_word' id='word_1_21' title='bbox 635 460 821 514; x_wconf 87' lang='lat' dir='ltr'><strong>tnriis</strong></span> <span class='ocrx_word' id='word_1_22' title='bbox 863 462 1118 531; x_wconf 90' lang='lat' dir='ltr'><strong>opponit,</strong></span> <span class='ocrx_word' id='word_1_23' title='bbox 1143 479 1268 533; x_wconf 59' lang='lat' dir='ltr'><strong>qua</strong></span> <span class='ocrx_word' id='word_1_24' title='bbox 1323 466 1378 518; x_wconf 92' lang='lat' dir='ltr'><strong>in</strong></span> <span class='ocrx_word' id='word_1_25' title='bbox 1464 483 1671 523; x_wconf 90' lang='lat' dir='ltr'><strong>numen</strong></span> <span class='ocrx_word' id='word_1_26' title='bbox 1720 468 2112 529; x_wconf 87' lang='lat' dir='ltr'><strong>admittuntur,</strong></span> <span class='ocrx_word' id='word_1_27' title='bbox 2156 469 2472 538; x_wconf 83' lang='lat' dir='ltr'><strong>nullamque</strong></span> <span class='ocrx_word' id='word_1_28' title='bbox 2517 469 2914 539; x_wconf 83' lang='lat' dir='ltr'><strong>mitigationem</strong></span> <span class='ocrx_word' id='word_1_29' title='bbox 2977 468 3293 536; x_wconf 87' lang='lat' dir='ltr'><strong>impetrant,</strong></span> <span class='ocrx_word' id='word_1_30' title='bbox 3324 467 3799 538; x_wconf 86' lang='lat' dir='ltr'><strong>quemadmodum</strong></span> <span class='ocrx_word' id='word_1_31' title='bbox 3830 471 3879 526; x_wconf 79' lang='lat' dir='ltr'><strong>in</strong></span> 
     </span>
    </p>
   </div>
   <div class='ocr_carea' id='block_1_4' title="bbox 635 549 3881 626">
    <p class='ocr_par' dir='ltr' id='par_1_4' title="bbox 635 549 3881 626">
     <span class='ocr_line' id='line_1_4' title="bbox 635 549 3881 626; baseline 0.004 -25"><span class='ocrx_word' id='word_1_32' title='bbox 635 561 704 601; x_wconf 89' lang='lat' dir='ltr'><strong>eo</strong></span> <span class='ocrx_word' id='word_1_33' title='bbox 739 549 833 616; x_wconf 90' lang='lat' dir='ltr'><strong>qui</strong></span> <span class='ocrx_word' id='word_1_34' title='bbox 878 549 1105 603; x_wconf 88' lang='lat' dir='ltr'><strong>Sabbati</strong></span> <span class='ocrx_word' id='word_1_35' title='bbox 1147 550 1282 605; x_wconf 84' lang='lat' dir='ltr'><strong>feria</strong></span> <span class='ocrx_word' id='word_1_36' title='bbox 1316 552 1462 623; x_wconf 87' lang='lat' dir='ltr'><strong>ligna</strong></span> <span class='ocrx_word' id='word_1_37' title='bbox 1497 556 1797 625; x_wconf 70' lang='lat' dir='ltr'><strong>collegerat</strong></span> <span class='ocrx_word' id='word_1_38' title='bbox 1831 556 2053 624; x_wconf 84' lang='lat' dir='ltr'><strong>planum</strong></span> <span class='ocrx_word' id='word_1_39' title='bbox 2081 556 2191 622; x_wconf 80' lang='lat' dir='ltr'><strong>ﬁet,</strong></span> <span class='ocrx_word' id='word_1_40' title='bbox 2227 565 2283 612; x_wconf 91' lang='lat' dir='ltr'><strong>et</strong></span> <span class='ocrx_word' id='word_1_41' title='bbox 2313 554 2515 609; x_wconf 90' lang='lat' dir='ltr'><strong>factum</strong></span> <span class='ocrx_word' id='word_1_42' title='bbox 2544 556 2654 624; x_wconf 86' lang='lat' dir='ltr'><strong>jam</strong></span> <span class='ocrx_word' id='word_1_43' title='bbox 2697 563 2781 612; x_wconf 86' lang='lat' dir='ltr'><strong>est</strong></span> <span class='ocrx_word' id='word_1_44' title='bbox 2809 555 2862 609; x_wconf 91' lang='lat' dir='ltr'><strong>in</strong></span> <span class='ocrx_word' id='word_1_45' title='bbox 2910 569 2977 610; x_wconf 91' lang='lat' dir='ltr'><strong>eo</strong></span> <span class='ocrx_word' id='word_1_46' title='bbox 3005 557 3100 626; x_wconf 91' lang='lat' dir='ltr'><strong>qui</strong></span> <span class='ocrx_word' id='word_1_47' title='bbox 3136 555 3205 609; x_wconf 84' lang='lat' dir='ltr'><strong>ad</strong></span> <span class='ocrx_word' id='word_1_48' title='bbox 3235 553 3622 610; x_wconf 80' lang='lat' dir='ltr'><strong>contumeliam</strong></span> <span class='ocrx_word' id='word_1_49' title='bbox 3656 555 3761 613; x_wconf 85' lang='lat' dir='ltr'><strong>Dei</strong></span> <span class='ocrx_word' id='word_1_50' title='bbox 3789 573 3881 614; x_wconf 83' lang='lat' dir='ltr'><strong>no-</strong></span> 
     </span>
    </p>
   </div>
   <div class='ocr_carea' id='block_1_5' title="bbox 635 635 2461 703">
    <p class='ocr_par' dir='ltr' id='par_1_5' title="bbox 635 635 2461 703">
     <span class='ocr_line' id='line_1_5' title="bbox 635 635 2461 703; baseline 0.008 -15"><span class='ocrx_word' id='word_1_51' title='bbox 635 635 784 688; x_wconf 89' lang='lat' dir='ltr'><strong>mine</strong></span> <span class='ocrx_word' id='word_1_52' title='bbox 810 635 929 703; x_wconf 83' lang='lat' dir='ltr'><strong>ejus</strong></span> <span class='ocrx_word' id='word_1_53' title='bbox 954 639 1164 693; x_wconf 85' lang='lat' dir='ltr'><strong>abusus</strong></span> <span class='ocrx_word' id='word_1_54' title='bbox 1189 640 1389 694; x_wconf 81' lang='lat' dir='ltr'><strong>fuerat.</strong></span> <span class='ocrx_word' id='word_1_55' title='bbox 2450 641 2461 650; x_wconf 80' lang='grc'><strong>’</strong></span> 
     </span>
    </p>
   </div>
   <div class='ocr_carea' id='block_1_6' title="bbox 704 722 3875 802">
    <p class='ocr_par' dir='ltr' id='par_1_6' title="bbox 704 722 3875 802">
     <span class='ocr_line' id='line_1_6' title="bbox 704 722 3875 802; baseline 0.003 -25"><span class='ocrx_word' id='word_1_56' title='bbox 704 722 1078 795; x_wconf 69' lang='lat' dir='ltr'><strong>Cuiuscunque</strong></span> <span class='ocrx_word' id='word_1_57' title='bbox 1104 728 1205 780; x_wconf 74' lang='lat' dir='ltr'><strong>uiri</strong></span> <span class='ocrx_word' id='word_1_58' title='bbox 1238 743 1375 782; x_wconf 68' lang='lat' dir='ltr'><strong>uxor</strong></span> <span class='ocrx_word' id='word_1_59' title='bbox 1412 731 1854 799; x_wconf 69' lang='lat' dir='ltr'><strong>transgressionis</strong></span> <span class='ocrx_word' id='word_1_60' title='bbox 1898 746 1988 785; x_wconf 82' lang='lat' dir='ltr'><strong>rea</strong></span> <span class='ocrx_word' id='word_1_61' title='bbox 2024 729 2213 797; x_wconf 83' lang='lat' dir='ltr'><strong>fuerit.</strong></span> <span class='ocrx_word' id='word_1_62' title='bbox 2246 728 2388 802; x_wconf 49' lang='lat' dir='ltr'><strong>[li]</strong></span> <span class='ocrx_word' id='word_1_63' title='bbox 2419 728 2533 785; x_wconf 86' lang='lat' dir='ltr'><strong>Hoc</strong></span> <span class='ocrx_word' id='word_1_64' title='bbox 2560 730 2862 785; x_wconf 88' lang='lat' dir='ltr'><strong>edocemur</strong></span> <span class='ocrx_word' id='word_1_65' title='bbox 2896 744 3051 792; x_wconf 86' lang='lat' dir='ltr'><strong>sane.</strong></span> <span class='ocrx_word' id='word_1_66' title='bbox 3098 728 3246 798; x_wconf 90' lang='lat' dir='ltr'><strong>quod</strong></span> <span class='ocrx_word' id='word_1_67' title='bbox 3278 729 3344 784; x_wconf 91' lang='lat' dir='ltr'><strong>ad</strong></span> <span class='ocrx_word' id='word_1_68' title='bbox 3377 729 3473 784; x_wconf 85' lang='lat' dir='ltr'><strong>Dei</strong></span> <span class='ocrx_word' id='word_1_69' title='bbox 3504 731 3875 801; x_wconf 76' lang='lat' dir='ltr'><strong>cognitionem</strong></span> 
     </span>
    </p>
   </div>
   <div class='ocr_carea' id='block_1_7' title="bbox 636 808 3872 886">
    <p class='ocr_par' dir='ltr' id='par_1_7' title="bbox 636 808 3872 886">
     <span class='ocr_line' id='line_1_7' title="bbox 636 808 3872 886; baseline 0.003 -22"><span class='ocrx_word' id='word_1_70' title='bbox 636 810 738 864; x_wconf 89' lang='lat' dir='ltr'><strong>sub</strong></span> <span class='ocrx_word' id='word_1_71' title='bbox 771 810 907 864; x_wconf 77' lang='lat' dir='ltr'><strong>falsa</strong></span> <span class='ocrx_word' id='word_1_72' title='bbox 936 813 1201 881; x_wconf 84' lang='lat' dir='ltr'><strong>puritatis</strong></span> <span class='ocrx_word' id='word_1_73' title='bbox 1239 815 1422 884; x_wconf 83' lang='lat' dir='ltr'><strong>specie</strong></span> <span class='ocrx_word' id='word_1_74' title='bbox 1449 818 1694 884; x_wconf 90' lang='lat' dir='ltr'><strong>pollutus</strong></span> <span class='ocrx_word' id='word_1_75' title='bbox 1718 808 1978 886; x_wconf 71' lang='lat' dir='ltr'><strong>pertingit</strong></span> <span class='ocrx_word' id='word_1_76' title='bbox 2003 832 2164 871; x_wconf 90' lang='lat' dir='ltr'><strong>nemo</strong></span> <span class='ocrx_word' id='word_1_77' title='bbox 2200 814 2442 879; x_wconf 89' lang='lat' dir='ltr'><strong>Quorum</strong></span> <span class='ocrx_word' id='word_1_78' title='bbox 2468 818 2617 879; x_wconf 78' lang='lat' dir='ltr'><strong>enim</strong></span> <span class='ocrx_word' id='word_1_79' title='bbox 2672 825 2897 885; x_wconf 87' lang='lat' dir='ltr'><strong>peccata</strong></span> <span class='ocrx_word' id='word_1_80' title='bbox 2929 831 3036 870; x_wconf 93' lang='lat' dir='ltr'><strong>non</strong></span> <span class='ocrx_word' id='word_1_81' title='bbox 3071 817 3271 885; x_wconf 84' lang='lat' dir='ltr'><strong>palam,</strong></span> <span class='ocrx_word' id='word_1_82' title='bbox 3334 816 3550 886; x_wconf 90' lang='lat' dir='ltr'><strong>judicio</strong></span> <span class='ocrx_word' id='word_1_83' title='bbox 3603 829 3872 885; x_wconf 79' lang='lat' dir='ltr'><strong>extracta,</strong></span> 
     </span>
    </p>
   </div>
   <div class='ocr_carea' id='block_1_8' title="bbox 635 896 3872 976">
    <p class='ocr_par' dir='ltr' id='par_1_8' title="bbox 635 896 3872 976">
     <span class='ocr_line' id='line_1_8' title="bbox 635 896 3872 976; baseline 0.003 -26"><span class='ocrx_word' id='word_1_84' title='bbox 635 896 793 957; x_wconf 79' lang='lat' dir='ltr'><strong>ﬁunt,</strong></span> <span class='ocrx_word' id='word_1_85' title='bbox 860 913 958 953; x_wconf 87' lang='lat' dir='ltr'><strong>eos</strong></span> <span class='ocrx_word' id='word_1_86' title='bbox 998 901 1215 955; x_wconf 82' lang='lat' dir='ltr'><strong>occulte</strong></span> <span class='ocrx_word' id='word_1_87' title='bbox 1250 902 1743 961; x_wconf 83' lang='lat' dir='ltr'><strong>conseetabuntur.</strong></span> <span class='ocrx_word' id='word_1_88' title='bbox 1783 902 1840 956; x_wconf 92' lang='lat' dir='ltr'><strong>In</strong></span> <span class='ocrx_word' id='word_1_89' title='bbox 1896 901 2247 957; x_wconf 65' lang='lat' dir='ltr'><strong>confessione</strong></span> <span class='ocrx_word' id='word_1_90' title='bbox 2284 905 2491 973; x_wconf 79' lang='lat' dir='ltr'><strong>quippe</strong></span> <span class='ocrx_word' id='word_1_91' title='bbox 2537 905 2849 976; x_wconf 83' lang='lat' dir='ltr'><strong>iniquitatis</strong></span> <span class='ocrx_word' id='word_1_92' title='bbox 2910 904 3051 959; x_wconf 89' lang='lat' dir='ltr'><strong>idem</strong></span> <span class='ocrx_word' id='word_1_93' title='bbox 3089 904 3235 972; x_wconf 90' lang='lat' dir='ltr'><strong>quod</strong></span> <span class='ocrx_word' id='word_1_94' title='bbox 3266 904 3319 957; x_wconf 93' lang='lat' dir='ltr'><strong>in</strong></span> <span class='ocrx_word' id='word_1_95' title='bbox 3372 904 3527 974; x_wconf 87' lang='lat' dir='ltr'><strong>lepra</strong></span> <span class='ocrx_word' id='word_1_96' title='bbox 3561 914 3615 959; x_wconf 89' lang='lat' dir='ltr'><strong>et</strong></span> <span class='ocrx_word' id='word_1_97' title='bbox 3650 906 3872 962; x_wconf 76' lang='lat' dir='ltr'><strong>seminis</strong></span> 
     </span>
    </p>
   </div>
   <div class='ocr_carea' id='block_1_9' title="bbox 631 986 3871 1063">
    <p class='ocr_par' dir='ltr' id='par_1_9' title="bbox 631 986 3871 1063">
     <span class='ocr_line' id='line_1_9' title="bbox 631 986 3871 1063; baseline 0.003 -24"><span class='ocrx_word' id='word_1_98' title='bbox 631 986 906 1040; x_wconf 71' lang='lat' dir='ltr'><strong>effusione</strong></span> <span class='ocrx_word' id='word_1_99' title='bbox 940 990 1261 1057; x_wconf 87' lang='lat' dir='ltr'><strong>contingere</strong></span> <span class='ocrx_word' id='word_1_100' title='bbox 1289 990 1430 1043; x_wconf 87' lang='lat' dir='ltr'><strong>solet</strong></span> <span class='ocrx_word' id='word_1_101' title='bbox 1466 1008 1478 1042; x_wconf 89' lang='lat'><strong>:</strong></span> <span class='ocrx_word' id='word_1_102' title='bbox 1524 998 1574 1046; x_wconf 84' lang='lat' dir='ltr'><strong>te</strong></span> <span class='ocrx_word' id='word_1_103' title='bbox 1600 991 1747 1042; x_wconf 72' lang='lat' dir='ltr'><strong>enim</strong></span> <span class='ocrx_word' id='word_1_104' title='bbox 1795 998 2013 1042; x_wconf 90' lang='lat' dir='ltr'><strong>tacente</strong></span> <span class='ocrx_word' id='word_1_105' title='bbox 2045 990 2195 1051; x_wconf 87' lang='lat' dir='ltr'><strong>licet,</strong></span> <span class='ocrx_word' id='word_1_106' title='bbox 2241 992 2605 1060; x_wconf 78' lang='lat' dir='ltr'><strong>cogitationes</strong></span> <span class='ocrx_word' id='word_1_107' title='bbox 2641 994 2706 1048; x_wconf 86' lang='lat' dir='ltr'><strong>ad</strong></span> <span class='ocrx_word' id='word_1_108' title='bbox 2739 993 2902 1048; x_wconf 91' lang='lat' dir='ltr'><strong>Deum</strong></span> <span class='ocrx_word' id='word_1_109' title='bbox 2949 994 3256 1055; x_wconf 84' lang='lat' dir='ltr'><strong>clamitant,</strong></span> <span class='ocrx_word' id='word_1_110' title='bbox 3281 993 3447 1046; x_wconf 84' lang='lat' dir='ltr'><strong>verba</strong></span> <span class='ocrx_word' id='word_1_111' title='bbox 3481 994 3607 1047; x_wconf 86' lang='lat' dir='ltr'><strong>item</strong></span> <span class='ocrx_word' id='word_1_112' title='bbox 3641 1010 3871 1063; x_wconf 85' lang='lat' dir='ltr'><strong>quorum</strong></span> 
     </span>
    </p>
   </div>
   <div class='ocr_carea' id='block_1_10' title="bbox 631 1071 3873 1150">
    <p class='ocr_par' dir='ltr' id='par_1_10' title="bbox 631 1071 3873 1150">
     <span class='ocr_line' id='line_1_10' title="bbox 631 1071 3873 1150; baseline 0.002 -25"><span class='ocrx_word' id='word_1_113' title='bbox 631 1073 791 1125; x_wconf 86' lang='lat' dir='ltr'><strong>etiam</strong></span> <span class='ocrx_word' id='word_1_114' title='bbox 819 1074 922 1127; x_wconf 85' lang='lat' dir='ltr'><strong>sub</strong></span> <span class='ocrx_word' id='word_1_115' title='bbox 954 1073 1237 1128; x_wconf 90' lang='lat' dir='ltr'><strong>hominum</strong></span> <span class='ocrx_word' id='word_1_116' title='bbox 1263 1076 1512 1130; x_wconf 85' lang='lat' dir='ltr'><strong>notitiam</strong></span> <span class='ocrx_word' id='word_1_117' title='bbox 1557 1077 1762 1130; x_wconf 89' lang='lat' dir='ltr'><strong>cadunt</strong></span> <span class='ocrx_word' id='word_1_118' title='bbox 1812 1075 2136 1131; x_wconf 76' lang='lat' dir='ltr'><strong>aﬂ‘ectiones</strong></span> <span class='ocrx_word' id='word_1_119' title='bbox 2174 1094 2186 1129; x_wconf 90' lang='lat'><strong>:</strong></span> <span class='ocrx_word' id='word_1_120' title='bbox 2223 1079 2459 1134; x_wconf 75' lang='lat' dir='ltr'><strong>tenebrae</strong></span> <span class='ocrx_word' id='word_1_121' title='bbox 2502 1080 2737 1148; x_wconf 76' lang='lat' dir='ltr'><strong>denique</strong></span> <span class='ocrx_word' id='word_1_122' title='bbox 2768 1081 2821 1133; x_wconf 89' lang='lat' dir='ltr'><strong>in</strong></span> <span class='ocrx_word' id='word_1_123' title='bbox 2871 1080 3074 1150; x_wconf 81' lang='lat' dir='ltr'><strong>quibus</strong></span> <span class='ocrx_word' id='word_1_124' title='bbox 3114 1071 3442 1133; x_wconf 78' lang='lat' dir='ltr'><strong>adulterium</strong></span> <span class='ocrx_word' id='word_1_125' title='bbox 3478 1095 3601 1134; x_wconf 90' lang='lat' dir='ltr'><strong>sese</strong></span> <span class='ocrx_word' id='word_1_126' title='bbox 3644 1080 3800 1135; x_wconf 79' lang='lat' dir='ltr'><strong>fovet</strong></span> <span class='ocrx_word' id='word_1_127' title='bbox 3829 1089 3873 1136; x_wconf 87' lang='lat' dir='ltr'><strong>et</strong></span> 
     </span>
    </p>
   </div>
   <div class='ocr_carea' id='block_1_11' title="bbox 630 1163 3872 1241">
    <p class='ocr_par' dir='ltr' id='par_1_11' title="bbox 630 1163 3872 1241">
     <span class='ocr_line' id='line_1_11' title="bbox 630 1163 3872 1241; baseline 0.003 -30"><span class='ocrx_word' id='word_1_128' title='bbox 630 1168 906 1214; x_wconf 85' lang='lat' dir='ltr'><strong>sustentat</strong></span> <span class='ocrx_word' id='word_1_129' title='bbox 926 1163 1252 1230; x_wconf 82' lang='lat' dir='ltr'><strong>plerumque</strong></span> <span class='ocrx_word' id='word_1_130' title='bbox 1275 1179 1291 1229; x_wconf 89' lang='lat'><strong>;</strong></span> <span class='ocrx_word' id='word_1_131' title='bbox 1313 1171 1659 1241; x_wconf 71' lang='lat' dir='ltr'><strong>quapropter</strong></span> <span class='ocrx_word' id='word_1_132' title='bbox 1691 1163 2051 1220; x_wconf 79' lang='lat' dir='ltr'><strong>Ecclesiastes</strong></span> <span class='ocrx_word' id='word_1_133' title='bbox 2080 1164 2252 1233; x_wconf 88' lang='lat' dir='ltr'><strong>inquit</strong></span> <span class='ocrx_word' id='word_1_134' title='bbox 2284 1168 2328 1197; x_wconf 79' lang='grc'>¹²</span> <span class='ocrx_word' id='word_1_135' title='bbox 2358 1182 2575 1221; x_wconf 89' lang='lat' dir='ltr'><strong>omnem</strong></span> <span class='ocrx_word' id='word_1_136' title='bbox 2629 1167 2902 1220; x_wconf 85' lang='lat' dir='ltr'><strong>actionem</strong></span> <span class='ocrx_word' id='word_1_137' title='bbox 2934 1183 2963 1220; x_wconf 89' lang='lat' dir='ltr'><strong>a</strong></span> <span class='ocrx_word' id='word_1_138' title='bbox 2992 1168 3100 1219; x_wconf 85' lang='lat' dir='ltr'><strong>Deo</strong></span> <span class='ocrx_word' id='word_1_139' title='bbox 3131 1167 3187 1220; x_wconf 91' lang='lat' dir='ltr'><strong>in</strong></span> <span class='ocrx_word' id='word_1_140' title='bbox 3240 1166 3510 1235; x_wconf 85' lang='lat' dir='ltr'><strong>judicium</strong></span> <span class='ocrx_word' id='word_1_141' title='bbox 3548 1170 3872 1235; x_wconf 81' lang='lat' dir='ltr'><strong>productam</strong></span> 
     </span>
    </p>
   </div>
   <div class='ocr_carea' id='block_1_12' title="bbox 629 1248 3873 1325">
    <p class='ocr_par' dir='ltr' id='par_1_12' title="bbox 629 1248 3873 1325">
     <span class='ocr_line' id='line_1_12' title="bbox 629 1248 3873 1325; baseline 0.002 -22"><span class='ocrx_word' id='word_1_142' title='bbox 629 1248 740 1309; x_wconf 84' lang='lat' dir='ltr'><strong>iri;</strong></span> <span class='ocrx_word' id='word_1_143' title='bbox 795 1264 1010 1304; x_wconf 89' lang='lat' dir='ltr'><strong>necnon</strong></span> <span class='ocrx_word' id='word_1_144' title='bbox 1042 1251 1337 1320; x_wconf 82' lang='lat' dir='ltr'><strong>Apostolus</strong></span> <span class='ocrx_word' id='word_1_145' title='bbox 1367 1270 1380 1305; x_wconf 88' lang='lat'><strong>:</strong></span> <span class='ocrx_word' id='word_1_146' title='bbox 1423 1270 1442 1302; x_wconf 69' lang='grc' dir='ltr'>ι</span> <span class='ocrx_word' id='word_1_147' title='bbox 1477 1250 1679 1307; x_wconf 89' lang='lat' dir='ltr'><strong>Omnes</strong></span> <span class='ocrx_word' id='word_1_148' title='bbox 1712 1253 1934 1322; x_wconf 84' lang='lat' dir='ltr'><strong>quidem</strong></span> <span class='ocrx_word' id='word_1_149' title='bbox 1989 1268 2090 1307; x_wconf 89' lang='lat' dir='ltr'><strong>nos</strong></span> <span class='ocrx_word' id='word_1_150' title='bbox 2134 1267 2320 1306; x_wconf 89' lang='lat' dir='ltr'><strong>coram</strong></span> <span class='ocrx_word' id='word_1_151' title='bbox 2350 1254 2613 1309; x_wconf 75' lang='lat' dir='ltr'><strong>tribunali</strong></span> <span class='ocrx_word' id='word_1_152' title='bbox 2647 1253 2855 1307; x_wconf 82' lang='lat' dir='ltr'><strong>Christi</strong></span> <span class='ocrx_word' id='word_1_153' title='bbox 2883 1252 3160 1308; x_wconf 87' lang='lat' dir='ltr'><strong>sistendos</strong></span> <span class='ocrx_word' id='word_1_154' title='bbox 3195 1268 3344 1318; x_wconf 89' lang='lat' dir='ltr'><strong>esse,</strong></span> <span class='ocrx_word' id='word_1_155' title='bbox 3377 1262 3436 1307; x_wconf 91' lang='lat' dir='ltr'><strong>ut</strong></span> <span class='ocrx_word' id='word_1_156' title='bbox 3481 1256 3724 1325; x_wconf 82' lang='lat' dir='ltr'><strong>quisque</strong></span> <span class='ocrx_word' id='word_1_157' title='bbox 3754 1271 3873 1325; x_wconf 88' lang='lat' dir='ltr'><strong>pro-</strong></span> 
     </span>
    </p>
   </div>
   <div class='ocr_carea' id='block_1_13' title="bbox 632 1340 3140 1414">
    <p class='ocr_par' dir='ltr' id='par_1_13' title="bbox 632 1340 3140 1414">
     <span class='ocr_line' id='line_1_13' title="bbox 632 1340 3140 1414; baseline -0.001 -22"><span class='ocrx_word' id='word_1_158' title='bbox 632 1340 755 1407; x_wconf 89' lang='lat' dir='ltr'><strong>prio</strong></span> <span class='ocrx_word' id='word_1_159' title='bbox 778 1355 1008 1407; x_wconf 85' lang='lat' dir='ltr'><strong>corpore</strong></span> <span class='ocrx_word' id='word_1_160' title='bbox 1043 1342 1280 1405; x_wconf 88' lang='lat' dir='ltr'><strong>auferat,</strong></span> <span class='ocrx_word' id='word_1_161' title='bbox 1313 1344 1456 1414; x_wconf 89' lang='lat' dir='ltr'><strong>quod</strong></span> <span class='ocrx_word' id='word_1_162' title='bbox 1482 1360 1548 1398; x_wconf 93' lang='lat' dir='ltr'><strong>eo</strong></span> <span class='ocrx_word' id='word_1_163' title='bbox 1572 1346 1629 1400; x_wconf 89' lang='lat' dir='ltr'><strong>in</strong></span> <span class='ocrx_word' id='word_1_164' title='bbox 1655 1347 1764 1399; x_wconf 83' lang='lat' dir='ltr'><strong>vita</strong></span> <span class='ocrx_word' id='word_1_165' title='bbox 1797 1346 2080 1414; x_wconf 70' lang='lat' dir='ltr'><strong>quaesivit,</strong></span> <span class='ocrx_word' id='word_1_166' title='bbox 2125 1345 2240 1400; x_wconf 87' lang='lat' dir='ltr'><strong>sive</strong></span> <span class='ocrx_word' id='word_1_167' title='bbox 2263 1346 2463 1397; x_wconf 82' lang='lat' dir='ltr'><strong>bonum</strong></span> <span class='ocrx_word' id='word_1_168' title='bbox 2511 1343 2602 1402; x_wconf 86' lang='lat' dir='ltr'><strong>sit.</strong></span> <span class='ocrx_word' id='word_1_169' title='bbox 2631 1342 2977 1412; x_wconf 72' lang='lat' dir='ltr'><strong>siveeontra</strong></span> <span class='ocrx_word' id='word_1_170' title='bbox 3004 1342 3071 1393; x_wconf 81' lang='grc'><strong>³³.</strong></span> <span class='ocrx_word' id='word_1_171' title='bbox 3122 1359 3140 1390; x_wconf 76' lang='grc' dir='ltr'><strong>ι</strong></span> 
     </span>
    </p>
   </div>
   <div class='ocr_carea' id='block_1_14' title="bbox 706 1424 3867 1501">
    <p class='ocr_par' dir='ltr' id='par_1_14' title="bbox 706 1424 3867 1501">
     <span class='ocr_line' id='line_1_14' title="bbox 706 1424 3867 1501; baseline 0.003 -25"><span class='ocrx_word' id='word_1_172' title='bbox 706 1424 1022 1480; x_wconf 81' lang='lat' dir='ltr'><strong>Hordeacea</strong></span> <span class='ocrx_word' id='word_1_173' title='bbox 1055 1430 1216 1497; x_wconf 84' lang='lat' dir='ltr'><strong>igitur</strong></span> <span class='ocrx_word' id='word_1_174' title='bbox 1250 1430 1435 1499; x_wconf 82' lang='lat' dir='ltr'><strong>farina</strong></span> <span class='ocrx_word' id='word_1_175' title='bbox 1465 1438 1604 1486; x_wconf 85' lang='lat' dir='ltr'><strong>citra</strong></span> <span class='ocrx_word' id='word_1_176' title='bbox 1627 1432 1745 1486; x_wconf 84' lang='lat' dir='ltr'><strong>thus</strong></span> <span class='ocrx_word' id='word_1_177' title='bbox 1768 1442 1817 1486; x_wconf 78' lang='lat' dir='ltr'><strong>et</strong></span> <span class='ocrx_word' id='word_1_178' title='bbox 1846 1433 2017 1491; x_wconf 85' lang='lat' dir='ltr'><strong>oleum</strong></span> <span class='ocrx_word' id='word_1_179' title='bbox 2051 1431 2373 1486; x_wconf 84' lang='lat' dir='ltr'><strong>adducatur.</strong></span> <span class='ocrx_word' id='word_1_180' title='bbox 2407 1427 2547 1501; x_wconf 67' lang='lat'><strong>[15.]</strong></span> <span class='ocrx_word' id='word_1_181' title='bbox 2576 1427 2689 1482; x_wconf 89' lang='lat' dir='ltr'><strong>Hoc</strong></span> <span class='ocrx_word' id='word_1_182' title='bbox 2729 1442 2888 1491; x_wconf 87' lang='lat' dir='ltr'><strong>sane,</strong></span> <span class='ocrx_word' id='word_1_183' title='bbox 2910 1439 3257 1496; x_wconf 81' lang='lat' dir='ltr'><strong>peccatorum</strong></span> <span class='ocrx_word' id='word_1_184' title='bbox 3293 1430 3462 1481; x_wconf 90' lang='lat' dir='ltr'><strong>vitam</strong></span> <span class='ocrx_word' id='word_1_185' title='bbox 3491 1428 3867 1497; x_wconf 78' lang='lat' dir='ltr'><strong>jnmeutorum</strong></span> 
     </span>
    </p>
   </div>
   <div class='ocr_carea' id='block_1_15' title="bbox 628 1513 3868 1593">
    <p class='ocr_par' dir='ltr' id='par_1_15' title="bbox 628 1513 3868 1593">
     <span class='ocr_line' id='line_1_15' title="bbox 628 1513 3868 1593; baseline 0 -26"><span class='ocrx_word' id='word_1_186' title='bbox 628 1515 789 1583; x_wconf 86' lang='lat' dir='ltr'><strong>plane</strong></span> <span class='ocrx_word' id='word_1_187' title='bbox 815 1516 1049 1571; x_wconf 87' lang='lat' dir='ltr'><strong>similem</strong></span> <span class='ocrx_word' id='word_1_188' title='bbox 1079 1532 1222 1584; x_wconf 90' lang='lat' dir='ltr'><strong>esse,</strong></span> <span class='ocrx_word' id='word_1_189' title='bbox 1255 1521 1443 1589; x_wconf 86' lang='lat' dir='ltr'><strong>inqua</strong></span> <span class='ocrx_word' id='word_1_190' title='bbox 1475 1523 1712 1590; x_wconf 86' lang='lat' dir='ltr'><strong>saporis.</strong></span> <span class='ocrx_word' id='word_1_191' title='bbox 1745 1522 1797 1575; x_wconf 93' lang='lat' dir='ltr'><strong>in</strong></span> <span class='ocrx_word' id='word_1_192' title='bbox 1820 1538 1926 1591; x_wconf 90' lang='lat' dir='ltr'><strong>qua</strong></span> <span class='ocrx_word' id='word_1_193' title='bbox 1960 1518 2341 1576; x_wconf 86' lang='lat' dir='ltr'><strong>delectationis</strong></span> <span class='ocrx_word' id='word_1_194' title='bbox 2377 1516 2510 1569; x_wconf 86' lang='lat' dir='ltr'><strong>nihil</strong></span> <span class='ocrx_word' id='word_1_195' title='bbox 2539 1517 2631 1574; x_wconf 89' lang='lat' dir='ltr'><strong>sit,</strong></span> <span class='ocrx_word' id='word_1_196' title='bbox 2659 1516 2855 1584; x_wconf 89' lang='lat' dir='ltr'><strong>arguit.</strong></span> <span class='ocrx_word' id='word_1_197' title='bbox 2881 1514 3185 1583; x_wconf 85' lang='lat' dir='ltr'><strong>Perpetuus</strong></span> <span class='ocrx_word' id='word_1_198' title='bbox 3205 1513 3351 1567; x_wconf 92' lang='lat' dir='ltr'><strong>enim</strong></span> <span class='ocrx_word' id='word_1_199' title='bbox 3378 1516 3633 1593; x_wconf 81' lang='lat' dir='ltr'><strong>supplicii</strong></span> <span class='ocrx_word' id='word_1_200' title='bbox 3676 1525 3868 1580; x_wconf 83' lang='lat' dir='ltr'><strong>metus,</strong></span> 
     </span>
    </p>
   </div>
   <div class='ocr_carea' id='block_1_16' title="bbox 627 1600 3869 1677">
    <p class='ocr_par' dir='ltr' id='par_1_16' title="bbox 627 1600 3869 1677">
     <span class='ocr_line' id='line_1_16' title="bbox 627 1600 3869 1677; baseline -0 -21"><span class='ocrx_word' id='word_1_201' title='bbox 627 1608 683 1656; x_wconf 86' lang='lat' dir='ltr'><strong>et</strong></span> <span class='ocrx_word' id='word_1_202' title='bbox 708 1602 776 1656; x_wconf 89' lang='lat' dir='ltr'><strong>de</strong></span> <span class='ocrx_word' id='word_1_203' title='bbox 803 1617 1004 1657; x_wconf 87' lang='lat' dir='ltr'><strong>corona</strong></span> <span class='ocrx_word' id='word_1_204' title='bbox 1044 1605 1199 1659; x_wconf 89' lang='lat' dir='ltr'><strong>adest</strong></span> <span class='ocrx_word' id='word_1_205' title='bbox 1226 1605 1560 1674; x_wconf 78' lang='lat' dir='ltr'><strong>desperatio.</strong></span> <span class='ocrx_word' id='word_1_206' title='bbox 1591 1606 1749 1662; x_wconf 85' lang='lat' dir='ltr'><strong>Nuda</strong></span> <span class='ocrx_word' id='word_1_207' title='bbox 1774 1624 1906 1662; x_wconf 91' lang='lat' dir='ltr'><strong>vero</strong></span> <span class='ocrx_word' id='word_1_208' title='bbox 1953 1609 2006 1662; x_wconf 92' lang='lat' dir='ltr'><strong>in</strong></span> <span class='ocrx_word' id='word_1_209' title='bbox 2034 1607 2247 1677; x_wconf 87' lang='lat' dir='ltr'><strong>judicio</strong></span> <span class='ocrx_word' id='word_1_210' title='bbox 2272 1604 2495 1659; x_wconf 88' lang='lat' dir='ltr'><strong>astabit.</strong></span> <span class='ocrx_word' id='word_1_211' title='bbox 2543 1600 2690 1654; x_wconf 83' lang='lat' dir='ltr'><strong>Nihil</strong></span> <span class='ocrx_word' id='word_1_212' title='bbox 2733 1601 3033 1670; x_wconf 88' lang='lat' dir='ltr'><strong>quidquam</strong></span> <span class='ocrx_word' id='word_1_213' title='bbox 3067 1600 3232 1655; x_wconf 89' lang='lat' dir='ltr'><strong>Deum</strong></span> <span class='ocrx_word' id='word_1_214' title='bbox 3264 1602 3355 1670; x_wconf 89' lang='lat' dir='ltr'><strong>qui</strong></span> <span class='ocrx_word' id='word_1_215' title='bbox 3390 1610 3675 1654; x_wconf 88' lang='lat' dir='ltr'><strong>scrutatur</strong></span> <span class='ocrx_word' id='word_1_216' title='bbox 3714 1604 3869 1656; x_wconf 80' lang='lat' dir='ltr'><strong>corda</strong></span> 
     </span>
    </p>
   </div>
   <div class='ocr_carea' id='block_1_17' title="bbox 628 1687 3865 1765">
    <p class='ocr_par' dir='ltr' id='par_1_17' title="bbox 628 1687 3865 1765">
     <span class='ocr_line' id='line_1_17' title="bbox 628 1687 3865 1765; baseline -0.001 -23"><span class='ocrx_word' id='word_1_217' title='bbox 628 1704 899 1759; x_wconf 89' lang='lat' dir='ltr'><strong>renesque</strong></span> <span class='ocrx_word' id='word_1_218' title='bbox 929 1692 975 1721; x_wconf 72' lang='grc'><strong>’⁵</strong></span> <span class='ocrx_word' id='word_1_219' title='bbox 1004 1689 1187 1747; x_wconf 86' lang='lat' dir='ltr'><strong>fallere</strong></span> <span class='ocrx_word' id='word_1_220' title='bbox 1216 1707 1384 1760; x_wconf 79' lang='lat' dir='ltr'><strong>posse</strong></span> <span class='ocrx_word' id='word_1_221' title='bbox 1409 1696 1631 1749; x_wconf 57' lang='lat' dir='ltr'><strong>anilitas</strong></span> <span class='ocrx_word' id='word_1_222' title='bbox 1666 1695 1916 1749; x_wconf 88' lang='lat' dir='ltr'><strong>mulieris</strong></span> <span class='ocrx_word' id='word_1_223' title='bbox 1950 1701 2305 1765; x_wconf 81' lang='lat' dir='ltr'><strong>repraesentat</strong></span> <span class='ocrx_word' id='word_1_224' title='bbox 2331 1706 2346 1757; x_wconf 91' lang='lat'><strong>;</strong></span> <span class='ocrx_word' id='word_1_225' title='bbox 2382 1688 2554 1742; x_wconf 90' lang='lat' dir='ltr'><strong>Deum</strong></span> <span class='ocrx_word' id='word_1_226' title='bbox 2577 1688 2823 1755; x_wconf 89' lang='lat' dir='ltr'><strong>inquam,</strong></span> <span class='ocrx_word' id='word_1_227' title='bbox 2854 1687 2945 1756; x_wconf 86' lang='lat' dir='ltr'><strong>qui</strong></span> <span class='ocrx_word' id='word_1_228' title='bbox 2969 1701 3104 1740; x_wconf 89' lang='lat' dir='ltr'><strong>voce</strong></span> <span class='ocrx_word' id='word_1_229' title='bbox 3151 1689 3431 1757; x_wconf 63' lang='lat' dir='ltr'><strong>prophetae</strong></span> <span class='ocrx_word' id='word_1_230' title='bbox 3457 1688 3531 1741; x_wconf 89' lang='lat' dir='ltr'><strong>ita</strong></span> <span class='ocrx_word' id='word_1_231' title='bbox 3560 1688 3865 1758; x_wconf 82' lang='lat' dir='ltr'><strong>eloquitur:</strong></span> 
     </span>
    </p>
   </div>
   <div class='ocr_carea' id='block_1_18' title="bbox 631 1775 3869 1848">
    <p class='ocr_par' dir='ltr' id='par_1_18' title="bbox 631 1775 3869 1848">
     <span class='ocr_line' id='line_1_18' title="bbox 631 1775 3869 1848; baseline 0 -20"><span class='ocrx_word' id='word_1_232' title='bbox 631 1796 653 1828; x_wconf 80' lang='lat' dir='ltr'><strong>r</strong></span> <span class='ocrx_word' id='word_1_233' title='bbox 692 1775 836 1832; x_wconf 87' lang='lat' dir='ltr'><strong>Deus</strong></span> <span class='ocrx_word' id='word_1_234' title='bbox 867 1793 966 1845; x_wconf 75' lang='lat' dir='ltr'><strong>ego</strong></span> <span class='ocrx_word' id='word_1_235' title='bbox 994 1779 1339 1848; x_wconf 88' lang='lat' dir='ltr'><strong>nropinquus</strong></span> <span class='ocrx_word' id='word_1_236' title='bbox 1375 1795 1521 1844; x_wconf 88' lang='lat' dir='ltr'><strong>sum,</strong></span> <span class='ocrx_word' id='word_1_237' title='bbox 1551 1781 1687 1836; x_wconf 90' lang='lat' dir='ltr'><strong>dicit</strong></span> <span class='ocrx_word' id='word_1_238' title='bbox 1726 1781 2013 1843; x_wconf 78' lang='lat' dir='ltr'><strong>Dominus,</strong></span> <span class='ocrx_word' id='word_1_239' title='bbox 2058 1797 2158 1835; x_wconf 78' lang='lat' dir='ltr'><strong>nec</strong></span> <span class='ocrx_word' id='word_1_240' title='bbox 2182 1780 2324 1832; x_wconf 85' lang='lat' dir='ltr'><strong>Deus</strong></span> <span class='ocrx_word' id='word_1_241' title='bbox 2343 1793 2461 1830; x_wconf 89' lang='lat' dir='ltr'><strong>sum</strong></span> <span class='ocrx_word' id='word_1_242' title='bbox 2494 1787 2741 1830; x_wconf 81' lang='lat' dir='ltr'><strong>remotus</strong></span> <span class='ocrx_word' id='word_1_243' title='bbox 2763 1777 2828 1836; x_wconf 69' lang='grc'><strong>’⁸,</strong></span> <span class='ocrx_word' id='word_1_244' title='bbox 2863 1793 2881 1827; x_wconf 72' lang='grc' dir='ltr'><strong>ι</strong></span> <span class='ocrx_word' id='word_1_245' title='bbox 2909 1775 3069 1843; x_wconf 81' lang='lat' dir='ltr'><strong>cujus</strong></span> <span class='ocrx_word' id='word_1_246' title='bbox 3089 1776 3156 1828; x_wconf 82' lang='lat' dir='ltr'><strong>ab</strong></span> <span class='ocrx_word' id='word_1_247' title='bbox 3171 1775 3346 1829; x_wconf 84' lang='lat' dir='ltr'><strong>oculis</strong></span> <span class='ocrx_word' id='word_1_248' title='bbox 3369 1790 3476 1829; x_wconf 89' lang='lat' dir='ltr'><strong>non</strong></span> <span class='ocrx_word' id='word_1_249' title='bbox 3506 1777 3869 1830; x_wconf 83' lang='lat' dir='ltr'><strong>ahseondetur</strong></span> 
     </span>
    </p>
   </div>
   <div class='ocr_carea' id='block_1_19' title="bbox 624 1862 3868 1938">
    <p class='ocr_par' dir='ltr' id='par_1_19' title="bbox 624 1862 3868 1938">
     <span class='ocr_line' id='line_1_19' title="bbox 624 1862 3868 1938; baseline 0 -21"><span class='ocrx_word' id='word_1_250' title='bbox 624 1863 1168 1933; x_wconf 87' lang='lat' dir='ltr'><strong>quidquam,quanto</strong></span> <span class='ocrx_word' id='word_1_251' title='bbox 1194 1866 1375 1921; x_wconf 91' lang='lat' dir='ltr'><strong>minus</strong></span> <span class='ocrx_word' id='word_1_252' title='bbox 1393 1883 1524 1921; x_wconf 88' lang='lat' dir='ltr'><strong>vero</strong></span> <span class='ocrx_word' id='word_1_253' title='bbox 1545 1868 1901 1938; x_wconf 87' lang='lat' dir='ltr'><strong>turpitudinis</strong></span> <span class='ocrx_word' id='word_1_254' title='bbox 1920 1869 2174 1923; x_wconf 90' lang='lat' dir='ltr'><strong>crimina.</strong></span> <span class='ocrx_word' id='word_1_255' title='bbox 2202 1865 2411 1920; x_wconf 80' lang='lat' dir='ltr'><strong>Idcirco</strong></span> <span class='ocrx_word' id='word_1_256' title='bbox 2432 1863 2636 1917; x_wconf 88' lang='lat' dir='ltr'><strong>Paulus</strong></span> <span class='ocrx_word' id='word_1_257' title='bbox 2652 1863 2720 1925; x_wconf 79' lang='lat'><strong>“,</strong></span> <span class='ocrx_word' id='word_1_258' title='bbox 2748 1862 3030 1916; x_wconf 88' lang='lat' dir='ltr'><strong>mulierem</strong></span> <span class='ocrx_word' id='word_1_259' title='bbox 3061 1862 3206 1915; x_wconf 91' lang='lat' dir='ltr'><strong>nudo</strong></span> <span class='ocrx_word' id='word_1_260' title='bbox 3220 1863 3399 1931; x_wconf 85' lang='lat' dir='ltr'><strong>capite</strong></span> <span class='ocrx_word' id='word_1_261' title='bbox 3423 1878 3613 1932; x_wconf 87' lang='lat' dir='ltr'><strong>preces</strong></span> <span class='ocrx_word' id='word_1_262' title='bbox 3639 1864 3868 1921; x_wconf 85' lang='lat' dir='ltr'><strong>fundere</strong></span> 
     </span>
    </p>
   </div>
   <div class='ocr_carea' id='block_1_20' title="bbox 626 1948 3867 2024">
    <p class='ocr_par' dir='ltr' id='par_1_20' title="bbox 626 1948 3867 2024">
     <span class='ocr_line' id='line_1_20' title="bbox 626 1948 3867 2024; baseline 0.001 -21"><span class='ocrx_word' id='word_1_263' title='bbox 626 1952 818 2004; x_wconf 80' lang='lat' dir='ltr'><strong>vetuit.</strong></span> <span class='ocrx_word' id='word_1_264' title='bbox 843 1948 1005 2004; x_wconf 79' lang='lat' dir='ltr'><strong>Index</strong></span> <span class='ocrx_word' id='word_1_265' title='bbox 1029 1967 1157 2005; x_wconf 87' lang='lat' dir='ltr'><strong>vero</strong></span> <span class='ocrx_word' id='word_1_266' title='bbox 1176 1952 1341 2023; x_wconf 76' lang='lat'><strong>386</strong></span> <span class='ocrx_word' id='word_1_267' title='bbox 1364 1953 1452 2008; x_wconf 87' lang='lat' dir='ltr'><strong>Dei</strong></span> <span class='ocrx_word' id='word_1_268' title='bbox 1478 1956 1704 2008; x_wconf 89' lang='lat' dir='ltr'><strong>verbum</strong></span> <span class='ocrx_word' id='word_1_269' title='bbox 1731 1969 1835 2020; x_wconf 86' lang='lat' dir='ltr'><strong>est,</strong></span> <span class='ocrx_word' id='word_1_270' title='bbox 1859 1956 2004 2024; x_wconf 89' lang='lat' dir='ltr'><strong>quod</strong></span> <span class='ocrx_word' id='word_1_271' title='bbox 2026 1964 2448 2024; x_wconf 67' lang='lat' dir='ltr'><strong>repraesentatur</strong></span> <span class='ocrx_word' id='word_1_272' title='bbox 2477 1952 2530 2004; x_wconf 92' lang='lat' dir='ltr'><strong>in</strong></span> <span class='ocrx_word' id='word_1_273' title='bbox 2550 1948 2806 2021; x_wconf 81' lang='lat' dir='ltr'><strong>imagine,</strong></span> <span class='ocrx_word' id='word_1_274' title='bbox 2822 1963 2923 2003; x_wconf 86' lang='lat' dir='ltr'><strong>ceu</strong></span> <span class='ocrx_word' id='word_1_275' title='bbox 2952 1962 3090 2017; x_wconf 87' lang='lat' dir='ltr'><strong>aqua</strong></span> <span class='ocrx_word' id='word_1_276' title='bbox 3115 1950 3236 2000; x_wconf 90' lang='lat' dir='ltr'><strong>viva</strong></span> <span class='ocrx_word' id='word_1_277' title='bbox 3258 1963 3379 2018; x_wconf 73' lang='lat' dir='ltr'><strong>qua:</strong></span> <span class='ocrx_word' id='word_1_278' title='bbox 3399 1949 3595 2002; x_wconf 88' lang='lat' dir='ltr'><strong>hausta</strong></span> <span class='ocrx_word' id='word_1_279' title='bbox 3618 1958 3867 2017; x_wconf 82' lang='lat' dir='ltr'><strong>penetrat</strong></span> 
     </span>
    </p>
   </div>
   <div class='ocr_carea' id='block_1_21' title="bbox 624 2035 3860 2106">
    <p class='ocr_par' dir='ltr' id='par_1_21' title="bbox 624 2035 3860 2106">
     <span class='ocr_line' id='line_1_21' title="bbox 624 2035 3860 2106; baseline 0 -16"><span class='ocrx_word' id='word_1_280' title='bbox 624 2050 680 2091; x_wconf 84' lang='lat' dir='ltr'><strong>tn</strong></span> <span class='ocrx_word' id='word_1_281' title='bbox 715 2036 902 2089; x_wconf 84' lang='lat' dir='ltr'><strong>intima</strong></span> <span class='ocrx_word' id='word_1_282' title='bbox 924 2037 1192 2106; x_wconf 65' lang='lat' dir='ltr'><strong>praedictae</strong></span> <span class='ocrx_word' id='word_1_283' title='bbox 1223 2040 1471 2093; x_wconf 87' lang='lat' dir='ltr'><strong>mulieris</strong></span> <span class='ocrx_word' id='word_1_284' title='bbox 1494 2041 1727 2103; x_wconf 67' lang='lat' dir='ltr'><strong>viscera.</strong></span> <span class='ocrx_word' id='word_1_285' title='bbox 1751 2039 2048 2095; x_wconf 87' lang='lat' dir='ltr'><strong>Contendit</strong></span> <span class='ocrx_word' id='word_1_286' title='bbox 2072 2041 2217 2094; x_wconf 90' lang='lat' dir='ltr'><strong>enim</strong></span> <span class='ocrx_word' id='word_1_287' title='bbox 2248 2039 2379 2093; x_wconf 92' lang='lat' dir='ltr'><strong>illud</strong></span> <span class='ocrx_word' id='word_1_288' title='bbox 2410 2039 2463 2092; x_wconf 91' lang='lat' dir='ltr'><strong>in</strong></span> <span class='ocrx_word' id='word_1_289' title='bbox 2488 2039 2636 2106; x_wconf 88' lang='lat' dir='ltr'><strong>ipsas</strong></span> <span class='ocrx_word' id='word_1_290' title='bbox 2663 2036 2831 2090; x_wconf 89' lang='lat' dir='ltr'><strong>animi</strong></span> <span class='ocrx_word' id='word_1_291' title='bbox 2857 2036 3035 2097; x_wconf 88' lang='lat' dir='ltr'><strong>sedes.</strong></span> <span class='ocrx_word' id='word_1_292' title='bbox 3062 2035 3117 2090; x_wconf 85' lang='lat' dir='ltr'><strong>in</strong></span> <span class='ocrx_word' id='word_1_293' title='bbox 3143 2036 3437 2105; x_wconf 83' lang='lat' dir='ltr'><strong>juncturas</strong></span> <span class='ocrx_word' id='word_1_294' title='bbox 3467 2038 3860 2101; x_wconf 86' lang='lat' dir='ltr'><strong>membrorum,</strong></span> 
     </span>
    </p>
   </div>
   <div class='ocr_carea' id='block_1_22' title="bbox 624 2122 3861 2196">
    <p class='ocr_par' dir='ltr' id='par_1_22' title="bbox 624 2122 3861 2196">
     <span class='ocr_line' id='line_1_22' title="bbox 624 2122 3861 2196; baseline 0.001 -22"><span class='ocrx_word' id='word_1_295' title='bbox 624 2124 680 2174; x_wconf 91' lang='lat' dir='ltr'><strong>in</strong></span> <span class='ocrx_word' id='word_1_296' title='bbox 719 2122 983 2177; x_wconf 79' lang='lat' dir='ltr'><strong>ntedullas</strong></span> <span class='ocrx_word' id='word_1_297' title='bbox 1015 2126 1245 2185; x_wconf 83' lang='lat' dir='ltr'><strong>ossium,</strong></span> <span class='ocrx_word' id='word_1_298' title='bbox 1285 2140 1348 2179; x_wconf 92' lang='lat' dir='ltr'><strong>ac</strong></span> <span class='ocrx_word' id='word_1_299' title='bbox 1384 2127 1651 2179; x_wconf 90' lang='lat' dir='ltr'><strong>discernit</strong></span> <span class='ocrx_word' id='word_1_300' title='bbox 1682 2135 1736 2181; x_wconf 90' lang='lat' dir='ltr'><strong>et</strong></span> <span class='ocrx_word' id='word_1_301' title='bbox 1775 2127 2025 2196; x_wconf 76' lang='lat' dir='ltr'><strong>explorat</strong></span> <span class='ocrx_word' id='word_1_302' title='bbox 2059 2126 2373 2180; x_wconf 70' lang='lat' dir='ltr'><strong>aﬂectiones</strong></span> <span class='ocrx_word' id='word_1_303' title='bbox 2422 2124 2619 2178; x_wconf 88' lang='lat' dir='ltr'><strong>mentis</strong></span> <span class='ocrx_word' id='word_1_304' title='bbox 2684 2122 2964 2189; x_wconf 80' lang='lat' dir='ltr'><strong>animique</strong></span> <span class='ocrx_word' id='word_1_305' title='bbox 2992 2123 3380 2192; x_wconf 79' lang='lat' dir='ltr'><strong>cogitationes.</strong></span> <span class='ocrx_word' id='word_1_306' title='bbox 3404 2122 3577 2192; x_wconf 85' lang='lat' dir='ltr'><strong>Cujus</strong></span> <span class='ocrx_word' id='word_1_307' title='bbox 3601 2125 3754 2180; x_wconf 82' lang='lat' dir='ltr'><strong>verbi</strong></span> <span class='ocrx_word' id='word_1_308' title='bbox 3785 2124 3861 2178; x_wconf 87' lang='lat' dir='ltr'><strong>vis</strong></span> 
     </span>
    </p>
   </div>
   <div class='ocr_carea' id='block_1_23' title="bbox 623 2208 3859 2282">
    <p class='ocr_par' dir='ltr' id='par_1_23' title="bbox 623 2208 3859 2282">
     <span class='ocr_line' id='line_1_23' title="bbox 623 2208 3859 2282; baseline 0.001 -21"><span class='ocrx_word' id='word_1_309' title='bbox 623 2208 677 2261; x_wconf 89' lang='lat' dir='ltr'><strong>in</strong></span> <span class='ocrx_word' id='word_1_310' title='bbox 711 2210 1091 2278; x_wconf 87' lang='lat' dir='ltr'><strong>pronuntiatis</strong></span> <span class='ocrx_word' id='word_1_311' title='bbox 1119 2210 1483 2280; x_wconf 87' lang='lat' dir='ltr'><strong>judicialibus</strong></span> <span class='ocrx_word' id='word_1_312' title='bbox 1519 2213 1573 2265; x_wconf 90' lang='lat' dir='ltr'><strong>in</strong></span> <span class='ocrx_word' id='word_1_313' title='bbox 1614 2213 1753 2268; x_wconf 92' lang='lat' dir='ltr'><strong>libro</strong></span> <span class='ocrx_word' id='word_1_314' title='bbox 1784 2214 2100 2282; x_wconf 85' lang='lat' dir='ltr'><strong>descriptis,</strong></span> <span class='ocrx_word' id='word_1_315' title='bbox 2131 2227 2382 2281; x_wconf 89' lang='lat' dir='ltr'><strong>aquaque</strong></span> <span class='ocrx_word' id='word_1_316' title='bbox 2415 2211 2504 2263; x_wconf 81' lang='lat' dir='ltr'><strong>illa</strong></span> <span class='ocrx_word' id='word_1_317' title='bbox 2535 2210 2820 2271; x_wconf 87' lang='lat' dir='ltr'><strong>delibutis,</strong></span> <span class='ocrx_word' id='word_1_318' title='bbox 2841 2209 3184 2264; x_wconf 84' lang='lat' dir='ltr'><strong>abortionem</strong></span> <span class='ocrx_word' id='word_1_319' title='bbox 3218 2224 3283 2264; x_wconf 88' lang='lat' dir='ltr'><strong>ac</strong></span> <span class='ocrx_word' id='word_1_320' title='bbox 3315 2211 3523 2266; x_wconf 85' lang='lat' dir='ltr'><strong>ventris</strong></span> <span class='ocrx_word' id='word_1_321' title='bbox 3552 2210 3859 2265; x_wconf 81' lang='lat' dir='ltr'><strong>inﬂamma-</strong></span> 
     </span>
    </p>
   </div>
   <div class='ocr_carea' id='block_1_24' title="bbox 623 2290 3855 2366">
    <p class='ocr_par' dir='ltr' id='par_1_24' title="bbox 623 2290 3855 2366">
     <span class='ocr_line' id='line_1_24' title="bbox 623 2290 3855 2366; baseline 0 -17"><span class='ocrx_word' id='word_1_322' title='bbox 623 2297 826 2349; x_wconf 86' lang='lat' dir='ltr'><strong>tionem</strong></span> <span class='ocrx_word' id='word_1_323' title='bbox 856 2297 1123 2351; x_wconf 75' lang='lat' dir='ltr'><strong>adultera:</strong></span> <span class='ocrx_word' id='word_1_324' title='bbox 1153 2299 1571 2352; x_wconf 86' lang='lat' dir='ltr'><strong>concitantibus</strong></span> <span class='ocrx_word' id='word_1_325' title='bbox 1603 2301 1879 2354; x_wconf 84' lang='lat' dir='ltr'><strong>consistit.</strong></span> <span class='ocrx_word' id='word_1_326' title='bbox 1910 2298 2124 2365; x_wconf 76' lang='lat' dir='ltr'><strong>Quibus</strong></span> <span class='ocrx_word' id='word_1_327' title='bbox 2154 2298 2539 2353; x_wconf 77' lang='lat' dir='ltr'><strong>affectionibus</strong></span> <span class='ocrx_word' id='word_1_328' title='bbox 2565 2295 2839 2357; x_wconf 88' lang='lat' dir='ltr'><strong>mulieris,</strong></span> <span class='ocrx_word' id='word_1_329' title='bbox 2876 2290 3011 2364; x_wconf 88' lang='lat' dir='ltr'><strong>quid</strong></span> <span class='ocrx_word' id='word_1_330' title='bbox 3036 2296 3174 2365; x_wconf 88' lang='lat' dir='ltr'><strong>legis</strong></span> <span class='ocrx_word' id='word_1_331' title='bbox 3222 2297 3508 2366; x_wconf 84' lang='lat' dir='ltr'><strong>neglectus</strong></span> <span class='ocrx_word' id='word_1_332' title='bbox 3536 2298 3725 2366; x_wconf 77' lang='lat' dir='ltr'><strong>pariat</strong></span> <span class='ocrx_word' id='word_1_333' title='bbox 3780 2300 3855 2352; x_wconf 89' lang='lat' dir='ltr'><strong>in-</strong></span> 
     </span>
    </p>
   </div>
   <div class='ocr_carea' id='block_1_25' title="bbox 624 2382 3855 2456">
    <p class='ocr_par' dir='ltr' id='par_1_25' title="bbox 624 2382 3855 2456">
     <span class='ocr_line' id='line_1_25' title="bbox 624 2382 3855 2456; baseline 0.001 -21"><span class='ocrx_word' id='word_1_334' title='bbox 624 2383 860 2435; x_wconf 88' lang='lat' dir='ltr'><strong>dicatur.</strong></span> <span class='ocrx_word' id='word_1_335' title='bbox 897 2382 1061 2452; x_wconf 88' lang='lat' dir='ltr'><strong>Atqui</strong></span> <span class='ocrx_word' id='word_1_336' title='bbox 1085 2398 1224 2452; x_wconf 78' lang='lat' dir='ltr'><strong>aqua</strong></span> <span class='ocrx_word' id='word_1_337' title='bbox 1247 2385 1336 2438; x_wconf 87' lang='lat' dir='ltr'><strong>illa</strong></span> <span class='ocrx_word' id='word_1_338' title='bbox 1365 2388 1487 2439; x_wconf 87' lang='lat' dir='ltr'><strong>viva</strong></span> <span class='ocrx_word' id='word_1_339' title='bbox 1523 2395 1686 2456; x_wconf 89' lang='lat' dir='ltr'><strong>atque</strong></span> <span class='ocrx_word' id='word_1_340' title='bbox 1711 2402 1867 2455; x_wconf 87' lang='lat' dir='ltr'><strong>pura.</strong></span> <span class='ocrx_word' id='word_1_341' title='bbox 1902 2386 1992 2440; x_wconf 89' lang='lat' dir='ltr'><strong>Dei</strong></span> <span class='ocrx_word' id='word_1_342' title='bbox 2025 2388 2247 2442; x_wconf 82' lang='lat' dir='ltr'><strong>verbum</strong></span> <span class='ocrx_word' id='word_1_343' title='bbox 2278 2384 2582 2448; x_wconf 72' lang='lat' dir='ltr'><strong>viviﬁcaris,</strong></span> <span class='ocrx_word' id='word_1_344' title='bbox 2615 2384 2906 2452; x_wconf 81' lang='lat' dir='ltr'><strong>omnisque</strong></span> <span class='ocrx_word' id='word_1_345' title='bbox 2937 2384 3150 2453; x_wconf 86' lang='lat' dir='ltr'><strong>peccati</strong></span> <span class='ocrx_word' id='word_1_346' title='bbox 3180 2399 3393 2446; x_wconf 77' lang='lat' dir='ltr'><strong>exsors,</strong></span> <span class='ocrx_word' id='word_1_347' title='bbox 3426 2384 3571 2455; x_wconf 91' lang='lat' dir='ltr'><strong>quod</strong></span> <span class='ocrx_word' id='word_1_348' title='bbox 3601 2384 3654 2438; x_wconf 92' lang='lat' dir='ltr'><strong>in</strong></span> <span class='ocrx_word' id='word_1_349' title='bbox 3701 2400 3855 2440; x_wconf 89' lang='lat' dir='ltr'><strong>carne</strong></span> 
     </span>
    </p>
   </div>
   <div class='ocr_carea' id='block_1_26' title="bbox 626 2469 3852 2541">
    <p class='ocr_par' dir='ltr' id='par_1_26' title="bbox 626 2469 3852 2541">
     <span class='ocr_line' id='line_1_26' title="bbox 626 2469 3852 2541; baseline 0.001 -23"><span class='ocrx_word' id='word_1_350' title='bbox 626 2477 889 2535; x_wconf 83' lang='lat' dir='ltr'><strong>tanquam</strong></span> <span class='ocrx_word' id='word_1_351' title='bbox 925 2470 978 2522; x_wconf 91' lang='lat' dir='ltr'><strong>in</strong></span> <span class='ocrx_word' id='word_1_352' title='bbox 1027 2479 1269 2525; x_wconf 83' lang='lat' dir='ltr'><strong>testaceo</strong></span> <span class='ocrx_word' id='word_1_353' title='bbox 1327 2487 1458 2526; x_wconf 88' lang='lat' dir='ltr'><strong>vase</strong></span> <span class='ocrx_word' id='word_1_354' title='bbox 1494 2473 1568 2541; x_wconf 90' lang='lat' dir='ltr'><strong>(e</strong></span> <span class='ocrx_word' id='word_1_355' title='bbox 1607 2484 1751 2527; x_wconf 83' lang='lat' dir='ltr'><strong>terra</strong></span> <span class='ocrx_word' id='word_1_356' title='bbox 1781 2474 1926 2527; x_wconf 89' lang='lat' dir='ltr'><strong>enim</strong></span> <span class='ocrx_word' id='word_1_357' title='bbox 1956 2489 2085 2527; x_wconf 90' lang='lat' dir='ltr'><strong>caro</strong></span> <span class='ocrx_word' id='word_1_358' title='bbox 2140 2472 2284 2541; x_wconf 89' lang='lat' dir='ltr'><strong>fuit),</strong></span> <span class='ocrx_word' id='word_1_359' title='bbox 2314 2471 2608 2541; x_wconf 83' lang='lat' dir='ltr'><strong>significat.</strong></span> <span class='ocrx_word' id='word_1_360' title='bbox 2641 2469 2713 2522; x_wconf 83' lang='lat' dir='ltr'><strong>At</strong></span> <span class='ocrx_word' id='word_1_361' title='bbox 2757 2470 2979 2524; x_wconf 89' lang='lat' dir='ltr'><strong>tentorii</strong></span> <span class='ocrx_word' id='word_1_362' title='bbox 3015 2470 3194 2537; x_wconf 89' lang='lat' dir='ltr'><strong>pulvis</strong></span> <span class='ocrx_word' id='word_1_363' title='bbox 3222 2480 3451 2524; x_wconf 89' lang='lat' dir='ltr'><strong>mortem</strong></span> <span class='ocrx_word' id='word_1_364' title='bbox 3494 2470 3671 2539; x_wconf 88' lang='lat' dir='ltr'><strong>ipsius</strong></span> <span class='ocrx_word' id='word_1_365' title='bbox 3702 2484 3852 2539; x_wconf 86' lang='lat' dir='ltr'><strong>quam</strong></span> 
     </span>
    </p>
   </div>
   <div class='ocr_carea' id='block_1_27' title="bbox 623 2555 3853 2628">
    <p class='ocr_par' dir='ltr' id='par_1_27' title="bbox 623 2555 3853 2628">
     <span class='ocr_line' id='line_1_27' title="bbox 623 2555 3853 2628; baseline 0.002 -23"><span class='ocrx_word' id='word_1_366' title='bbox 623 2566 811 2609; x_wconf 84' lang='lat' dir='ltr'><strong>nostra</strong></span> <span class='ocrx_word' id='word_1_367' title='bbox 836 2570 1002 2611; x_wconf 86' lang='lat' dir='ltr'><strong>causa</strong></span> <span class='ocrx_word' id='word_1_368' title='bbox 1036 2558 1282 2625; x_wconf 82' lang='lat' dir='ltr'><strong>pertulit,</strong></span> <span class='ocrx_word' id='word_1_369' title='bbox 1304 2558 1748 2628; x_wconf 74' lang='lat' dir='ltr'><strong>insinuat,juxta</strong></span> <span class='ocrx_word' id='word_1_370' title='bbox 1783 2560 1913 2613; x_wconf 88' lang='lat' dir='ltr'><strong>illud</strong></span> <span class='ocrx_word' id='word_1_371' title='bbox 1942 2560 2089 2627; x_wconf 89' lang='lat' dir='ltr'><strong>quod</strong></span> <span class='ocrx_word' id='word_1_372' title='bbox 2123 2559 2349 2622; x_wconf 83' lang='lat' dir='ltr'><strong>homini,</strong></span> <span class='ocrx_word' id='word_1_373' title='bbox 2373 2573 2495 2611; x_wconf 80' lang='lat' dir='ltr'><strong>cum</strong></span> <span class='ocrx_word' id='word_1_374' title='bbox 2525 2566 2745 2611; x_wconf 89' lang='lat' dir='ltr'><strong>creatus</strong></span> <span class='ocrx_word' id='word_1_375' title='bbox 2774 2566 2945 2618; x_wconf 88' lang='lat' dir='ltr'><strong>esset,</strong></span> <span class='ocrx_word' id='word_1_376' title='bbox 2971 2556 3074 2609; x_wconf 88' lang='lat' dir='ltr'><strong>fuit</strong></span> <span class='ocrx_word' id='word_1_377' title='bbox 3107 2556 3315 2610; x_wconf 90' lang='lat' dir='ltr'><strong>dictum</strong></span> <span class='ocrx_word' id='word_1_378' title='bbox 3343 2575 3357 2611; x_wconf 89' lang='lat'><strong>:</strong></span> <span class='ocrx_word' id='word_1_379' title='bbox 3389 2575 3407 2608; x_wconf 74' lang='grc' dir='ltr'><strong><em>ι</em></strong></span> <span class='ocrx_word' id='word_1_380' title='bbox 3447 2555 3602 2611; x_wconf 82' lang='lat' dir='ltr'><strong>Cinis</strong></span> <span class='ocrx_word' id='word_1_381' title='bbox 3629 2573 3696 2612; x_wconf 92' lang='lat' dir='ltr'><strong>es</strong></span> <span class='ocrx_word' id='word_1_382' title='bbox 3726 2565 3778 2611; x_wconf 85' lang='lat' dir='ltr'><strong>et</strong></span> <span class='ocrx_word' id='word_1_383' title='bbox 3807 2558 3853 2610; x_wconf 82' lang='lat' dir='ltr'><strong>in</strong></span> 
     </span>
    </p>
   </div>
   <div class='ocr_carea' id='block_1_28' title="bbox 622 2642 3846 2714">
    <p class='ocr_par' dir='ltr' id='par_1_28' title="bbox 622 2642 3846 2714">
     <span class='ocr_line' id='line_1_28' title="bbox 622 2642 3846 2714; baseline 0.001 -20"><span class='ocrx_word' id='word_1_384' title='bbox 622 2643 866 2696; x_wconf 85' lang='lat' dir='ltr'><strong>cinerem</strong></span> <span class='ocrx_word' id='word_1_385' title='bbox 898 2644 1102 2698; x_wconf 87' lang='lat' dir='ltr'><strong>redibis</strong></span> <span class='ocrx_word' id='word_1_386' title='bbox 1136 2645 1203 2698; x_wconf 84' lang='grc'><strong>⁸⁷.</strong></span> <span class='ocrx_word' id='word_1_387' title='bbox 1242 2663 1262 2695; x_wconf 71' lang='grc' dir='ltr'><strong>ι</strong></span> <span class='ocrx_word' id='word_1_388' title='bbox 1300 2643 1480 2699; x_wconf 82' lang='lat' dir='ltr'><strong>Verba</strong></span> <span class='ocrx_word' id='word_1_389' title='bbox 1521 2663 1649 2699; x_wconf 84' lang='lat' dir='ltr'><strong>vero</strong></span> <span class='ocrx_word' id='word_1_390' title='bbox 1675 2646 2178 2707; x_wconf 87' lang='lat' dir='ltr'><strong>condemnationis,</strong></span> <span class='ocrx_word' id='word_1_391' title='bbox 2201 2645 2351 2698; x_wconf 93' lang='lat' dir='ltr'><strong>illum</strong></span> <span class='ocrx_word' id='word_1_392' title='bbox 2386 2645 2477 2714; x_wconf 89' lang='lat' dir='ltr'><strong>qui</strong></span> <span class='ocrx_word' id='word_1_393' title='bbox 2516 2659 2611 2711; x_wconf 93' lang='lat' dir='ltr'><strong>pro</strong></span> <span class='ocrx_word' id='word_1_394' title='bbox 2650 2644 2811 2697; x_wconf 86' lang='lat' dir='ltr'><strong>nobis</strong></span> <span class='ocrx_word' id='word_1_395' title='bbox 2845 2642 3289 2697; x_wconf 75' lang='lat' dir='ltr'><strong>exsecrationem</strong></span> <span class='ocrx_word' id='word_1_396' title='bbox 3326 2644 3530 2697; x_wconf 85' lang='lat' dir='ltr'><strong>subivit</strong></span> <span class='ocrx_word' id='word_1_397' title='bbox 3560 2646 3846 2698; x_wconf 80' lang='lat' dir='ltr'><strong>denotant.</strong></span> 
     </span>
    </p>
   </div>
   <div class='ocr_carea' id='block_1_29' title="bbox 622 2718 3850 2803">
    <p class='ocr_par' dir='ltr' id='par_1_29' title="bbox 622 2718 3850 2803">
     <span class='ocr_line' id='line_1_29' title="bbox 622 2718 3850 2803; baseline 0.001 -25"><span class='ocrx_word' id='word_1_398' title='bbox 622 2725 978 2783; x_wconf 73' lang='lat' dir='ltr'><strong>Exsecratum</strong></span> <span class='ocrx_word' id='word_1_399' title='bbox 1017 2731 1163 2784; x_wconf 90' lang='lat' dir='ltr'><strong>enim</strong></span> <span class='ocrx_word' id='word_1_400' title='bbox 1190 2740 1455 2785; x_wconf 89' lang='lat' dir='ltr'><strong>cunctum</strong></span> <span class='ocrx_word' id='word_1_401' title='bbox 1492 2748 1616 2787; x_wconf 87' lang='lat' dir='ltr'><strong>esse</strong></span> <span class='ocrx_word' id='word_1_402' title='bbox 1648 2734 1741 2801; x_wconf 91' lang='lat' dir='ltr'><strong>qui</strong></span> <span class='ocrx_word' id='word_1_403' title='bbox 1772 2749 1802 2787; x_wconf 87' lang='lat' dir='ltr'><strong>e</strong></span> <span class='ocrx_word' id='word_1_404' title='bbox 1835 2734 1982 2803; x_wconf 89' lang='lat' dir='ltr'><strong>ligno</strong></span> <span class='ocrx_word' id='word_1_405' title='bbox 2016 2721 2295 2802; x_wconf 83' lang='lat' dir='ltr'><strong>pependit,</strong></span> <span class='ocrx_word' id='word_1_406' title='bbox 2329 2733 2593 2801; x_wconf 89' lang='lat' dir='ltr'><strong>scriptum</strong></span> <span class='ocrx_word' id='word_1_407' title='bbox 2634 2729 2803 2785; x_wconf 74' lang='lat' dir='ltr'><strong>est“.</strong></span> <span class='ocrx_word' id='word_1_408' title='bbox 2850 2730 3102 2784; x_wconf 81' lang='lat' dir='ltr'><strong>Christus</strong></span> <span class='ocrx_word' id='word_1_409' title='bbox 3152 2730 3320 2799; x_wconf 88' lang='lat' dir='ltr'><strong>igitur</strong></span> <span class='ocrx_word' id='word_1_410' title='bbox 3344 2731 3403 2784; x_wconf 86' lang='lat' dir='ltr'><strong>in</strong></span> <span class='ocrx_word' id='word_1_411' title='bbox 3428 2718 3591 2784; x_wconf 83' lang='lat' dir='ltr'><strong>animi</strong></span> <span class='ocrx_word' id='word_1_412' title='bbox 3629 2729 3850 2799; x_wconf 82' lang='lat' dir='ltr'><strong>profun-</strong></span> 
     </span>
    </p>
   </div>
   <div class='ocr_carea' id='block_1_30' title="bbox 619 2815 3850 2889">
    <p class='ocr_par' dir='ltr' id='par_1_30' title="bbox 619 2815 3850 2889">
     <span class='ocr_line' id='line_1_30' title="bbox 619 2815 3850 2889; baseline 0 -19"><span class='ocrx_word' id='word_1_413' title='bbox 619 2817 847 2871; x_wconf 77' lang='lat' dir='ltr'><strong>ditatem</strong></span> <span class='ocrx_word' id='word_1_414' title='bbox 900 2818 1186 2879; x_wconf 71' lang='lat' dir='ltr'><strong>recealens.</strong></span> <span class='ocrx_word' id='word_1_415' title='bbox 1252 2834 1376 2873; x_wconf 88' lang='lat' dir='ltr'><strong>reos</strong></span> <span class='ocrx_word' id='word_1_416' title='bbox 1413 2821 1635 2888; x_wconf 84' lang='lat' dir='ltr'><strong>quidem</strong></span> <span class='ocrx_word' id='word_1_417' title='bbox 1681 2820 1961 2889; x_wconf 87' lang='lat' dir='ltr'><strong>puniendo</strong></span> <span class='ocrx_word' id='word_1_418' title='bbox 2020 2819 2319 2887; x_wconf 84' lang='lat' dir='ltr'><strong>redarguit,</strong></span> <span class='ocrx_word' id='word_1_419' title='bbox 2362 2818 2611 2873; x_wconf 90' lang='lat' dir='ltr'><strong>insontes</strong></span> <span class='ocrx_word' id='word_1_420' title='bbox 2646 2831 2774 2871; x_wconf 88' lang='lat' dir='ltr'><strong>vero</strong></span> <span class='ocrx_word' id='word_1_421' title='bbox 2808 2815 3101 2886; x_wconf 86' lang='lat' dir='ltr'><strong>frugiferos</strong></span> <span class='ocrx_word' id='word_1_422' title='bbox 3158 2816 3358 2871; x_wconf 90' lang='lat' dir='ltr'><strong>reddit.</strong></span> <span class='ocrx_word' id='word_1_423' title='bbox 3392 2818 3459 2871; x_wconf 82' lang='lat' dir='ltr'><strong>At</strong></span> <span class='ocrx_word' id='word_1_424' title='bbox 3483 2818 3573 2887; x_wconf 91' lang='lat' dir='ltr'><strong>qui</strong></span> <span class='ocrx_word' id='word_1_425' title='bbox 3607 2816 3723 2871; x_wconf 88' lang='lat' dir='ltr'><strong>Deo</strong></span> <span class='ocrx_word' id='word_1_426' title='bbox 3754 2832 3850 2870; x_wconf 90' lang='lat' dir='ltr'><strong>non</strong></span> 
     </span>
    </p>
   </div>
   <div class='ocr_carea' id='block_1_31' title="bbox 621 2902 3846 2975">
    <p class='ocr_par' dir='ltr' id='par_1_31' title="bbox 621 2902 3846 2975">
     <span class='ocr_line' id='line_1_31' title="bbox 621 2902 3846 2975; baseline 0 -18"><span class='ocrx_word' id='word_1_427' title='bbox 621 2917 882 2974; x_wconf 82' lang='lat' dir='ltr'><strong>acceptus</strong></span> <span class='ocrx_word' id='word_1_428' title='bbox 912 2913 998 2959; x_wconf 87' lang='lat' dir='ltr'><strong>cst</strong></span> <span class='ocrx_word' id='word_1_429' title='bbox 1053 2907 1305 2973; x_wconf 87' lang='lat' dir='ltr'><strong>punitur,</strong></span> <span class='ocrx_word' id='word_1_430' title='bbox 1347 2921 1469 2961; x_wconf 87' lang='lat' dir='ltr'><strong>cum</strong></span> <span class='ocrx_word' id='word_1_431' title='bbox 1500 2908 1648 2959; x_wconf 81' lang='lat' dir='ltr'><strong>nulla</strong></span> <span class='ocrx_word' id='word_1_432' title='bbox 1685 2907 1803 2975; x_wconf 88' lang='lat' dir='ltr'><strong>ejus</strong></span> <span class='ocrx_word' id='word_1_433' title='bbox 1838 2906 2041 2960; x_wconf 88' lang='lat' dir='ltr'><strong>mentio</strong></span> <span class='ocrx_word' id='word_1_434' title='bbox 2079 2906 2169 2957; x_wconf 84' lang='lat' dir='ltr'><strong>fiet</strong></span> <span class='ocrx_word' id='word_1_435' title='bbox 2193 2905 2332 2973; x_wconf 81' lang='lat' dir='ltr'><strong>apud</strong></span> <span class='ocrx_word' id='word_1_436' title='bbox 2371 2921 2495 2959; x_wconf 90' lang='lat' dir='ltr'><strong>eum</strong></span> <span class='ocrx_word' id='word_1_437' title='bbox 2539 2907 2632 2974; x_wconf 90' lang='lat' dir='ltr'><strong>qui</strong></span> <span class='ocrx_word' id='word_1_438' title='bbox 2661 2905 2729 2958; x_wconf 87' lang='lat' dir='ltr'><strong>ad</strong></span> <span class='ocrx_word' id='word_1_439' title='bbox 2761 2906 2973 2959; x_wconf 87' lang='lat' dir='ltr'><strong>alienos</strong></span> <span class='ocrx_word' id='word_1_440' title='bbox 3016 2904 3150 2958; x_wconf 90' lang='lat' dir='ltr'><strong>dicit</strong></span> <span class='ocrx_word' id='word_1_441' title='bbox 3185 2922 3199 2959; x_wconf 89' lang='lat'><strong>:</strong></span> <span class='ocrx_word' id='word_1_442' title='bbox 3243 2924 3261 2955; x_wconf 77' lang='grc' dir='ltr'>ι</span> <span class='ocrx_word' id='word_1_443' title='bbox 3294 2902 3409 2959; x_wconf 82' lang='lat' dir='ltr'><strong>Non</strong></span> <span class='ocrx_word' id='word_1_444' title='bbox 3445 2906 3572 2959; x_wconf 91' lang='lat' dir='ltr'><strong>novi</strong></span> <span class='ocrx_word' id='word_1_445' title='bbox 3610 2920 3711 2960; x_wconf 88' lang='lat' dir='ltr'><strong>vos</strong></span> <span class='ocrx_word' id='word_1_446' title='bbox 3731 2907 3794 2958; x_wconf 80' lang='lat'><strong>”.</strong></span> <span class='ocrx_word' id='word_1_447' title='bbox 3829 2924 3846 2955; x_wconf 75' lang='grc' dir='ltr'><strong>ι</strong></span> 
     </span>
    </p>
   </div>
   <div class='ocr_carea' id='block_1_32' title="bbox 619 2989 3848 3063">
    <p class='ocr_par' dir='ltr' id='par_1_32' title="bbox 619 2989 3848 3063">
     <span class='ocr_line' id='line_1_32' title="bbox 619 2989 3848 3063; baseline 0 -17"><span class='ocrx_word' id='word_1_448' title='bbox 619 2991 892 3046; x_wconf 71' lang='lat' dir='ltr'><strong>Caeterum</strong></span> <span class='ocrx_word' id='word_1_449' title='bbox 920 2992 1012 3057; x_wconf 87' lang='lat' dir='ltr'><strong>qui</strong></span> <span class='ocrx_word' id='word_1_450' title='bbox 1044 2994 1250 3059; x_wconf 87' lang='lat' dir='ltr'><strong>patitur</strong></span> <span class='ocrx_word' id='word_1_451' title='bbox 1301 2991 1459 3047; x_wconf 87' lang='lat' dir='ltr'><strong>valde</strong></span> <span class='ocrx_word' id='word_1_452' title='bbox 1516 2992 1761 3061; x_wconf 85' lang='lat' dir='ltr'><strong>indigna,</strong></span> <span class='ocrx_word' id='word_1_453' title='bbox 1791 2993 1913 3046; x_wconf 87' lang='lat' dir='ltr'><strong>aliis</strong></span> <span class='ocrx_word' id='word_1_454' title='bbox 1935 2994 2311 3062; x_wconf 88' lang='lat' dir='ltr'><strong>juramcntum</strong></span> <span class='ocrx_word' id='word_1_455' title='bbox 2365 2992 2506 3045; x_wconf 84' lang='lat' dir='ltr'><strong>mala</strong></span> <span class='ocrx_word' id='word_1_456' title='bbox 2549 2990 2906 3063; x_wconf 88' lang='lat' dir='ltr'><strong>propulsandi</strong></span> <span class='ocrx_word' id='word_1_457' title='bbox 2938 2991 3017 3054; x_wconf 81' lang='lat' dir='ltr'><strong>fit,</strong></span> <span class='ocrx_word' id='word_1_458' title='bbox 3045 2990 3160 3060; x_wconf 88' lang='lat' dir='ltr'><strong>qui,</strong></span> <span class='ocrx_word' id='word_1_459' title='bbox 3190 2989 3270 3044; x_wconf 84' lang='lat' dir='ltr'><strong>Ne</strong></span> <span class='ocrx_word' id='word_1_460' title='bbox 3302 2991 3432 3043; x_wconf 88' lang='lat' dir='ltr'><strong>tuihi</strong></span> <span class='ocrx_word' id='word_1_461' title='bbox 3455 2992 3669 3045; x_wconf 82' lang='lat' dir='ltr'><strong>eveniat</strong></span> <span class='ocrx_word' id='word_1_462' title='bbox 3708 2992 3848 3060; x_wconf 85' lang='lat' dir='ltr'><strong>quod</strong></span> 
     </span>
    </p>
   </div>
   <div class='ocr_carea' id='block_1_33' title="bbox 620 3067 3063 3142">
    <p class='ocr_par' dir='ltr' id='par_1_33' title="bbox 620 3067 3063 3142">
     <span class='ocr_line' id='line_1_33' title="bbox 620 3067 3063 3142; baseline 0.005 -9"><span class='ocrx_word' id='word_1_463' title='bbox 620 3088 801 3133; x_wconf 74' lang='lat' dir='ltr'><strong>evetttt</strong></span> <span class='ocrx_word' id='word_1_464' title='bbox 842 3080 939 3140; x_wconf 90' lang='lat' dir='ltr'><strong>illi,</strong></span> <span class='ocrx_word' id='word_1_465' title='bbox 975 3079 1187 3132; x_wconf 75' lang='lat' dir='ltr'><strong>dicunt.</strong></span> <span class='ocrx_word' id='word_1_466' title='bbox 2610 3122 2669 3142; x_wconf 66' lang='grc' dir='ltr'><strong>,ρ</strong></span> <span class='ocrx_word' id='word_1_467' title='bbox 3037 3067 3063 3073; x_wconf 32' lang='grc'><strong>“⁴</strong></span> 
     </span>
    </p>
   </div>
   <div class='ocr_carea' id='block_1_34' title="bbox 689 3164 3848 3238">
    <p class='ocr_par' dir='ltr' id='par_1_34' title="bbox 689 3164 3848 3238">
     <span class='ocr_line' id='line_1_34' title="bbox 689 3164 3848 3238; baseline 0.002 -24"><span class='ocrx_word' id='word_1_468' title='bbox 689 3164 999 3232; x_wconf 79' lang='lat' dir='ltr'><strong>Quicunque</strong></span> <span class='ocrx_word' id='word_1_469' title='bbox 1028 3166 1106 3218; x_wconf 81' lang='lat' dir='ltr'><strong>vir</strong></span> <span class='ocrx_word' id='word_1_470' title='bbox 1140 3182 1232 3219; x_wconf 83' lang='lat' dir='ltr'><strong>seu</strong></span> <span class='ocrx_word' id='word_1_471' title='bbox 1259 3166 1449 3237; x_wconf 80' lang='lat' dir='ltr'><strong>mulier</strong></span> <span class='ocrx_word' id='word_1_472' title='bbox 1484 3175 1661 3219; x_wconf 75' lang='lat' dir='ltr'><strong>votum</strong></span> <span class='ocrx_word' id='word_1_473' title='bbox 1696 3182 1950 3236; x_wconf 82' lang='lat' dir='ltr'><strong>magnum</strong></span> <span class='ocrx_word' id='word_1_474' title='bbox 1983 3168 2385 3235; x_wconf 80' lang='lat' dir='ltr'><strong>nuncupaverit.</strong></span> <span class='ocrx_word' id='word_1_475' title='bbox 2422 3164 2538 3238; x_wconf 83' lang='lat' dir='ltr'><strong>[Vl,</strong></span> <span class='ocrx_word' id='word_1_476' title='bbox 2580 3164 2663 3234; x_wconf 68' lang='lat'><strong>2.]</strong></span> <span class='ocrx_word' id='word_1_477' title='bbox 2698 3165 3016 3235; x_wconf 73' lang='lat' dir='ltr'><strong>Grzecorum</strong></span> <span class='ocrx_word' id='word_1_478' title='bbox 3063 3164 3248 3229; x_wconf 85' lang='lat' dir='ltr'><strong>liberi,</strong></span> <span class='ocrx_word' id='word_1_479' title='bbox 3280 3165 3325 3220; x_wconf 89' lang='lat' dir='ltr'><strong>si</strong></span> <span class='ocrx_word' id='word_1_480' title='bbox 3368 3165 3423 3219; x_wconf 89' lang='lat' dir='ltr'><strong>in</strong></span> <span class='ocrx_word' id='word_1_481' title='bbox 3472 3166 3745 3237; x_wconf 83' lang='lat' dir='ltr'><strong>nymphas</strong></span> <span class='ocrx_word' id='word_1_482' title='bbox 3773 3166 3848 3222; x_wconf 86' lang='lat' dir='ltr'><strong>vel</strong></span> 
     </span>
    </p>
   </div>
   <div class='ocr_carea' id='block_1_35' title="bbox 619 3240 3845 3322">
    <p class='ocr_par' dir='ltr' id='par_1_35' title="bbox 619 3240 3845 3322">
     <span class='ocr_line' id='line_1_35' title="bbox 619 3240 3845 3322; baseline 0.002 -19"><span class='ocrx_word' id='word_1_483' title='bbox 619 3259 935 3311; x_wconf 86' lang='lat' dir='ltr'><strong>montanas,</strong></span> <span class='ocrx_word' id='word_1_484' title='bbox 970 3240 1055 3304; x_wconf 83' lang='lat' dir='ltr'><strong>vel</strong></span> <span class='ocrx_word' id='word_1_485' title='bbox 1082 3253 1355 3320; x_wconf 87' lang='lat' dir='ltr'><strong>aquatiles</strong></span> <span class='ocrx_word' id='word_1_486' title='bbox 1386 3253 1737 3313; x_wconf 87' lang='lat' dir='ltr'><strong>incidissent,</strong></span> <span class='ocrx_word' id='word_1_487' title='bbox 1766 3268 1951 3306; x_wconf 89' lang='lat' dir='ltr'><strong>comas</strong></span> <span class='ocrx_word' id='word_1_488' title='bbox 1988 3254 2327 3307; x_wconf 90' lang='lat' dir='ltr'><strong>nutriebant.</strong></span> <span class='ocrx_word' id='word_1_489' title='bbox 2356 3252 2470 3309; x_wconf 78' lang='lat' dir='ltr'><strong>Lex</strong></span> <span class='ocrx_word' id='word_1_490' title='bbox 2503 3256 2686 3322; x_wconf 82' lang='lat' dir='ltr'><strong>itaque</strong></span> <span class='ocrx_word' id='word_1_491' title='bbox 2722 3254 2862 3307; x_wconf 89' lang='lat' dir='ltr'><strong>mala</strong></span> <span class='ocrx_word' id='word_1_492' title='bbox 2911 3252 3222 3306; x_wconf 67' lang='lat' dir='ltr'><strong>diemonum</strong></span> <span class='ocrx_word' id='word_1_493' title='bbox 3252 3255 3662 3309; x_wconf 86' lang='lat' dir='ltr'><strong>consuetudine</strong></span> <span class='ocrx_word' id='word_1_494' title='bbox 3701 3255 3845 3309; x_wconf 87' lang='lat' dir='ltr'><strong>dem-</strong></span> 
     </span>
    </p>
   </div>
   <div class='ocr_carea' id='block_1_36' title="bbox 619 3334 3840 3409">
    <p class='ocr_par' dir='ltr' id='par_1_36' title="bbox 619 3334 3840 3409">
     <span class='ocr_line' id='line_1_36' title="bbox 619 3334 3840 3409; baseline 0.002 -22"><span class='ocrx_word' id='word_1_495' title='bbox 619 3344 712 3402; x_wconf 88' lang='lat' dir='ltr'><strong>pta</strong></span> <span class='ocrx_word' id='word_1_496' title='bbox 752 3334 817 3387; x_wconf 87' lang='lat' dir='ltr'><strong>ad</strong></span> <span class='ocrx_word' id='word_1_497' title='bbox 857 3335 1023 3388; x_wconf 82' lang='lat' dir='ltr'><strong>Deum</strong></span> <span class='ocrx_word' id='word_1_498' title='bbox 1057 3335 1159 3390; x_wconf 91' lang='lat' dir='ltr'><strong>hoc</strong></span> <span class='ocrx_word' id='word_1_499' title='bbox 1186 3339 1364 3406; x_wconf 89' lang='lat' dir='ltr'><strong>ipsum</strong></span> <span class='ocrx_word' id='word_1_500' title='bbox 1400 3339 1685 3393; x_wconf 80' lang='lat' dir='ltr'><strong>transfert.</strong></span> <span class='ocrx_word' id='word_1_501' title='bbox 1721 3339 1843 3392; x_wconf 88' lang='lat' dir='ltr'><strong>Pari</strong></span> <span class='ocrx_word' id='word_1_502' title='bbox 1877 3340 2134 3397; x_wconf 86' lang='lat' dir='ltr'><strong>nimirum</strong></span> <span class='ocrx_word' id='word_1_503' title='bbox 2165 3341 2348 3403; x_wconf 89' lang='lat' dir='ltr'><strong>modo,</strong></span> <span class='ocrx_word' id='word_1_504' title='bbox 2378 3356 2485 3409; x_wconf 91' lang='lat' dir='ltr'><strong>quo</strong></span> <span class='ocrx_word' id='word_1_505' title='bbox 2520 3340 2816 3404; x_wconf 85' lang='lat' dir='ltr'><strong>sacrificia,</strong></span> <span class='ocrx_word' id='word_1_506' title='bbox 2845 3340 2911 3394; x_wconf 91' lang='lat' dir='ltr'><strong>de</strong></span> <span class='ocrx_word' id='word_1_507' title='bbox 2950 3339 3152 3409; x_wconf 85' lang='lat' dir='ltr'><strong>quibus</strong></span> <span class='ocrx_word' id='word_1_508' title='bbox 3192 3339 3335 3408; x_wconf 83' lang='lat' dir='ltr'><strong>apud</strong></span> <span class='ocrx_word' id='word_1_509' title='bbox 3369 3339 3562 3394; x_wconf 89' lang='lat' dir='ltr'><strong>Isaiam</strong></span> <span class='ocrx_word' id='word_1_510' title='bbox 3596 3341 3731 3396; x_wconf 87' lang='lat' dir='ltr'><strong>dicit</strong></span> <span class='ocrx_word' id='word_1_511' title='bbox 3825 3359 3840 3394; x_wconf 90' lang='lat'><strong>:</strong></span> 
     </span>
    </p>
   </div>
   <div class='ocr_carea' id='block_1_37' title="bbox 585 3422 3841 3498">
    <p class='ocr_par' dir='ltr' id='par_1_37' title="bbox 585 3422 3841 3498">
     <span class='ocr_line' id='line_1_37' title="bbox 585 3422 3841 3498; baseline 0.002 -22"><span class='ocrx_word' id='word_1_512' title='bbox 585 3422 828 3491; x_wconf 72' lang='lat' dir='ltr'><strong>tEcquis</strong></span> <span class='ocrx_word' id='word_1_513' title='bbox 857 3435 989 3475; x_wconf 85' lang='lat' dir='ltr'><strong>vero</strong></span> <span class='ocrx_word' id='word_1_514' title='bbox 1023 3422 1091 3477; x_wconf 90' lang='lat' dir='ltr'><strong>de</strong></span> <span class='ocrx_word' id='word_1_515' title='bbox 1128 3424 1386 3479; x_wconf 81' lang='lat' dir='ltr'><strong>ntanibus</strong></span> <span class='ocrx_word' id='word_1_516' title='bbox 1423 3426 1622 3481; x_wconf 89' lang='lat' dir='ltr'><strong>vestris</strong></span> <span class='ocrx_word' id='word_1_517' title='bbox 1652 3441 1715 3480; x_wconf 89' lang='lat' dir='ltr'><strong>ea</strong></span> <span class='ocrx_word' id='word_1_518' title='bbox 1746 3428 2090 3492; x_wconf 81' lang='lat' dir='ltr'><strong>requirebat,</strong></span> <span class='ocrx_word' id='word_1_519' title='bbox 2127 3427 2235 3480; x_wconf 91' lang='lat' dir='ltr'><strong>illis</strong></span> <span class='ocrx_word' id='word_1_520' title='bbox 2268 3426 2603 3479; x_wconf 81' lang='lat' dir='ltr'><strong>condonavit</strong></span> <span class='ocrx_word' id='word_1_521' title='bbox 2656 3429 2822 3481; x_wconf 89' lang='lat' dir='ltr'><strong>etiam</strong></span> <span class='ocrx_word' id='word_1_522' title='bbox 2851 3428 2899 3461; x_wconf 82' lang='grc' dir='ltr'><strong>³ο</strong></span> <span class='ocrx_word' id='word_1_523' title='bbox 2928 3444 2973 3478; x_wconf 73' lang='grc' dir='ltr'><strong>ι.</strong></span> <span class='ocrx_word' id='word_1_524' title='bbox 3004 3425 3271 3480; x_wconf 73' lang='lat' dir='ltr'><strong>Caeterum</strong></span> <span class='ocrx_word' id='word_1_525' title='bbox 3297 3436 3461 3495; x_wconf 89' lang='lat' dir='ltr'><strong>caput</strong></span> <span class='ocrx_word' id='word_1_526' title='bbox 3485 3428 3691 3484; x_wconf 89' lang='lat' dir='ltr'><strong>mentis</strong></span> <span class='ocrx_word' id='word_1_527' title='bbox 3738 3441 3841 3498; x_wconf 70' lang='lat' dir='ltr'><strong>pra</strong></span> 
     </span>
    </p>
   </div>
   <div class='ocr_carea' id='block_1_38' title="bbox 617 3509 3837 3585">
    <p class='ocr_par' dir='ltr' id='par_1_38' title="bbox 617 3509 3837 3585">
     <span class='ocr_line' id='line_1_38' title="bbox 617 3509 3837 3585; baseline 0.002 -23"><span class='ocrx_word' id='word_1_528' title='bbox 617 3524 679 3562; x_wconf 87' lang='lat' dir='ltr'><strong>se</strong></span> <span class='ocrx_word' id='word_1_529' title='bbox 739 3510 1028 3579; x_wconf 88' lang='lat' dir='ltr'><strong>imaginem</strong></span> <span class='ocrx_word' id='word_1_530' title='bbox 1093 3509 1233 3576; x_wconf 86' lang='lat' dir='ltr'><strong>fert;</strong></span> <span class='ocrx_word' id='word_1_531' title='bbox 1294 3514 1480 3582; x_wconf 89' lang='lat' dir='ltr'><strong>capilli</strong></span> <span class='ocrx_word' id='word_1_532' title='bbox 1516 3529 1645 3567; x_wconf 89' lang='lat' dir='ltr'><strong>vero</strong></span> <span class='ocrx_word' id='word_1_533' title='bbox 1671 3517 2066 3585; x_wconf 87' lang='lat' dir='ltr'><strong>cogitationum</strong></span> <span class='ocrx_word' id='word_1_534' title='bbox 2126 3525 2179 3569; x_wconf 89' lang='lat' dir='ltr'><strong>et</strong></span> <span class='ocrx_word' id='word_1_535' title='bbox 2229 3514 2528 3567; x_wconf 85' lang='lat' dir='ltr'><strong>motionum</strong></span> <span class='ocrx_word' id='word_1_536' title='bbox 2585 3526 2614 3564; x_wconf 88' lang='lat' dir='ltr'><strong>a</strong></span> <span class='ocrx_word' id='word_1_537' title='bbox 2661 3521 2855 3565; x_wconf 88' lang='lat' dir='ltr'><strong>natura</strong></span> <span class='ocrx_word' id='word_1_538' title='bbox 2880 3512 3037 3566; x_wconf 85' lang='lat' dir='ltr'><strong>nobis</strong></span> <span class='ocrx_word' id='word_1_539' title='bbox 3063 3514 3376 3568; x_wconf 85' lang='lat' dir='ltr'><strong>insitarum.</strong></span> <span class='ocrx_word' id='word_1_540' title='bbox 3408 3514 3481 3566; x_wconf 84' lang='lat' dir='ltr'><strong>At</strong></span> <span class='ocrx_word' id='word_1_541' title='bbox 3527 3515 3626 3583; x_wconf 90' lang='lat' dir='ltr'><strong>qui</strong></span> <span class='ocrx_word' id='word_1_542' title='bbox 3664 3517 3716 3569; x_wconf 90' lang='lat' dir='ltr'><strong>in</strong></span> <span class='ocrx_word' id='word_1_543' title='bbox 3754 3516 3837 3570; x_wconf 83' lang='lat' dir='ltr'><strong>Dei</strong></span> 
     </span>
    </p>
   </div>
   <div class='ocr_carea' id='block_1_39' title="bbox 618 3596 3833 3671">
    <p class='ocr_par' dir='ltr' id='par_1_39' title="bbox 618 3596 3833 3671">
     <span class='ocr_line' id='line_1_39' title="bbox 618 3596 3833 3671; baseline 0.001 -21"><span class='ocrx_word' id='word_1_544' title='bbox 618 3596 881 3652; x_wconf 88' lang='lat' dir='ltr'><strong>honorem</strong></span> <span class='ocrx_word' id='word_1_545' title='bbox 943 3613 1155 3651; x_wconf 82' lang='lat' dir='ltr'><strong>comam</strong></span> <span class='ocrx_word' id='word_1_546' title='bbox 1244 3603 1438 3664; x_wconf 89' lang='lat' dir='ltr'><strong>nutrit,</strong></span> <span class='ocrx_word' id='word_1_547' title='bbox 1496 3602 1720 3671; x_wconf 90' lang='lat' dir='ltr'><strong>optimis</strong></span> <span class='ocrx_word' id='word_1_548' title='bbox 1769 3604 2085 3656; x_wconf 87' lang='lat' dir='ltr'><strong>actionibus</strong></span> <span class='ocrx_word' id='word_1_549' title='bbox 2114 3616 2347 3671; x_wconf 88' lang='lat' dir='ltr'><strong>quarum</strong></span> <span class='ocrx_word' id='word_1_550' title='bbox 2399 3613 2566 3653; x_wconf 88' lang='lat' dir='ltr'><strong>causa</strong></span> <span class='ocrx_word' id='word_1_551' title='bbox 2600 3598 2782 3652; x_wconf 88' lang='lat' dir='ltr'><strong>divina</strong></span> <span class='ocrx_word' id='word_1_552' title='bbox 2824 3600 3134 3668; x_wconf 80' lang='lat' dir='ltr'><strong>cognitione</strong></span> <span class='ocrx_word' id='word_1_553' title='bbox 3168 3599 3369 3669; x_wconf 76' lang='lat' dir='ltr'><strong>dignus</strong></span> <span class='ocrx_word' id='word_1_554' title='bbox 3397 3601 3600 3665; x_wconf 87' lang='lat' dir='ltr'><strong>evadit,</strong></span> <span class='ocrx_word' id='word_1_555' title='bbox 3629 3616 3833 3671; x_wconf 85' lang='lat' dir='ltr'><strong>operam</strong></span> 
     </span>
    </p>
   </div>
   <div class='ocr_carea' id='block_1_40' title="bbox 617 3683 3832 3757">
    <p class='ocr_par' dir='ltr' id='par_1_40' title="bbox 617 3683 3832 3757">
     <span class='ocr_line' id='line_1_40' title="bbox 617 3683 3832 3757; baseline 0.001 -18"><span class='ocrx_word' id='word_1_556' title='bbox 617 3693 802 3739; x_wconf 88' lang='lat' dir='ltr'><strong>navat.</strong></span> <span class='ocrx_word' id='word_1_557' title='bbox 837 3683 1181 3754; x_wconf 80' lang='lat' dir='ltr'><strong>QuaprOpter</strong></span> <span class='ocrx_word' id='word_1_558' title='bbox 1215 3687 1280 3739; x_wconf 88' lang='lat' dir='ltr'><strong>ab</strong></span> <span class='ocrx_word' id='word_1_559' title='bbox 1311 3689 1460 3741; x_wconf 82' lang='lat' dir='ltr'><strong>otnni</strong></span> <span class='ocrx_word' id='word_1_560' title='bbox 1488 3688 1697 3741; x_wconf 88' lang='lat' dir='ltr'><strong>malitia</strong></span> <span class='ocrx_word' id='word_1_561' title='bbox 1735 3701 1992 3757; x_wconf 86' lang='lat' dir='ltr'><strong>tanquam</strong></span> <span class='ocrx_word' id='word_1_562' title='bbox 2029 3690 2098 3743; x_wconf 88' lang='lat' dir='ltr'><strong>ab</strong></span> <span class='ocrx_word' id='word_1_563' title='bbox 2121 3690 2406 3750; x_wconf 87' lang='lat' dir='ltr'><strong>ebrietate,</strong></span> <span class='ocrx_word' id='word_1_564' title='bbox 2444 3702 2509 3741; x_wconf 82' lang='lat' dir='ltr'><strong>ex</strong></span> <span class='ocrx_word' id='word_1_565' title='bbox 2536 3701 2693 3755; x_wconf 55' lang='lat' dir='ltr'><strong>asque</strong></span> <span class='ocrx_word' id='word_1_566' title='bbox 2731 3689 2882 3739; x_wconf 93' lang='lat' dir='ltr'><strong>enim</strong></span> <span class='ocrx_word' id='word_1_567' title='bbox 2923 3696 3160 3741; x_wconf 86' lang='lat' dir='ltr'><strong>mentem</strong></span> <span class='ocrx_word' id='word_1_568' title='bbox 3199 3689 3421 3749; x_wconf 83' lang='lat' dir='ltr'><strong>alienat,</strong></span> <span class='ocrx_word' id='word_1_569' title='bbox 3457 3690 3832 3743; x_wconf 78' lang='lat' dir='ltr'><strong>abstinendum</strong></span> 
     </span>
    </p>
   </div>
   <div class='ocr_carea' id='block_1_41' title="bbox 614 3770 3834 3844">
    <p class='ocr_par' dir='ltr' id='par_1_41' title="bbox 614 3770 3834 3844">
     <span class='ocr_line' id='line_1_41' title="bbox 614 3770 3834 3844; baseline 0.001 -18"><span class='ocrx_word' id='word_1_570' title='bbox 614 3780 718 3826; x_wconf 86' lang='lat' dir='ltr'><strong>est.</strong></span> <span class='ocrx_word' id='word_1_571' title='bbox 748 3770 905 3837; x_wconf 83' lang='lat' dir='ltr'><strong>Quod</strong></span> <span class='ocrx_word' id='word_1_572' title='bbox 938 3774 1112 3841; x_wconf 90' lang='lat' dir='ltr'><strong>ipsum</strong></span> <span class='ocrx_word' id='word_1_573' title='bbox 1145 3787 1327 3827; x_wconf 87' lang='lat' dir='ltr'><strong>sermo</strong></span> <span class='ocrx_word' id='word_1_574' title='bbox 1356 3774 1445 3827; x_wconf 87' lang='lat' dir='ltr'><strong>ille</strong></span> <span class='ocrx_word' id='word_1_575' title='bbox 1476 3775 1830 3844; x_wconf 88' lang='lat' dir='ltr'><strong>propheticus</strong></span> <span class='ocrx_word' id='word_1_576' title='bbox 1860 3776 2106 3830; x_wconf 84' lang='lat' dir='ltr'><strong>declarat</strong></span> <span class='ocrx_word' id='word_1_577' title='bbox 2143 3793 2157 3827; x_wconf 92' lang='lat'><strong>:</strong></span> <span class='ocrx_word' id='word_1_578' title='bbox 2196 3793 2214 3826; x_wconf 72' lang='grc' dir='ltr'><strong>ε</strong></span> <span class='ocrx_word' id='word_1_579' title='bbox 2241 3775 2510 3828; x_wconf 84' lang='lat' dir='ltr'><strong>Sacerdos</strong></span> <span class='ocrx_word' id='word_1_580' title='bbox 2536 3785 2590 3827; x_wconf 85' lang='lat' dir='ltr'><strong>et</strong></span> <span class='ocrx_word' id='word_1_581' title='bbox 2626 3784 2779 3828; x_wconf 89' lang='lat' dir='ltr'><strong>vates</strong></span> <span class='ocrx_word' id='word_1_582' title='bbox 2838 3774 2964 3828; x_wconf 88' lang='lat' dir='ltr'><strong>vino</strong></span> <span class='ocrx_word' id='word_1_583' title='bbox 2994 3773 3252 3829; x_wconf 88' lang='lat' dir='ltr'><strong>vecordes</strong></span> <span class='ocrx_word' id='word_1_584' title='bbox 3306 3785 3434 3829; x_wconf 87' lang='lat' dir='ltr'><strong>sunt</strong></span> <span class='ocrx_word' id='word_1_585' title='bbox 3469 3774 3619 3837; x_wconf 83' lang='lat' dir='ltr'><strong>facti,</strong></span> <span class='ocrx_word' id='word_1_586' title='bbox 3657 3780 3834 3832; x_wconf 69' lang='lat' dir='ltr'><strong>sicerat</strong></span> 
     </span>
    </p>
   </div>
   <div class='ocr_carea' id='block_1_42' title="bbox 618 3858 3833 3931">
    <p class='ocr_par' dir='ltr' id='par_1_42' title="bbox 618 3858 3833 3931">
     <span class='ocr_line' id='line_1_42' title="bbox 618 3858 3833 3931; baseline 0.002 -19"><span class='ocrx_word' id='word_1_587' title='bbox 618 3858 1045 3929; x_wconf 82' lang='lat' dir='ltr'><strong>ingurgitatioue</strong></span> <span class='ocrx_word' id='word_1_588' title='bbox 1069 3868 1201 3914; x_wconf 90' lang='lat' dir='ltr'><strong>sunt</strong></span> <span class='ocrx_word' id='word_1_589' title='bbox 1225 3864 1469 3930; x_wconf 86' lang='lat' dir='ltr'><strong>quassati</strong></span> <span class='ocrx_word' id='word_1_590' title='bbox 1496 3863 1562 3916; x_wconf 76' lang='lat'><strong>“.</strong></span> <span class='ocrx_word' id='word_1_591' title='bbox 1598 3880 1616 3913; x_wconf 75' lang='grc' dir='ltr'><strong><em>ι</em></strong></span> <span class='ocrx_word' id='word_1_592' title='bbox 1649 3863 1779 3916; x_wconf 89' lang='lat' dir='ltr'><strong>Item</strong></span> <span class='ocrx_word' id='word_1_593' title='bbox 1805 3863 1935 3916; x_wconf 91' lang='lat' dir='ltr'><strong>illud</strong></span> <span class='ocrx_word' id='word_1_594' title='bbox 1961 3862 2106 3931; x_wconf 91' lang='lat' dir='ltr'><strong>quod</strong></span> <span class='ocrx_word' id='word_1_595' title='bbox 2135 3862 2263 3915; x_wconf 86' lang='lat' dir='ltr'><strong>alibi</strong></span> <span class='ocrx_word' id='word_1_596' title='bbox 2287 3861 2455 3915; x_wconf 85' lang='lat' dir='ltr'><strong>Isaias</strong></span> <span class='ocrx_word' id='word_1_597' title='bbox 2481 3861 2612 3913; x_wconf 91' lang='lat' dir='ltr'><strong>dicit</strong></span> <span class='ocrx_word' id='word_1_598' title='bbox 2641 3879 2656 3915; x_wconf 87' lang='lat'><strong>:</strong></span> <span class='ocrx_word' id='word_1_599' title='bbox 2699 3880 2718 3912; x_wconf 72' lang='grc' dir='ltr'>ι</span> <span class='ocrx_word' id='word_1_600' title='bbox 2754 3860 2890 3915; x_wconf 80' lang='lat' dir='ltr'><strong>Vitis</strong></span> <span class='ocrx_word' id='word_1_601' title='bbox 2930 3862 3075 3915; x_wconf 84' lang='lat' dir='ltr'><strong>enim</strong></span> <span class='ocrx_word' id='word_1_602' title='bbox 3104 3877 3291 3916; x_wconf 89' lang='lat' dir='ltr'><strong>eorum</strong></span> <span class='ocrx_word' id='word_1_603' title='bbox 3325 3877 3389 3916; x_wconf 78' lang='lat' dir='ltr'><strong>ex</strong></span> <span class='ocrx_word' id='word_1_604' title='bbox 3417 3864 3573 3919; x_wconf 78' lang='lat' dir='ltr'><strong>vinea</strong></span> <span class='ocrx_word' id='word_1_605' title='bbox 3598 3865 3833 3919; x_wconf 73' lang='lat' dir='ltr'><strong>Sodoma:</strong></span> 
     </span>
    </p>
   </div>
   <div class='ocr_carea' id='block_1_43' title="bbox 612 3947 3831 4017">
    <p class='ocr_par' dir='ltr' id='par_1_43' title="bbox 612 3947 3831 4017">
     <span class='ocr_line' id='line_1_43' title="bbox 612 3947 3831 4017; baseline 0.002 -18"><span class='ocrx_word' id='word_1_606' title='bbox 612 3952 721 4011; x_wconf 77' lang='lat' dir='ltr'><strong>est,</strong></span> <span class='ocrx_word' id='word_1_607' title='bbox 756 3953 1095 3999; x_wconf 87' lang='lat' dir='ltr'><strong>sarmentum</strong></span> <span class='ocrx_word' id='word_1_608' title='bbox 1130 3947 1375 4016; x_wconf 76' lang='lat' dir='ltr'><strong>ipsarum</strong></span> <span class='ocrx_word' id='word_1_609' title='bbox 1405 3964 1472 4002; x_wconf 83' lang='lat' dir='ltr'><strong>ex</strong></span> <span class='ocrx_word' id='word_1_610' title='bbox 1512 3947 1852 4013; x_wconf 84' lang='lat' dir='ltr'><strong>Gomorrba;</strong></span> <span class='ocrx_word' id='word_1_611' title='bbox 1885 3948 1996 4004; x_wconf 87' lang='lat' dir='ltr'><strong>Uva</strong></span> <span class='ocrx_word' id='word_1_612' title='bbox 2021 3963 2210 4002; x_wconf 90' lang='lat' dir='ltr'><strong>eorum</strong></span> <span class='ocrx_word' id='word_1_613' title='bbox 2236 3964 2339 4002; x_wconf 90' lang='lat' dir='ltr'><strong>uva</strong></span> <span class='ocrx_word' id='word_1_614' title='bbox 2370 3949 2493 4002; x_wconf 89' lang='lat' dir='ltr'><strong>bilis</strong></span> <span class='ocrx_word' id='word_1_615' title='bbox 2523 3955 2641 4010; x_wconf 88' lang='lat' dir='ltr'><strong>est,</strong></span> <span class='ocrx_word' id='word_1_616' title='bbox 2677 3948 2863 4001; x_wconf 89' lang='lat' dir='ltr'><strong>botros</strong></span> <span class='ocrx_word' id='word_1_617' title='bbox 2907 3948 3108 4002; x_wconf 76' lang='lat' dir='ltr'><strong>habent</strong></span> <span class='ocrx_word' id='word_1_618' title='bbox 3129 3951 3399 4017; x_wconf 87' lang='lat' dir='ltr'><strong>ponticos,</strong></span> <span class='ocrx_word' id='word_1_619' title='bbox 3435 3953 3649 4005; x_wconf 87' lang='lat' dir='ltr'><strong>animus</strong></span> <span class='ocrx_word' id='word_1_620' title='bbox 3674 3959 3831 4005; x_wconf 81' lang='lat' dir='ltr'><strong>a:stus</strong></span> 
     </span>
    </p>
   </div>
   <div class='ocr_carea' id='block_1_44' title="bbox 613 4034 3832 4107">
    <p class='ocr_par' dir='ltr' id='par_1_44' title="bbox 613 4034 3832 4107">
     <span class='ocr_line' id='line_1_44' title="bbox 613 4034 3832 4107; baseline 0.002 -21"><span class='ocrx_word' id='word_1_621' title='bbox 613 4034 915 4088; x_wconf 88' lang='lat' dir='ltr'><strong>draconum</strong></span> <span class='ocrx_word' id='word_1_622' title='bbox 978 4034 1167 4090; x_wconf 78' lang='lat' dir='ltr'><strong>vinum</strong></span> <span class='ocrx_word' id='word_1_623' title='bbox 1191 4051 1382 4089; x_wconf 86' lang='lat' dir='ltr'><strong>eorum</strong></span> <span class='ocrx_word' id='word_1_624' title='bbox 1412 4036 1457 4067; x_wconf 80' lang='lat'><strong>&quot;</strong></span> <span class='ocrx_word' id='word_1_625' title='bbox 1491 4055 1537 4090; x_wconf 76' lang='grc' dir='ltr'><strong>ι.</strong></span> <span class='ocrx_word' id='word_1_626' title='bbox 1575 4035 1712 4091; x_wconf 82' lang='lat' dir='ltr'><strong>Sunt</strong></span> <span class='ocrx_word' id='word_1_627' title='bbox 1735 4038 1827 4104; x_wconf 83' lang='lat' dir='ltr'><strong>qui</strong></span> <span class='ocrx_word' id='word_1_628' title='bbox 1867 4037 2175 4107; x_wconf 75' lang='lat' dir='ltr'><strong>p:oximum</strong></span> <span class='ocrx_word' id='word_1_629' title='bbox 2205 4053 2363 4091; x_wconf 91' lang='lat' dir='ltr'><strong>suum</strong></span> <span class='ocrx_word' id='word_1_630' title='bbox 2398 4036 2705 4090; x_wconf 87' lang='lat' dir='ltr'><strong>turbulenta</strong></span> <span class='ocrx_word' id='word_1_631' title='bbox 2742 4036 2856 4090; x_wconf 83' lang='lat' dir='ltr'><strong>fece</strong></span> <span class='ocrx_word' id='word_1_632' title='bbox 2902 4048 3125 4105; x_wconf 89' lang='lat' dir='ltr'><strong>potasse</strong></span> <span class='ocrx_word' id='word_1_633' title='bbox 3160 4037 3431 4091; x_wconf 87' lang='lat' dir='ltr'><strong>feruntur.</strong></span> <span class='ocrx_word' id='word_1_634' title='bbox 3457 4040 3702 4101; x_wconf 77' lang='lat' dir='ltr'><strong>Acetum,</strong></span> <span class='ocrx_word' id='word_1_635' title='bbox 3741 4053 3832 4092; x_wconf 85' lang='lat' dir='ltr'><strong>vo-</strong></span> 
     </span>
    </p>
   </div>
   <div class='ocr_carea' id='block_1_45' title="bbox 615 4122 3830 4196">
    <p class='ocr_par' dir='ltr' id='par_1_45' title="bbox 615 4122 3830 4196">
     <span class='ocr_line' id='line_1_45' title="bbox 615 4122 3830 4196; baseline 0.002 -23"><span class='ocrx_word' id='word_1_636' title='bbox 615 4122 856 4190; x_wconf 84' lang='lat' dir='ltr'><strong>luptates</strong></span> <span class='ocrx_word' id='word_1_637' title='bbox 877 4137 1131 4177; x_wconf 84' lang='lat' dir='ltr'><strong>enormes</strong></span> <span class='ocrx_word' id='word_1_638' title='bbox 1185 4130 1241 4176; x_wconf 88' lang='lat' dir='ltr'><strong>et</strong></span> <span class='ocrx_word' id='word_1_639' title='bbox 1280 4139 1405 4177; x_wconf 87' lang='lat' dir='ltr'><strong>cum</strong></span> <span class='ocrx_word' id='word_1_640' title='bbox 1434 4134 1627 4177; x_wconf 90' lang='lat' dir='ltr'><strong>natura</strong></span> <span class='ocrx_word' id='word_1_641' title='bbox 1649 4134 1959 4194; x_wconf 75' lang='lat' dir='ltr'><strong>pugnantes</strong></span> <span class='ocrx_word' id='word_1_642' title='bbox 2000 4135 2379 4193; x_wconf 64' lang='lat' dir='ltr'><strong>repraesentat.</strong></span> <span class='ocrx_word' id='word_1_643' title='bbox 2431 4125 2702 4179; x_wconf 65' lang='lat' dir='ltr'><strong>Caeterum</strong></span> <span class='ocrx_word' id='word_1_644' title='bbox 2747 4126 3042 4179; x_wconf 83' lang='lat' dir='ltr'><strong>interdicto</strong></span> <span class='ocrx_word' id='word_1_645' title='bbox 3076 4141 3299 4179; x_wconf 90' lang='lat' dir='ltr'><strong>uvarum</strong></span> <span class='ocrx_word' id='word_1_646' title='bbox 3342 4142 3623 4196; x_wconf 79' lang='lat' dir='ltr'><strong>passerum</strong></span> <span class='ocrx_word' id='word_1_647' title='bbox 3646 4137 3695 4179; x_wconf 83' lang='lat' dir='ltr'><strong>ct</strong></span> <span class='ocrx_word' id='word_1_648' title='bbox 3726 4128 3830 4180; x_wconf 57' lang='lat' dir='ltr'><strong>acio</strong></span> 
     </span>
    </p>
   </div>
   <div class='ocr_carea' id='block_1_46' title="bbox 614 4209 3826 4282">
    <p class='ocr_par' dir='ltr' id='par_1_46' title="bbox 614 4209 3826 4282">
     <span class='ocr_line' id='line_1_46' title="bbox 614 4209 3826 4282; baseline 0.001 -21"><span class='ocrx_word' id='word_1_649' title='bbox 614 4224 810 4263; x_wconf 63' lang='lat' dir='ltr'><strong>torum</strong></span> <span class='ocrx_word' id='word_1_650' title='bbox 864 4209 1219 4263; x_wconf 84' lang='lat' dir='ltr'><strong>vinaceorum</strong></span> <span class='ocrx_word' id='word_1_651' title='bbox 1289 4212 1624 4265; x_wconf 85' lang='lat' dir='ltr'><strong>inveteratas</strong></span> <span class='ocrx_word' id='word_1_652' title='bbox 1679 4212 2011 4281; x_wconf 86' lang='lat' dir='ltr'><strong>voluptates,</strong></span> <span class='ocrx_word' id='word_1_653' title='bbox 2059 4212 2340 4275; x_wconf 88' lang='lat' dir='ltr'><strong>amolitur,</strong></span> <span class='ocrx_word' id='word_1_654' title='bbox 2391 4221 2500 4265; x_wconf 89' lang='lat' dir='ltr'><strong>eta</strong></span> <span class='ocrx_word' id='word_1_655' title='bbox 2534 4212 2785 4282; x_wconf 83' lang='lat' dir='ltr'><strong>vestigiis</strong></span> <span class='ocrx_word' id='word_1_656' title='bbox 2822 4227 3012 4265; x_wconf 89' lang='lat' dir='ltr'><strong>eorum</strong></span> <span class='ocrx_word' id='word_1_657' title='bbox 3061 4222 3295 4267; x_wconf 90' lang='lat' dir='ltr'><strong>mentem</strong></span> <span class='ocrx_word' id='word_1_658' title='bbox 3336 4212 3663 4268; x_wconf 89' lang='lat' dir='ltr'><strong>referendam</strong></span> <span class='ocrx_word' id='word_1_659' title='bbox 3704 4229 3826 4266; x_wconf 75' lang='lat' dir='ltr'><strong>esse</strong></span> 
     </span>
    </p>
   </div>
   <div class='ocr_carea' id='block_1_47' title="bbox 615 4295 3829 4368">
    <p class='ocr_par' dir='ltr' id='par_1_47' title="bbox 615 4295 3829 4368">
     <span class='ocr_line' id='line_1_47' title="bbox 615 4295 3829 4368; baseline 0.001 -19"><span class='ocrx_word' id='word_1_660' title='bbox 615 4305 822 4362; x_wconf 80' lang='lat' dir='ltr'><strong>monet,</strong></span> <span class='ocrx_word' id='word_1_661' title='bbox 874 4304 931 4350; x_wconf 91' lang='lat' dir='ltr'><strong>et</strong></span> <span class='ocrx_word' id='word_1_662' title='bbox 971 4297 1039 4349; x_wconf 88' lang='lat' dir='ltr'><strong>ad</strong></span> <span class='ocrx_word' id='word_1_663' title='bbox 1079 4298 1346 4349; x_wconf 84' lang='lat' dir='ltr'><strong>vomitum</strong></span> <span class='ocrx_word' id='word_1_664' title='bbox 1383 4305 1735 4364; x_wconf 89' lang='lat' dir='ltr'><strong>peccatorum</strong></span> <span class='ocrx_word' id='word_1_665' title='bbox 1780 4295 1962 4350; x_wconf 89' lang='lat' dir='ltr'><strong>redire</strong></span> <span class='ocrx_word' id='word_1_666' title='bbox 2011 4304 2193 4361; x_wconf 86' lang='lat' dir='ltr'><strong>vetat;</strong></span> <span class='ocrx_word' id='word_1_667' title='bbox 2224 4304 2276 4349; x_wconf 93' lang='lat' dir='ltr'><strong>et</strong></span> <span class='ocrx_word' id='word_1_668' title='bbox 2316 4298 2383 4351; x_wconf 90' lang='lat' dir='ltr'><strong>ab</strong></span> <span class='ocrx_word' id='word_1_669' title='bbox 2415 4297 2501 4352; x_wconf 91' lang='lat' dir='ltr'><strong>his</strong></span> <span class='ocrx_word' id='word_1_670' title='bbox 2547 4313 2682 4352; x_wconf 88' lang='lat' dir='ltr'><strong>sane</strong></span> <span class='ocrx_word' id='word_1_671' title='bbox 2718 4299 2882 4353; x_wconf 89' lang='lat' dir='ltr'><strong>rebus</strong></span> <span class='ocrx_word' id='word_1_672' title='bbox 2916 4297 3010 4366; x_wconf 89' lang='lat' dir='ltr'><strong>qui</strong></span> <span class='ocrx_word' id='word_1_673' title='bbox 3062 4299 3321 4361; x_wconf 85' lang='lat' dir='ltr'><strong>abstinet,</strong></span> <span class='ocrx_word' id='word_1_674' title='bbox 3356 4299 3484 4353; x_wconf 87' lang='lat' dir='ltr'><strong>etin</strong></span> <span class='ocrx_word' id='word_1_675' title='bbox 3511 4313 3572 4353; x_wconf 90' lang='lat' dir='ltr'><strong>ea</strong></span> <span class='ocrx_word' id='word_1_676' title='bbox 3598 4297 3829 4368; x_wconf 76' lang='lat' dir='ltr'><strong>quaehis</strong></span> 
     </span>
    </p>
   </div>
   <div class='ocr_carea' id='block_1_48' title="bbox 612 4381 3825 4458">
    <p class='ocr_par' dir='ltr' id='par_1_48' title="bbox 612 4381 3825 4458">
     <span class='ocr_line' id='line_1_48' title="bbox 612 4381 3825 4458; baseline 0.001 -22"><span class='ocrx_word' id='word_1_677' title='bbox 612 4393 741 4436; x_wconf 78' lang='lat' dir='ltr'><strong>sum</strong></span> <span class='ocrx_word' id='word_1_678' title='bbox 770 4382 1050 4435; x_wconf 87' lang='lat' dir='ltr'><strong>contraria</strong></span> <span class='ocrx_word' id='word_1_679' title='bbox 1080 4382 1371 4445; x_wconf 89' lang='lat' dir='ltr'><strong>incumbit,</strong></span> <span class='ocrx_word' id='word_1_680' title='bbox 1408 4381 1520 4435; x_wconf 92' lang='lat' dir='ltr'><strong>Deo</strong></span> <span class='ocrx_word' id='word_1_681' title='bbox 1550 4396 1706 4435; x_wconf 87' lang='lat' dir='ltr'><strong>suam</strong></span> <span class='ocrx_word' id='word_1_682' title='bbox 1739 4394 1952 4434; x_wconf 89' lang='lat' dir='ltr'><strong>comam</strong></span> <span class='ocrx_word' id='word_1_683' title='bbox 1979 4383 2188 4446; x_wconf 87' lang='lat' dir='ltr'><strong>nutrit;</strong></span> <span class='ocrx_word' id='word_1_684' title='bbox 2220 4384 2310 4449; x_wconf 92' lang='lat' dir='ltr'><strong>qui</strong></span> <span class='ocrx_word' id='word_1_685' title='bbox 2339 4385 2383 4437; x_wconf 89' lang='lat' dir='ltr'><strong>si</strong></span> <span class='ocrx_word' id='word_1_686' title='bbox 2421 4399 2635 4438; x_wconf 90' lang='lat' dir='ltr'><strong>comam</strong></span> <span class='ocrx_word' id='word_1_687' title='bbox 2669 4400 2868 4454; x_wconf 87' lang='lat' dir='ltr'><strong>vapore</strong></span> <span class='ocrx_word' id='word_1_688' title='bbox 2893 4387 3076 4458; x_wconf 89' lang='lat' dir='ltr'><strong>aliquo</strong></span> <span class='ocrx_word' id='word_1_689' title='bbox 3098 4387 3309 4439; x_wconf 70' lang='lat' dir='ltr'><strong>exitiali</strong></span> <span class='ocrx_word' id='word_1_690' title='bbox 3335 4387 3531 4451; x_wconf 85' lang='lat' dir='ltr'><strong>deleat,</strong></span> <span class='ocrx_word' id='word_1_691' title='bbox 3560 4388 3825 4441; x_wconf 88' lang='lat' dir='ltr'><strong>calvitiem</strong></span> 
     </span>
    </p>
   </div>
   <div class='ocr_carea' id='block_1_49' title="bbox 614 4468 3827 4537">
    <p class='ocr_par' dir='ltr' id='par_1_49' title="bbox 614 4468 3827 4537">
     <span class='ocr_line' id='line_1_49' title="bbox 614 4468 3827 4537; baseline 0.002 -16"><span class='ocrx_word' id='word_1_692' title='bbox 614 4470 816 4523; x_wconf 74' lang='lat' dir='ltr'><strong>ftedam</strong></span> <span class='ocrx_word' id='word_1_693' title='bbox 856 4482 955 4521; x_wconf 86' lang='lat' dir='ltr'><strong>nec</strong></span> <span class='ocrx_word' id='word_1_694' title='bbox 991 4469 1112 4523; x_wconf 91' lang='lat' dir='ltr'><strong>sine</strong></span> <span class='ocrx_word' id='word_1_695' title='bbox 1147 4484 1345 4537; x_wconf 82' lang='lat' dir='ltr'><strong>magno</strong></span> <span class='ocrx_word' id='word_1_696' title='bbox 1382 4470 1652 4524; x_wconf 86' lang='lat' dir='ltr'><strong>dedecore</strong></span> <span class='ocrx_word' id='word_1_697' title='bbox 1678 4470 1859 4523; x_wconf 88' lang='lat' dir='ltr'><strong>ellicit.</strong></span> <span class='ocrx_word' id='word_1_698' title='bbox 1888 4468 2154 4534; x_wconf 81' lang='lat' dir='ltr'><strong>Quocirca</strong></span> <span class='ocrx_word' id='word_1_699' title='bbox 2180 4468 2247 4523; x_wconf 86' lang='lat' dir='ltr'><strong>ad</strong></span> <span class='ocrx_word' id='word_1_700' title='bbox 2272 4468 2571 4526; x_wconf 83' lang='lat' dir='ltr'><strong>Jerusalem</strong></span> <span class='ocrx_word' id='word_1_701' title='bbox 2613 4472 2751 4526; x_wconf 76' lang='lat' dir='ltr'><strong>dixit</strong></span> <span class='ocrx_word' id='word_1_702' title='bbox 2804 4471 3071 4526; x_wconf 88' lang='lat' dir='ltr'><strong>Dominus</strong></span> <span class='ocrx_word' id='word_1_703' title='bbox 3102 4486 3115 4524; x_wconf 89' lang='lat'><strong>:</strong></span> <span class='ocrx_word' id='word_1_704' title='bbox 3155 4490 3173 4524; x_wconf 72' lang='grc' dir='ltr'>ι</span> <span class='ocrx_word' id='word_1_705' title='bbox 3215 4471 3366 4526; x_wconf 81' lang='lat' dir='ltr'><strong>Rade</strong></span> <span class='ocrx_word' id='word_1_706' title='bbox 3408 4484 3481 4536; x_wconf 90' lang='lat' dir='ltr'><strong>te,</strong></span> <span class='ocrx_word' id='word_1_707' title='bbox 3505 4479 3561 4526; x_wconf 84' lang='lat' dir='ltr'><strong>et</strong></span> <span class='ocrx_word' id='word_1_708' title='bbox 3613 4473 3827 4527; x_wconf 84' lang='lat' dir='ltr'><strong>tondere</strong></span> 
     </span>
    </p>
   </div>
   <div class='ocr_carea' id='block_1_50' title="bbox 609 4555 3825 4625">
    <p class='ocr_par' dir='ltr' id='par_1_50' title="bbox 609 4555 3825 4625">
     <span class='ocr_line' id='line_1_50' title="bbox 609 4555 3825 4625; baseline 0.002 -18"><span class='ocrx_word' id='word_1_709' title='bbox 609 4556 974 4609; x_wconf 89' lang='lat' dir='ltr'><strong>delicatorum</strong></span> <span class='ocrx_word' id='word_1_710' title='bbox 1023 4563 1277 4607; x_wconf 86' lang='lat' dir='ltr'><strong>natorum</strong></span> <span class='ocrx_word' id='word_1_711' title='bbox 1322 4564 1541 4609; x_wconf 85' lang='lat' dir='ltr'><strong>tuorum</strong></span> <span class='ocrx_word' id='word_1_712' title='bbox 1605 4570 1773 4609; x_wconf 88' lang='lat' dir='ltr'><strong>causa</strong></span> <span class='ocrx_word' id='word_1_713' title='bbox 1805 4555 1888 4623; x_wconf 85' lang='grc'><strong>⁸³;</strong></span> <span class='ocrx_word' id='word_1_714' title='bbox 1925 4576 1942 4607; x_wconf 78' lang='grc' dir='ltr'><strong><em>ι</em></strong></span> <span class='ocrx_word' id='word_1_715' title='bbox 1982 4556 2295 4625; x_wconf 67' lang='lat' dir='ltr'><strong>ignominia:</strong></span> <span class='ocrx_word' id='word_1_716' title='bbox 2336 4558 2479 4611; x_wconf 88' lang='lat' dir='ltr'><strong>enim</strong></span> <span class='ocrx_word' id='word_1_717' title='bbox 2521 4569 2574 4611; x_wconf 91' lang='lat' dir='ltr'><strong>et</strong></span> <span class='ocrx_word' id='word_1_718' title='bbox 2629 4559 2810 4612; x_wconf 88' lang='lat' dir='ltr'><strong>luctus</strong></span> <span class='ocrx_word' id='word_1_719' title='bbox 2843 4558 3110 4612; x_wconf 90' lang='lat' dir='ltr'><strong>indicium</strong></span> <span class='ocrx_word' id='word_1_720' title='bbox 3164 4568 3395 4613; x_wconf 87' lang='lat' dir='ltr'><strong>tonsura</strong></span> <span class='ocrx_word' id='word_1_721' title='bbox 3427 4568 3534 4614; x_wconf 85' lang='lat' dir='ltr'><strong>est.</strong></span> <span class='ocrx_word' id='word_1_722' title='bbox 3570 4558 3825 4615; x_wconf 84' lang='lat' dir='ltr'><strong>Omnibus</strong></span> 
     </span>
    </p>
   </div>
   <div class='ocr_carea' id='block_1_51' title="bbox 609 4640 3825 4714">
    <p class='ocr_par' dir='ltr' id='par_1_51' title="bbox 609 4640 3825 4714">
     <span class='ocr_line' id='line_1_51' title="bbox 609 4640 3825 4714; baseline 0.002 -21"><span class='ocrx_word' id='word_1_723' title='bbox 609 4641 779 4709; x_wconf 77' lang='lat' dir='ltr'><strong>igitur</strong></span> <span class='ocrx_word' id='word_1_724' title='bbox 828 4648 1021 4693; x_wconf 81' lang='lat' dir='ltr'><strong>exacte</strong></span> <span class='ocrx_word' id='word_1_725' title='bbox 1052 4640 1362 4709; x_wconf 89' lang='lat' dir='ltr'><strong>perpensis.</strong></span> <span class='ocrx_word' id='word_1_726' title='bbox 1420 4657 1548 4695; x_wconf 91' lang='lat' dir='ltr'><strong>eum</strong></span> <span class='ocrx_word' id='word_1_727' title='bbox 1581 4643 1673 4711; x_wconf 91' lang='lat' dir='ltr'><strong>qui</strong></span> <span class='ocrx_word' id='word_1_728' title='bbox 1710 4659 1803 4713; x_wconf 88' lang='lat' dir='ltr'><strong>per</strong></span> <span class='ocrx_word' id='word_1_729' title='bbox 1853 4653 2142 4714; x_wconf 87' lang='lat' dir='ltr'><strong>peccatum</strong></span> <span class='ocrx_word' id='word_1_730' title='bbox 2174 4644 2308 4713; x_wconf 85' lang='lat' dir='ltr'><strong>(per</strong></span> <span class='ocrx_word' id='word_1_731' title='bbox 2340 4646 2483 4712; x_wconf 90' lang='lat' dir='ltr'><strong>quod</strong></span> <span class='ocrx_word' id='word_1_732' title='bbox 2509 4645 2562 4697; x_wconf 91' lang='lat' dir='ltr'><strong>in</strong></span> <span class='ocrx_word' id='word_1_733' title='bbox 2610 4646 2803 4699; x_wconf 87' lang='lat' dir='ltr'><strong>mortis</strong></span> <span class='ocrx_word' id='word_1_734' title='bbox 2845 4646 3063 4699; x_wconf 86' lang='lat' dir='ltr'><strong>vincula</strong></span> <span class='ocrx_word' id='word_1_735' title='bbox 3117 4646 3381 4714; x_wconf 89' lang='lat' dir='ltr'><strong>delapsus</strong></span> <span class='ocrx_word' id='word_1_736' title='bbox 3414 4649 3635 4702; x_wconf 88' lang='lat' dir='ltr'><strong>animus</strong></span> <span class='ocrx_word' id='word_1_737' title='bbox 3668 4647 3825 4701; x_wconf 88' lang='lat' dir='ltr'><strong>nullis</strong></span> 
     </span>
    </p>
   </div>
   <div class='ocr_carea' id='block_1_52' title="bbox 607 4727 3826 4801">
    <p class='ocr_par' dir='ltr' id='par_1_52' title="bbox 607 4727 3826 4801">
     <span class='ocr_line' id='line_1_52' title="bbox 607 4727 3826 4801; baseline 0.002 -19"><span class='ocrx_word' id='word_1_738' title='bbox 607 4739 756 4782; x_wconf 59' lang='lat' dir='ltr'><strong>recte</strong></span> <span class='ocrx_word' id='word_1_739' title='bbox 819 4727 979 4782; x_wconf 85' lang='lat' dir='ltr'><strong>factis</strong></span> <span class='ocrx_word' id='word_1_740' title='bbox 1040 4743 1161 4783; x_wconf 87' lang='lat' dir='ltr'><strong>sese</strong></span> <span class='ocrx_word' id='word_1_741' title='bbox 1186 4728 1424 4798; x_wconf 87' lang='lat' dir='ltr'><strong>amplius</strong></span> <span class='ocrx_word' id='word_1_742' title='bbox 1477 4745 1699 4785; x_wconf 79' lang='lat' dir='ltr'><strong>camare</strong></span> <span class='ocrx_word' id='word_1_743' title='bbox 1756 4733 1984 4800; x_wconf 85' lang='lat' dir='ltr'><strong>poterit)</strong></span> <span class='ocrx_word' id='word_1_744' title='bbox 2015 4746 2043 4784; x_wconf 90' lang='lat' dir='ltr'><strong>a</strong></span> <span class='ocrx_word' id='word_1_745' title='bbox 2091 4745 2190 4785; x_wconf 89' lang='lat' dir='ltr'><strong>sua</strong></span> <span class='ocrx_word' id='word_1_746' title='bbox 2238 4731 2678 4784; x_wconf 77' lang='lat' dir='ltr'><strong>sanctiﬁcatione</strong></span> <span class='ocrx_word' id='word_1_747' title='bbox 2724 4732 2954 4792; x_wconf 73' lang='lat' dir='ltr'><strong>excidit,</strong></span> <span class='ocrx_word' id='word_1_748' title='bbox 2992 4732 3139 4784; x_wconf 89' lang='lat' dir='ltr'><strong>illam</strong></span> <span class='ocrx_word' id='word_1_749' title='bbox 3194 4741 3417 4801; x_wconf 84' lang='lat' dir='ltr'><strong>captare</strong></span> <span class='ocrx_word' id='word_1_750' title='bbox 3444 4746 3826 4801; x_wconf 84' lang='lat' dir='ltr'><strong>assumereque</strong></span> 
     </span>
    </p>
   </div>
   <div class='ocr_carea' id='block_1_53' title="bbox 609 4816 3827 4888">
    <p class='ocr_par' dir='ltr' id='par_1_53' title="bbox 609 4816 3827 4888">
     <span class='ocr_line' id='line_1_53' title="bbox 609 4816 3827 4888; baseline 0.001 -18"><span class='ocrx_word' id='word_1_751' title='bbox 609 4816 806 4872; x_wconf 88' lang='lat' dir='ltr'><strong>iterum</strong></span> <span class='ocrx_word' id='word_1_752' title='bbox 854 4832 1080 4872; x_wconf 89' lang='lat' dir='ltr'><strong>necesse</strong></span> <span class='ocrx_word' id='word_1_753' title='bbox 1114 4826 1219 4873; x_wconf 90' lang='lat' dir='ltr'><strong>est.</strong></span> <span class='ocrx_word' id='word_1_754' title='bbox 1256 4818 1334 4872; x_wconf 83' lang='lat' dir='ltr'><strong>Ad</strong></span> <span class='ocrx_word' id='word_1_755' title='bbox 1360 4817 1671 4887; x_wconf 88' lang='lat' dir='ltr'><strong>hujusmodi</strong></span> <span class='ocrx_word' id='word_1_756' title='bbox 1710 4819 1912 4874; x_wconf 88' lang='lat' dir='ltr'><strong>Paulus</strong></span> <span class='ocrx_word' id='word_1_757' title='bbox 1946 4818 2122 4885; x_wconf 87' lang='lat' dir='ltr'><strong>inquit</strong></span> <span class='ocrx_word' id='word_1_758' title='bbox 2155 4833 2167 4869; x_wconf 91' lang='lat'><strong>:</strong></span> <span class='ocrx_word' id='word_1_759' title='bbox 2205 4836 2224 4868; x_wconf 73' lang='grc' dir='ltr'><strong><em>ι</em></strong></span> <span class='ocrx_word' id='word_1_760' title='bbox 2265 4817 2467 4882; x_wconf 81' lang='lat' dir='ltr'><strong>Filioli,</strong></span> <span class='ocrx_word' id='word_1_761' title='bbox 2500 4816 2567 4870; x_wconf 91' lang='lat' dir='ltr'><strong>de</strong></span> <span class='ocrx_word' id='word_1_762' title='bbox 2592 4816 2795 4885; x_wconf 84' lang='lat' dir='ltr'><strong>quibus</strong></span> <span class='ocrx_word' id='word_1_763' title='bbox 2832 4816 3029 4871; x_wconf 88' lang='lat' dir='ltr'><strong>iterum</strong></span> <span class='ocrx_word' id='word_1_764' title='bbox 3055 4818 3253 4870; x_wconf 88' lang='lat' dir='ltr'><strong>lectum</strong></span> <span class='ocrx_word' id='word_1_765' title='bbox 3282 4821 3537 4888; x_wconf 83' lang='lat' dir='ltr'><strong>concepi.</strong></span> <span class='ocrx_word' id='word_1_766' title='bbox 3564 4821 3695 4874; x_wconf 89' lang='lat' dir='ltr'><strong>dum</strong></span> <span class='ocrx_word' id='word_1_767' title='bbox 3724 4819 3827 4873; x_wconf 80' lang='lat' dir='ltr'><strong>for-</strong></span> 
     </span>
    </p>
   </div>
   <div class='ocr_carea' id='block_1_54' title="bbox 608 4903 3823 4975">
    <p class='ocr_par' dir='ltr' id='par_1_54' title="bbox 608 4903 3823 4975">
     <span class='ocr_line' id='line_1_54' title="bbox 608 4903 3823 4975; baseline 0.001 -18"><span class='ocrx_word' id='word_1_768' title='bbox 608 4913 787 4959; x_wconf 87' lang='lat' dir='ltr'><strong>metur</strong></span> <span class='ocrx_word' id='word_1_769' title='bbox 829 4904 882 4957; x_wconf 90' lang='lat' dir='ltr'><strong>in</strong></span> <span class='ocrx_word' id='word_1_770' title='bbox 921 4906 1073 4961; x_wconf 88' lang='lat' dir='ltr'><strong>vobis</strong></span> <span class='ocrx_word' id='word_1_771' title='bbox 1098 4905 1352 4960; x_wconf 83' lang='lat' dir='ltr'><strong>Christus</strong></span> <span class='ocrx_word' id='word_1_772' title='bbox 1379 4905 1441 4958; x_wconf 72' lang='lat'><strong>“.</strong></span> <span class='ocrx_word' id='word_1_773' title='bbox 1477 4923 1495 4956; x_wconf 77' lang='grc' dir='ltr'><strong><em>ι</em></strong></span> <span class='ocrx_word' id='word_1_774' title='bbox 1534 4903 1666 4958; x_wconf 81' lang='lat' dir='ltr'><strong>Nam</strong></span> <span class='ocrx_word' id='word_1_775' title='bbox 1709 4906 1753 4960; x_wconf 93' lang='lat' dir='ltr'><strong>si</strong></span> <span class='ocrx_word' id='word_1_776' title='bbox 1788 4906 2110 4975; x_wconf 76' lang='lat' dir='ltr'><strong>poenitentia</strong></span> <span class='ocrx_word' id='word_1_777' title='bbox 2153 4904 2345 4958; x_wconf 87' lang='lat' dir='ltr'><strong>faciem</strong></span> <span class='ocrx_word' id='word_1_778' title='bbox 2379 4918 2533 4956; x_wconf 84' lang='lat' dir='ltr'><strong>suam</strong></span> <span class='ocrx_word' id='word_1_779' title='bbox 2573 4904 2851 4966; x_wconf 77' lang='lat' dir='ltr'><strong>extulerit,</strong></span> <span class='ocrx_word' id='word_1_780' title='bbox 2895 4919 3021 4972; x_wconf 83' lang='lat' dir='ltr'><strong>spes</strong></span> <span class='ocrx_word' id='word_1_781' title='bbox 3053 4912 3137 4958; x_wconf 87' lang='lat' dir='ltr'><strong>est</strong></span> <span class='ocrx_word' id='word_1_782' title='bbox 3195 4906 3347 4967; x_wconf 72' lang='lat' dir='ltr'><strong>vitae,</strong></span> <span class='ocrx_word' id='word_1_783' title='bbox 3376 4907 3823 4975; x_wconf 84' lang='lat' dir='ltr'><strong>quemadmodum</strong></span> 
     </span>
    </p>
   </div>
   <div class='ocr_carea' id='block_1_55' title="bbox 608 4988 3824 5064">
    <p class='ocr_par' dir='ltr' id='par_1_55' title="bbox 608 4988 3824 5064">
     <span class='ocr_line' id='line_1_55' title="bbox 608 4988 3824 5064; baseline -0 -19"><span class='ocrx_word' id='word_1_784' title='bbox 608 4991 663 5046; x_wconf 89' lang='lat' dir='ltr'><strong>in</strong></span> <span class='ocrx_word' id='word_1_785' title='bbox 715 4991 824 5044; x_wconf 90' lang='lat' dir='ltr'><strong>illis</strong></span> <span class='ocrx_word' id='word_1_786' title='bbox 880 5005 1110 5060; x_wconf 88' lang='lat' dir='ltr'><strong>quorum</strong></span> <span class='ocrx_word' id='word_1_787' title='bbox 1145 4993 1324 5062; x_wconf 88' lang='lat' dir='ltr'><strong>capilli</strong></span> <span class='ocrx_word' id='word_1_788' title='bbox 1348 5001 1637 5064; x_wconf 89' lang='lat' dir='ltr'><strong>emergunt</strong></span> <span class='ocrx_word' id='word_1_789' title='bbox 1673 4994 1892 5055; x_wconf 85' lang='lat' dir='ltr'><strong>iterum,</strong></span> <span class='ocrx_word' id='word_1_790' title='bbox 1924 4992 2302 5045; x_wconf 81' lang='lat' dir='ltr'><strong>adumbratam</strong></span> <span class='ocrx_word' id='word_1_791' title='bbox 2330 4999 2432 5043; x_wconf 88' lang='lat' dir='ltr'><strong>est.</strong></span> <span class='ocrx_word' id='word_1_792' title='bbox 2466 4988 2688 5053; x_wconf 77' lang='lat' dir='ltr'><strong>Recedit</strong></span> <span class='ocrx_word' id='word_1_793' title='bbox 2738 4990 2905 5059; x_wconf 86' lang='lat' dir='ltr'><strong>igitur</strong></span> <span class='ocrx_word' id='word_1_794' title='bbox 2945 5005 2973 5043; x_wconf 90' lang='lat' dir='ltr'><strong>a</strong></span> <span class='ocrx_word' id='word_1_795' title='bbox 3001 4992 3206 5059; x_wconf 88' lang='lat' dir='ltr'><strong>peccati</strong></span> <span class='ocrx_word' id='word_1_796' title='bbox 3261 4996 3567 5059; x_wconf 86' lang='lat' dir='ltr'><strong>sepultura,</strong></span> <span class='ocrx_word' id='word_1_797' title='bbox 3599 5004 3653 5048; x_wconf 78' lang='lat' dir='ltr'><strong>et</strong></span> <span class='ocrx_word' id='word_1_798' title='bbox 3686 5008 3824 5049; x_wconf 85' lang='lat' dir='ltr'><strong>reve-</strong></span> 
     </span>
    </p>
   </div>
   <div class='ocr_carea' id='block_1_56' title="bbox 605 5075 3822 5148">
    <p class='ocr_par' dir='ltr' id='par_1_56' title="bbox 605 5075 3822 5148">
     <span class='ocr_line' id='line_1_56' title="bbox 605 5075 3822 5148; baseline 0.002 -19"><span class='ocrx_word' id='word_1_799' title='bbox 605 5078 785 5133; x_wconf 87' lang='lat' dir='ltr'><strong>rentia</strong></span> <span class='ocrx_word' id='word_1_800' title='bbox 813 5093 971 5146; x_wconf 89' lang='lat' dir='ltr'><strong>quam</strong></span> <span class='ocrx_word' id='word_1_801' title='bbox 1003 5080 1321 5145; x_wconf 86' lang='lat' dir='ltr'><strong>parentibus</strong></span> <span class='ocrx_word' id='word_1_802' title='bbox 1355 5089 1549 5133; x_wconf 90' lang='lat' dir='ltr'><strong>natura</strong></span> <span class='ocrx_word' id='word_1_803' title='bbox 1581 5080 1761 5142; x_wconf 88' lang='lat' dir='ltr'><strong>debet,</strong></span> <span class='ocrx_word' id='word_1_804' title='bbox 1795 5081 1953 5148; x_wconf 85' lang='lat' dir='ltr'><strong>longe</strong></span> <span class='ocrx_word' id='word_1_805' title='bbox 1988 5081 2141 5148; x_wconf 91' lang='lat' dir='ltr'><strong>prius</strong></span> <span class='ocrx_word' id='word_1_806' title='bbox 2170 5079 2379 5130; x_wconf 88' lang='lat' dir='ltr'><strong>habens</strong></span> <span class='ocrx_word' id='word_1_807' title='bbox 2427 5075 2536 5128; x_wconf 91' lang='lat' dir='ltr'><strong>Deo</strong></span> <span class='ocrx_word' id='word_1_808' title='bbox 2575 5077 2817 5143; x_wconf 89' lang='lat' dir='ltr'><strong>probari,</strong></span> <span class='ocrx_word' id='word_1_809' title='bbox 2846 5092 3007 5145; x_wconf 83' lang='lat' dir='ltr'><strong>quam</strong></span> <span class='ocrx_word' id='word_1_810' title='bbox 3047 5080 3387 5146; x_wconf 85' lang='lat' dir='ltr'><strong>parentibus.</strong></span> <span class='ocrx_word' id='word_1_811' title='bbox 3440 5082 3628 5135; x_wconf 79' lang='lat' dir='ltr'><strong>Virtus</strong></span> <span class='ocrx_word' id='word_1_812' title='bbox 3662 5082 3822 5147; x_wconf 78' lang='lat' dir='ltr'><strong>enim,</strong></span> 
     </span>
    </p>
   </div>
   <div class='ocr_carea' id='block_1_57' title="bbox 606 5164 3825 5243">
    <p class='ocr_par' dir='ltr' id='par_1_57' title="bbox 606 5164 3825 5243">
     <span class='ocr_line' id='line_1_57' title="bbox 606 5164 3825 5243; baseline 0.002 -25"><span class='ocrx_word' id='word_1_813' title='bbox 606 5164 697 5218; x_wconf 87' lang='lat' dir='ltr'><strong>ubi</strong></span> <span class='ocrx_word' id='word_1_814' title='bbox 732 5165 784 5216; x_wconf 93' lang='lat' dir='ltr'><strong>in</strong></span> <span class='ocrx_word' id='word_1_815' title='bbox 825 5164 999 5216; x_wconf 87' lang='lat' dir='ltr'><strong>ollicio</strong></span> <span class='ocrx_word' id='word_1_816' title='bbox 1028 5181 1128 5217; x_wconf 90' lang='lat' dir='ltr'><strong>suo</strong></span> <span class='ocrx_word' id='word_1_817' title='bbox 1158 5174 1262 5226; x_wconf 89' lang='lat' dir='ltr'><strong>est,</strong></span> <span class='ocrx_word' id='word_1_818' title='bbox 1286 5168 1472 5219; x_wconf 84' lang='lat' dir='ltr'><strong>carnis</strong></span> <span class='ocrx_word' id='word_1_819' title='bbox 1502 5166 1854 5233; x_wconf 84' lang='lat' dir='ltr'><strong>cupiditatem</strong></span> <span class='ocrx_word' id='word_1_820' title='bbox 1889 5176 2235 5236; x_wconf 84' lang='lat' dir='ltr'><strong>aspernatur,</strong></span> <span class='ocrx_word' id='word_1_821' title='bbox 2283 5164 2416 5233; x_wconf 88' lang='lat' dir='ltr'><strong>quin</strong></span> <span class='ocrx_word' id='word_1_822' title='bbox 2452 5170 2505 5215; x_wconf 88' lang='lat' dir='ltr'><strong>et</strong></span> <span class='ocrx_word' id='word_1_823' title='bbox 2536 5164 2822 5243; x_wconf 62' lang='lat' dir='ltr'><strong>sanguinis</strong></span> <span class='ocrx_word' id='word_1_824' title='bbox 2856 5166 3252 5234; x_wconf 85' lang='lat' dir='ltr'><strong>propinquitati</strong></span> <span class='ocrx_word' id='word_1_825' title='bbox 3286 5167 3446 5235; x_wconf 83' lang='lat' dir='ltr'><strong>longe</strong></span> <span class='ocrx_word' id='word_1_826' title='bbox 3496 5178 3825 5238; x_wconf 82' lang='lat' dir='ltr'><strong>anteponen-</strong></span> 
     </span>
    </p>
   </div>
   <div class='ocr_carea' id='block_1_58' title="bbox 605 5249 3818 5327">
    <p class='ocr_par' dir='ltr' id='par_1_58' title="bbox 605 5249 3818 5327">
     <span class='ocr_line' id='line_1_58' title="bbox 605 5249 3818 5327; baseline 0.001 -24"><span class='ocrx_word' id='word_1_827' title='bbox 605 5253 706 5304; x_wconf 70' lang='lat' dir='ltr'><strong>tlus</strong></span> <span class='ocrx_word' id='word_1_828' title='bbox 736 5258 818 5305; x_wconf 77' lang='lat' dir='ltr'><strong>cst</strong></span> <span class='ocrx_word' id='word_1_829' title='bbox 843 5249 1019 5314; x_wconf 80' lang='lat' dir='ltr'><strong>Deus;</strong></span> <span class='ocrx_word' id='word_1_830' title='bbox 1052 5249 1208 5312; x_wconf 82' lang='lat' dir='ltr'><strong>Nam,</strong></span> <span class='ocrx_word' id='word_1_831' title='bbox 1248 5270 1266 5303; x_wconf 72' lang='grc' dir='ltr'><strong><em>ι</em></strong></span> <span class='ocrx_word' id='word_1_832' title='bbox 1307 5251 1409 5316; x_wconf 87' lang='lat' dir='ltr'><strong>Qui</strong></span> <span class='ocrx_word' id='word_1_833' title='bbox 1442 5267 1605 5320; x_wconf 79' lang='lat' dir='ltr'><strong>supra</strong></span> <span class='ocrx_word' id='word_1_834' title='bbox 1658 5267 1762 5316; x_wconf 86' lang='lat' dir='ltr'><strong>me,</strong></span> <span class='ocrx_word' id='word_1_835' title='bbox 1798 5253 1996 5321; x_wconf 89' lang='lat' dir='ltr'><strong>inquit,</strong></span> <span class='ocrx_word' id='word_1_836' title='bbox 2055 5262 2262 5320; x_wconf 86' lang='lat' dir='ltr'><strong>patrem</strong></span> <span class='ocrx_word' id='word_1_837' title='bbox 2299 5262 2390 5303; x_wconf 88' lang='lat' dir='ltr'><strong>aut</strong></span> <span class='ocrx_word' id='word_1_838' title='bbox 2413 5260 2641 5303; x_wconf 78' lang='lat' dir='ltr'><strong>matrem</strong></span> <span class='ocrx_word' id='word_1_839' title='bbox 2680 5267 2833 5305; x_wconf 88' lang='lat' dir='ltr'><strong>suam</strong></span> <span class='ocrx_word' id='word_1_840' title='bbox 2878 5253 3076 5319; x_wconf 78' lang='lat' dir='ltr'><strong>diligit,</strong></span> <span class='ocrx_word' id='word_1_841' title='bbox 3112 5271 3199 5307; x_wconf 87' lang='lat' dir='ltr'><strong>me</strong></span> <span class='ocrx_word' id='word_1_842' title='bbox 3228 5270 3333 5307; x_wconf 91' lang='lat' dir='ltr'><strong>non</strong></span> <span class='ocrx_word' id='word_1_843' title='bbox 3361 5265 3443 5309; x_wconf 86' lang='lat' dir='ltr'><strong>est</strong></span> <span class='ocrx_word' id='word_1_844' title='bbox 3474 5255 3680 5327; x_wconf 81' lang='lat' dir='ltr'><strong>dignus</strong></span> <span class='ocrx_word' id='word_1_845' title='bbox 3705 5257 3766 5310; x_wconf 80' lang='lat'><strong>”.</strong></span> <span class='ocrx_word' id='word_1_846' title='bbox 3803 5275 3818 5305; x_wconf 76' lang='grc' dir='ltr'><strong>ι</strong></span> 
     </span>
    </p>
   </div>
   <div class='ocr_carea' id='block_1_59' title="bbox 602 5337 3823 5414">
    <p class='ocr_par' dir='ltr' id='par_1_59' title="bbox 602 5337 3823 5414">
     <span class='ocr_line' id='line_1_59' title="bbox 602 5337 3823 5414; baseline 0.002 -22"><span class='ocrx_word' id='word_1_847' title='bbox 602 5338 829 5405; x_wconf 86' lang='lat' dir='ltr'><strong>Insuper</strong></span> <span class='ocrx_word' id='word_1_848' title='bbox 851 5337 1050 5391; x_wconf 82' lang='lat' dir='ltr'><strong>etilltul</strong></span> <span class='ocrx_word' id='word_1_849' title='bbox 1083 5353 1093 5387; x_wconf 89' lang='lat'>:</span> <span class='ocrx_word' id='word_1_850' title='bbox 1125 5356 1143 5387; x_wconf 72' lang='grc' dir='ltr'>ι</span> <span class='ocrx_word' id='word_1_851' title='bbox 1180 5338 1260 5392; x_wconf 84' lang='lat' dir='ltr'><strong>Me</strong></span> <span class='ocrx_word' id='word_1_852' title='bbox 1307 5353 1620 5407; x_wconf 86' lang='lat' dir='ltr'><strong>assequere,</strong></span> <span class='ocrx_word' id='word_1_853' title='bbox 1640 5349 1705 5392; x_wconf 84' lang='lat' dir='ltr'><strong>et</strong></span> <span class='ocrx_word' id='word_1_854' title='bbox 1746 5351 1992 5393; x_wconf 84' lang='lat' dir='ltr'><strong>mortuos</strong></span> <span class='ocrx_word' id='word_1_855' title='bbox 2038 5340 2322 5392; x_wconf 79' lang='lat' dir='ltr'><strong>inhumare</strong></span> <span class='ocrx_word' id='word_1_856' title='bbox 2370 5354 2500 5392; x_wconf 87' lang='lat' dir='ltr'><strong>suos</strong></span> <span class='ocrx_word' id='word_1_857' title='bbox 2534 5350 2778 5393; x_wconf 89' lang='lat' dir='ltr'><strong>mortuos</strong></span> <span class='ocrx_word' id='word_1_858' title='bbox 2821 5340 2940 5393; x_wconf 88' lang='lat' dir='ltr'><strong>sine</strong></span> <span class='ocrx_word' id='word_1_859' title='bbox 2966 5342 3046 5407; x_wconf 68' lang='lat'><strong>8‘;</strong></span> <span class='ocrx_word' id='word_1_860' title='bbox 3091 5360 3108 5393; x_wconf 71' lang='grc' dir='ltr'><strong>ι</strong></span> <span class='ocrx_word' id='word_1_861' title='bbox 3143 5342 3366 5411; x_wconf 85' lang='lat' dir='ltr'><strong>quando</strong></span> <span class='ocrx_word' id='word_1_862' title='bbox 3417 5359 3545 5397; x_wconf 92' lang='lat' dir='ltr'><strong>cum</strong></span> <span class='ocrx_word' id='word_1_863' title='bbox 3605 5359 3673 5399; x_wconf 87' lang='lat' dir='ltr'><strong>eo</strong></span> <span class='ocrx_word' id='word_1_864' title='bbox 3738 5343 3823 5414; x_wconf 77' lang='lat' dir='ltr'><strong>qui</strong></span> 
     </span>
    </p>
   </div>
   <div class='ocr_carea' id='block_1_60' title="bbox 671 5506 2270 5577">
    <p class='ocr_par' dir='ltr' id='par_1_60' title="bbox 671 5506 2251 5577">
     <span class='ocr_line' id='line_1_60' title="bbox 671 5506 2251 5577; baseline 0.001 -16"><span class='ocrx_word' id='word_1_865' title='bbox 671 5511 716 5540; x_wconf 79' lang='lat'><strong>&quot;</strong></span> <span class='ocrx_word' id='word_1_866' title='bbox 749 5507 927 5562; x_wconf 84' lang='lat' dir='ltr'><strong>Eccle.</strong></span> <span class='ocrx_word' id='word_1_867' title='bbox 952 5522 1051 5571; x_wconf 67' lang='lat' dir='ltr'><strong>xu,</strong></span> <span class='ocrx_word' id='word_1_868' title='bbox 1086 5507 1168 5560; x_wconf 63' lang='lat' dir='ltr'><strong>Ii.</strong></span> <span class='ocrx_word' id='word_1_869' title='bbox 1238 5507 1287 5577; x_wconf 14' lang='grc' dir='ltr'><strong>γ¹³</strong></span> <span class='ocrx_word' id='word_1_870' title='bbox 1320 5507 1367 5577; x_wconf 89' lang='lat' dir='ltr'><strong>Il</strong></span> <span class='ocrx_word' id='word_1_871' title='bbox 1396 5507 1524 5561; x_wconf 88' lang='lat' dir='ltr'><strong>Cor.</strong></span> <span class='ocrx_word' id='word_1_872' title='bbox 1559 5524 1611 5569; x_wconf 92' lang='lat' dir='ltr'><strong>v,</strong></span> <span class='ocrx_word' id='word_1_873' title='bbox 1638 5508 1724 5560; x_wconf 80' lang='grc'><strong>10.</strong></span> <span class='ocrx_word' id='word_1_874' title='bbox 1799 5509 1842 5539; x_wconf 63' lang='grc'><strong>’³</strong></span> <span class='ocrx_word' id='word_1_875' title='bbox 1872 5506 2020 5563; x_wconf 81' lang='lat' dir='ltr'><strong>Psal.</strong></span> <span class='ocrx_word' id='word_1_876' title='bbox 2046 5524 2138 5570; x_wconf 83' lang='lat' dir='ltr'><strong>vn,</strong></span> <span class='ocrx_word' id='word_1_877' title='bbox 2166 5509 2251 5563; x_wconf 88' lang='lat' dir='ltr'><strong>I0.</strong></span> 
     </span>
    </p>
   </div>
   <div class='ocr_carea' id='block_1_61' title="bbox 2222 5506 3821 5577">
    <p class='ocr_par' dir='ltr' id='par_1_61' title="bbox 2222 5509 3821 5577">
     <span class='ocr_line' id='line_1_61' title="bbox 2222 5509 3821 5577; baseline 0.01 -18"><span class='ocrx_word' id='word_1_878' title='bbox 2222 5513 2251 5563; x_wconf 62' lang='grc' dir='ltr'><strong>ν.</strong></span> <span class='ocrx_word' id='word_1_879' title='bbox 2326 5511 2372 5544; x_wconf 79' lang='grc'><strong>’⁸</strong></span> <span class='ocrx_word' id='word_1_880' title='bbox 2400 5509 2602 5563; x_wconf 78' lang='lat' dir='ltr'><strong>Jerem.</strong></span> <span class='ocrx_word' id='word_1_881' title='bbox 2639 5525 2795 5571; x_wconf 67' lang='grc' dir='ltr'>χχιιι,</span> <span class='ocrx_word' id='word_1_882' title='bbox 2820 5512 2911 5565; x_wconf 71' lang='lat'><strong>25.</strong></span> <span class='ocrx_word' id='word_1_883' title='bbox 3008 5514 3103 5566; x_wconf 80' lang='lat'><strong>&quot;1</strong></span> <span class='ocrx_word' id='word_1_884' title='bbox 3135 5514 3264 5568; x_wconf 90' lang='lat' dir='ltr'><strong>Cor.</strong></span> <span class='ocrx_word' id='word_1_885' title='bbox 3299 5532 3377 5577; x_wconf 77' lang='lat' dir='ltr'><strong>xl.</strong></span> <span class='ocrx_word' id='word_1_886' title='bbox 3414 5520 3499 5572; x_wconf 70' lang='lat'><strong>15.</strong></span> <span class='ocrx_word' id='word_1_887' title='bbox 3607 5518 3656 5555; x_wconf 61' lang='grc'><strong>⁸⁷</strong></span> <span class='ocrx_word' id='word_1_888' title='bbox 3686 5515 3821 5575; x_wconf 81' lang='lat' dir='ltr'><strong>Gen.</strong></span> 
     </span>
    </p>
   </div>
   <div class='ocr_carea' id='block_1_62' title="bbox 604 5576 3823 5654">
    <p class='ocr_par' dir='ltr' id='par_1_62' title="bbox 604 5576 3823 5654">
     <span class='ocr_line' id='line_1_62' title="bbox 604 5576 3823 5654; baseline 0.004 -26"><span class='ocrx_word' id='word_1_889' title='bbox 604 5580 799 5654; x_wconf 35' lang='grc' dir='ltr'><strong>φημι..</strong></span> <span class='ocrx_word' id='word_1_890' title='bbox 864 5576 1788 5654; x_wconf 28' lang='grc' dir='ltr'><strong>’λίῼςξιιιξδιζᾶζηΟθιθιλμιήξη.</strong></span> <span class='ocrx_word' id='word_1_891' title='bbox 1841 5577 2222 5654; x_wconf 40' lang='lat' dir='ltr'><strong>&quot;-MaIlILLVII,</strong></span> <span class='ocrx_word' id='word_1_892' title='bbox 2259 5580 2373 5654; x_wconf 56' lang='lat'><strong>25._</strong></span> <span class='ocrx_word' id='word_1_893' title='bbox 2428 5581 2471 5611; x_wconf 80' lang='grc' dir='ltr'><strong>³ο</strong></span> <span class='ocrx_word' id='word_1_894' title='bbox 2508 5579 2609 5632; x_wconf 88' lang='lat' dir='ltr'><strong>Isa.</strong></span> <span class='ocrx_word' id='word_1_895' title='bbox 2651 5581 2813 5654; x_wconf 59' lang='grc'><strong>1,]2.</strong></span> <span class='ocrx_word' id='word_1_896' title='bbox 2894 5583 2936 5614; x_wconf 87' lang='grc'><strong>³¹</strong></span> <span class='ocrx_word' id='word_1_897' title='bbox 2973 5583 3358 5651; x_wconf 73' lang='lat' dir='ltr'><strong>Isa.xxvttt,7.</strong></span> <span class='ocrx_word' id='word_1_898' title='bbox 3441 5587 3673 5653; x_wconf 76' lang='lat' dir='ltr'><strong>&quot;Isa.t,</strong></span> <span class='ocrx_word' id='word_1_899' title='bbox 3701 5586 3823 5654; x_wconf 84' lang='lat'><strong>8,9.</strong></span> 
     </span>
    </p>
   </div>
   <div class='ocr_carea' id='block_1_63' title="bbox 604 5645 2203 5713">
    <p class='ocr_par' dir='ltr' id='par_1_63' title="bbox 604 5645 2149 5713">
     <span class='ocr_line' id='line_1_63' title="bbox 604 5645 2149 5713; baseline 0.001 -14"><span class='ocrx_word' id='word_1_900' title='bbox 604 5645 646 5679; x_wconf 81' lang='grc'><strong>³³</strong></span> <span class='ocrx_word' id='word_1_901' title='bbox 678 5646 839 5701; x_wconf 76' lang='lat' dir='ltr'><strong>Mich.</strong></span> <span class='ocrx_word' id='word_1_902' title='bbox 878 5645 1025 5709; x_wconf 54' lang='lat' dir='ltr'><strong>niti.</strong></span> <span class='ocrx_word' id='word_1_903' title='bbox 1104 5646 1148 5677; x_wconf 67' lang='lat'><strong>3&quot;</strong></span> <span class='ocrx_word' id='word_1_904' title='bbox 1183 5646 1358 5701; x_wconf 85' lang='lat' dir='ltr'><strong>Galat.</strong></span> <span class='ocrx_word' id='word_1_905' title='bbox 1394 5663 1466 5713; x_wconf 83' lang='lat' dir='ltr'><strong>tv,</strong></span> <span class='ocrx_word' id='word_1_906' title='bbox 1510 5647 1585 5699; x_wconf 79' lang='grc'><strong>19.</strong></span> <span class='ocrx_word' id='word_1_907' title='bbox 1670 5648 1713 5679; x_wconf 83' lang='grc'><strong>³³</strong></span> <span class='ocrx_word' id='word_1_908' title='bbox 1744 5645 1933 5700; x_wconf 80' lang='lat' dir='ltr'><strong>Matth.</strong></span> <span class='ocrx_word' id='word_1_909' title='bbox 1969 5664 2022 5712; x_wconf 78' lang='lat' dir='ltr'><strong>tt,</strong></span> <span class='ocrx_word' id='word_1_910' title='bbox 2065 5648 2149 5702; x_wconf 75' lang='grc'><strong>57.</strong></span> 
     </span>
    </p>
   </div>
   <div class='ocr_carea' id='block_1_64' title="bbox 1194 5645 2793 5713">
    <p class='ocr_par' dir='ltr' id='par_1_64' title="bbox 1194 5645 2793 5713">
     <span class='ocr_line' id='line_1_64' title="bbox 1194 5645 2793 5713; baseline 0.003 -12"><span class='ocrx_word' id='word_1_911' title='bbox 1194 5646 1358 5701; x_wconf 76' lang='lat' dir='ltr'><strong>Galat.</strong></span> <span class='ocrx_word' id='word_1_912' title='bbox 1394 5663 1466 5713; x_wconf 81' lang='lat' dir='ltr'><strong>tv,</strong></span> <span class='ocrx_word' id='word_1_913' title='bbox 1510 5647 1585 5699; x_wconf 79' lang='grc'><strong>19.</strong></span> <span class='ocrx_word' id='word_1_914' title='bbox 1670 5648 1713 5679; x_wconf 83' lang='grc'><strong>³³</strong></span> <span class='ocrx_word' id='word_1_915' title='bbox 1744 5645 1933 5700; x_wconf 81' lang='lat' dir='ltr'><strong>Matth.</strong></span> <span class='ocrx_word' id='word_1_916' title='bbox 1969 5664 2022 5712; x_wconf 69' lang='grc' dir='ltr'><strong>κ,</strong></span> <span class='ocrx_word' id='word_1_917' title='bbox 2065 5648 2149 5702; x_wconf 76' lang='grc'><strong>57.</strong></span> <span class='ocrx_word' id='word_1_918' title='bbox 2257 5650 2300 5681; x_wconf 85' lang='grc'>⁸⁶</span> <span class='ocrx_word' id='word_1_919' title='bbox 2331 5650 2520 5703; x_wconf 78' lang='lat' dir='ltr'><strong>Matth.</strong></span> <span class='ocrx_word' id='word_1_920' title='bbox 2559 5664 2672 5713; x_wconf 83' lang='lat' dir='ltr'><strong>vttt,</strong></span> <span class='ocrx_word' id='word_1_921' title='bbox 2704 5650 2793 5706; x_wconf 73' lang='lat'><strong>‘22.</strong></span> 
     </span>
    </p>
   </div>
  </div>
