4050 6212
227 266 335 331 9,05
1332 251 1868 316 COMMENTARII
1911 253 1993 314 IN
2033 252 2422 315 NUMEROS.
2858 249 2870 264 ’
3383 251 3486 316 806

226 374 300 439 de
326 371 507 446 patris
567 371 654 426 sui
721 369 1025 425 honoribus
1068 367 1363 438 postremis
1421 365 1697 422 sollicitus
1753 371 1873 418 erat
1919 363 2262 434 loqueretur.
2309 363 2364 418 id
2423 362 2616 418 dicens
2668 360 2944 418 videlicet.
3012 361 3259 418 Mortuus
3300 373 3482 418 autem

227 469 395 520 vocat
419 474 514 514 eos
543 457 636 528 qui
661 456 986 528 sapientiam
1028 455 1192 524 hujus
1231 454 1417 507 mundi
1448 453 1876 522 amplectuntur,
1913 453 2060 507 etab
2083 465 2312 522 operum
2359 449 2523 520 387
2570 449 2934 506 cadaveribus
2991 465 3104 504 non
3162 450 3480 506 desistunt:

231 549 313 603 Ac
347 549 452 603 hoc
487 546 708 620 quidem
749 553 906 614 pacto
942 545 995 598 iu
1055 543 1338 612 republica
1393 541 1693 611 spirituali,
1759 540 1918 608 cujus
1953 540 2264 602 umbralex
2319 547 2422 601 est,
2465 553 2588 592 sese
2615 537 2933 608 gerendum.
2969 535 3170 592 Verum
3198 537 3488 593 enimvero

235 639 282 694 si
317 640 442 709 quis
461 635 750 698 cadavere,
783 635 837 690 id
870 643 976 695 est,
1011 642 1237 704 peccato
1271 647 1393 686 sese
1417 631 1726 701 polluisset,
1765 627 2128 682 immaculata:
2168 625 2332 694 hujus
2361 624 2672 694 reipublicae
2697 624 2990 694 dignitates
3038 623 3286 678 amiserit
3337 623 3482 695 (hoc

233 729 380 784 enim
411 725 644 779 ariditas
675 724 874 778 mentis
923 739 1046 793 qua:
1073 720 1432 792 ignominiam
1458 719 1661 779 innuit,
1699 717 1830 785 est),
1853 715 2169 782 nulliusque
2193 728 2318 768 cum
2371 713 2574 766 virtute
2609 711 3130 774 transactijab'ores
3162 711 3286 780 ejus
3318 726 3482 781 repu-

231 811 718 878 tabuntur.'Quod
771 826 839 865 ex
894 812 998 864 hoc
1039 808 1392 862 manifestum
1445 813 1552 870 est,
1597 805 1724 874 quia
1750 805 1994 872 priorum
2038 801 2253 854 dierum
2290 801 2440 853 nulla
2479 798 2778 852 habebitur
2804 799 2968 850 ratio.
3001 796 3104 852 Per
3131 797 3479 852 Ezechielcm

232 900 380 956 enim
413 914 638 970 quoque
673 897 810 953 dicit
837 896 1142 952 Dominus:
1176 916 1196 949 ‹
1224 894 1456 950 Justitia
1479 893 1689 962 justum
1719 905 1828 944 non
1871 891 2116 943 tuebitur
2157 888 2211 942 in
2246 888 2332 942 die
2361 902 2423 942 ea
2447 901 2556 956 qua
2619 885 2935 955 peccaverit
2963 885 3030 939 ".
3065 905 3084 936 ι
3134 884 3291 952 Quod
3353 900 3480 940 cum
3512 953 3514 955 g

233 989 309 1044 ita
346 988 440 1052 sit,
473 987 569 1057 qui
599 1001 658 1040 se
685 985 947 1055 polluerit
978 998 1197 1054 prauam
1221 983 1389 1036 etiam
1426 992 1554 1034 ante
1591 979 1963 1032 admissurum
1994 974 2306 1030 sustinebit.
2339 973 2731 1028 Verumtamen
2759 987 2857 1040 per
2891 971 3177 1026 Christum
3221 974 3330 1026 ritu
3360 981 3482 1026 tur-

235 1074 381 1128 turis
405 1081 458 1127 et
489 1071 758 1128 columbae
787 1084 1052 1124 concessa
1108 1077 1193 1124 est
1228 1067 1491 1121 reversio.
1521 1065 1730 1118 Turtur
1762 1064 1960 1118 ctenim
2000 1061 2391 1131 aequabilitatis
2419 1060 2559 1125 ejus,
2599 1058 2856 1112 columba
2918 1059 3190 1120 lenitatis,
3225 1059 3486 1128 quemad-

233 1161 460 1215 modum
515 1174 692 1229 agnus
721 1157 1018 1212 oblationis
1047 1171 1160 1211 sum
1191 1169 1356 1224 quam
1384 1168 1480 1224 pro
1505 1155 1664 1208 nobis
1704 1151 1830 1206 fecit
1889 1150 2178 1218 imaginem
2239 1147 2498 1202 sustinet.
2541 1143 3017 1211 Quemadmodum
3049 1145 3286 1215 denique
3317 1161 3484 1216 argn-

236 1257 424 1302 mento
445 1246 592 1316 quod
625 1261 656 1299 e
687 1244 846 1300 ccelis
905 1243 1120 1298 venerit
1153 1242 1474 1312 passeribus
1504 1256 1517 1292 :
1560 1247 1615 1294 et
1667 1236 1812 1307 quod
1851 1237 2048 1291 subtus
2076 1251 2106 1290 e
2166 1242 2313 1288 terra
2345 1234 2418 1289 sit
2475 1243 2653 1294 ortus,
2690 1245 2831 1300 agno
2877 1233 3217 1287 assimilatns
3246 1239 3353 1288 est.
3389 1232 3486 1286 Est

235 1348 368 1388 vero
398 1334 488 1388 ille
519 1334 566 1388 is
591 1334 682 1402 qui
721 1331 1034 1402 improbum
1071 1328 1360 1399 jus’tiﬁcat,
1385 1328 1478 1397 qui
1508 1326 1788 1380 inﬁrmum
1814 1323 2160 1386 corroborat,
2197 1325 2290 1390 qui
2331 1321 2545 1390 lapsum
2573 1321 2752 1390 erigit,
2786 1320 2880 1389 qui
2922 1333 3214 1373 erronenm
3241 1319 3296 1372 in
3339 1320 3482 1374 viam

236 1419 473 1486 reducit,
503 1421 599 1490 qui
642 1419 992 1489 inquinatum
1051 1417 1248 1474 abluit.
1274 1413 1434 1482 Quod
1465 1423 1521 1467 ut
1547 1413 1702 1468 ﬁeret
1729 1412 1940 1466 clarum
2001 1426 2164 1464 unam
2208 1410 2552 1464 columbram
2595 1423 2694 1477 pro
2723 1408 2968 1477 peccatis
3007 1403 3217 1472 oﬂ‘erri,
3250 1407 3483 1461 alteram

235 1507 292 1561 in
323 1507 709 1562 holocauswm
744 1505 882 1559 verti
916 1505 1118 1558 dictat.
1153 1501 1274 1557 Non
1301 1503 1446 1556 enim
1479 1503 1621 1555 alter
1661 1499 1859 1568 estqui
1896 1512 1993 1567 pro
2019 1497 2259 1566 peccatis
2285 1494 2492 1549 nostris
2519 1504 2630 1546 tam
2665 1495 2930 1560 sob‘rinm,
2963 1494 3485 1564 tamqueintegrum

234 1592 570 1649 sacriﬁcium
599 1591 791 1647 offerat
823 1607 838 1644 :
877 1592 984 1647 imo
1027 1591 1240 1645 nullum
1299 1588 1446 1643 aliud
1469 1588 1718 1642 omnino
1764 1599 1866 1654 pro
1906 1583 2228 1638 hominibus
2261 1582 2373 1636 Deo
2403 1581 2592 1636 oﬂ‘erri
2626 1582 2848 1649 poterit,
2873 1595 2974 1650 pro
3015 1581 3362 1648 hominibus,
3399 1581 3488 1634 in-

233 1695 424 1750 quam,
454 1696 515 1736 se
546 1689 689 1734 totos
719 1679 902 1734 offerri
935 1693 1043 1733 non
1065 1676 1487 1732 sustinentibus.
1522 1673 1656 1727 Nam
1692 1672 1747 1726 in
1793 1671 1960 1724 unica
1991 1671 2084 1724 illa
2135 1670 2416 1722 oblatione
2445 1667 2762 1736 puriﬁcatio
2815 1678 2871 1721 et
2916 1668 3154 1722 societas
3200 1682 3326 1721 cum
3375 1666 3490 1723 Deo

233 1771 376 1840 legis
402 1770 899 1841 puriﬁcationibus
957 1769 1152 1824 tnultis
1199 1767 1381 1822 modis
1421 1765 1656 1834 expletis
1681 1773 1766 1819 est
1802 1764 2131 1816 instaurata.
2181 1755 2448 1822 Quamvis
2470 1755 2616 1809 enim
2656 1753 2882 1808 unicum
2920 1762 3134 1808 tantum
3178 1754 3234 1809 iu
3268 1769 3490 1810 summa

233 1840 576 1912 sacriﬁcium
618 1857 864 1926 seipsum
896 1854 1159 1910 videlicet
1193 1855 1449 1910 Christus
1477 1851 1679 1918 litavit,
1713 1865 1817 1905 non
1842 1849 2029 1904 minus
2065 1855 2247 1898 tamen
2281 1840 2726 1912 puriﬁcationem
2771 1855 2935 1910 quem
2963 1841 3232 1898 omnibus
3265 1843 3492 1898 saeculis

233 1943 534 2006 sulliceret,
565 1942 994 2007 consummavit,
1029 1956 1196 2010 quam
1232 1941 1278 1996 si
1310 1941 1514 2010 saepius
1544 1938 1834 1992 oti‘erretur
1861 1932 2387 1990 iterum.'C;eterum
2443 1942 2537 1997 pcr
2583 1927 2856 1982 Nazareos
2883 1935 3100 1997 tempus
3124 1929 3494 1984 resurrectio-

231 2030 325 2085 nis
380 2029 556 2100 ipsius
587 2028 958 2099 signiﬁcatnm
1008 2036 1094 2082 est
1127 2029 1266 2098 lege.
1302 2026 1514 2082 Interea
1577 2039 1718 2080 vero.
1743 2034 1871 2077 ante
1899 2019 2215 2076 Servatoris
2239 2017 2566 2074 adventum.
2597 2015 2667 2070 ad
2703 2015 2796 2070 Dci
2815 2015 3191 2084 cognitionem
3227 2016 3492 2073 invitatus

230 2124 324 2173 est
350 2114 541 2180 Israel,
579 2116 672 2186 qui
704 2115 1044 2185 nuncupavit
1072 2112 1484 2186 quodammodo
1542 2122 1798 2168 sanctum
1829 2119 2018 2166 votum
2054 2107 2164 2162 Deo
2189 2105 2247 2162 in
2279 2112 2466 2159 tnonte
2507 2101 2666 2167 Sina,
2697 2117 2810 2172 quo
2859 2101 3034 2172 legem
3067 2119 3128 2158 se
3165 2103 3494 2159 observatu-

239 2219 366 2259 rum
403 2204 698 2273 recepitac
719 2203 904 2258 dixit:
942 2221 960 2254 ι
999 2201 1197 2256 Omnia
1249 2214 1600 2271 quaecunque
1651 2197 1838 2254 sanxit
1855 2191 2374 2272 Dens,‘udiemus,
2429 2198 2660 2258 rataque
2700 2189 3028 2245 habebimus
3058 2190 3122 2245 ⁸⁸.
3160 2208 3178 2240 ι
3219 2189 3490 2246 Mandatis

233 2290 422 2360 itaque
451 2291 590 2362 legis
633 2305 694 2346 se
733 2288 988 2344 comabat
1022 2289 1225 2344 ibidem
1256 2288 1361 2343 loci
1403 2305 1419 2343 :
1456 2296 1715 2342 caeterum
1771 2281 2028 2350 concepit
2073 2279 2348 2334 maculam
2406 2292 2472 2332 ex
2513 2275 2802 2340 cadavere,
2857 2273 3044 2331 Jesum
3108 2276 3494 2334 interﬁciendo

230 2391 458 2446 nempe.
495 2375 612 2432 Etsi
653 2376 801 2431 enim
855 2385 1054 2432 sancta
1083 2374 1288 2430 Christi
1322 2388 1474 2428 mors
1519 2380 1626 2438 est,
1655 2385 1720 2426 ea
1749 2377 1938 2424 tamen
1986 2365 2386 2422 criminatione
2415 2364 2562 2432 quod
2591 2363 2888 2418 Dominum
2929 2363 3318 2420 interfecerint
3355 2383 3483 2423 sese

229 2464 682 2521 obstrinxerrmt.
716 2462 796 2518 Ac
845 2463 919 2517 ita
953 2461 1178 2532 quidem
1251 2459 1532 2515 raduntur
1562 2473 1659 2528 per
1719 2457 2207 2526 reprehensionem
2249 2451 2385 2521 legis
2419 2465 2484 2504 ac
2535 2451 2744 2524 ﬁguras
2784 2448 2906 2520 quae
2932 2453 3095 2506 ritum
3121 2451 3492 2510 Nazareorum

231 2560 656 2625 praecesserunt,
694 2549 898 2621 quibus
917 2559 1085 2618 caput
1114 2563 1276 2604 suum
1303 2549 1656 2604 sanctiﬁcant
1713 2546 1940 2605 iterum,
1973 2555 2183 2610 proque
2238 2538 2430 2592 umbra
2471 2537 2724 2592 veritatis
2759 2553 3005 2619 comam.
3043 2540 3318 2604 nutriunt,
3375 2542 3492 2596 cla-

229 2612 500 2710 ;nantque
556 2612 682 2694 cum
711 2612 884 2694 Paulo
923 2653 940 2693 :
977 2612 1002 2688 ί
1036 2635 1426 2704 Quodcunque
1477 2635 1612 2688 mihi
1646 2633 1802 2686 lucro
1823 2637 1966 2691 erat,
2027 2643 2127 2696 pro
2151 2626 2366 2695 jactura
2396 2632 2621 2694 prOptcr
2656 2623 2940 2680 Christum
2993 2612 3125 2680 duxi
3150 2625 3219 2690 ",
3251 2645 3268 2677 ι
3299 2637 3497 2697 etquae

229 2735 566 2794 sequuntur.
606 2727 748 2780 Idem
793 2739 1013 2794 quoque
1040 2723 1150 2778 illis
1181 2725 1273 2791 qui
1305 2721 1786 2776 circumcisioncm
1819 2716 1957 2784 legis
1985 2713 2159 2784 pluris
2180 2727 2346 2782 quam
2377 2712 2658 2766 Christum
2689 2711 2950 2778 faciebat,
2983 2712 3118 2767 dicit
3153 2730 3167 2767 :
3195 2715 3236 2766 A
3272 2714 3496 2772 Christo

229 2812 372 2868 estis
412 2813 590 2868 avulsi
617 2813 709 2882 qui
733 2810 1007 2880 justitiam
1037 2819 1282 2864 vestram
1309 2809 1364 2862 in
1406 2808 1525 2878 lege
1556 2805 1790 2876 ponitis,
1825 2817 1969 2874 eque
1998 2801 2273 2856 charitate
2307 2799 2625 2854 excidistis.
2706 2833 2724 2845 ι

319 2961 534 3026 ’ἰστέον,
557 2959 633 3024 ὡς
655 2959 717 3014 τδ
743 2961 803 3014 ὲν
837 2961 995 3032 μέρει
1022 2959 1218 3030 χρόνον
1248 2958 1507 3030 elixus-0a:
1531 2956 1641 3012 τῶν
1666 2958 1814 3027 εξρηο
1843 2959 1890 3016 Α

1985 2951 2284 3006 Sciendum
2365 2967 2497 3007 vero
2553 2951 2699 3022 quod
2757 2960 2881 3006 vota
2960 2953 3145 3012 facere
3171 2973 3272 3028 pro
3309 2975 3493 3016 rerum

175 3131 185 3137 _
235 3057 418 3129 μινων
468 3049 568 3124 τῆν
613 3051 844 3122 ἀποχὴν,
881 3051 1113 3124 μερικὴν
1163 3050 1316 3123 δηλοί
1347 3051 1447 3123 τὴν
1467 3050 1768 3122 ἀφιέρωσιν

1919 3047 2306 3116 praedictarum
2340 3045 2649 3101 retentione
2677 3049 2948 3116 separatis
2977 3051 3346 3119 temporibus,
3372 3067 3498 3124 par-

233 3147 300 3198 τὸ
326 3145 380 3198 δὲ
402 3141 714 3204 διαπαντὸς.
743 3139 1059 3210 καθολικὴν.
1092 3141 1273 3210 Ὅπερ
1319 3141 1489 3205 ὅντως
1515 3142 1608 3194 καὶ
1637 3141 1815 3211 μεγά-

1919 3137 2215 3191 ticularem
2250 3135 2748 3191 sanctiﬁcationem
2775 3152 2955 3216 aquae
2989 3147 3172 3194 autem
3205 3157 3301 3210 per
3334 3158 3498 3200 omne

235 3235 338 3305 λην
361 3235 581 3305 νοητὲον
629 3231 818 3304 εὐχὴν,
853 3231 1102 3296 ἐντελοῦς
1153 3233 1430 3296 πολιτείας
1461 3229 1815 3300 δικαιοσύνην

1919 3243 2094 3283 aevum
2133 3227 2292 3291 ﬁunt,
2319 3229 2690 3282 universalem
2717 3238 3124 3298 representant.
3144 3233 3322 3302 Atque
3359 3234 3503 3291 illud

237 3328 636 3398 σημαίνουσαν.

1919 3319 2144 3390 quidem
2207 3319 2262 3372 in
2305 3334 2502 3388 magno
2549 3306 2696 3374 vera:
2747 3334 2811 3373 ac
2873 3319 3128 3390 perfecta:
3178 3321 3499 3394 reipublicae

1920 3419 2049 3466 voto
2071 3411 2520 3481 justiﬁcationem
2553 3407 2904 3480 signiﬁcante
2935 3415 3426 3471 considerandum.

311 3553 380 3606 Et
412 3549 524 3604 hac
551 3548 762 3620 quidem
798 3547 884 3602 (ea:
904 3555 982 3602 eat
1013 3546 1130 3615 ejus
1163 3547 1256 3616 qui
1306 3555 1483 3600 uotum
1531 3547 1704 3616 fecit;
1748 3565 2059 3619 quacunque
2086 3549 2171 3604 die
2203 3549 2310 3603 voti
2341 3550 2430 3602 sui
2461 3550 2695 3619 spatium
2728 3549 3038 3618 expletura:
3065 3552 3161 3606 sit.
3199 3551 3343 3626 [21.]
3376 3555 3500 3610 Pri-

236 3651 334 3694 ma
366 3636 576 3689 ratione
603 3647 763 3687 coma
813 3647 1018 3687 crassae
1071 3633 1207 3702 legis
1260 3633 1536 3701 deposita,
1589 3632 1911 3704 Christique
1964 3651 2136 3706 regno
2169 3639 2222 3690 in
2259 3651 2319 3692 se
2360 3636 2617 3699 dilatato,
2675 3651 2839 3690 omne
2863 3626 3010 3707 quod
3041 3639 3096 3693 in
3125 3655 3184 3696 se
3223 3640 3494 3710 reliquum

239 3723 359 3776 Deo
388 3721 446 3773 in
473 3717 700 3774 odorem
747 3717 1064 3787 fragrantia:
1095 3718 1422 3772 immolabit.
1453 3719 1532 3772 Ac
1561 3721 1688 3788 agni
1738 3723 1960 3790 quidem
2004 3725 2226 3782 nomine
2273 3725 2329 3778 in
2369 3724 2580 3778 Christi
2633 3724 2948 3789 infantiam,
2983 3725 3036 3780 id
3067 3735 3151 3781 est
3201 3728 3370 3782 animi
3409 3730 3498 3781 in-

242 3807 560 3877 tegrilatetn
593 3819 622 3860 a
648 3802 886 3858 Domino
913 3818 1236 3859 concessam
1263 3805 1476 3859 offeret.
1515 3804 1795 3870 Quantum
1837 3810 1983 3864 enim
2032 3812 2098 3865 ad
2133 3812 2397 3865 malitiam
2433 3813 2632 3868 attinet
2671 3813 2968 3882 pueritiam
3003 3829 3116 3883 prae
3139 3815 3297 3869 vobis
3334 3814 3494 3882 ferte,

241 3891 448 3962 inquit,
483 3899 752 3960 qttautum
783 3889 850 3943 ad
883 3891 1150 3952 animum,
1186 3892 1254 3944 ad
1278 3889 1672 3960 perfectionem
1719 3894 2292 3963 aspirate,.Cmterum
2324 3913 2461 3967 agna
2492 3899 2760 3969 peccandi
2797 3901 3165 3954 temeritatem
3196 3901 3498 3957 inﬁrmita-

241 3989 465 4046 temque
489 3992 624 4032 sexu
648 3991 751 4032 suo
779 3984 835 4030 et
871 3983 1031 4030 aetate
1054 3985 1457 4046 repraesentat:
1507 3983 1868 4047 quantumvis
1928 3983 2074 4037 enim
2123 3993 2379 4040 sanctum
2425 3983 2535 4039 Deo
2570 4001 2628 4040 se
2665 4001 2976 4055 proponere
3004 3995 3238 4042 conetur
3271 3989 3495 4058 aliquis,

241 4064 456 4136 peccati
485 4072 668 4118 tamen
705 4069 910 4118 sortem
941 4063 1118 4116 vitare
1160 4071 1389 4133 propter
1443 4063 1876 4122 imbecillitatem
1916 4077 2129 4124 natura:
2180 4070 2560 4140 conjunctani,
2597 4081 2806 4141 tteqtttt.
2846 4073 2959 4128 Has
2997 4073 3141 4126 enim
3176 4075 3382 4144 primas
3414 4092 3498 4132 so-

244 4155 334 4210 lus
366 4153 531 4208 habet
552 4150 833 4216 Christus,
869 4149 962 4219 qui
993 4150 1128 4204 dicit
1163 4167 1176 4204 :
1214 4169 1233 4201 ι
1271 4151 1538 4220 Princeps
1571 4153 1740 4219 hujus
1775 4154 1960 4210 mundi
2004 4157 2174 4221 venit,
2216 4174 2319 4212 nec.
2347 4160 2647 4228 quidquam
2693 4161 2746 4212 in
2782 4175 2868 4212 me.
2897 4160 3143 4216 inveniet
3171 4161 3238 4217 ⁵ο.
3271 4181 3290 4212 ι
3323 4161 3498 4217 Ιιιΐρισο

247 4241 477 4297 rnentati
519 4255 650 4296 vero
688 4239 849 4310 panis
903 4238 1127 4292 nomine
1165 4239 1561 4309 sinceritatem
1601 4240 1815 4306 oﬂeret,
1861 4251 2022 4300 vet-us
2061 4247 2211 4298 enim
2261 4249 2590 4314 expttrgabit
2635 4245 2991 4307 fermentum.
3045 4255 3101 4301 et
3145 4263 3308 4314 nova,
3336 4251 3495 4318 juxta

247 4330 402 4384 Pauli
437 4331 773 4385 sententiam
803 4328 874 4394 “,
906 4330 998 4382 ﬁet
1025 4331 1350 4400 conspersio
1377 4347 1391 4395 ;
1421 4331 1599 4400 Iagani
1632 4347 1764 4386 vero
1789 4347 1914 4388 cum
1950 4333 2110 4387 melle
2159 4332 2374 4386 subacti
2407 4333 2630 4388 nomine
2668 4332 3092 4388 delectationem
3128 4335 3254 4390 vitae
3289 4339 3496 4406 sempi-

249 4426 438 4473 ternae.
471 4416 538 4470 Et
565 4417 678 4470 haec
703 4431 838 4471 sane
860 4415 1157 4472 'otferimus
1211 4431 1277 4470 ex
1309 4417 1669 4474 miseratione
1725 4435 1892 4488 quam
1939 4419 2083 4488 apud
2131 4419 2413 4474 Christum
2449 4418 2734 4474 consecuti
2766 4435 2996 4486 sumus;
3024 4413 3313 4486 jnstilicati
3348 4425 3494 4476 enim

249 4520 362 4558 non
396 4519 493 4573 per
512 4502 790 4572 justitiam
814 4516 1041 4572 operum
1079 4519 1296 4568 sumus,
1353 4503 1450 4560 sed
1491 4521 1588 4574 per
1619 4507 1944 4562 immensam
1990 4506 2112 4574 ejus
2145 4506 2703 4567 miserationem":id
2726 4507 2872 4576 quod
2911 4507 3033 4562 oleo
3071 4525 3288 4578 quoque
3322 4512 3495 4579 signi-

251 4589 468 4652 ﬁcatur,
499 4591 642 4644 sicut
667 4589 832 4642 etiam
861 4597 1212 4656 peccatorum
1245 4591 1520 4646 sublatio:
1561 4609 1672 4648 non
1717 4595 1864 4648 enim
1899 4593 1966 4648 ad
2017 4593 2269 4648 victimas
2315 4609 2417 4664 pro
2452 4595 2694 4662 peccatis
2743 4595 2934 4648 datum
2966 4602 3050 4648 est
3079 4596 3284 4651 oleum.
3317 4596 3495 4650 Chri-

249 4685 340 4732 Sto
373 4675 543 4746 388
573 4684 754 4730 autem
788 4688 886 4744 pro
918 4675 1028 4730 illis
1062 4692 1370 4746 eorumque
1400 4679 1470 4733 ad
1502 4688 1710 4748 patrem
1746 4697 1938 4751 preces
1965 4681 2264 4745 deferente,
2319 4689 2670 4750 peccatorum
2717 4681 3100 4736 remissionem
3134 4683 3430 4752 impetrant
3456 4687 3494 4740 ii

249 4767 350 4832 qui
382 4772 616 4818 tuentem
647 4775 804 4815 suam
837 4761 890 4814 in
917 4762 1142 4816 odorem
1175 4764 1496 4832 fragrantia:
1543 4769 1876 4834 sacrificant,
1927 4784 2051 4824 cum
2099 4767 2307 4822 mundo
2351 4769 2491 4822 nihil
2533 4769 2851 4823 commercii
2891 4768 3125 4834 faciunt,
3162 4778 3212 4823 et
3255 4786 3354 4840 pro
3393 4787 3496 4827 sua

251 4849 440 4908 salute
464 4847 762 4916 gratiarum
793 4849 1042 4904 actiones
1073 4849 1334 4906 oﬁ‘erunt.
1383 4853 1480 4908 ille
1519 4869 1736 4924 quoque
1787 4857 1881 4926 qui
1913 4865 2098 4921 votum
2129 4845 2494 4924 nuncupavit,
2535 4863 2700 4924 caput
2734 4870 2875 4924 pone
2906 4856 3108 4910 ostium
3143 4859 3365 4910 tentorii
3398 4859 3497 4914 de-

249 4933 522 4996 nudatur,
559 4934 851 5006 capillique
878 4935 998 5006 ejus
1024 4935 1080 4990 in
1113 4938 1260 5006 igne,
1292 4940 1386 5009 qui
1415 4939 1592 4995 Deum
1627 4942 1729 4996 ista
1771 4945 2086 5013 suscepisse
2118 4944 2328 4997 indicio
2359 4953 2462 5005 est,
2491 4951 2934 5007 consecrantur;
2965 4943 3061 5012 qui
3093 4945 3313 5012 quidem
3343 4943 3513 5013 Scrio_

252 5033 394 5079 turre
422 5031 698 5084 naturam,
737 5032 960 5092 propter
1003 5023 1272 5079 inﬁnitam
1329 5027 1452 5094 ejus
1499 5030 1800 5098 potentiam
1847 5039 2248 5100 repraesentat;
2284 5044 2348 5084 ea
2376 5028 2640 5083 nimirum
2675 5027 2890 5086 ratione
2912 5044 3021 5095 qua
3054 5027 3198 5084 Deus
3223 5039 3413 5084 noster
3433 5045 3496 5087 se

252 5111 436 5182 ignem
493 5123 745 5164 voracem
799 5110 1059 5179 appellat.
1119 5112 1296 5168 Aliter
1353 5129 1476 5168 cum
1539 5119 1753 5172 scelere
1801 5117 1986 5186 aliquo
2029 5116 2239 5185 polluto
2291 5115 2479 5176 habet,
2513 5113 2730 5181 alioque
2767 5112 3004 5182 capillos
3039 5115 3300 5170 tondendi
3330 5117 3494 5172 modo

252 5198 467 5262 utitur;
521 5213 645 5252 nam
700 5213 827 5253 cum
861 5199 941 5252 illi
988 5199 1135 5254 rasio
1179 5199 1422 5256 dedecus
1453 5201 1672 5267 afferat,
1701 5204 1832 5259 huic
1861 5205 1955 5275 qui
2000 5203 2110 5258 Dco
2135 5218 2292 5258 suam
2323 5203 2491 5256 vitam
2541 5200 2784 5264 dedicat,
2834 5201 3064 5270 gloriam
3120 5203 3492 5278 admiqjstrat.

252 5285 414 5342 Nulla
445 5285 588 5356 enim
617 5283 839 5339 nuditas
896 5299 994 5339 nec
1032 5287 1319 5356 turpitudo
1367 5288 1421 5341 in
1469 5291 1646 5362 capite
1677 5292 1897 5355 mentis,
1945 5287 2408 5360 quemadmodum
2441 5289 2494 5342 in
2527 5287 2783 5343 tonsione
2805 5290 3078 5360 corporali
3111 5291 3192 5354 ﬁt,
3227 5279 3498 5362 reliitqui-

195 5391 206 5402 ι
252 5383 364 5426 tur.
394 5370 535 5436 Quin
574 5379 629 5423 et
660 5370 785 5422 talis
837 5371 945 5422 vita
980 5384 1087 5424 non
1141 5373 1322 5428 minus
1360 5375 1428 5428 ad
1477 5374 1624 5432 fores
1675 5379 1764 5432 Dei
1821 5377 2066 5433 adducit.
2109 5376 2165 5431 In
2217 5377 2480 5430 Sanctum
2503 5375 2710 5446 quippe
2739 5385 3056 5433 sanctorum
3091 5379 3244 5434 solus
3272 5380 3494 5434 adducit

247 5458 505 5514 Christus
532 5471 628 5510 eos
680 5455 776 5526 qui
817 5469 940 5509 cum
996 5467 1224 5526 peccato
1271 5459 1421 5515 domi
1462 5473 1590 5516 sunt
1615 5465 1765 5527 nati;
1787 5465 1879 5535 qui
1915 5478 2310 5536 praecursorem
2348 5477 2517 5532 agens
2551 5475 2822 5530 nosmnn,
2862 5467 3148 5536 ingressus
3179 5478 3286 5532 est,
3317 5467 3494 5521 viam-

320 5632 363 5665 "
385 5631 759 5700 Ezecimunt,
793 5635 878 5689 l2.
954 5637 996 5668 ³⁸
1027 5637 1436 5706 Exod.xxtv,3.
1515 5645 1558 5677 ³⁸
1588 5642 1826 5716 Philipp.
1859 5661 1917 5701 ιιι

1888 5646 2020 5712 ιι,’7.
2097 5645 2545 5718 "°Joan.xtv,30.
2607 5645 3006 5712 “lCor.v,7.
3086 5631 3487 5706 ηιιτιιιι.ἰ.ε›.
