4050 6212
607 218 709 279 807
1915 208 2186 270 PROCOI

2316 208 2562 277 ΟΑΖΔΞΙ
3326 228 3333 233 ·
3738 208 3860 273 808

604 342 710 399 que
736 327 1053 398 pradictam
1088 325 1248 382 nobis
1293 328 1509 382 stravit.
1548 326 1817 383 Caeterum
1853 326 2073 385 Domini
2104 327 2396 385 brachium
2435 328 2666 400 ﬁguram
2711 328 2948 393 roboris,
2977 335 3067 383 aut
3104 336 3246 383 certe
3273 326 3542 382 virtutum
3575 325 3697 396 ejus
3718 342 3837 381 con

605 418 761 472 tinet.
793 416 955 472 Panis
1001 431 1131 470 vero
1185 414 1607 470 iui‘ermentutus
1669 415 1791 471 vita:
1842 431 2072 477 serenae.
2129 414 2285 484 cujus
2341 417 2663 472 amabilitas
2716 417 3073 487 suavitasque
3142 417 3337 485 lagano
3375 422 3757 486 comparatur.
3796 415 3863 469 At

606 504 864 558 sacerdos
905 501 1287 563 intermedius,
1320 501 1549 557 Christi.
1603 502 1683 556 Ac
1732 502 1848 557 haec
1897 502 2115 571 quidem
2152 503 2247 571 qui
2300 507 2726 559 sanctimoniam
2764 507 2863 561 rite
2906 504 3162 567 coluerit,
3199 519 3298 558 ceu
3332 503 3570 574 propriis
3599 502 3862 557 manibus

606 587 718 641 Deo
753 604 847 657 per
879 588 1162 642 Christum
1200 588 1557 641 mediatorem
1611 587 1789 643 oli'ert.
1850 588 1902 643 Is
1935 604 2066 641 vero
2120 589 2175 641 in
2229 588 2495 645 honorem
2532 591 2814 647 offerentis
2844 608 2874 647 e
2908 608 3071 646 manu
3108 599 3369 660 tanquam
3408 593 3461 645 in
3493 606 3720 644 manum
3760 606 3857 643 ex-

607 677 735 745 cipit
768 676 930 728 dona.
960 675 1163 728 Armus
1199 674 1381 743 itaque
1433 674 1754 742 potentiam,
1803 681 1899 726 aut
1930 689 2096 743 opera
2140 690 2264 743 quae
2299 692 2364 730 ex
2401 692 2463 731 ea
2498 677 2696 741 ﬁuunt,
2742 678 2991 733 denotat.
3026 678 3407 733 Pectuscnlum
3437 692 3568 731 vero
3610 687 3857 730 mentem

606 779 727 833 qua:
758 776 900 814 nunc
933 761 1173 831 pectoris
1231 762 1476 822 nomine,
1520 776 1665 815 nunc
1714 761 1918 829 capitis
1962 772 2262 829 usurpatur
2317 764 2367 815 in
2399 762 2712 832 Scriptura.
2761 763 2908 818 Nihil
2941 763 3090 819 enim
3122 778 3151 815 a
3184 763 3392 817 sanctis
3426 770 3572 816 recte
3607 761 3689 822 ﬁt,
3745 763 3855 814 vir-

607 855 723 903 tute
754 849 1040 916 spiritnale
1073 862 1364 917 menteque
1408 848 1546 901 bona
1577 847 1790 916 absque
1817 862 1831 900 :
1871 861 1900 900 a
1933 862 2040 914 qua
2073 863 2209 903 sane
2259 864 2475 903 morum
2508 851 2839 905 cruditatem
2873 849 3278 919 feritatemqne,
3307 849 3412 903 hoc
3444 847 3587 918 quod
3625 863 3853 902 armum

608 935 833 989 mandat
857 950 980 989 esse
1010 942 1251 997 coctum,
1294 944 1553 987 removet.
1601 931 1738 986 Nam
1777 934 2010 989 virtutes
2042 949 2233 988 eorum
2264 949 2405 1003 quas
2458 936 2569 991 Deo
2602 938 2863 999 oﬂernnt,
2888 937 3047 991 bona:
3082 938 3352 1004 lautaeque
3383 936 3575 1001 utique
3604 949 3736 990 esse
3766 936 3854 989 de.

609 1030 774 1086 nent;
809 1021 963 1089 juxta
1011 1019 1141 1073 illud
1177 1018 1322 1088 quod
1364 1036 1393 1071 ει
1420 1019 1645 1073 Christo
1679 1018 1978 1074 audierunt
2027 1020 2289 1091 discipuli
2320 1041 2332 1075 :
2389 1040 2407 1073 ι
2447 1024 2628 1077 Alium
2657 1023 2841 1078 cibum
2873 1023 3272 1077 comedendum
3303 1023 3498 1085 habeo,
3531 1022 3689 1077 vobis
3724 1024 3853 1091 qui-

607 1109 728 1162 dem
759 1108 1100 1177 incognitum
1133 1108 1195 1161 ³⁸.
1231 1127 1249 1157 ι
1291 1108 1362 1159 Ac
1404 1106 1717 1174 hujusmodi
1754 1107 1808 1160 in
1842 1107 1964 1160 loco
2011 1106 2079 1161 de
2112 1108 2375 1163 carnibus
2420 1107 2631 1164 Pascha
2663 1123 2881 1180 quoque
2906 1108 3114 1162 dictum
3140 1116 3258 1163 est:
3292 1126 3310 1158 ι
3350 1107 3425 1161 Ne
3453 1109 3765 1161 romedatis
3799 1109 3854 1163 de

604 1196 690 1249 cis
717 1194 874 1247 crudi
908 1194 1228 1262 quidquam.
1265 1211 1282 1243 ι
1317 1193 1602 1261 Frequens
1632 1194 1821 1261 itaque
1850 1199 1906 1247 et
1948 1202 2181 1248 exactus
2207 1193 2495 1263 inquinato
2545 1194 2829 1250 faciendus
2864 1208 2947 1249 est
2984 1195 3211 1258 reditus,
3249 1204 3307 1247 ut
3361 1210 3420 1249 se
3453 1203 3624 1247 totum
3655 1193 3857 1249 oﬂ‘erat

605 1282 839 1347 scilicet,
873 1289 931 1332 ut
961 1295 1057 1348 pro
1088 1280 1296 1333 delicto
1346 1281 1561 1332 veniam
1613 1279 1968 1349 deprecetur,
2021 1290 2082 1333 ut
2130 1282 2433 1350 gratiarum
2490 1283 2763 1336 actionem
2813 1281 3107 1346 sacriﬁcet,
3150 1295 3180 1334 a
3204 1280 3332 1334 cibo
3361 1295 3472 1348 quo
3509 1280 3784 1344 vescitur,
3814 1294 3858 1336 et

604 1376 738 1436 potu
770 1382 879 1435 quo
908 1374 1152 1434 potatur,
1187 1380 1217 1419 a
1257 1365 1366 1418 vita
1394 1363 1635 1434 denique
1664 1380 1832 1433 quam
1866 1367 1957 1418 illa
1992 1365 2249 1428 innuunt,
2290 1368 2506 1421 initium
2555 1367 2850 1423 faciendo:
2902 1367 2980 1422 Ne
3005 1368 3178 1438 gloria
3207 1383 3270 1423 ea
3304 1384 3430 1438 quae
3456 1369 3856 1424 sanctiﬁcatio-

605 1469 727 1509 nem
772 1461 975 1516 manet,
1010 1461 1276 1521 perpetuo
1305 1460 1517 1518 careat,
1549 1450 1644 1506 sed
1677 1453 1905 1506 omnino
1940 1448 2292 1522 repurgatus,
2340 1452 2540 1519 impuri
2570 1459 2624 1505 et
2654 1449 2925 1520 impolluti
2963 1450 3209 1504 habitum
3247 1460 3516 1505 transeat.

671 1563 941 1616 Caeterum
1010 1560 1271 1629 ἐπίθεμα,
1338 1559 1392 1613 id
1449 1568 1535 1615 est
1601 1561 1884 1628 apparitio,
1944 1559 2170 1625 dicitur,

2360 1565 2637 1634 Ἐπίθεμα
2666 1564 2903 1631 λέγεται,
2929 1565 3089 1634 ἡνίκα
3134 1563 3193 1616 τὸ
3222 1565 3583 1634 προσενεχθὲν
3606 1565 3857 1633 ἐπιτεθῇ

604 1655 825 1724 quando
867 1653 1078 1705 oblatio
1127 1666 1295 1719 super
1343 1649 1503 1711 altari
1542 1648 1710 1703 fuerit
1743 1650 1941 1719 posita.
1980 1651 2179 1718 Ἀφαία-

2281 1652 2356 1723 τῷ
2386 1653 2756 1723 θυσιαστηρίῳ
2777 1666 2790 1680 ·
2814 1653 3111 1721 ἀφαίρεμα
3132 1650 3223 1715 δὲ,
3252 1653 3382 1705 ὅταν
3403 1653 3511 1706 ἀπὸ
3536 1654 3627 1705 τοῦ
3655 1654 3857 1707 spesv-

605 1762 750 1818 ρεμα
786 1744 863 1806 δέ,
894 1743 946 1797 id
973 1754 1079 1804 est,
1109 1740 1339 1806 ablatio,
1370 1740 1591 1812 quando
1634 1740 1704 1793 ab
1750 1756 1814 1794 eo
1843 1740 1988 1810 quod
2029 1740 2181 1809 posi-

2281 1763 2389 1809 τος,
2423 1745 2455 1817 ῆ
2488 1745 2852 1815 ζυμωθέντος,
2884 1744 2918 1815 ἢ
2952 1743 3195 1798 τοιούτου
3227 1745 3372 1807 τινος
3410 1746 3709 1821 ἀφαιρεθῇ.

603 1848 716 1891 ιιιιιι
747 1848 853 1901 est,
901 1844 994 1889 aut
1031 1833 1444 1900 fermentatum,
1489 1841 1584 1886 aut
1620 1831 1936 1902 hujusmodi
1967 1833 2176 1902 aliquid

602 1927 874 1981 aufertur.

676 2016 743 2071 Et
773 2017 1041 2079 imponent
1076 2029 1264 2068 nomen
1298 2028 1470 2067 meum
1515 2027 1674 2079 super
1708 2011 1851 2080 ﬁlios
1896 2007 2094 2075 Israel,
2122 2022 2173 2065 et

562 2123 694 2183 (ego
750 2106 1004 2159 Dominus
1045 2104 1226 2172 felices
1265 2100 1624 2172 pronuntiabo
1651 2118 1760 2156 eos.
1805 2100 1949 2174 [νὴ]
1984 2102 2170 2169 Vides,

602 2213 670 2251 ne
699 2196 845 2267 quod
894 2210 1095 2249 nomen
1151 2193 1367 2247 Domini
1423 2208 1529 2247 non
1563 2208 1626 2247 os
1650 2194 1961 2262 precantis.
1995 2194 2177 2250 bonas

601 2289 1027 2358 imprecationes
1057 2287 1382 2340 conﬁrmat?
1417 2284 1688 2353 Quocirca
1717 2295 1833 2339 rata
1864 2287 2032 2340 etiam
2064 2288 2173 2341 erit

603 2380 743 2449 apud
785 2383 1032 2447 eumqui
1069 2377 1174 2432 ﬁde
1211 2376 1713 2447 comprehenderit,
1749 2376 2076 2446 imprecatio
2109 2391 2173 2431 ea

600 2485 725 2539 qua:
765 2484 794 2523 a
823 2477 1110 2537 peccatore
1152 2468 1316 2522 fuerit
1345 2469 1653 2523 enuntiata.
1693 2466 2173 2534 Quemadmodum

600 2555 842 2611 Balaami
883 2555 929 2588 “
958 2556 1092 2610 bene
1145 2556 1424 2624 precantis
1459 2555 1513 2609 in
1568 2557 1793 2609 nomine
1844 2551 2062 2610 Domini
2089 2554 2174 2607 vi-

598 2649 800 2704 delicet
834 2648 1159 2717 imprecatio
1193 2647 1335 2717 apud
1386 2646 1586 2716 dignos
1617 2654 1733 2701 erat
1757 2645 1968 2701 efﬁcax.
2003 2646 2175 2701 Trina

600 2755 732 2794 vero
786 2739 925 2793 bene
976 2737 1236 2808 precandi
1286 2738 1566 2807 repetitio,
1618 2752 1724 2808 qua
1776 2738 1994 2807 Balaam
2030 2751 2175 2808 quo-

594 2844 703 2900 que
734 2844 869 2883 usus
898 2828 1077 2881 fuerat
1131 2836 1380 2881 sanctam
1426 2826 1752 2883 Trinitatem
1798 2822 2063 2882 insinuat.

672 2938 786 2993 Deo
816 2947 998 2993 autem
1046 2937 1170 3005 jure
1198 2939 1409 3006 optimo
1453 2954 1617 2993 omne
1669 2938 2076 2994 benedictionis
2127 2938 2384 2993 meritum
2416 2943 2607 3005 utpote
2635 2947 2665 2988 a
2697 2946 2807 3002 quo
2836 2929 3208 3003 proﬁciscitur
3236 2931 3416 2987 omnis
3447 2933 3587 2987 bona
3622 2934 3848 2987 collatio

602 3041 873 3093 omneque
897 3040 1099 3078 munus
1136 3025 1449 3077 absolutum
1500 3031 1787 3094 acceptum
1832 3024 2130 3080 referetur.
2185 3026 2453 3079 Craterum
2487 3021 2743 3077 Christus
2796 3018 3203 3075 benedictionis
3231 3018 3318 3072 via
3361 3028 3466 3084 est;
3499 3021 3553 3073 in
3580 3035 3693 3089 quo
3723 3036 3849 3092 per-

601 3126 711 3180 que
737 3126 897 3179 quem
933 3125 962 3162 a
1001 3110 1109 3164 Deo
1135 3110 1297 3164 Patre
1325 3110 1506 3162 omnia
1536 3110 1676 3163 bona
1708 3112 1870 3166 nobis
1914 3112 2240 3167 ohveniuul.
2293 3110 2645 3179 Quapropter
2699 3106 2907 3162 Paulus
2935 3121 3157 3176 quoque
3180 3106 3294 3160 ait:
3333 3125 3352 3157 ι
3383 3104 3572 3161 Gratia
3608 3109 3770 3161 vobis
3799 3118 3849 3163 et

605 3215 711 3268 pax
738 3197 1043 3264 contingat,
1078 3212 1109 3250 a
1139 3197 1248 3251 Deo
1277 3199 1436 3251 l'atre
1479 3210 1534 3252 et
1572 3197 1803 3253 Domino
1831 3198 1962 3254 .iesu
1991 3199 2215 3254 Christo
2244 3200 2312 3252 “.
2349 3216 2367 3248 ι
2404 3195 2609 3249 Eodem
2651 3194 2815 3247 etiam
2844 3193 2928 3246 lex
2964 3192 3186 3261 respicit
3216 3206 3339 3246 cum
3367 3192 3545 3261 inquit
3569 3212 3595 3273 ε,
3623 3212 3641 3245 ι
3678 3193 3845 3249 Dene-

604 3285 751 3339 dicat
780 3283 877 3337 tibi
911 3282 1177 3336 Dominus
1209 3298 1272 3336 ac
1295 3291 1348 3336 te
1371 3284 1648 3338 custodiat
1676 3285 1742 3341 ⁸⁶.
1774 3304 1793 3337 ι
1833 3285 2123 3351 Quomodo
2156 3288 2301 3342 enim
2331 3281 2639 3337 benedictio
2686 3294 2789 3333 nos
2819 3279 3105 3333 custodit?
3155 3278 3385 3345 Quando
3412 3281 3844 3336 exsecrationem

607 3371 890 3434 rescindit,
923 3386 1098 3440 exque
1128 3372 1513 3440 peccatoribus
1551 3372 1919 3443 inculpabiles
1951 3390 2052 3428 nos
2087 3374 2269 3429 ellicit.
2300 3372 2434 3426 Cum
2487 3385 2597 3437 quo
2629 3383 2853 3422 rursum
2893 3367 3028 3421 illud
3059 3367 3207 3437 quod
3240 3367 3443 3423 Paulus
3478 3370 3680 3439 inquit,
3712 3386 3842 3425 con-

606 3462 811 3517 sentit:
857 3479 875 3511 ι
912 3459 1386 3525 Quemadmodum
1415 3474 1515 3515 nos
1548 3462 1698 3516 omni
1750 3462 2157 3517 benedictionis
2207 3458 2518 3530 spiritualis
2567 3470 2765 3527 genere
2802 3455 3183 3525 locupletavit,
3221 3450 3283 3510 ui
3313 3459 3491 3512 sancti
3521 3466 3575 3511 et
3611 3458 3841 3527 irrepre-

607 3534 909 3602 hensihiles
944 3561 1193 3621 essemus
1223 3561 1410 3600 coram
1443 3548 1564 3617 ipso
1594 3549 1660 3603 ιτ.
1715 3566 1735 3601 ι
1774 3549 2086 3606 Ostentatio
2107 3549 2236 3603 v'ero
2261 3548 2468 3610 vultus,
2490 3543 2581 3598 Dei
2617 3542 2866 3611 cognitio
2903 3551 3010 3596 est.
3050 3540 3176 3596 [iam
3207 3544 3355 3596 enim
3391 3560 3405 3596 ε
3434 3560 3453 3593 ι
3488 3544 3615 3599 Vita
3644 3556 3836 3599 aeterna

602 3645 710 3698 est,
744 3634 944 3703 inquit,
971 3642 1028 3686 ut
1058 3641 1110 3686 te
1142 3643 1452 3703 agnoscant
1511 3634 1689 3689 solum
1751 3651 1939 3690 verum
1999 3636 2191 3702 Deum,
2219 3647 2273 3691 et
2305 3648 2467 3704 quem
2517 3630 2716 3685 misisti
2747 3627 2936 3683 Jesum
2966 3628 3248 3684 Christum
3281 3629 3346 3684 “.
3387 3647 3406 3680 ι
3448 3628 3634 3700 imago
3666 3641 3834 3686 autem

602 3728 657 3776 et
687 3722 871 3776 vultus
900 3719 1084 3775 Patris
1114 3717 1288 3775 Filius
1315 3730 1400 3776 est
1447 3737 1541 3790 per
1581 3738 1742 3792 quem
1792 3723 2012 3778 Patrem
2068 3724 2459 3793 agnoscimus.
2505 3716 2678 3785 Quem
2715 3732 2847 3773 sane
2870 3718 3126 3772 homines
3169 3718 3224 3772 in
3253 3717 3370 3788 lege
3402 3720 3691 3774 constituti
3721 3734 3835 3773 cunt

602 3811 807 3873 videre,
840 3817 892 3864 et
951 3824 979 3862 a
1015 3809 1149 3879 legis
1199 3825 1371 3864 onere
1425 3811 1652 3865 liberari
1700 3800 1988 3883 cuperent,
2041 3811 2304 3866 dixerunt
2338 3824 2352 3862 :
2389 3824 2408 3858 ι
2441 3805 2803 3874 Omnipotens
2844 3803 3011 3867 Deus,
3040 3814 3302 3858 converte
3348 3819 3471 3870 nos,
3532 3814 3591 3860 et
3632 3809 3832 3859 vultum

601 3904 757 3950 tuum
799 3894 1029 3950 ostende
1058 3896 1217 3950 nobis
1256 3896 1300 3929 δ’
1336 3913 1351 3961 ;
1387 3915 1406 3948 ι
1448 3898 1618 3969 389
1646 3899 1720 3954 ita
1749 3902 1897 3954 enim
1937 3899 2028 3954 ﬁet
2058 3908 2115 3954 ut
2150 3897 2332 3953 salvos
2373 3908 2475 3947 nos
2506 3907 2630 3946 esse
2652 3890 2989 3959 judicemns.
3022 3888 3341 3944 Caeterumc
3376 3889 3625 3947 Elevatio
3656 3893 3832 3946 vultu.-

604 3982 724 4043 Dei,
748 4001 767 4033 ι
805 3998 990 4052 pacem
1017 3982 1379 4053 quam,nobis
1409 3985 1637 4040 donavit
1660 3986 1885 4052 indicat,
1923 3986 1992 4041 de
2019 4000 2126 4055 qua
2154 3982 2406 4038 Christus
2430 3977 2564 4032 dicit
2589 3995 2602 4030 :
2639 3994 2659 4027 ι
2689 3976 2888 4030 Pacem
2919 3989 3097 4031 meam
3123 3977 3353 4031 confero
3382 3978 3537 4031 vobis
3565 3978 3637 4031 “.
3668 3998 3688 4031 ι
3709 3977 3832 4032 Cum

601 4072 748 4126 enim
781 4068 977 4124 Filium
1012 4071 1065 4123 in
1098 4071 1267 4125 altum
1299 4072 1579 4127 evexisset
1637 4072 1821 4137 Pater,
1878 4075 2229 4141 dedissetqne
2282 4079 2484 4120 nomen
2545 4063 2596 4118 ei
2643 4061 2791 4132 quod
2831 4076 2997 4116 omne
3032 4075 3233 4116 nomen
3295 4070 3624 4132 ευρεηνθιι
3686 4064 3833 4133 eiii”

604 4152 744 4207 Sede
783 4167 811 4203 a
849 4152 1059 4206 dextris
1109 4152 1245 4207 meis
1273 4152 1481 4208 diceret
1512 4155 1556 4186 ἰ
1587 4172 1601 4220 ;
1636 4164 1769 4210 tunc
1805 4170 1938 4211 sane
1968 4155 2096 4210 odio
2128 4171 2242 4226 quo
2294 4154 2362 4209 ab
2410 4168 2477 4208 eo
2519 4151 2927 4208 dissidebamus
2974 4149 3267 4215 dissoluto,
3319 4149 3374 4204 in
3405 4151 3832 4219 divina;natur:e

604 4255 794 4311 parem
827 4240 1064 4310 copulati
1122 4255 1337 4300 sumus.
1391 4242 1664 4313 nobisque
1702 4258 1829 4297 cum
1863 4243 1975 4297 Deo
2007 4243 2321 4299 intercessit
2373 4240 2826 4296 communicatio.
2874 4256 2893 4291 ι
2943 4236 3082 4292 Volo
3115 4239 3286 4302 enim,
3315 4240 3515 4309 inquit,
3565 4248 3624 4293 nt
3653 4254 3829 4308 queui-

604 4326 896 4381 admodum
931 4341 1031 4396 ego
1054 4333 1108 4379 et
1142 4334 1197 4379 tu
1231 4342 1400 4379 unum
1448 4342 1666 4390 sumus,
1708 4329 1790 4383 sic
1826 4328 1881 4382 in
1924 4330 2087 4385 nobis
2117 4346 2286 4385 ιιιιιιιιι
2327 4330 2601 4385 exsistant
2634 4330 2702 4383 ".
2740 4345 2759 4377 ι
2790 4323 2971 4381 Unum
3006 4326 3155 4379 enim
3188 4340 3391 4394 corpus
3418 4326 3473 4379 in
3503 4326 3725 4382 Christo
3747 4341 3828 4380 su-

605 4430 751 4474 mus,
784 4415 991 4483 quique
1024 4420 1167 4467 cum‘
1196 4412 1431 4467 Domino
1471 4415 1890 4484 conglutinatus
1937 4428 1990 4471 et
2035 4418 2368 4487 conjunctus
2402 4457 2418 4483 ,
2472 4433 2618 4472 unus
2666 4430 2793 4471 cum
2827 4430 2892 4470 eo
2925 4415 3157 4485 spiritus
3201 4423 3313 4470 est.
3352 4414 3623 4481 Quocirca
3657 4416 3826 4471 ethoc

604 4500 741 4552 dixit
779 4516 792 4552 :
833 4515 851 4547 ι
896 4496 953 4551 Si
985 4514 1012 4549 a
1051 4505 1199 4549 terra
1233 4497 1286 4550 iu
1320 4500 1488 4552 altum
1521 4501 1826 4557 translatus
1856 4500 2033 4567 fuero,
2063 4520 2254 4562 omnes
2284 4522 2391 4562 una
2432 4522 2646 4561 mecum
2694 4504 2911 4559 traham
2965 4504 3031 4559 ³³.
3079 4523 3098 4557 ι
3133 4502 3256 4574 Ipse
3282 4506 3431 4560 enim
3458 4512 3546 4561 est
3587 4520 3695 4576 pax
3742 4517 3823 4558 no-

606 4596 748 4645 stra,
778 4592 833 4638 et
872 4599 968 4653 per
1006 4585 1181 4651 ipstnn
1218 4585 1284 4637 ad
1318 4583 1537 4641 Patrem
1565 4589 1618 4642 in
1653 4604 1760 4642 uno
1790 4591 1988 4660 spiritu
2018 4592 2284 4650 habemus
2318 4595 2551 4649 aditum.
2710 4658 2719 4666 κ

680 4669 746 4722 Et
784 4671 935 4723 unxit
974 4668 1132 4733 itlud,
1165 4670 1567 4744 tabernaculum
1603 4675 1941 4740 videlicet,“
1978 4678 2266 4735 dedicavit.
2299 4680 2439 4754 [VIL
2489 4681 2561 4753 1.]
2594 4679 3032 4734 Taberuaculum
3066 4688 3122 4733 et
3146 4679 3322 4733 altare
3358 4680 3659 4750 omniaque
3692 4680 3823 4735 illius

2348 2009 2458 2065 Kal
2487 2006 2852 2074 ἐπιθήσουσι
2880 2007 2949 2060 τὸ
2975 2004 3165 2075 ὄνομά
3194 2023 3315 2075 μου
3362 2007 3464 2061 ἐπὶ
3506 2007 3649 2073 τοὺς
3678 2008 3856 2075 viai);-

2287 2099 2574 2171 ‘Io'pahat,
2629 2098 2729 2152 καὶ
2786 2096 2901 2166 ἐγὼ
2956 2097 3175 2165 Κύριος
3229 2095 3547 2165 εὐλογήσω
3602 2098 3850 2164 αὐτούς.

2291 2192 2471 2263 Ὁρᾷς.
2499 2193 2581 2245 ὅτι
2612 2190 2674 2243 τὸ
2700 2191 2870 2261 ὄνομα
2896 2190 3102 2259 Κυρίου
3127 2189 3227 2252 τὰς
3256 2189 3503 2253 εὐλογίας
3529 2192 3768 2259 ἐνεργεῖ,
3796 2191 3850 2241 οὐ

2272 2283 2336 2337 τὸ
2370 2283 2544 2351 στόμα
2573 2280 2667 2334 τοῦ
2690 2282 2971 2349 λέγοντος;
3006 2279 3169 2333 Ὅθεν
3201 2278 3305 2334 κᾶν
3347 2280 3669 2350 ἁμαρτωλὸς
3698 2280 3849 2332 εὐλο-

2275 2379 2369 2447 γῇ,
2404 2374 2606 2444 ὁμοίως
2640 2375 2945 2442 ἐνεργεῖται
2968 2372 3120 2441 παρὰ
3148 2370 3226 2440 τῷ
3271 2371 3479 2434 πιστῶς
3510 2371 3791 2442 δεχομένῳ
3818 2373 3847 2440 ἠ

2281 2465 2521 2534 εὐλογία.
2545 2463 2812 2532 Καθάπερ
2836 2461 3030 2532 ἀμέλει
3047 2461 3142 2516 τοῦ
3174 2461 3403 2531 Βαλαὰμ
3428 2460 3779 2529 εὐλογοῦντος
3800 2464 3848 2514 ἰν

2280 2555 2504 2626 ὀνόματι
2541 2553 2787 2623 Κυρίου,
2847 2553 3130 2622 ἐνηργεῖτο
3181 2553 3214 2621 ἡ
3254 2552 3474 2620 εὐλογία
3509 2554 3625 2614 τοῖς
3658 2551 3847 2616 ἀξίοις.

2281 2646 2592 2717 Σημείωσαι
2612 2645 2689 2707 δὲ,
2714 2644 2795 2697 ὅτι
2816 2644 2997 2713 τρίτον
3023 2642 3236 2711 εὐλογεῖ
3255 2643 3345 2696 διὰ
3371 2643 3471 2713 τῆς
3500 2642 3668 2712 ἁγίας
3686 2642 3848 2714 Τριάο

2281 2736 2372 2801 δος
2395 2750 2412 2767 ⁸
2443 2735 2629 2805 ὥσπερ
2656 2729 2749 2787 οὖν
2780 2732 2875 2787 καὶ
2905 2732 2935 2786 ὁ
2965 2732 3216 2802 Βαλαὰμ.

507 4752 512 4757 ’
609 4773 745 4811 vasa
785 4772 946 4812 sacro
994 4764 1272 4828 unguento
1322 4757 1502 4814 Moses
1548 4760 1779 4817 deiibuit
1807 4779 1896 4829 eo,
1940 4781 2052 4836 quo
2099 4752 2419 4824 sacerdotes
2464 4777 2519 4821 et
2554 4752 2722 4837 reges
2752 4767 2987 4829 solebat,
3023 4776 3084 4818 ut
3109 4779 3269 4820 sacra
3297 4775 3507 4831 essent,
3545 4770 3820 4835 sacrisque

611 4845 876 4899 inservire
930 4855 1152 4914 possent
1203 4845 1417 4899 usibus.
1474 4846 1542 4899 At
1591 4863 1655 4902 ea
1697 4850 1920 4918 quidem
1963 4853 2068 4908 nisi
2116 4855 2395 4921 hominum
2431 4855 2657 4925 ﬁguram
2705 4860 2980 4924 gererent,
3030 4852 3263 4907 rationis
3292 4860 3346 4907 et
3393 4854 3559 4908 animi
3592 4854 3818 4923 expertia

607 4934 871 5001 aequalem
904 4932 1164 4986 honorem
1203 4946 1329 4985 cum
1385 4934 1597 4990 ratione
1640 4937 1884 5004 praeditis
1916 4939 2250 5006 obtinerent,
2277 4942 2388 4995 imo
2430 4942 2690 5011 majorem
2728 4941 2917 4999 etiam,
2959 4939 3005 4994 si
3037 4939 3258 5009 quidem
3289 4954 3383 5010 per
3421 4954 3486 4995 ea
3526 4939 3821 4995 hominibus

611 5020 668 5073 ﬁt
693 5033 969 5083 accessus.
1010 5018 1143 5073 Nam
1196 5019 1243 5074 si
1262 5020 1436 5073 boum
1465 5021 1614 5075 nulla
1656 5038 1790 5076 cura
1835 5022 2003 5079 Deum
2044 5028 2241 5097 tangit,
2294 5035 2505 5097 quanto
2550 5028 2734 5081 minus
2784 5040 3065 5079 murorum
3118 5035 3175 5081 et
3225 5041 3507 5081 vasorum.
3571 5027 3822 5083 Caeterum

611 5106 774 5160 homo
807 5104 1144 5159 domicilium
1183 5104 1275 5160 Dei
1312 5117 1454 5170 erat,
1493 5117 1547 5162 et
1596 5123 1695 5164 vas
1726 5109 2148 5177 benedictionis,
2181 5112 2337 5181 juxta
2388 5113 2440 5167 id
2472 5114 2618 5182 quod
2652 5127 2681 5166 a
2721 5113 2890 5168 Paulo
2916 5111 2984 5167 ad
3013 5113 3285 5167 Ananiam
3317 5121 3437 5167 erat
3468 5116 3741 5184 prolatum
3765 5112 3824 5164 ⁸⁸.

612 5193 809 5248 Verum
840 5195 1124 5248 enimvero
1155 5195 1209 5248 in
1247 5194 1479 5250 Domino
1518 5207 1783 5265 quantum
1838 5199 1905 5253 ad
1939 5215 2142 5269 corpus
2193 5215 2303 5269 quo
2356 5209 2559 5255 unctus
2592 5210 2677 5254 est
2701 5200 2925 5270 spiritu,
2957 5211 3009 5254 et
3047 5201 3217 5256 verbo
3244 5209 3605 5257 consecratus
3638 5210 3742 5266 est,
3775 5205 3829 5252 ut

610 5281 783 5336 simus
810 5295 911 5336 nos
937 5295 1063 5335 vere
1091 5280 1419 5335 sanctiﬁcati
1447 5283 1669 5348 attinet,
1701 5284 1819 5339 haec
1849 5285 2325 5356 deprehendemus
2374 5286 2564 5340 etiam.
2601 5285 2658 5339 In
2696 5285 2902 5341 Christi
2943 5286 3146 5342 etenim
3198 5302 3429 5358 corpore
3473 5296 3733 5360 tanquam
3780 5288 3832 5340 iu

2393 5442 2440 5476 ⁸⁸
2502 5441 2665 5501 Num.
2701 5459 2775 5506 vr,
2801 5442 2895 5498 26.

1574 5510 1620 5539 ⁸⁰
1643 5509 1801 5563 Joatn.
1840 5509 1948 5574 inv,
1988 5510 2075 5563 9.7.
2156 5515 2193 5544 ⁵¹
2228 5511 2371 5567 Psal.
2413 5526 2524 5578 CIX,
2556 5517 2605 5567 1.

2996 5444 3040 5477 ιτ
3082 5441 3299 5500 Coloss.
3353 5460 3391 5506 ι,
3416 5444 3503 5501 29.

2682 5516 2730 5546 ⁸¹
2760 5511 2919 5568 Joan.
2967 5530 3100 5577 xvu,
3132 5513 3221 5567 2i.

3612 5445 3658 5480 “
3681 5445 3832 5501 Joan.

3300 5516 3346 5547 ⁸³
3397 5512 3558 5571 Joan.
3612 5531 3709 5578 ιιι,
3740 5515 3823 5568 52.

685 5436 741 5479 ⁸³.
767 5435 1035 5513 .ipaithtv.
1072 5436 1164 5513 53.
1240 5437 1286 5470 “
1315 5438 1474 5513 Num.
1507 5441 1878 5513 xxtttgtSseq.
1953 5441 2303 5513 "‘Enhuki.

611 5524 745 5573 xvn,
783 5507 835 5562 5.
911 5507 957 5539 ι’
988 5506 1131 5560 Psal.
1179 5523 1361 5574 Lxxtx,
1409 5509 1462 5562 4.

609 5581 658 5611 ⁸⁸
680 5584 804 5635 Act.
843 5594 919 5643 Ix,
958 5576 1043 5632 I5.

3955 430 3957 529 ψ
