4050 6212
335 162 448 227 803
1445 151 1985 214 COMMENTARII
2027 154 2108 214 IN
2149 151 2538 214 NUMEROS.
3500 148 3608 214 810

338 273 585 333 tentorio
621 280 816 328 sancto
866 269 1392 342 comprehendimur
1424 286 1438 324 :
1465 271 1522 325 in
1551 284 1664 341 quo
1699 269 1865 324 etiam
1909 269 2082 324 altare
2143 277 2441 340 cognatum
2494 267 2657 323 nobis
2716 275 2820 331 est,
2849 283 2946 338 per
2978 267 3125 338 quod
3176 283 3240 322 ac
3281 282 3384 340 pro
3425 267 3610 330 nobis,

346 363 617 434 siquidem
649 361 990 431 sempiternc
1016 367 1275 414 sanctum
1309 366 1418 422 est,
1451 373 1553 414 nec
1593 358 1757 413 nobis
1787 365 1914 412 ante
1964 356 2460 412 sattctillcationem
2505 356 2706 421 simile,
2733 369 2858 409 cum
2901 354 3062 418 tales,
3103 365 3211 410 tam
3243 355 3422 412 sancti
3456 356 3611 411 scili-

344 457 456 518 cet,
481 464 589 504 non
644 447 844 514 simus,
901 443 1210 501 oﬂ‘erimus.
1267 443 1538 500 Caeterum
1573 459 1806 498 munera
1837 444 1948 498 Deo
1994 444 2217 512 oll'erre,
2249 454 2302 500 et
2332 445 2728 500 retributiones
2759 445 2828 498 ab
2882 458 2950 499 eo
2985 459 3148 514 posse
3183 445 3434 514 accipere
3463 445 3611 514 quod

348 539 661 610 principum
690 535 931 590 tribuum
966 539 1086 588 erat
1119 539 1357 596 tantum,
1385 547 1496 586 non
1529 530 1781 599 cujusvis
1812 539 1916 586 est.
1947 531 2221 598 Quocirca
2260 540 2462 586 cuncta
2512 531 2718 586 Christi
2751 530 2998 588 Ecclesia
3041 546 3164 602 quae
3209 547 3437 586 munera
3480 531 3608 595 l‘ert,

347 636 404 683 et
429 623 870 682 benedictionem
905 620 1148 678 vicissim
1179 619 1405 690 accipit,
1441 619 1684 690 pretiosa
1721 626 1828 676 est.

419 759 496 812 Οὐ
519 757 712 829 χρῄζει
738 755 796 810 δέ
825 771 972 818 τινος
1003 755 1032 807 δ
1061 752 1216 819 Θεὸς,
1253 751 1370 806 ἀλλ’
1411 753 1574 824 ἡμεῖς
1620 749 1757 805 Θεοῦ
1779 749 1894 823 (5‘2)
1915 765 1932 786 °

2109 751 2252 809 Deus
2309 754 2456 809 enim
2514 769 2623 808 non
2665 754 2852 826 aliquo
2907 763 3160 810 nostrum
3213 755 3442 826 indiget,
3501 754 3616 809 imo

344 851 644 924 χρῄζοντες
673 848 750 913 δὲ,
801 847 992 919 ὥσπερ
1016 846 1078 900 τὸ
1125 846 1333 900 δίκαιον
1374 844 1470 898 τοῦ
1513 845 1935 916 ἀντιτιμηθῆναι

347 940 842 1011 κατασκευάζομεν
893 941 982 994 διὰ
1035 939 1098 992 τὸ
1146 940 1332 1010 τιμᾷν.
1382 937 1494 1008 Τὴν
1525 937 1582 988 δὲ
1613 937 1936 1006 ἐπιφάνειαν

347 1036 460 1090 τῶν
488 1033 910 1106 προσφερόντων
945 1031 1452 1102 ἐπεξεργαζόμενος
1499 1031 1527 1083 ὁ
1555 1029 1689 1092 Θεὸς
1726 1031 1805 1092 εἰς
1837 1029 1937 1098 τὴν

348 1130 648 1198 ἐπίγνωσιν
700 1123 794 1178 τοῦ
849 1124 1104 1194 λαμπρὸν
1151 1120 1382 1176 εἶναιτὸ
1433 1123 1603 1193 τιμᾷν
1651 1122 1803 1186 Θεὸν,
1839 1121 1939 1174 ἕνα.

349 1221 476 1278 καθ’
513 1220 752 1290 ἑκάστην
789 1218 1002 1288 ἡμέραν
1035 1217 1292 1270 ὲκὲλευσε
1327 1216 1629 1286 προσάγειν
1663 1214 1731 1267 τὰ
1752 1215 1933 1286 δῶραο

351 1316 542 1385 ὥσπερ
561 1311 654 1366 οὖν
676 1312 889 1381 ἑκάστῳ
911 1309 1017 1364 τῶν
1045 1309 1190 1363 ἰδίων
1217 1308 1539 1380 ποιημάτων
1569 1308 1697 1376 μίαν
1728 1307 1938 1359 ἐπένει-

355 1425 457 1478 μεν
487 1405 723 1477 ἡμέραν,
753 1404 918 1473 φωτὶ,
947 1402 1185 1472 οὐρανῷ,
1226 1405 1320 1472 γῇ,
1356 1401 1608 1472 ἄστροις,
1633 1398 1811 1464 ζώοις.
1831 1399 1940 1452 Καὶ

354 1500 444 1553 ἴνα
474 1498 774 1567 εἰδείημεν,
807 1494 882 1558 ὡς
918 1493 1188 1564 ὲλλὸγιμα
1226 1492 1346 1562 Θεῷ
1399 1493 1470 1546 τὰ
1529 1491 1937 1561 προσαγόμενα,

353 1586 648 1659 ἀναγραφὴ
690 1587 896 1637 τούτων
955 1581 1192 1653 ἀκριϐὴς
1249 1582 1384 1652 (55),
1418 1579 1513 1634 καὶ
1547 1580 1640 1631 ἐπὶ
1673 1577 1938 1646 σταθμοῦ.

353 1675 456 1733 Ὦν
482 1681 516 1750 ἡ
539 1675 944 1746 καταρίθμησις
967 1673 1064 1728 καὶ
1111 1674 1220 1728 τῶν
1272 1671 1663 1744 προσαγόντων
1693 1669 1808 1740 ἔχει
1841 1668 1941 1748 τᾲς

355 1771 677 1843 ὀνομασίας,
740 1768 806 1822 δι’
841 1763 918 1822 ὧν
971 1767 1066 1821 καὶ
1109 1763 1606 1837 μνημονευόμεθα.
1659 1762 1837 1831 Σκεύη
1883 1760 1942 1813 δὲ

356 1863 750 1936 προσάγοντες,
780 1860 842 1914 οὐ
875 1858 1010 1912 κενὰ
1035 1857 1210 1912 ταῦτα
1232 1857 1599 1927 προσάγουσιν
1641 1851 1944 1923 ἀνθρώπων

355 1962 406 2012 οἱ
437 1957 621 2022 τύποι,
665 1952 758 2017 οὓς
803 1953 886 2006 δεῖ
933 1950 1054 2022 Θεῷ
1090 1951 1320 2020 πλήρεις
1374 1949 1684 2022 προσιέναι.
1726 1948 1803 2000 Οὐ
1832 1946 1944 2018 γὰρ

2039 845 2214 915 magis
2281 860 2382 900 nos
2443 844 2556 900 Deo
2614 847 2944 917 indigemus,
2989 847 3084 916 qui
3137 847 3304 902 etiam
3359 847 3468 904 hoc
3491 847 3616 917 ipso

2039 937 2185 1006 quod
2225 938 2434 992 honore
2463 938 2542 992 illi
2586 936 2889 992 deferimus
2955 939 3224 993 honorum
3265 953 3492 993 usuram
3529 937 3616 993 l'a-

2041 1025 2240 1081 cimus.
2291 1025 2411 1092 Quo
2445 1027 2782 1082 illustriores
2841 1036 3026 1082 autem
3072 1027 3366 1083 oﬂ‘erentes
3415 1027 3619 1082 rcdde~

2041 1126 2146 1180 ret,
2199 1132 2264 1171 ac
2321 1133 2485 1187 quam
2537 1119 2866 1189 praeclarum
2934 1135 3105 1174 unum
3159 1119 3330 1174 Deum
3385 1121 3619 1191 singulis

2041 1207 2238 1264 diebus
2273 1211 2456 1265 colere
2490 1210 2736 1277 doceret,
2790 1210 2935 1266 dona
2966 1211 3164 1266 afferre
3196 1213 3384 1282 jussit.
3413 1214 3621 1278 Quem-

2042 1302 2334 1356 admodum
2388 1301 2646 1356 nimirum
2725 1305 3024 1374 unicuique
3095 1320 3325 1360 suorttm
3391 1321 3618 1375 operum

2042 1393 2260 1446 unicam
2333 1399 2544 1448 tantum
2605 1393 2748 1448 diem
2811 1395 3086 1459 attribuit,
3165 1397 3334 1450 veluti
3399 1396 3620 1454 lumini.

2043 1483 2210 1546 caelo,
2272 1491 2454 1550 terrae,
2487 1484 2675 1548 astris,
2739 1475 2796 1538 et
2865 1486 3214 1540 animalibus.
3278 1486 3450 1541 Porro
3515 1502 3624 1556 quo

2045 1583 2251 1644 quanta
2282 1574 2354 1628 sit
2387 1575 2529 1644 apud
2572 1573 2743 1629 Deum
2777 1575 3092 1630 oblatorum
3121 1577 3266 1632 ratio
3313 1579 3626 1648 comperia-

2047 1677 2190 1728 mus,
2225 1677 2416 1716 eorum
2462 1671 2657 1717 exacta
2694 1663 2754 1716 [it
2799 1663 3124 1733 descriptio,
3180 1673 3236 1720 et
3269 1667 3624 1722 olTe'rentiuut

2047 1769 2253 1810 census
2301 1755 2558 1820 habetur,
2613 1766 2938 1826 argumento
2991 1757 3269 1822 videlicet,
3307 1759 3456 1829 quod
3508 1775 3628 1814 mu-

2048 1861 2180 1899 nera
2231 1844 2324 1898 illa
2368 1845 2710 1914 majestatem
2759 1847 2926 1903 nobis
2979 1849 3300 1915 concilient,
3335 1851 3628 1922 nostrique

2048 1939 2371 1992 memoriam
2419 1939 2658 2008 aliquam
2709 1948 3064 1995 conservent.
3121 1941 3359 1998 Proinde
3419 1945 3631 2016 signiti-

357 2045 592 2116 δφθήσῃ,
622 2045 776 2114 φησὶ,
804 2041 962 2104 κενὸς
981 2040 1163 2093 ἔναντι
1197 2038 1428 2109 Κυρίου.
1457 2039 1583 2093 Ζῶα
1611 2037 1669 2090 δὲ
1694 2038 1792 2090 σὺν
1815 2035 1941 2090 τού-

2048 2037 2207 2082 catur
2263 2030 2407 2100 quod
2457 2027 2568 2086 Deo
2603 2041 2824 2086 nostras
2875 2033 3090 2089 animas
3127 2049 3462 2096 consecrare
3492 2055 3628 2094 con-

359 2089 598 2201 ;;t';'.§;;
625 2089 794 2206 ausi;
833 2130 906 2186 τὰ
933 2089 1187 2185 ἕκλεκτὰ.
1232 2089 1580 2201 Πολύτροπος
1608 2129 1719 2199 γὰρ
1747 2129 1781 2200 ἡ
1809 2129 1941 2198 πρὸς

2046 2124 2218 2178 venit.
2269 2123 2402 2190 Qua:
2454 2139 2582 2180 vero
2639 2125 2752 2179 sint
2800 2125 3036 2181 adducta
3081 2125 3382 2196 indicatur,
3432 2147 3632 2204 nempe

360 2231 493 2285 Θεὸν
527 2227 802 2291 οἰκείωσις
827 2265 842 2290 ,
902 2224 962 2290 ἐξ
1013 2219 1087 2277 ὧν
1121 2221 1289 2276 ἔδωκε
1344 2221 1500 2286 Θεός.
1539 2221 1733 2291 Ἡμεῖς
1767 2215 1860 2274 οὖν
1888 2220 1941 2273 τὸ

2046 2216 2287 2281 catinus,
2321 2225 2376 2270 et
2407 2216 2596 2286 phiala
2639 2225 2902 2288 argentea
2949 2226 3185 2288 utraque
3225 2221 3388 2291 plena
3422 2223 3546 2279 oleo
3575 2236 3631 2277 et

360 2322 542 2392 τίμιον
559 2288 760 2380 χ’ὅντως
806 2288 979 2386 δῶρον
1007 2313 1129 2384 Θεῷ
1169 2312 1549 2383 προσάγομεν,
1574 2288 1662 2366 δ’ὁ
1691 2311 1824 2374 Θεὸς
1855 2312 1941 2363 καὶ

2047 2309 2360 2379 similagine
2411 2309 2748 2364 commistis.
2791 2306 2904 2364 Nos
2945 2323 3077 2364 vasa
3126 2311 3232 2366 ista
3283 2327 3478 2370 sumus
3564 2316 3632 2371 de

361 2415 524 2486 ἡμεῖς
551 2414 608 2464 ὲν
637 2412 748 2472 τοῖς
778 2409 876 2477 τῆς
910 2405 1112 2477 ἀρετῆς
1147 2403 1333 2466 πόνοις
1367 2402 1701 2474 εὑρήσομεν.

2049 2400 2252 2470 quibus
2283 2399 2420 2455 dicit
2449 2421 2462 2455 :
2503 2419 2522 2451 ι
2547 2399 2746 2456 Coram
2798 2415 2885 2455 me
2915 2415 2984 2456 ne
3019 2416 3080 2457 se
3103 2401 3264 2459 sistat
3298 2419 3510 2462 vacuus
3548 2409 3634 2460 ul-

363 2502 451 2556 lus
483 2501 554 2554 ⁸⁵.
592 2517 612 2550 ο
659 2496 933 2552 Animalia
962 2509 1088 2548 cum
1121 2493 1248 2547 istis
1281 2493 1348 2546 ad
1377 2491 1712 2546 sacrificium
1746 2489 1945 2545 electa.
1986 2487 2174 2546 Multis
2205 2491 2352 2546 enim
2399 2491 2576 2546 modis
2612 2492 2950 2546 conciliatur
2985 2491 3152 2557 Deus,
3219 2509 3318 2564 per
3390 2511 3454 2552 ea
3507 2514 3632 2570 quze

363 2591 514 2647 dedit
549 2589 710 2644 Deus.
752 2585 864 2640 Nos
897 2585 1066 2656 igitur
1101 2583 1304 2638 donum
1335 2596 1463 2638 vere
1493 2580 1797 2651 pretiosum
1853 2578 1966 2635 Deo
2005 2577 2292 2636 oﬂ‘erimus
2333 2581 2504 2652 quod,
2549 2581 2660 2637 Deo
2709 2581 3027 2652 adjuvante,
3080 2585 3136 2638 in
3177 2585 3398 2642 virtutis
3430 2587 3634 2644 labori-

365 2688 470 2743 bus
500 2684 898 2741 invenerimus.
963 2729 966 2732 .

439 2775 676 2846 Πλήρεις
718 2767 812 2827 οὖν
853 2772 934 2824 δεῖ
980 2770 1292 2843 προσιέναι,
1340 2769 1604 2841 λαμπρὰν
1633 2772 1692 2823 ἐν
1719 2770 1941 2845 ἀργύρῳ

2124 2770 2324 2828 Plenos
2355 2768 2526 2842 igitur
2560 2775 2776 2841 Oportet
2815 2770 3100 2838 accedere,
3145 2785 3272 2826 cum
3305 2771 3417 2828 vita
3447 2773 3637 2845 splen-

367 2869 465 2924 καὶ
499 2865 690 2937 ἱλαρὰν
728 2864 802 2928 ὡς
837 2865 896 2916 ὲν
925 2863 1090 2934 ἐλαίῳ
1121 2861 1270 2932 ζωὴν
1320 2860 1558 2932 ἔχοντες.
1601 2853 1708 2926 Ἦς
1741 2862 1941 2934 σύμδο-

2053 2865 2180 2922 dida
2231 2865 2286 2920 in
2333 2869 2587 2932 argento,
2631 2869 2686 2918 et
2719 2863 2882 2916 hilari
2927 2865 2984 2916 in
3023 2863 3146 2919 oleo
3201 2879 3302 2924 ceu
3341 2867 3633 2936 conclusa,

366 2960 516 3031 λονή
553 2955 848 3026 σεμίδαλις,
877 2955 1042 3024 ἄρτου
1074 2953 1420 3022 τυγχάνουσα
1453 2951 1691 3022 γένεσις.
1724 2953 1800 3007 Τὸ
1831 2953 1941 3009 ἱλα-

2051 2956 2509 3036 cujus_similago
2561 2969 2782 3026 quoque
2836 2969 2900 3010 ex
2933 2968 3045 3024 qua
3114 2955 3276 3025 panis
3341 2957 3636 3014 coniicitur

369 3053 464 3125 ρὸν
489 3051 595 3120 γὰρ
617 3051 749 3122 ἡμῖν
779 3049 814 3119 ἡ
845 3049 922 3112 είς
946 3045 1184 3118 Χριστὸν
1213 3045 1367 3109 ἐλπὶς
1389 3045 1786 3117 ἀπεργάζεται,
1807 3046 1941 3100 κατὰ

2052 3049 2232 3118 imago
2277 3053 2383 3100 est.
2424 3043 2696 3100 Caeterum
2742 3043 3079 3099 hilaritatem
3127 3043 3186 3099 in
3216 3044 3380 3101 nobis
3412 3062 3538 3118 spes
3578 3049 3635 3103 in

367 3147 450 3210 τὸ,
485 3163 504 3196 ι
542 3144 621 3216 Τῇ
661 3142 835 3196 ἐλπίδι
875 3140 1182 3211 χαίροντες.
1218 3159 1237 3193 ι
1272 3167 1343 3181 -—
1375 3157 1394 3191 ι
1427 3140 1594 3192 Ὅταν
1633 3138 1762 3211 γὰρ,
1792 3141 1941 3210 φησὶ,

2049 3137 2276 3192 Christo
2328 3136 2508 3207 posita
2566 3134 2752 3199 ellicit,
2806 3135 2965 3204 juxta
3017 3135 3204 3191 illud:
3257 3154 3276 3188 ι
3312 3136 3638 3207 Spelzetan-

369 3239 604 3309 Χριστὸς
636 3233 924 3307 φανερωῢῇ
954 3235 986 3304 ἠ
1024 3219 1138 3304 ζωὴ
1175 3231 1352 3302 ὑμῶν,
1373 3232 1495 3286 τότε
1540 3232 1634 3286 καὶ
1667 3233 1826 3304 ὑμεῖς
1858 3232 1941 3285 ain

2060 3238 2142 3284 tes
2171 3230 2238 3282 ⁵⁸.
2273 3247 2293 3280 ι
2319 3256 2390 3269 --
2427 3244 2446 3278 ‹
2501 3225 2639 3280 Cum
2689 3226 2858 3290 enim,
2914 3226 3096 3296 inquit
3141 3227 3419 3296 Christus,
3461 3230 3639 3284 mani-

369 3326 520 3398 αὐτῷ
552 3321 1006 3396 φανερωθήσεσθε
1042 3323 1100 3374 ἐν
1121 3321 1268 3395 δόξῃ.
1302 3339 1319 3372 ι

442 3504 650 3574 Θυῖσκη
683 3502 740 3555 δὲ
770 3501 1132 3571 Θυμιαμάτων
1181 3499 1418 3570 πλήρης,
1467 3500 1494 3553 ὃ
1519 3499 1636 3552 ἐστι
1683 3500 1956 3568 θυμιατή-

2055 3319 2252 3376 festata
2292 3317 2459 3373 fuerit
2491 3318 2601 3372 vita
2632 3325 2984 3400 vestra,ttum
3004 3333 3103 3374 vos
3127 3333 3348 3391 quoque
3377 3311 3432 3375 in
3465 3322 3640 3392 gloria

2059 3410 2548 3466 manifestabimini
2575 3425 2699 3465 cum
2731 3409 2849 3480 ipso
2877 3411 2947 3464 ⁵⁷.
2981 3428 3002 3462 ο

2128 3503 2304 3557 Adest
2335 3516 2556 3572 quoque
2579 3501 2870 3556 cochieare
2912 3501 3224 3558 sullimento
3269 3503 3490 3570 plenum
3523 3504 3644 3561 vice

376 3612 512 3666 ριον,
549 3592 745 3662 θυῖσκη
771 3592 860 3646 διὰ
881 3592 942 3645 τὸ
973 3590 1163 3660 σχῆμα
1197 3590 1410 3660 λεχθὲν,
1432 3590 1506 3653 ὼς
1537 3591 1636 3661 μὲν
1665 3591 1869 3661 χρυσῆ,
1897 3591 1941 3644 τί

2061 3605 2288 3656 acerra,
2321 3605 2635 3664 nomenque
2685 3606 2716 3644 a
2749 3593 2920 3661 lignra
2975 3592 3163 3648 habet.
3207 3593 3384 3663 Cujus
3417 3597 3641 3664 quidem

375 3682 571 3745 κάλλος
614 3683 706 3734 καὶ
751 3681 812 3734 τὸ
861 3681 1191 3752 ἀδιάφθορον
1225 3681 1376 3750 δηλοῖ
1423 3682 1522 3750 τῆς
1577 3679 1760 3748 ζωῆς-ο
1793 3681 1868 3744 ὡς
1897 3681 1955 3735 δὲ

377 3774 740 3847 ουμιαμάτων
765 3773 1012 3845 πλήρης,
1043 3775 1105 3827 τὸ
1137 3773 1272 3842 πρὸς
1295 3773 1427 3826 Θεὸν
1452 3772 1652 3836 εὐῶδες
1679 3773 1780 3844 τῆς
1804 3773 1958 3842 ἁγιό-

373 3884 559 3940 τητος.

2062 3697 2257 3736 aurum
2284 3681 2752 3751 pulchritudinem
2783 3692 2839 3738 et
2869 3684 3200 3740 soliditatem
3249 3687 3394 3750 vitae,
3427 3688 3644 3742 suﬂitus

2065 3787 2194 3827 vero
2243 3773 2448 3845 quibus
2514 3782 2709 3839 scatet,
2785 3773 3140 3846 fragrantiam
3207 3777 3524 3834 sanctitatis
3577 3780 3642 3834 ad

2064 3863 2236 3922 Deum
2265 3865 2654 3922 ascendentem
2688 3875 3074 3937 repraesentat.

446 3984 716 4040 Caeterum
742 3995 873 4038 sena
894 3980 1025 4050 juga
1053 3983 1242 4047 boum,
1281 3979 1428 4035 sicut
1463 3994 1494 4034 a
1525 3979 1758 4051 singulis
1789 3978 2135 4050 principibus
2177 3986 2306 4033 sunt
2340 3979 2604 4044 addutta,
2649 3997 2879 4052 quaeque
2911 3991 3166 4038 sanctum
3222 3985 3644 4043 tabernaculum

375 4073 687 4140 gestabant,
716 4069 993 4138 duplicem
1026 4067 1346 4138 signiﬁcant
1383 4071 1670 4138 populum,
1723 4068 1817 4138 qui
1854 4067 2032 4138 legum
2069 4077 2122 4121 et
2165 4067 2506 4138 vitrejugum
2542 4069 2860 4139 copulatum
2899 4069 3116 4127 fortiter
3141 4075 3442 4131 sustinent.
3488 4094 3507 4128 ι
3549 4075 3641 4130 \‘i-

378 4177 494 4213 nun
526 4159 672 4214 enim
727 4163 782 4211 te
818 4164 1037 4227 praesta,
1092 4156 1294 4225 inquit,
1344 4163 1400 4210 et
1449 4155 1590 4209 forte
1619 4155 1690 4209 sit
1722 4169 1820 4208 cor
1851 4163 2030 4217 tuum,
2061 4164 2117 4210 et
2140 4164 2398 4225 empecta
2437 4155 2732 4212 Dominum
2751 4157 2852 4213 ⁸⁸.»
2875 4159 3088 4229 Quibus
3121 4161 3330 4217 scilicet
3357 4163 3639 4222 Christum

378 4262 636 4318 tanquam
659 4247 716 4300 in
760 4246 999 4302 tentorio
1031 4245 1328 4300 sull'erunt.
1360 4245 1578 4314 Corpus
1609 4244 1811 4298 etenim
1845 4242 2021 4312 ipsius
2059 4242 2366 4300 Ecclesium
2402 4242 2610 4301 Paulus
2641 4239 2938 4316 appellavit
2968 4247 3036 4312 ⁸⁸,
3076 4247 3144 4304 de
3173 4263 3286 4319 quo
3313 4251 3460 4321 apud
3497 4259 3644 4306 Ana-

381 4341 522 4390 niam
559 4335 630 4390 ab
659 4334 850 4390 eodem
879 4333 1088 4386 dictum
1117 4341 1202 4388 est
1235 4347 1250 4385 :
1285 4349 1304 4384 ι
1340 4331 1466 4402 Ipse
1497 4332 1640 4387 enim
1671 4345 1767 4385 vas
1792 4331 2087 4386 electionis
2109 4331 2242 4385 mihi
2277 4339 2382 4398 est,
2418 4340 2477 4386 ut
2526 4330 2666 4386 ferat
2716 4348 2917 4388 nomen
2950 4350 3133 4391 meum
3177 4337 3232 4392 in
3280 4348 3639 4408 conspectum

287 4471 291 4476 .
379 4425 620 4495 gentium
655 4422 724 4478 ⁸⁸.
762 4441 782 4472 ι
827 4420 892 4474 Et
925 4422 1027 4475 hoc
1075 4435 1210 4476 sane
1268 4427 1436 4490 pacto
1467 4420 1723 4474 Christus
1759 4435 1787 4472 a
1823 4419 2032 4475 sanctis
2075 4419 2282 4490 portari
2319 4419 2557 4506 dicitur.
2580 4419 2756 4506 Pgrro
2787 4421 2978 4477 hircus
3013 4430 3068 4477 et
3103 4440 3282 4495 agnus
3309 4425 3448 4481 duos
3476 4442 3643 4497 popu-

379 4515 483 4576 los,
521 4512 758 4565 alterum
791 4508 1017 4578 quidem
1069 4515 1204 4562 natu
1254 4507 1548 4577 majorem,
1591 4508 1823 4560 alterum
1877 4506 2149 4562 minorem
2189 4507 2477 4562 denotant.
2523 4505 2835 4562 Taurorum
2865 4525 2994 4564 vero
3036 4513 3262 4567 nomine
3301 4511 3514 4568 laboris
3542 4528 3636 4584 pa-

379 4598 589 4660 tientia,
620 4605 675 4652 et
704 4593 975 4650 fortitudo
998 4588 1456 4663 signiﬁcabatur:
1484 4595 1670 4649 ovium
1695 4603 1877 4648 autem
1919 4594 2140 4657 lenitas,
2159 4601 2213 4650 et
2233 4593 2514 4652 feracitas.
2535 4595 2630 4652 His
2645 4597 2792 4653 enim
2825 4596 2990 4669 390
3019 4600 3113 4670 qui
3149 4600 3204 4655 in
3229 4598 3454 4657 Christo
3487 4603 3640 4657 insiti

377 4694 510 4740 sunt
551 4685 762 4740 dictum
797 4689 882 4738 est
917 4697 932 4734 :
967 4699 986 4732 ι
1016 4680 1175 4737 Omni
1217 4697 1247 4736 a
1301 4690 1354 4738 te
1386 4683 1592 4753 petenti
1651 4681 1803 4744 dato,
1829 4690 1883 4736 et
1917 4682 1986 4736 ab
2020 4682 2306 4739 auferente
2357 4692 2450 4738 tua
2483 4701 2593 4740 non
2629 4693 2839 4755 repete,
2869 4694 2924 4740 et
2969 4685 3202 4742 candenti
3238 4695 3292 4743 te
3341 4689 3396 4744 in
3443 4688 3637 4744 maxil-

379 4773 486 4843 lam
519 4771 796 4833 dextram,
832 4768 1058 4822 alteram
1089 4769 1313 4824 obverte
1356 4771 1523 4824 etiam
1548 4768 1615 4823 “.
1649 4787 1670 4820 ι
1719 4767 1864 4834 Quin
1926 4780 1981 4824 et
2028 4769 2234 4827 Paulus
2285 4774 2482 4828 scribit
2515 4789 2528 4826 :
2565 4794 2583 4827 ι
2619 4773 2849 4830 Servum
2883 4783 3066 4830 autem
3091 4775 3300 4832 Christi
3334 4795 3441 4834 non
3480 4779 3639 4836 deert

376 4865 613 4923 certare,
643 4856 740 4911 sed
778 4863 1130 4910 mansuetum
1159 4871 1284 4912 esse
1313 4871 1443 4925 erga
1463 4871 1657 4910 omnes
1689 4855 1756 4908 ".
1787 4874 1805 4907 ι
1841 4856 1947 4911 Sed
1973 4873 2134 4912 nemo
2177 4858 2466 4914 hominum
2494 4869 2652 4916 extra
2689 4871 2976 4932 peccatum
3007 4871 3092 4918 est
3123 4881 3138 4918 :
3181 4883 3199 4916 ι
3237 4862 3293 4918 Si
3330 4867 3497 4934 enim,
3535 4867 3640 4923 00--

378 4948 549 5015 mine,
573 4948 626 5000 in
659 4946 980 5015 iniquitates
1003 4945 1483 5012 animadverteris,
1518 4946 1645 5016 quis
1677 4946 1959 5002 constabit
1995 4945 2100 5002 sibi
2123 4946 2192 5008 ",
2227 4967 2246 4997 ι
2275 4954 2331 4999 et
2356 4947 2559 5001 delicta
2597 4949 2726 5020 quis
2757 4951 3096 5020 componet?
3129 4967 3300 5024 quare
3333 4957 3500 5010 veteri
3525 4957 3641 5026 lege

428 5103 474 5182 ‘"_’
510 5100 664 5155 Deut.
701 5117 833 5182 xvi,
853 5100 937 5182 [ἐξ.
1003 5100 1362 5182 ‘:_lt'om_:.xu,
1399 5098 1534 5182 12:"
1566 5099 1612 5133 "
1635 5079 1849 5182 gulosa.
1883 5116 1939 5154 tu

2103 5102 2149 5182 '_"
2175 5101 2320 5159 l‘sal.
2355 5121 2500 5171 nrt,
2535 5107 2620 5162 Η.
2685 5109 2731 5141 ⁸⁹
2756 5108 2971 5168 Coloss.
2999 5128 3036 5180 ι,
3059 5112 3151 5168 24.
3223 5115 3268 5147 ⁸ο
3296 5114 3418 5171 Act.
3449 5131 3526 5182 Ix,
3551 5116 3638 5170 l5.

373 5172 420 5204 “
451 5172 586 5226 Luc.
639 5189 708 5240 Vl,
770 5175 954 5242 50,29.
1032 5170 1075 5201 “
1107 5169 1152 5222 ll
1191 5168 1335 5224 Tim.
1376 5186 1434 5234 It,
1469 5167 1560 5223 24.
1639 5170 1684 5200 ⁸³
1719 5169 1866 5224 Psal.
1897 5187 2082 5234 cxxrx,
2107 5173 2162 5228 5.

1879 5265 2120 5322 NOTAE.

445 5357 736 5449 (52))850'33.
769 5357 1368 5449 0L331£1§t351153tttiv
1391 5359 1452 5449 τὸ
1479 5359 1955 5449 angeli-{tates}?
2066 5365 2226 5449 Ὥστε
2256 5365 2324 5449 διζ
2350 5359 2838 5449 ὧνΛτιμῶμεν,.καὶ
2861 5375 3336 5449 μνημονευόμερα.
3375 5374 3642 5449 Δηλοδται

379 5431 760 5526 μαξευόμενοι.
817 5428 934 5501 Τὴν
980 5428 1039 5482 δὲ
1083 5431 1238 5496 ὲπιφ.
1286 5428 1374 5484 κτ.
1429 5430 1488 5482 ὲν
1540 5428 1616 5498 τῷ
1667 5431 1766 5498 τῆς
1817 5428 1954 5500 Αὐγ.
2065 5436 2266 5526 τοίνυν,
2299 5428 2537 5526 infigi?
2579 5428 2678 5526 ἑέις
2707 5428 2990 5526 ξήμςτέραξ
3035 5428 3336 5526 καθιέρῖῦζί
3373 5428 3640 5524 προσήῗςει

375 5500 504 5552 κώδ.
540 5569 544 5570 ν
779 5567 815 5570 Δγ
888 5500 892 5501 ί
998 5568 1005 5570 _
1122 5569 1140 5570 η
1468 5568 1475 5570 Α
1676 5569 1683 5570 ί
2063 5505 2266 5570 ψυχάς.
2301 5506 2484 5560 Ταῦτα
2509 5500 2637 5562 αντὶ
2661 5500 2772 5565 τῶν
2803 5500 3086 5570 ἑπομένων
3117 5519 3175 5569 ὲν
3196 5500 3272 5570 τῷ
3292 5500 3481 5570 εἱστία.
3506 5500 3636 5568 κὶὺδ.

447 5522 504 5552 ⁵⁷³·
2063 5522 2266 5574 ψυχας.
2303 5522 2484 5560 ἰαυτα
2516 5522 2637 5562 αντὶ
2665 5527 2772 5565 των
2803 5522 2921 5568 επον
2953 5522 3086 5568 ένων
3117 5522 3175 5569 ὲν
3196 5522 3272 5567 ne
3292 5522 3339 5568 εἰ

447 5569 556 5638 (55)
607 5567 888 5639 Ἀκριϐὴς,
925 5568 1020 5622 καὶ
1075 5569 1185 5622 τῶν
1231 5568 1620 5638 προσαγόντων
1663 5569 1953 5640 ὀνομασία.
2909 5533 2948 5585 ’δ’
3243 5569 3255 5585 ⁸
3345 5533 3462 5588 MF

669 5667 946 5725 I’ATROI..
979 5665 1102 5725 GR.
1127 5663 1484 5726 LXXXVII.
3153 5669 3230 5728 26

3507 5755 3565 5765 ..Δ
