4024 6194
466 235 570 300 811
896 206 906 212 ’
1805 239 2158 301 PROCOPII
2191 236 2437 299 cum
2688 196 2693 197 ί
3243 188 3247 193 ’
3626 235 3727 300 812

469 352 659 408 hircus
704 365 806 423 pro
859 349 1192 408 remissione
1242 351 1682 416 sacrificabatur.
1712 368 1854 409 nova
1904 368 2038 409 vero
2068 363 2122 409 et
2160 361 2348 409 nostra
2385 351 2525 421 lege,
2558 351 2883 423 pmnitentia
2912 348 3233 421 requiritur.
3266 367 3286 404 ι
3321 348 3404 406 Tu
3435 348 3581 407 enim
3610 348 3727 420 ipse

467 440 705 511 primum
739 446 969 509 peccata
998 444 1092 493 tua
1122 438 1413 502 confitere,
1447 440 1653 512 inquit,
1689 450 1750 497 ut
1779 440 2107 511 justificeris
2142 441 2209 495 “.
2251 459 2272 493 ι
2307 470 2368 481 —-
2393 456 2415 492 ι
2450 437 2662 501 Mecum
2699 439 2818 513 ipse
2852 438 3200 509 iniquitatem
3255 453 3436 496 meam
3487 451 3726 494 comme-

468 524 696 582 morabo
726 524 983 593 Domino,
1009 534 1179 596 tuque
1207 525 1545 596 impietatem
1586 527 1772 584 cordis
1800 530 1907 584 mei
1953 528 2217 589 remisisti
2247 528 2291 562 ⁸⁵
2326 567 2339 581 .
2370 546 2390 581 ι

536 637 719 705 Atque
748 648 812 689 ea
845 634 1064 703 quidem
1118 649 1242 705 quae
1292 635 1382 691 hic
1426 635 1709 704 dicuntur,
1740 639 1796 692 in
1845 636 2065 694 Christo
2111 637 2540 693 considerentur
2572 635 2763 704 etiam,
2790 635 2885 707 qui
2937 650 3063 690 cum
3110 636 3300 692 multis
3328 635 3597 708 dignitate
3626 649 3726 707 par

467 732 635 791 esset,
669 738 767 795 pro
797 723 1055 779 omnibus
1083 730 1267 780 tamen
1298 725 1542 795 seipsum
1575 727 1795 782 obtulit.
1837 726 1917 782 Ac
1947 734 2139 782 sancta
2171 726 2227 780 in
2273 726 2477 780 mundo
2512 723 2763 780 Ecclesia
2789 726 3119 788 constituta,
3155 724 3327 781 variis
3356 726 3531 781 modis
3563 725 3621 780 in
3659 740 3723 779 ea

465 810 645 867 ollicio
668 824 771 866 suo
804 809 1074 879 fungitur.
1107 810 1153 864 A
1193 811 1353 866 nobis
1386 813 1512 867 item
1546 828 1646 884 pro
1682 814 1841 869 nobis
1871 812 2128 868 sacrificii
2158 812 2212 866 in
2256 811 2479 865 modum
2522 810 2774 878 odertur,
2809 811 2857 868 si
2903 813 3166 882 temporis
3200 812 3589 869 vicissitudine
3624 827 3725 883 per

468 900 749 970 principes
774 896 963 952 varios
1002 895 1408 954 consideretur.
1448 899 1525 954 Ac
1548 899 1771 954 victima
1804 899 2026 969 quidem
2063 913 2126 953 ea
2163 897 2363 953 diurna
2418 898 2570 953 omni
2608 897 2846 968 tempori
2886 896 3183 963 satisfacit,
3223 898 3478 955 tidelibus
3508 900 3723 956 scilicet

468 1000 685 1057 semper
744 983 957 1041 fructus
1015 981 1341 1047 ferentibus,
1397 984 1580 1055 adque
1628 985 2049 1041 similitudinem
2097 1000 2222 1041 sese
2252 985 2460 1041 mundo
2509 986 2941 1041 trucidantibus.
2977 984 3267 1041 Peccatum
3298 986 3444 1041 enim
3482 987 3724 1044 subi'nde

463 1074 748 1146 jugulant,
775 1086 839 1128 ac
870 1070 982 1127 Deo
1010 1072 1065 1125 in
1098 1070 1295 1141 spiritu
1330 1071 1545 1127 vivunt.
1586 1073 1985 1129 Holocaustum
2019 1072 2202 1143 itaque
2253 1086 2377 1127 esse
2407 1071 2508 1127 soli
2538 1069 2757 1127 Christo
2784 1072 3066 1141 competit,
3099 1086 3166 1128 eo
3192 1072 3339 1143 quod
3377 1080 3529 1129 totus
3585 1090 3720 1130 san-

467 1171 595 1218 ctus
625 1160 878 1217 exsistat.
907 1160 977 1212 At
1003 1158 1302 1229 separatim
1326 1160 1606 1215 victimam
1643 1157 1955 1216 Servatoris
1980 1160 2218 1215 similem
2241 1159 2461 1224 oﬂ'ert‘e,
2495 1159 2777 1214 hominum
2813 1160 3023 1230 peccati
3060 1162 3365 1215 exsortium
3391 1158 3581 1216 fuerit.
3611 1161 3719 1217 Pu-

468 1266 566 1305 rus
596 1258 780 1303 autem
808 1262 838 1302 a
872 1247 1081 1317 peccati
1129 1245 1391 1301 sordibus
1435 1261 1599 1302 nemo
1644 1254 1750 1315 est.
1781 1245 2023 1302 OlTertur
2054 1262 2185 1303 vero
2235 1248 2476 1313 catinus,
2523 1262 2621 1302 vas
2653 1245 2854 1302 eduliis
2890 1254 3105 1317 aptum,
3140 1248 3605 1318 quemadmodum
3631 1249 3719 1305 di-

466 1337 543 1392 cit
576 1355 591 1392 :
632 1353 652 1388 t
689 1335 792 1401 Qui
826 1348 1039 1390 mecum
1073 1332 1295 1404 intingit
1324 1333 1380 1387 in
1416 1334 1602 1388 catino
1628 1334 1714 1387 ἰς
1755 1352 1774 1386 ι
1804 1335 1957 1404 pctui
1987 1349 2120 1390 vero
2165 1335 2361 1391 idonea
2390 1343 2475 1391 est
2500 1335 2705 1406 phiala.
2736 1333 2904 1389 Panis
2944 1349 3073 1389 vero
3119 1343 3228 1405 quo
3272 1337 3443 1391 vitam
3495 1346 3718 1393 susten-

468 1434 651 1481 tantus
687 1423 905 1493 signum
942 1420 1197 1492 similago
1226 1429 1331 1476 est.
1359 1419 1833 1486 Quemadmodum
1861 1421 2045 1490 itaque
2077 1421 2132 1475 in
2178 1421 2301 1477 cibo
2330 1430 2388 1475 et
2415 1430 2545 1492 potu
2572 1421 2680 1475 vita
2708 1420 2987 1485 consistit,
3014 1420 3090 1475 ita
3122 1421 3259 1491 ipsis
3301 1421 3559 1479 Christus
3593 1425 3719 1480 vita:

466 1520 663 1568 auctor
695 1513 1148 1579 repracsentatur.
1186 1522 1207 1557 ι
1238 1506 1435 1572 Amen,
1466 1507 1639 1572 enim,
1679 1506 1801 1562 dico
1827 1507 2010 1574 vobis,
2038 1508 2235 1578 inquit,
2260 1508 2404 1577 quod
2433 1508 2477 1564 si
2506 1523 2727 1563 carnem
2762 1505 2886 1562 Filii
2913 1508 3155 1563 hominis
3201 1524 3310 1564 non
3336 1511 3712 1577 comederitis,

465 1608 522 1654 et
547 1597 875 1667 sanguinem
900 1593 1023 1663 ejus
1062 1594 1341 1658 biberitis,
1377 1593 1549 1649 vitam
1571 1595 1623 1649 in
1667 1595 1822 1651 vobis
1865 1610 1974 1650 non
2025 1596 2238 1651 habetis
2267 1596 2333 1650 ".
2367 1614 2387 1648 ι
2424 1594 2693 1650 Caeterum
2721 1596 2904 1651 oleum
2947 1595 3082 1650 illud
3109 1602 3194 1652 est
3233 1598 3381 1667 quod
3416 1596 3712 1656 Psalmista

467 1688 730 1744 decantat
761 1701 775 1737 :
815 1700 834 1734 ι
898 1681 1196 1753 Propterea
1231 1682 1391 1736 unxit
1446 1688 1500 1736 te
1546 1681 1690 1738 Deus
1725 1683 1849 1739 oleo
1896 1684 2098 1738 laetitiae
2145 1698 2311 1753 supra
2338 1690 2629 1738 consortes
2673 1689 2799 1738 tuos
2823 1683 2889 1737 ⁸⁸.
2938 1702 2956 1735 ι
2990 1681 3164 1739 Porro
3192 1685 3391 1742 odores
3421 1694 3477 1742 et
3499 1687 3712 1744 sutiltus

465 1773 726 1830 Christus
766 1778 852 1826 est
914 1768 1190 1824 cochleari
1244 1776 1700 1839 repraesentatus,
1734 1770 1829 1841 qui
1881 1770 2030 1825 domi
2064 1785 2128 1825 ea
2183 1771 2368 1837 habet,
2405 1785 2514 1826 non
2549 1770 2825 1840 particeps
2855 1785 3047 1826 eorum
3082 1771 3545 1841 quemadmodum
3582 1791 3709 1840 nos,

470 1864 651 1917 factus
679 1867 785 1916 est.
819 1858 965 1917 Deus
997 1859 1144 1914 enim
1178 1873 1303 1913 cum
1336 1858 1411 1916 sit
1449 1873 1550 1914 sua
1582 1867 1804 1923 natura,
1857 1859 2210 1930 fragrantiam
2258 1870 2314 1915 et
2343 1861 2692 1928 sanctitatem
2731 1860 3097 1929 conjunctam
3116 1860 3302 1917 habet.
3355 1860 3582 1919 Necnon
3616 1879 3715 1935 per

468 1949 730 2005 animalia
759 1946 999 2002 adducta
1027 1946 1147 2017 ipse
1174 1955 1605 2017 repraesentatus
1646 1954 1753 2003 est.
1797 1943 1857 2001 in
1909 1956 2069 2002 tauro
2101 1949 2320 2020 quidem
2364 1957 2627 2019 tanquam
2658 1949 2923 2025 robustus
2948 1957 3004 2004 et
3035 1965 3232 2021 purus,
3270 1949 3616 2023 insuperque
3641 1954 3714 2009 ob

468 2038 720 2109 corporis
745 2034 1208 2106 magnitudinem;
1241 2033 1429 2089 omnia
1451 2033 1600 2089 enim
1632 2049 1755 2104 quae
1787 2035 1843 2088 in
1868 2034 2090 2090 Christo
2122 2045 2271 2101 sunt,
2324 2037 2380 2090 in
2425 2037 2657 2107 spiritus
2708 2036 3010 2092 eminentia
3053 2039 3392 2095 consistunt.
3439 2040 3709 2097 Caeterum

468 2127 523 2181 in
555 2114 725 2181 ariete
755 2121 1111 2195 perfectionis
1139 2121 1404 2190 nomine;
1439 2122 1496 2176 in
1531 2136 1676 2192 agno
1707 2137 1838 2178 vero
1868 2122 2219 2179 innocentiae.
2248 2142 2267 2175 ι
2311 2122 2424 2193 Ego
2457 2124 2625 2190 enim,
2660 2122 2864 2193 inquit,
2896 2124 3046 2179 velut
3074 2139 3255 2197 agnus
3309 2128 3597 2197 pravitatis
3626 2130 3712 2185 in-

469 2212 620 2268 scius
649 2210 714 2266 ad
745 2208 1138 2265 mactationem
1160 2208 1388 2273 ductus,
1421 2223 1531 2263 non
1556 2208 1804 2264 intellexi
1837 2211 1902 2264 “.
1935 2229 1953 2262 ι
2000 2210 2055 2265 In
2107 2212 2262 2267 hirco
2292 2224 2473 2266 autem
2519 2218 2744 2282 propter
2771 2213 3161 2270 mactationem
3188 2230 3352 2284 quam
3385 2231 3485 2286 pro
3521 2232 3713 2286 pecca-

469 2303 543 2355 tis
572 2298 824 2370 pertulit.
874 2295 1221 2352 Sacrificium
1269 2296 1415 2351 enim
1467 2310 1568 2367 pro
1610 2296 1853 2369 peccatis
1882 2298 2037 2367 iuxta
2090 2299 2263 2367 legem
2322 2299 2511 2352 hircus
2540 2305 2643 2353 est.
2676 2298 2744 2352 At
2768 2299 2946 2353 tauris
2978 2302 3280 2373 tentorium
3313 2301 3709 2373 imponendum

471 2388 573 2442 fuit
599 2404 615 2454 ;
652 2401 749 2457 per
772 2384 1056 2442 Christum
1081 2383 1229 2439 enim
1259 2383 1519 2440 Ecclesiae
1547 2392 1705 2454 parta
1742 2388 1985 2459 requies,
2016 2400 2112 2455 per
2134 2401 2301 2456 quem
2352 2386 2636 2441 laboribus
2669 2386 2718 2441 ei
2745 2386 3053 2455 imparibus
3078 2390 3241 2442 etiam
3271 2403 3382 2444 non
3408 2392 3716 2446 succumbit

469 2490 689 2531 sacrum
724 2489 919 2546 genus.
981 2471 1184 2529 Verum
1239 2472 1522 2526 enimvero
1566 2486 1690 2542 quae
1742 2474 1915 2529 duces
1963 2488 2062 2544 pro
2110 2488 2171 2529 se
2203 2473 2338 2543 ipsis
2382 2475 2435 2527 in
2464 2474 2800 2529 sacrilicium
2852 2488 2953 2544 pro
2985 2474 3167 2530 salute
3199 2475 3437 2531 litabant
3472 2494 3579 2533 non
3612 2493 3713 2534 sua

468 2560 875 2630 significatione
906 2569 1118 2616 carent.
1169 2556 1238 2614 Et
1281 2557 1489 2613 vitulus
1537 2556 1759 2627 quidem
1808 2558 2067 2616 Christus
2095 2570 2199 2616 est.
2242 2560 2501 2617 iuvenca:
2541 2576 2675 2617 vero
2709 2577 2809 2617 nos
2851 2563 3127 2631 sanguine
3155 2563 3236 2617 illi
3266 2564 3469 2633 juncti,
3502 2573 3715 2620 tantum

467 2664 598 2706 vero
626 2649 963 2720 principatu,
1000 2645 1244 2717 potentia
1276 2659 1496 2701 necnon
1547 2643 1838 2716 dignitate,
1867 2658 2131 2716 quantum
2184 2665 2302 2704 mas
2349 2649 2564 2705 fetutinas
2594 2658 2837 2718 przcstat.
2869 2648 2987 2703 Dux
3018 2652 3166 2705 enim
3221 2659 3413 2707 noster
3458 2651 3718 2708 Christus

466 2738 555 2793 cui
580 2736 818 2792 filiorum
851 2735 942 2790 Dei
968 2732 1094 2803 quis
1116 2730 1569 2801 comparabitur?
1617 2729 1793 2787 Porro
1833 2734 1956 2789 dum
2005 2736 2256 2803 juvenem
2298 2737 2525 2808 ﬁguram
2559 2738 2796 2795 duorum
2833 2739 3187 2809 populorum,
3221 2740 3320 2811 qui
3356 2740 3415 2794 in
3442 2740 3712 2796 unitatem

467 2825 814 2897 spiritualem
847 2839 946 2896 per
974 2823 1135 2879 fidem
1166 2821 1527 2883 coaluerunt.
1563 2823 1873 2877 continent.
1898 2824 2117 2880 Arietes
2169 2839 2320 2890 vero,
2370 2825 2495 2895 agni
2527 2836 2582 2880 et
2621 2825 2762 2881 hirci
2806 2840 3037 2881 numero
3065 2841 3168 2881 suo
3196 2827 3455 2897 quinario
3484 2828 3717 2883 creden-

467 2918 603 2972 tium
642 2925 938 2968 numerum
968 2910 1028 2965 in
1059 2909 1258 2980 quinto
1288 2914 1539 2978 tempore
1573 2916 1827 2964 coactum
1873 2918 2293 2981 repraesentant.
2340 2911 2402 2965 In
2454 2927 2615 2981 quem
2655 2913 2926 2969 adventus
2958 2913 3153 2969 incidit
3179 2912 3387 2969 Christi
3420 2915 3515 2985 qui
3541 2915 3714 2971 dicit:

473 3021 494 3055 ι
529 3003 588 3058 Si
623 3009 849 3057 evectus
881 2998 1038 3055 fuero
1084 3013 1115 3054 a
1152 3002 1323 3061 terra,
1379 3010 1575 3050 omnes
1605 3011 1704 3051 vos
1741 3011 1956 3053 mecum
2000 3000 2273 3054 attraham
2305 3000 2372 3054 ⁷⁸.
2411 3017 2430 3051 ι
2462 3001 2627 3070 Atqui
2655 3015 2754 3071 per
2779 3001 2982 3057 arietes
3013 3015 3207 3055 eorum
3246 3000 3553 3073 prudentiae
3588 2996 3711 3074 per;

471 3090 656 3156 fectio,
699 3104 796 3160 per
829 3101 1001 3156 agnos
1031 3083 1356 3155 simplicitas
1403 3091 1458 3137 et
1499 3081 1844 3150 innocentia,
1896 3101 1994 3156 per
2042 3088 2227 3143 hircos
2275 3103 2404 3143 vero
2434 3088 2787 3159 significatur
2819 3089 2966 3158 quod
2998 3089 3236 3145 subinde
3265 3090 3551 3161 indigeant
3583 3106 3722 3161 pur-

469 3179 709 3248 gatione,
737 3185 791 3231 et
816 3174 1142 3230 delictorum
1172 3169 1601 3235 condonatione,
1635 3184 1699 3224 ac
1742 3172 1974 3241 proinde
2024 3190 2241 3246 semper
2295 3176 2486 3231 dicant
2514 3192 2530 3229 :
2562 3175 2801 3232 Remitte
2835 3176 3235 3233 nobisdelicta
3270 3189 3481 3243 nostra,
3520 3194 3618 3250 pro
3650 3179 3720 3235 iis

470 3265 596 3336 quis
626 3261 978 3320 satisfaciet?
1008 3271 1058 3316 et
1086 3259 1155 3314 ab
1185 3255 1576 3312 affectionibus
1609 3258 1798 3327 pravis
1840 3274 2078 3331 repurga
2113 3278 2222 3318 tne.
2256 3261 2514 3320 Omnium
2540 3278 2672 3319 vero
2705 3264 2934 3334 aequalis
2973 3273 3061 3321 est
3087 3265 3298 3321 oblatio
3331 3276 3389 3321 ut
3420 3268 3561 3322 citra
3594 3281 3721 3322 om-

471 3369 594 3409 nem
626 3352 986 3409 ambitionem
1010 3347 1127 3412 fiat,
1158 3360 1230 3401 ne
1263 3344 1583 3416 praestantia
1608 3344 1801 3404 unius.
1844 3347 1914 3403 ad
1947 3350 2337 3404 contumeliam
2384 3352 2679 3405 multorum
2711 3351 3042 3406 inferiorum
3076 3342 3268 3409 cedat.
3297 3351 3552 3410 Plaustra
3586 3369 3721 3409 vero

471 3441 752 3497 rutilantia
784 3445 948 3495 vocat
972 3437 1137 3508 juxta
1172 3432 1537 3505 quorumdam
1564 3432 1922 3491 traditionem
1959 3451 2159 3494 currus
2187 3452 2329 3507 quos
2367 3438 2502 3493 muli
2552 3438 2799 3493 trahunt.
2834 3440 2904 3494 At
2934 3439 3163 3510 Aquilas
3188 3449 3513 3509 protectores
3544 3440 3722 3496 inter-

508 3536 740 3584 retatur.

470 3546 949 3683 “gingiuarum
997 3618 1050 3666 et
1075 3602 1725 3681 quatuorboves.[Vl|,7.]
1754 3603 2072 3659 Levitarum
2109 3612 2557 3677 praestantissimi
2588 3612 2860 3668 Coathitae
2893 3629 3061 3683 super
3095 3614 3364 3679 humeris,
3399 3613 3559 3686 391
3606 3628 3720 3669 non

471 3705 736 3777 plaustris
764 3704 908 3760 sicut
933 3700 1242 3758 Gersonitae
1278 3707 1335 3756 et
1378 3698 1680 3765 Meraritae,
1722 3695 1901 3752 fulcra
1952 3703 2189 3766 gestant.
2234 3703 2358 3766 Quo
2397 3701 2542 3763 enim
2584 3701 2890 3771 quidquam
2944 3700 3059 3756 Deo
3083 3704 3315 3772 propius
3359 3712 3468 3767 est,
3518 3718 3585 3757 co
3620 3718 3723 3756 cx-

469 3793 763 3853 cellentius
788 3800 875 3848 est
901 3806 968 3846 eo
1016 3789 1164 3862 quod
1191 3790 1540 3845 extrinsecus
1568 3787 1812 3843 excellit.
1850 3783 2101 3841 Proximi
2138 3798 2321 3844 autem
2356 3785 2463 3843 Deo
2509 3796 2639 3843 sunt
2666 3791 2758 3860 qui
2795 3803 2824 3842 a
2860 3789 3014 3845 vasis
3045 3792 3223 3845 sacris
3264 3789 3565 3847 exsistunt.
3597 3789 3722 3845 Ca:-

474 3894 652 3939 terum
689 3880 962 3937 Meraritis
990 3879 1237 3950 plaustra
1263 3876 1507 3947 duplicia
1535 3890 1664 3930 cum
1693 3874 1872 3929 bobus
1899 3873 2030 3927 data
2061 3879 2215 3937 sunt,
2251 3889 2423 3943 quare
2449 3874 2629 3929 fulcra
2664 3889 2885 3945 quoque
2916 3876 3169 3946 graviora
3201 3893 3368 3948 quam
3404 3877 3722 3933 Gersonita:

472 3974 826 4041 acceperunt.
858 3964 1173 4022 Cahathitis
1222 3971 1406 4019 autem
1463 3963 1600 4017 nihil
1653 3961 1842 4016 datum
1900 3971 2009 4024 est,
2058 3958 2238 4015 fulcra
2279 3972 2458 4039 tamen
2497 3977 2691 4017 eorum
2723 3964 3091 4031 nihilominus
3117 3966 3405 4035 magniﬁca
3444 3972 3595 4027 sunt,
3625 3977 3724 4018 aut

469 4040 619 4113 enim
648 4056 701 4110 hi
729 4054 822 4126 qui
848 4067 955 4108 non
987 4060 1229 4123 portant,
1262 4050 1614 4122 angustiores
1647 4047 1880 4102 fuerint.
1921 4043 2078 4112 Quod
2119 4047 2166 4102 si
2208 4057 2315 4113 cst,
2336 4051 2378 4105 ii
2404 4040 2631 4129 quoque
2666 4051 2761 4121 qui
2799 4050 2853 4106 in
2886 4050 3129 4106 Sabbato
3158 4050 3335 4107 fulcra
3371 4051 3571 4106 tollunt
3599 4067 3726 4107 san-

470 4145 674 4200 ctiores
704 4152 757 4197 et
787 4140 1013 4213 legitimi
1046 4138 1222 4209 magis
1261 4147 1424 4193 erunt
1454 4136 1525 4191 iis
1551 4134 1646 4205 qui
1678 4150 1787 4189 nou
1819 4134 2043 4199 tollunt,
2081 4133 2232 4205 iique
2267 4135 2470 4208 abjecti
2517 4150 2582 4197 ac
2623 4137 2841 4208 profani
2872 4136 3103 4193 fuerint.
3136 4138 3297 4204 Quod
3327 4139 3554 4195 minime
3582 4154 3721 4193 con-

472 4220 780 4289 cedendum
812 4235 918 4292 est,
951 4224 1414 4299 quemadmodum
1443 4238 1545 4279 nec
1580 4223 1718 4278 illud
1760 4220 1986 4293 quidem
2020 4222 2165 4291 quod
2190 4223 2283 4294 qui
2312 4225 2768 4283 labores’tolerat
2807 4237 3034 4297 propter
3073 4224 3723 4297 Ecclesiamsignobilior

469 4334 537 4376 eo
571 4320 643 4376 sit
674 4317 769 4389 qui
799 4317 971 4371 otium
1010 4329 1112 4368 ccu
1147 4312 1500 4384 praestantius
1528 4310 1782 4380 elegerit,
1830 4324 1931 4364 nec
1982 4308 2117 4364 illud
2161 4311 2319 4391 quod.
2357 4313 2563 4375 mundo
2611 4312 2832 4370 deditus
2883 4313 3130 4369 sanctior
3162 4312 3237 4367 sit
3267 4326 3335 4368 eo
3367 4314 3463 4385 qui
3515 4314 3587 4369 ab
3625 4314 3722 4369 illo

409 4423 432 4449 κ
468 4416 630 4465 vacat
661 4449 678 4472 ,
707 4420 810 4462 nec
835 4401 1140 4460 Sabhatum
1172 4398 1474 4470 profanans
1503 4413 1569 4454 eo
1599 4398 1694 4468 qui
1736 4397 1991 4453 coluerit.
2406 4444 2411 4449 .
2726 4448 2729 4450 ,

431 4477 441 4517 ¹
539 4499 616 4551 Ac
657 4501 999 4565 posteaquam
1062 4486 1300 4540 auxisset
1333 4485 1531 4555 ipsum.
1579 4480 1722 4556 [88.]
1770 4482 2020 4539 Aaronen

2219 4487 2331 4543 Καὶ
2344 4488 2496 4556 μετὰ
2523 4487 2590 4543 τὸ
2611 4487 2817 4557 χρῖσαι
2836 4487 3240 4559 αὐτὸν,,δῆλον
3253 4487 3339 4542 ὅτι
3368 4487 3460 4542 τὸν
3484 4487 3720 4558 ’Δαρὼν.

467 4588 672 4658 dequo
702 4582 845 4655 apud
879 4579 1071 4635 Mosen
1104 4591 1415 4633 sermonem
1468 4573 1715 4631 facturus
1760 4574 1864 4629 fuit
1900 4573 2044 4631 Deus

2149 4579 2285 4649 Περὶ
2323 4579 2487 4634 αμὺωῦ
2521 4580 2631 4652 γὰρ
2689 4579 2875 4650 μέλλει
2922 4579 3274 4648 διαλέγεσθαι
3324 4579 3402 4651 τῷ
3433 4581 3645 4652 Μωῦσῇ
3684 4584 3724 4634 ,ὁ

469 4679 524 4737 id
563 4675 763 4733 fecisse
794 4678 1036 4752 constat.
1077 4669 1376 4733 Caeterum,
1391 4666 1551 4738 juxta
1598 4667 1738 4722 alios
1780 4667 2048 4737 interpre-

2148 4670 2300 4734 Θεός.
2322 4671 2478 4726 Κατὰ
2504 4672 2561 4726 δὲ
2581 4673 2707 4734 τοὺς
2732 4671 2923 4736 ἄλλους
2949 4672 3294 4743 ἑρμηνευτὰς
3314 4713 3331 4739 ,
3368 4670 3519 4728 αὐτὸ
3542 4672 3721 4726 ἐκδόν-

469 4786 574 4839 tes,
612 4771 793 4842 ipsum
847 4766 1020 4821 altare
1050 4772 1345 4836 postquam
1374 4761 1686 4825 unxissent,
1736 4760 1856 4825 ait;
1904 4773 2046 4829 pra:-

2149 4781 2265 4829 τας,
2299 4764 2362 4818 τὸ
2388 4762 2779 4836 θυσιαστήριόν
2826 4782 2981 4836 φησι.
3025 4764 3312 4837 Προειπὼν
3340 4765 3452 4836 γὰρ
3473 4806 3488 4831 ,
3523 4783 3543 4816 ι
3575 4763 3721 4834 Αὕτη

470 4866 618 4923 fatus
646 4861 794 4919 enim
830 4875 845 4914 :
884 4877 903 4910 σ
927 4860 1105 4928 Atque
1141 4856 1257 4911 haic
1283 4863 1368 4910 est
1403 4853 1737 4908 instauratio
1776 4852 2037 4915 altarisu

2150 4860 2184 4929 ἡ
2228 4858 2529 4926 ὲγκαίνισις
2576 4858 2670 4912 τοῦ
2709 4857 3122 4929 θυσιαστηρίου,
3156 4876 3175 4911 ι
3208 4858 3480 4929 ἐπήγαγε,
3517 4877 3536 4910 t
3570 4859 3722 4912 Merit

472 4955 766 5030 subjunxit
804 4972 818 5009 :
881 4972 897 5004 ι
948 4952 1313 5020 Posteaquam
1356 4945 1651 5001 unxisscnt
1675 4944 1877 5014 ipsum.
1912 4961 1930 4994 ι
1972 4941 2061 5015 Ea

1972 4941 2065 5016 Ea.
2150 4946 2210 4998 τὸ
2232 4951 2416 5017 χρῐται
2446 4947 2598 5000 αὐτό.
2638 4966 2656 4999 ι
2705 4946 3016 5001 Ὠὁέλισται
3049 4947 3159 5019 γὰρ
3190 4948 3258 5002 τὰ
3284 4951 3342 5002 ὲν
3371 4950 3542 5020 μέσῳ.

470 5055 618 5109 enim
649 5064 773 5121 qua:
802 5048 856 5103 in
893 5045 1076 5101 medio
1108 5052 1259 5108 sunt,
1292 5055 1398 5096 non
1432 5040 1737 5098 habentur.

540 5165 853 5223 Constituto
892 5175 1024 5217 vero
1055 5156 1327 5220 Ecclesia,
1361 5156 1415 5209 id
1444 5154 1591 5209 enim
1626 5151 2038 5208 tabernaculum
2088 5159 2193 5213 est,
2243 5148 2337 5203 Dei
2387 5148 2568 5204 Patris
2624 5150 2692 5205 ad
2728 5166 2829 5208 nos
2883 5153 3134 5221 pervenit
3159 5168 3283 5208 vox.
3329 5152 3463 5209 Nam
3500 5154 3720 5211 loeutus

469 5257 632 5314 nobis
669 5261 755 5309 est
782 5268 878 5323 per
908 5249 1108 5305 Filium
1139 5259 1300 5317 quem
1330 5241 1776 5313 propitiatoriunt
1805 5254 1905 5308 pro
1942 5237 2181 5307 peccatis
2218 5237 2421 5291 nostris
2443 5238 2653 5307 posuit.
2691 5238 2805 5293 Vox
2859 5254 2991 5293 vero
3034 5250 3154 5294 erat
3191 5254 3361 5309 supra
3394 5240 3717 5305 Cherubin;

469 5335 697 5416 superat
724 5342 868 5397 enim
896 5337 1105 5402 omnia,
1138 5334 1303 5389 etiam
1348 5345 1640 5400 supremas
1671 5328 1852 5395 sedes,
1896 5325 2060 5381 Deus.
2102 5324 2271 5378 Filius
2315 5335 2495 5380 autem
2534 5326 2627 5395 qui
2681 5326 2846 5380 verba
2882 5326 3004 5397 ejus
3040 5326 3109 5380 ad
3142 5342 3245 5383 nos
3269 5326 3469 5391 defert,
3503 5328 3714 5396 inquit:

477 5454 496 5487 ι
535 5410 715 5489 l’crba
747 5443 869 5498 quae
893 5442 993 5498 ego
1031 5410 1176 5479 [ιιιὲἱο
1205 5437 1320 5476 non
1356 5436 1499 5484 mea,
1541 5417 1638 5474 scd
1691 5417 1812 5486 ejus
1870 5417 1963 5485 qui
2015 5429 2102 5469 me
2151 5413 2376 5484 legavit,
2435 5413 2657 5468 sunt".
2697 5432 2714 5463 ι
2771 5413 2834 5468 Et
2868 5413 2972 5468 hoc
3006 5414 3446 5469 sane‘indicatur
3474 5431 3541 5473 eo
3572 5417 3719 5487 quod

542 5600 587 5632 "'
618 5598 722 5653 lsa.
765 5611 914 5654 sun,
946 5590 1035 5645 Q6.
1114 5590 1158 5622 ⁶³
1194 5588 1338 5643 Ps..l.
1378 5602 1527 5644 xxst.
1555 5584 1606 5637 5.
1667 5582 1712 5612 “
1752 5580 1946 5654 Matth.
1981 5595 2126 5646 xxvi,

2160 5579 2250 5633 2'5.
2314 5578 2356 5609 θ’
2387 5575 2613 5631 1υειη.νι
2642 5618 2656 5643 ,
2682 5578 2773 5634 54.
2846 5575 2891 5608 ⁸⁸
2923 5574 3065 5630 Psal.
3130 5590 3273 5640 κων,
3308 5575 3362 5630 8.
3458 5575 3500 5607 ε’
3526 5573 3725 5631 Jcrem.

471 5687 548 5735 κε,
601 5671 682 5724 l9.
772 5666 818 5696 "°
846 5652 1008 5719 Joan.
1042 5678 1142 5718 χιι.
1184 5660 1282 5717 52.
1389 5659 1429 5687 ⁷³
1460 5654 1620 5708 Joau.
1658 5669 1769 5718 XIV,
1800 5652 1893 5708 '24.
