4050 6212
352 282 463 348 8i3
1436 277 1951 339 COMMENTARIJ

2015 274 2092 334 IN
2135 273 2522 334 NUMEROS.
3499 265 3603 332 814

358 409 460 448 vos
487 405 654 460 supra
712 391 1157 462 propitiatorium
1212 391 1356 448 facta
1393 403 1501 450 est.
1563 391 1838 447 Caeterum
1871 387 2222 444 tribunorum
2272 385 2478 448 aditus,
2527 400 2632 438 non
2669 384 2816 438 enim
2869 391 2924 437 et
2962 381 3094 438 illud
3140 382 3207 436 de
3261 382 3605 452 principibus

359 476 725 534 ontittendum
757 489 863 543 est,
899 494 1008 536 non
1048 478 1354 535 secundum
1391 477 1768 550 generationis
1813 475 2032 542 seriem,
2082 474 2180 530 sed
2219 484 2532 530 castrorum
2569 471 2818 526 ordinem
2855 484 3017 540 quem
3046 470 3309 524 tenebant
3338 469 3486 524 circa
3527 481 3609 523 ta.

359 565 718 622 bernaculum
761 565 946 621 ﬁebat.
989 566 1208 622 Primus
1239 567 1388 621 enim
1410 563 1612 628 ludas,
1650 564 1750 634 qui
1795 562 1954 633 juxta
1999 568 2217 616 mtatem
2255 569 2490 629 quartus
2529 567 2714 624 esset;
2756 556 3033 612 secundus
3064 555 3350 622 lssachar,
3387 558 3478 628 qui
3515 574 3609 616 no-

361 669 464 708 nus
497 651 670 718 foret;
695 652 890 708 tertius
913 651 1185 719 Zabulon,
1219 654 1310 722 qui
1348 652 1599 707 decimus
1629 657 1796 705 esset.
1833 646 2158 704 Secundum
2206 645 2405 702 deinde
2437 645 2723 700 decuriam
2767 643 3166 714 primogenitus
3203 641 3395 697 Ruben
3444 646 3609 698 habet

360 756 388 794 a
423 755 532 810 quo
563 739 842 796 secundus
875 748 960 796 est
995 739 1242 794 Simeon.
1273 737 1496 795 Tertius
1529 745 1614 794 est
1651 736 1766 791 Gad
1808 751 1874 793 ex
1913 735 2120 790 ancilla
2165 735 2404 805 genitus.
2441 731 2755 803 Eodemque
2785 731 2945 785 modo
2975 731 3042 785 dc
3076 731 3298 785 duobus
3321 731 3414 800 qui
3449 731 3611 786 (lein-

359 841 489 897 ccps
548 833 860 896 sequuntur
897 827 1190 883 ordinibus
1243 826 1667 895 intelligendum
1711 833 1818 880 est.
1877 821 2072 877 Tacite
2133 837 2267 876 vero
2310 820 2679 890 significatum
2737 827 2843 883 est,
2876 817 3105 872 verbum
3141 818 3380 887 primum
3425 818 3608 872 locum

355 913 505 984 apud
538 912 710 970 Deum
749 925 960 980 tenere,
1001 913 1356 986 Evangelium
1390 914 1636 983 denique
1666 910 1796 966 Jesu
1831 909 2041 966 Christi
2087 909 2244 980 prius
2293 923 2418 963 esse
2451 907 2592 976 lege.
2623 905 2795 960 Primi
2824 905 2972 960 enim
3009 903 3374 960 novissimum
3427 903 3606 958 locum

359 995 744 1065 obtinuerunt,
788 1012 843 1057 et
893 1003 1181 1057 novissimi
1228 1004 1488 1072 primum.
1525 1001 1658 1054 Nam
1715 1015 1840 1054 cum
1889 997 2076 1053 lsraeli
2128 994 2734 1066 primogeniturmjure
2765 1008 2794 1046 a
2830 991 3062 1047 Rubene
3107 999 3361 1061 accepto,
3397 991 3610 1060 primus

359 1089 658 1144 deberetur
677 1089 838 1153 ordo,
867 1103 895 1142 a
930 1098 1088 1159 tergo
1117 1099 1300 1143 tamen
1336 1097 1528 1159 gentes
1561 1087 1617 1140 in
1665 1084 1805 1141 Juda
1851 1101 1882 1140 a
1927 1084 2152 1140 Christo
2185 1095 2409 1138 vocatas
2445 1082 2722 1152 sequitur.
2757 1079 2796 1134 li
2827 1094 3048 1150 quoque
3078 1079 3170 1150 qui
3207 1081 3465 1134 servilem
3509 1078 3607 1132 ha-

360 1177 496 1232 bent
528 1177 808 1246 spiritum,
849 1177 1058 1247 ftliique
1088 1177 1310 1232 servilis
1357 1173 1664 1230 Jerusalem
1710 1176 2013 1234 exsistunt,
2048 1173 2231 1226 locum
2257 1171 2384 1223 filiis
2412 1169 2622 1232 liberm,
2669 1168 2883 1230 matris,
2929 1170 3180 1236 inquam,
3214 1176 3441 1230 nostrm,
3475 1181 3610 1219 con-

359 1262 586 1318 cedunt.
615 1261 792 1317 Judas
829 1263 975 1317 enim
1009 1277 1040 1316 a
1072 1277 1182 1331 quo
1212 1260 1470 1315 Christus
1519 1268 1685 1314 natus
1743 1267 1828 1314 est
1875 1259 2179 1328 principem
2209 1259 2389 1312 locum
2433 1257 2621 1310 habet.
2662 1253 2868 1309 Deinde
2890 1253 3152 1308 lssachar
3179 1264 3232 1309 et
3263 1252 3514 1309 Zabulon
3550 1253 3614 1305 li-

362 1349 480 1403 beri
513 1365 578 1404 ex
609 1351 784 1404 libera
820 1349 960 1404 nati.
1009 1347 1280 1418 Deinceps
1311 1347 1509 1402 Ruben
1537 1347 1941 1416 primogenitus
1964 1347 2120 1415 juxta
2164 1345 2359 1400 Jacobi
2407 1343 2731 1398 vaticinium
2757 1343 2828 1404 ⁷³,
2855 1349 3188 1409 contumax,
3221 1351 3276 1396 et
3308 1341 3607 1395 violentus.

361 1436 496 1492 Post
547 1454 712 1507 quem
753 1436 1008 1506 sequitur
1061 1437 1284 1492 Simeon
1332 1437 1424 1505 qui
1471 1451 1596 1490 cum
1653 1433 1784 1489 chi
1836 1434 2114 1489 homicida
2148 1433 2328 1487 dictus
2379 1440 2485 1487 est.
2531 1429 2594 1484 Et
2639 1437 2860 1484 sanctos
2909 1429 3130 1496 quidem
3165 1427 3607 1483 interfecerunt:

370 1541 390 1576 ι
429 1524 603 1590 Quem
654 1525 804 1581 enim
843 1525 1260 1595 prophetarum,
1303 1527 1400 1589 ait,
1431 1539 1542 1580 non
1576 1525 1906 1579 occiderunt
1948 1531 2136 1592 patres
2166 1520 2334 1574 vestri
2363 1519 2454 1572 "‘3
2493 1538 2510 1570 ι
2544 1517 2754 1572 Nervos
2784 1532 2914 1571 vero
2949 1515 3224 1570 truncavit
3263 1525 3426 1570 tauro
3454 1514 3613 1572 Clu-i-

365 1620 487 1678 sto;
521 1628 630 1666 non
661 1613 810 1666 enim
857 1613 1011 1680 plebs
1036 1621 1270 1679 tantum,
1309 1628 1500 1667 verum
1533 1614 1698 1668 etiam
1738 1610 1946 1666 Scribat
1981 1617 2032 1664 et
2069 1605 2357 1670 Pharisaei,
2398 1605 2614 1661 facinus
2633 1612 2827 1658 contra
2864 1603 3145 1658 Christum
3177 1611 3554 1674 conceperuut
3594 1617 3610 1654 :

366 1699 531 1753 veluti
583 1715 708 1754 cum
751 1701 804 1752 in
832 1698 947 1754 Gad
981 1707 1306 1759 tentasseut.
1345 1715 1412 1754 ac
1440 1700 1690 1754 dicerent
1722 1717 1735 1752 :
1771 1717 1789 1749 ι
1816 1696 2126 1751 Licitumne
2156 1703 2239 1749 est
2261 1691 2392 1746 dare
2423 1692 2625 1746 tributa
2657 1690 2892 1744 Caesari?
2918 1707 2936 1742 ι

425 1785 487 1838 ,Ε
525 1788 730 1856 regione
753 1785 1064 1841 candelabri
1113 1787 1358 1840 lucebunt
1402 1797 1598 1857 septem
1626 1785 1882 1840 lacerate.
1920 1781 2086 1856 [Vlll,
2113 1779 2197 1852 2.]
2234 1779 2490 1833 Divinum
2541 1778 2688 1832 enim
2728 1778 2914 1830 lumen
2968 1791 3079 1831 non
3124 1775 3380 1830 immittit
3422 1775 3615 1831 radios

367 1890 500 1930 suos
531 1876 602 1931 iis
637 1875 731 1945 qui
766 1883 978 1946 tergum
1021 1877 1338 1939 obvertunt,
1391 1875 1721 1946 longiusque
1766 1873 1836 1928 ab
1888 1887 1955 1926 eo
1987 1869 2274 1925 recedunt.
2315 1867 2520 1922 Verum
2574 1867 2686 1921 illis
2717 1867 2812 1935 qui
2861 1881 2956 1935 per
2985 1867 3296 1921 libertatem
3337 1865 3462 1920 fidei
3531 1865 3614 1920 vi-

365 1972 546 2031 taeque
581 1963 933 2018 sanctitatem
963 1971 1245 2020 ostentant
1297 1962 1513 2017 faciem.
1547 1963 1630 2017 Ad
1663 1961 1884 2016 Judaaos
1916 1958 2061 2014 enim
2095 1971 2194 2038 per
2224 1955 2422 2010 Isaiam
2457 1953 2602 2010 Deus
2628 1954 2801 2008 dixit:
2839 1971 2858 2005 ι
2887 1952 3047 2020 Quod
3081 1954 3130 2010 si
3161 1969 3360 2009 manus
3397 1964 3615 2011 vestras

363 2065 497 2122 erga
532 2067 620 2107 tne
670 2052 1048 2120 porrexeritis,
1111 2059 1358 2105 avertam
1406 2051 1604 2106 faciem
1652 2064 1829 2106 meam
1864 2063 1893 2102 a
1925 2047 2086 2102 vobis
2127 2043 2193 2098 “.
2241 2061 2260 2094 ι
2290 2041 2450 2098 Oculi
2487 2055 2614 2096 vero
2651 2041 2870 2095 Domini
2913 2056 3084 2110 super
3113 2041 3299 2112 justos
3335 2053 3491 2108 sunt,
3531 2043 3612 2098 si-

363 2147 464 2192 cut
511 2136 806 2192 Psalmista
857 2143 1110 2191 testatur.
1161 2135 1432 2193 Caeterum
1473 2151 1708 2192 aureum
1759 2141 1848 2190 est
1899 2132 2320 2197 candelabrum,
2367 2131 2421 2184 id
2461 2139 2568 2192 est,
2599 2136 2778 2184 totum
2811 2130 2876 2184 ad
2904 2131 3242 2186 intellectum
3281 2145 3346 2188 ac
3375 2140 3616 2188 mentem

368 2223 737 2280 referendum.
773 2223 944 2294 Cujus
975 2225 1202 2296 quidem
1249 2225 1430 2280 caulis
1484 2223 1686 2281 mentis
1737 2221 1992 2278 habitum
2041 2221 2477 2290 redintegratum
2513 2217 2782 2283 denotat,
2818 2216 2932 2272 lilia
2963 2216 3208 2289 denique
3237 2219 3381 2289 ejus,
3415 2220 3618 2276 mentis

367 2313 533 2370 nores
555 2322 610 2371 et
637 2326 892 2371 ornatus.

442 2442 602 2500 Sume
652 2441 859 2500 Levitas
900 2461 928 2500 c
957 2446 1130 2500 medio
1158 2445 1390 2515 ﬁliorum
1415 2443 1608 2500 Israel.
1640 2441 1805 2516 [Vlll,
1837 2440 1950 2515 16.]
1981 2437 2040 2494 In
2074 2436 2517 2503 Christojterum
2549 2435 2866 2491 Levitarum
2892 2435 3206 2508 purificatio
3244 2443 3350 2492 est.
3385 2434 3441 2491 Si
3471 2436 3617 2492 enim

371 2533 602 2602 sanguis
627 2541 923 2594 taurorum
959 2541 1012 2587 et
1042 2532 1352 2599 hircorum,
1381 2533 1567 2602 inquit
1607 2529 1813 2585 Paulus
1842 2531 1910 2593 ",
1959 2533 2164 2596 quanto
2202 2523 2379 2593 magis
2425 2522 2635 2578 Christi
2683 2525 2912 2592 sanguis
2945 2525 2998 2579 in
3037 2524 3216 2594 ipsius
3245 2524 3613 2578 communita-

371 2626 481 2674 tem
519 2620 724 2674 ascitos
761 2620 1094 2674 sanctificat.
1143 2619 1412 2674 Caeterum
1467 2632 1608 2688 aqua
1649 2617 1812 2688 392
1859 2611 2265 2687 purificationis
2289 2612 2531 2666 cinerem
2560 2611 2776 2666 bucula:
2808 2612 3112 2668 admistutn
3138 2613 3376 2678 habens,
3418 2611 3618 2666 morti-

374 2709 646 2764 ficationis
699 2723 824 2762 cum
878 2707 1101 2762 Christo
1137 2721 1300 2776 quam
1344 2707 1399 2762 in
1438 2706 1718 2776 baptismo
1772 2703 2034 2758 obtestati
2080 2715 2272 2756 sumus
2301 2699 2773 2756 commonefacit:
2820 2717 2841 2752 ί
2889 2699 3008 2755 Una
3050 2701 3196 2755 enim
3227 2715 3354 2755 cum
3391 2699 3487 2754 illo
3529 2714 3618 2755 se-

377 2797 516 2866 pulti
551 2811 744 2850 sumus
778 2809 880 2865 per
931 2793 1268 2864 baptismum
1320 2793 1376 2848 in
1408 2800 1640 2849 mortem
1671 2793 1742 2847 '°.
1774 2810 1794 2845 ι
1847 2788 1914 2846 Et
1935 2787 2396 2861 rursuminquit:
2449 2805 2469 2840 ι
2518 2789 2748 2858 Semper
2775 2788 3117 2858 sepulturam
3145 2786 3278 2843 Jesu
3310 2786 3520 2843 Christi
3561 2789 3620 2844 iu

373 2897 610 2952 corpore
655 2881 1117 2939 circumferentes
1175 2882 1243 2937 ".
1283 2900 1302 2934 ι
1363 2885 1462 2937 Est
1487 2888 1667 2936 autem
1719 2881 2001 2950 sepultura
2055 2877 2193 2944 haec,
2241 2876 2446 2932 mundo
2485 2877 2708 2948 quidem
2767 2878 2930 2943 mori,
2970 2875 3200 2932 Christo
3235 2890 3370 2931 vero
3409 2877 3617 2930 vivere.

379 2991 398 3024 ι
433 2971 546 3040 Ego
571 2971 716 3026 enim
755 2986 854 3041 per
886 2971 1081 3042 legem,
1116 2969 1320 3039 inquit,
1353 2969 1460 3039 legi
1486 2976 1736 3024 mortuus
1757 2983 1902 3031 sum,
1936 2973 1995 3020 ut
2031 2964 2141 3020 Deo
2167 2964 2352 3020 vivere
2383 2979 2600 3035 possem
2635 2963 2736 3020 ⁷³.»
2761 2962 2826 3017 Et
2852 2963 3022 3034 hujus
3061 2964 3284 3034 quidem
3314 2963 3620 3018 mortiﬁca-

373 3057 543 3112 tionis
579 3065 868 3134 consortes
915 3071 1038 3112 esse
1079 3056 1400 3112 Levitarum
1450 3055 1702 3110 ordinem
1729 3063 1986 3126 oportere
2021 3053 2124 3108 hoc
2170 3052 2372 3124 arguit,
2408 3051 2558 3122 quod
2601 3050 2854 3107 radendo
2892 3050 3038 3120 pilos
3084 3057 3262 3105 totum
3287 3064 3492 3120 corpus
3521 3049 3619 3104 de-

373 3144 585 3200 nudare
615 3145 886 3215 principii.
920 3143 1025 3198 Per
1055 3143 1198 3215 pilos
1241 3151 1423 3198 autem
1465 3141 1771 3214 significafi
1821 3147 2041 3196 constat
2083 3140 2420 3196 luxuriantia
2445 3139 2616 3194 animi
2642 3139 2914 3211 germina,
2938 3139 3144 3208 quibus
3178 3138 3432 3195 hirsutus
3471 3137 3620 3193 Esau

373 3233 706 3296 abundavit.
758 3231 929 3288 Jacob
974 3247 1116 3288 vero
1142 3232 1294 3288 laevis
1320 3232 1523 3287 caruit.
1566 3229 1697 3298 Quae
1729 3229 1951 3301 quidem
2001 3229 2224 3288 divinus
2267 3233 2452 3286 sermo
2486 3230 2669 3300 gladio
2703 3228 2918 3283 acutior
2939 3228 3010 3292 ",
3041 3227 3136 3298 qui
3167 3227 3222 3281 in
3256 3233 3496 3282 mentem
3533 3227 3620 3298 ip-

374 3331 494 3372 sam
534 3315 788 3384 pervadit
817 3317 872 3369 in
919 3314 1054 3370 flore
1107 3315 1228 3384 ipso
1273 3321 1542 3386 amputat,
1589 3316 1641 3368 iu
1693 3313 1880 3370 futuro
1915 3315 2062 3370 enim
2102 3317 2322 3373 demum
2355 3317 2562 3373 saeculo
2593 3316 2870 3372 radicitus
2891 3315 3098 3372 evellit.
3136 3315 3318 3383 Atque
3344 3312 3462 3369 haec
3491 3317 3620 3383 qui-

373 3403 498 3458 dem
531 3402 618 3456 les
659 3403 869 3472 peccati
899 3409 1004 3467 est,
1034 3417 1160 3472 qua!
1206 3403 1261 3457 in
1295 3401 1560 3458 membris
1604 3401 1760 3466 latet,
1812 3401 2124 3474 mentisque
2168 3403 2272 3474 legi
2317 3404 2646 3458 reluctatur.
2698 3399 2903 3458 Verum
2933 3400 3221 3457 enimvero
3249 3399 3482 3470 spiritus
3515 3402 3621 3454 iter

375 3489 560 3554 facite,
610 3490 810 3559 inquit,
856 3491 1152 3560 carnisque
1205 3491 1673 3562 concupiscentia:
1725 3489 1936 3544 nullum
1970 3489 2320 3558 patefaciatis
2363 3491 2593 3545 exitum.
2623 3487 2894 3544 Caeterum
2951 3487 3412 3543 vestimentorum
3461 3487 3621 3542 ablu-

376 3577 528 3632 tione
563 3578 796 3631 nitidam
827 3591 894 3632 ac
927 3593 1175 3632 serenam
1232 3579 1474 3646 politiam
1524 3593 1758 3648 eamque
1810 3593 1934 3648 quae
1971 3576 2280 3632 forinsecus
2321 3586 2492 3647 patet,
2537 3576 2739 3630 innuit.
2792 3576 2973 3633 Mente
3019 3576 3169 3631 enim
3203 3576 3346 3630 bona
3384 3589 3494 3630 non
3529 3590 3621 3630 co-

375 3677 498 3716 ram
535 3661 644 3716 lieo
684 3669 922 3728 tantum,
953 3679 1146 3717 verum
1187 3665 1352 3717 etiam
1419 3665 1735 3720 hominibus
1788 3665 2155 3735 concipimus.
2205 3665 2338 3720 Nam
2380 3683 2400 3717 ‹
2438 3665 2666 3729 Luceat,
2700 3667 2899 3736 inquit,
2934 3665 3119 3719 lumen
3155 3673 3400 3718 vestrum
3429 3679 3616 3718 coram

379 3747 700 3802 hominibus
733 3756 794 3802 ut
823 3756 1009 3803 vestra
1045 3749 1187 3804 bona
1211 3765 1375 3820 Opera
1404 3751 1628 3804 videant
1648 3751 1718 3804 '°.
1755 3769 1776 3803 ι
1799 3751 1968 3806 Porro
2001 3751 2334 3806 sacrificium
2370 3767 2470 3818 pro
2503 3753 2572 3807 iis
2597 3751 2790 3805 vitulis
2826 3751 3066 3814 duobus,
3099 3749 3290 3803 adulto
3325 3749 3619 3803 constabat

376 3842 434 3887 et
459 3833 742 3888 anniculo.
771 3833 828 3888 ln
862 3835 1116 3904 utrisque
1140 3846 1321 3891 autem
1353 3837 1560 3890 Christi
1594 3851 1760 3906 parva
1797 3837 2124 3906 significatio
2169 3845 2275 3892 est.
2329 3839 2408 3892 Ac
2441 3839 2494 3892 in
2535 3838 2710 3891 vitulo
2738 3837 2960 3908 quidem
3001 3837 3055 3892 in
3097 3836 3484 3890 holocaustum
3518 3837 3619 3888 ad-

380 3919 581 3986 hibito,
630 3920 760 3990 quis
810 3928 961 3975 totus
1001 3935 1128 3974 cum
1177 3923 1294 3990 ipse
1329 3930 1478 3977 esset
1511 3933 1759 3987 sanctus,
1807 3924 1933 3977 vita:
1962 3924 2277 3993 tranquillas
2321 3938 2548 3977 usuram
2594 3924 2758 3978 nobis
2792 3923 3154 3994 comparavit.
3186 3921 3241 3975 ld
3269 3922 3417 3991 quod
3449 3922 3615 3976 etiam

378 4005 558 4062 farina
585 4008 708 4063 oleo
757 4009 987 4064 subacta
1033 4023 1144 4077 prae
1169 4023 1231 4064 se
1283 4009 1516 4064 ferebat.
1543 4008 1602 4064 ln
1636 4010 1807 4063 vitulo
1827 4017 2008 4064 autem
2041 4023 2142 4078 pro
2184 4009 2425 4078 peccatis
2472 4013 2600 4080 igne
2630 4019 2981 4080 consumpto,
3020 4008 3166 4080 quod
3196 4009 3288 4062 ille
3318 4009 3536 4063 virtutis
3566 4019 3618 4062 et

376 4093 752 4162 simplicitatis
784 4094 1100 4164 exemplum
1159 4095 1636 4150 absolutissimum
1674 4095 1906 4150 exsistat
1947 4111 1961 4148 :
2018 4111 2039 4146 ο
2090 4093 2202 4166 Ego
2250 4095 2422 4159 enim,
2465 4097 2666 4166 inquit,
2721 4097 2964 4166 agniculi
3003 4095 3316 4150 innocentis
3345 4097 3522 4150 instar
3549 4095 3615 4148 ad

378 4181 771 4235 mactationem
813 4180 1088 4237 adductus
1140 4197 1250 4236 non
1307 4182 1550 4238 intellexi
1581 4183 1647 4235 ⁸³.
1705 4199 1724 4232 ι
1759 4180 2230 4248 Quemadmodum
2265 4197 2397 4238 vero
2429 4183 2501 4238 ab
2547 4184 2834 4248 omnibus,
2862 4199 3076 4254 proque
3101 4182 3366 4239 omnibus
3399 4181 3617 4237 sacrifi-

378 4269 524 4326 cium
560 4269 692 4324 illud
719 4269 979 4324 omnibus
1014 4269 1064 4322 ei
1099 4283 1300 4325 manus
1331 4270 1619 4339 impositas
1647 4269 1982 4324 habentibus
2026 4268 2262 4325 oﬂertur
2297 4282 2625 4341 argumento
2659 4271 2915 4327 videlicet
2946 4272 3091 4341 quod
3125 4285 3315 4326 secum
3353 4269 3615 4324 auferant

379 4357 624 4409 omnium
655 4363 903 4423 peccata,
942 4355 1089 4410 sicut
1118 4358 1367 4410 omnium
1405 4347 1591 4412 lerunt
1638 4372 1833 4411 manus
1875 4371 1977 4424 pro
2024 4358 2231 4427 quibus
2276 4358 2614 4423 immolatur,
2663 4359 2736 4414 ita
2778 4374 2877 4430 per
2912 4358 3144 4430 ﬁguram
3177 4358 3618 4414 demonstratum

378 4447 484 4506 est,
542 4441 690 4510 quod
735 4440 996 4496 Christus
1043 4452 1270 4512 peccata
1317 4449 1507 4498 nostra
1553 4445 1829 4499 sustineat
1872 4460 1937 4498 ac
1986 4459 2085 4513 pro
2145 4447 2306 4502 nobis
2343 4456 2605 4518 operetur
2653 4448 2848 4512 sacris,
2888 4448 2985 4504 illo
3028 4447 3306 4502 duntaxat
3356 4457 3617 4520 excepto,

377 4529 521 4596 quod
549 4534 664 4580 tum
705 4529 970 4598 temporis
1000 4545 1288 4595 manuum,
1321 4546 1472 4585 nunc
1505 4546 1638 4612 vero
1668 4547 1895 4602 precum
1935 4533 2243 4590 ministerio
2269 4550 2335 4592 ac
2368 4551 2474 4592 usu
2511 4537 2658 4608 digni
2700 4551 2767 4591 eo
2800 4535 3090 4592 efﬁcimur.
3117 4535 3470 4606 Quapropter
3489 4551 3618 4590 eum

377 4615 471 4684 qui
505 4629 764 4668 manuum
792 4615 1146 4684 impositione
1179 4618 1294 4673 sive
1327 4618 1472 4688 apud
1508 4620 1768 4688 pepulutn
1800 4620 1918 4674 sive
1953 4620 2010 4674 in
2065 4620 2310 4678 Ecclesia
2348 4623 2652 4678 etiamnum
2703 4624 2900 4688 utitur,
2939 4632 3144 4694 praeter
3179 4621 3273 4678 Dei
3315 4623 3615 4678 consilium

377 4716 438 4756 ac
469 4702 808 4756 voluntatem
857 4701 910 4755 id
969 4717 1130 4770 agere
1178 4705 1533 4760 manifestum
1583 4715 1688 4760 est.
1739 4703 1872 4760 Tale
1916 4706 2086 4760 etiam
2133 4709 2266 4764 illud
2296 4718 2383 4766 est
2413 4711 2560 4780 quod
2595 4711 3090 4782 pritnogenitorum
3121 4712 3265 4775 loco,
3295 4725 3438 4782 quos
3464 4709 3614 4768 Deus

375 4787 478 4842 sibi
509 4803 616 4842 seu.
643 4789 948 4858 primitias
993 4805 1061 4845 et
1106 4791 1256 4848 omni
1310 4793 1510 4863 populo
1545 4793 1845 4864 selegerat.
1889 4793 2098 4850 Levita
2143 4798 2425 4858 victimam
2459 4798 2720 4855 offerunt.
2761 4799 2918 4855 Vera:
2949 4807 3132 4856 autem
3167 4801 3428 4871 primitiae
3454 4800 3619 4858 Chri-

375 4883 500 5014 fulls
530 4875 928 4946 primogenitae
959 4875 1055 4932 Dei
1103 4887 1157 4932 et
1196 4876 1439 4950 Virginis
1477 4888 1582 4946 est,
1633 4881 1727 4951 qui
1773 4893 1874 4950 pro
1903 4883 2086 4952 primo
2132 4887 2354 4942 homine
2399 4897 2719 4958 assumptus
2751 4897 2856 4954 est,
2889 4891 3462 4964 mundiquepeccata
3495 4908 3619 4964 per-

403 4979 432 5014 u
463 4973 522 5014 ιι.
1735 5002 1738 5003 ν

443 5075 595 5141 Quod
617 5077 664 5130 si
701 5077 858 5132 homo
895 5093 1006 5132 sese
1038 5078 1292 5145 polluerit
1318 5097 1474 5150 super
1502 5081 1682 5135 anima
1719 5081 1970 5137 hominis.
2007 5083 2125 5156 [IX,
2162 5084 2273 5158 10.]

441 5211 516 5262 Τὸ
556 5209 746 5280 Πάσχα
793 5209 892 5278 τὴν
943 5210 1244 5280 ὑπέρδασιν
1295 5212 1698 5283 ἀναμιμνήσκει
1743 5213 1937 5266 τελεῖν.
1971 5205 2016 5259 Α

2115 5217 2324 5275 Pascha
2393 5224 2890 5292 supergressionis,
2938 5241 3104 5296 quam
3161 5188 3395 5294 angelus
3444 5191 3615 5288 truci-

371 5304 514 5355 Δεότι
547 5302 746 5366 αὐτοὺς
791 5303 820 5355 ὁ
857 5302 1034 5354 παίων
1077 5301 1306 5370 ἄγγελος
1337 5303 1735 5375 ὑπερῦέϐηκεν.
1772 5303 1938 5360 Ὅθεν

2049 5308 2232 5364 dando
2279 5311 2661 5382 Egyptiorum
2715 5318 3110 5388 primogenitae
3149 5319 3302 5385 fecit,
3350 5325 3613 5380 recorda-

371 5395 626 5463 τοῦνομα,
673 5395 766 5446 καὶ
808 5394 868 5447 τὸ
907 5397 1028 5448 κατ’
1055 5395 1172 5458 ἔτος
1205 5397 1472 5450 ἐπιτελεῖν
1511 5399 1592 5460 εἰς
1616 5399 1939 5467 εὐεργεσίας

2054 5399 2256 5452 tionem
2307 5398 2481 5454 aﬂert.
2533 5403 2708 5472 Cujus
2762 5405 3010 5462 beneficii
3053 5411 3318 5464 memoria
3357 5427 3466 5480 quo
3515 5413 3617 5466 im-

429 5595 472 5622 te
507 5594 646 5647 GP".
683 5607 832 5655 HM.
859 5595 911 5646 5.
990 5594 1035 5672 τέ
1068 5579 1190 5635 Act.
1246 5598 1342 5637 vtt.
1386 5583 1472 5639 5‘2.
1704 5595 1748 5623 ⁷⁸
1787 5593 1888 5646 lsa.
1949 5609 1987 5656 ι,

2221 5596 2474 5672 _"Hel_tr.
2527 5599 2763 5672 tv._15,
2836 5602 2918 5657 Η.
3027 5606 3073 5634 ⁷⁸
3118 5606 3328 5662 Coloss.
3399 5621 3460 5672 tt,
3527 5610 3613 5666 i2.

371 5665 416 5694 "
457 5668 491 5714 li
525 5667 735 5724 Contr,
773 5664 839 5718 ill
927 5663 969 5694 7“
1000 5662 1179 5717 Gal-at.
1214 5681 1273 5726 tt,
1325 5666 1403 5715 li).
1472 5667 1512 5695 7°
1544 5663 1706 5720 lli-br.
1741 5681 1816 5728 tv,
1861 5664 1940 5718 l2.

1474 5667 1512 5695 ’9
1544 5663 1706 5720 lli-br.
1741 5681 1816 5728 tv,
1861 5664 1940 5718 l2.
2008 5665 2054 5696 ⁸ο
2082 5663 2273 5719 Matth.
2301 5682 2353 5732 v,
2395 5667 2482 5724 16.
2561 5671 2600 5701 ⁸³
2631 5662 2833 5728 πνοὴ).
2869 5688 2947 5737 st,
2989 5674 3073 5728 l9.
