4050 6212
553 249 611 309 81
625 251 656 310 5
1871 244 2152 305 PROCOP

2262 244 2505 306 GAZEI
2554 286 2559 291 ι
3719 247 3835 314 ειϐ

552 362 803 420 mortalis
851 368 999 417 esset
1043 354 1240 414 nomen
1280 358 1507 415 Pascha:
1548 358 1596 413 ei
1643 365 1728 414 est
1775 357 2123 429 impositum,

2241 359 2561 430 ὗπόμνησιν,
2585 357 2679 413 καὶ
2702 357 2783 422 εἰς
2815 356 3052 428 δήλωσιν
3098 356 3192 412 τοῦ
3219 358 3313 414 τὸν
3336 358 3560 416 θάνατον
3610 363 3840 433 μηκέτι

552 467 881 527 tempusque
906 466 1150 508 annuum
1190 459 1275 507 est
1322 450 1685 507 destinatum.
1744 449 2122 522 Signiﬁcatnm

2235 453 2463 505 θάνατον
2480 447 2620 506 εἶναι
2642 451 2971 521 ποιήσαντος
2992 451 3080 505 διὰ
3097 453 3195 523 τῆς
3219 451 3587 520 ἀναστάσεως.
3608 455 3682 507 ’Δ
3693 455 3834 526 μνή·

551 559 731 605 autem
765 561 833 602 eo
860 553 965 611 est,
1023 544 1188 600 morti
1240 550 1569 615 potestatem
1623 557 1779 599 suam
1810 557 1908 613 per
1940 557 2126 598 resur—

2236 565 2396 618 μονες
2424 548 2479 601 δὲ
2506 547 2607 618 τῆς
2640 547 2963 619 εὐεργεσίας
2987 548 3036 601 οἱ
3066 546 3138 600 τὰ
3167 546 3370 617 σαρκὸς
3409 546 3832 617 προτιμῶντες,

552 639 853 697 rectionem
903 635 1112 693 Christi
1159 650 1285 692 esse
1332 633 1661 705 ademptam.
1718 633 1974 689 Beneﬁcii
2024 647 2126 688 au-

2235 632 2306 690 ὧν
2336 636 2665 709 ἀποτρέπων
2704 636 2969 709 Τιμόθεον
2990 638 3018 689 ὁ
3039 636 3250 700 [la-316:;
3274 653 3409 707 φησι
3435 652 3447 670 ·
3483 635 3834 707 Μνημόνευε

551 743 657 788 tem
684 730 853 801 hujus
895 716 1251 785 immemores
1295 734 1427 783 sunt
1459 726 1495 781 ii
1528 727 1622 797 qui
1656 740 1825 780 carne
1856 725 1994 779 nihil
2026 740 2126 779 an-

2246 728 2452 798 Ἰησοῦν
2481 729 2717 800 Χριστὸν
2765 731 2829 783 ἐκ
2867 727 3076 800 νεκρῶν
3118 728 3489 801 ἐγηγερμένον
3510 746 3523 760 ·
3553 728 3666 782 οὐκ
3693 728 3831 782 ἀνά-

550 823 761 893 tiquius
796 820 1024 885 habent,
1060 835 1091 875 a
1121 834 1231 890 qua
1274 819 1576 873 dehortans
1605 815 1954 872 Timotheum
1986 814 2128 870 Pau-

2235 837 2453 891 μνησιν,
2505 819 2581 883 ὼς
2623 819 3038 890 ἐπιλελησμένῳ
3079 818 3269 885 κινῶν,
3321 818 3459 874 ἀλλὰ
3488 818 3732 892 μνήμην
3761 818 3831 882 ὡς

550 915 634 971 lus
660 915 731 981 ",
768 914 947 984 inquit
982 911 1083 968 :ln
1125 913 1447 966 memoriam
1500 908 1786 965 hominum
1822 908 2011 981 ingere
2037 905 2128 964 Je-

2235 911 2596 982 μεμνημένῳ.
2634 930 2651 963 ι
2688 910 2948 980 Ποιήσεις
2992 910 3049 964 δὲ
3073 909 3227 976 αὐτὸ,
3262 911 3421 981 φησι,
3449 911 3591 965 κατὰ
3619 911 3831 981 καιρὸν

549 1020 670 1061 sum
718 1005 999 1061 Christum
1048 1017 1079 1057 a
1118 1001 1355 1057 mortuis
1383 1000 1683 1056 excitatum
1716 1016 1731 1054 :
1762 1014 1874 1070 quo
1905 998 2124 1071 quidem

2231 1001 2419 1056 αὐτοῦ.
2459 1000 2597 1055 Οὔτε
2625 1000 2733 1073 γὰρ
2760 1000 2917 1064 ἐκτὸς
2940 999 3133 1071 καιροῦ
3181 1001 3244 1054 τὸ
3273 1002 3514 1071 πρᾶγμα
3561 1000 3828 1070 γέγονεν,

549 1114 657 1153 non
707 1095 1147 1153 recordationem
1193 1101 1458 1165 tanquam
1508 1092 1679 1149 oblito
1727 1106 1949 1149 movere
1980 1093 2121 1158 vult,

1845 1108 1949 1149 'ere
1980 1093 2121 1158 vult,
2231 1092 2345 1148 ἀλλ’
2374 1094 2463 1147 ὅτε
2489 1088 2622 1163 ἦλθε
2649 1092 2708 1145 τὸ
2737 1092 3011 1161 πλήρωμα
3042 1090 3138 1145 τοῦ
3170 1091 3389 1163 χρόνον.
3425 1110 3444 1145 ι

548 1190 641 1246 sed
675 1200 936 1262 tanquam
975 1204 1275 1245 memorem
1320 1187 1815 1244 commonefacere.
1852 1187 1991 1244 Illud
2024 1196 2206 1245 autem
2239 1206 2253 1242 :
2288 1206 2308 1240 ι
2338 1187 2545 1253 Facite,
2581 1186 2782 1259 inquit,
2854 1194 2998 1243 stato
3064 1202 3130 1244 ac
3200 1187 3473 1257 praeﬁnito
3541 1197 3826 1260 tempore,

546 1286 685 1340 citra
715 1283 865 1354 quod
920 1283 1061 1338 nihil
1119 1282 1346 1336 omnino
1399 1281 1565 1353 hujus
1605 1281 1724 1337 ﬁeri
1776 1282 1968 1338 debuit
1992 1281 2060 1337 ⁸³.
2095 1300 2116 1335 ι

617 1400 848 1469 Propter
897 1397 1138 1467 pollutos
1186 1412 1318 1453 vero
1352 1413 1521 1468 super
1566 1398 1751 1453 anima
1804 1400 2014 1455 mensis
2055 1396 2333 1455 secundus
2361 1403 2447 1453 est
2477 1412 2801 1454 concessus.
2835 1398 2902 1451 At
2931 1395 3084 1450 dicat
3113 1393 3336 1467 aliquis,
3363 1408 3460 1450 eos
3494 1397 3592 1464 qui
3634 1390 3826 1445 homi-

545 1487 676 1543 cidii
705 1486 917 1544 scelere
941 1486 998 1541 in
1028 1484 1313 1540 Christum
1347 1494 1565 1555 patrato
1594 1501 1718 1542 sese
1746 1486 2133 1557 inquinarunt,
2165 1487 2374 1557 quique
2422 1494 2677 1541 sanctum
2721 1493 2925 1540 nostra:
2969 1482 3201 1538 Pascha:
3246 1481 3448 1537 festum
3497 1478 3819 1551 negligunt,

548 1577 677 1631 licet
706 1573 1170 1645 praetermiserim
1200 1573 1400 1628 salutis
1451 1582 1669 1645 tempus
1700 1574 1859 1641 illud,
1905 1576 1961 1630 in
1990 1590 2100 1646 quo
2137 1573 2253 1630 Dux
2287 1575 2413 1629 vitae
2454 1589 2548 1642 per
2581 1572 2905 1629 aﬁlictiones
2928 1577 3351 1627 consummatus
3383 1575 3468 1625 est
3495 1584 3510 1634 ;
3547 1575 3609 1621 at
3642 1566 3816 1621 mise-

548 1663 765 1717 ratione
790 1660 912 1730 ejus
936 1662 1032 1730 qui
1064 1674 1260 1714 omnes
1294 1661 1505 1715 servari
1546 1661 1756 1731 expetit
1804 1665 2045 1733 posteris
2083 1662 2449 1735 temporibus,
2497 1670 2760 1732 tanquam
2812 1660 3061 1718 secundo
3111 1674 3322 1724 mense,
3367 1672 3495 1713 cum
3544 1656 3815 1728 gentibus

551 1751 607 1803 in
658 1748 866 1804 Christi
911 1747 1395 1818 participationem
1444 1750 1790 1820 pervenient.
1843 1750 1980 1806 Nam
2025 1750 2121 1821 qui
2150 1751 2204 1805 in
2263 1748 2501 1821 Egypto
2551 1749 2827 1804 idolorum
2882 1748 3162 1803 culturam
3213 1745 3500 1816 aspernati
3549 1743 3814 1807 fuerunt,

549 1853 740 1893 mense
776 1837 952 1907 primo
989 1838 1189 1892 festum
1223 1835 1450 1893 Pascha:
1487 1837 1792 1909 agitarunt.
1847 1839 1943 1910 qui
1988 1840 2157 1895 etiam
2186 1836 2395 1892 Christi
2435 1837 2705 1909 sanguine
2736 1837 2889 1891 uncti
2934 1843 3276 1891 vastatorem
3327 1839 3811 1901 contempserunt.

549 1928 619 1978 At
650 1924 688 1979 ii
725 1925 823 1995 qui
852 1924 910 1978 in
942 1937 1091 1978 anno
1122 1921 1345 1978 demum
1390 1930 1487 1979 aut
1534 1924 1783 1980 secundo
1815 1940 2008 1982 mense
2058 1925 2353 1991 accedunt,
2387 1925 2684 1980 difﬁculter
2723 1926 2779 1979 in
2816 1924 2954 1980 navi
2988 1923 3075 1981 sui
3104 1923 3505 1993 inspectionem
3542 1929 3685 1976 sunt
3718 1918 3814 1973 ad-

546 2012 721 2067 ducti.
756 2011 1053 2075 Caeterum,
1090 2030 1111 2063 ι
1160 2010 1296 2067 Cum
1359 2011 1658 2067 multitudo
1711 2012 1957 2083 gentium
1985 2013 2236 2082 ingressa
2283 2012 2471 2079 fuerit,
2507 2012 2711 2083 inquit,
2754 2022 2886 2067 tunc
2917 2010 3102 2066 omnis
3128 2008 3300 2065 Israel
3332 2008 3655 2064 servabitur
3685 2006 3755 2059 ⁸⁸.
3788 2024 3806 2057 ι

545 2100 710 2170 393
744 2100 873 2154 Item
904 2100 1146 2170 posthaec
1174 2105 1574 2155 convertentur
1605 2100 1703 2154 ﬁlii
1745 2101 1917 2159 lsracl
1951 2108 2007 2157 et
2029 2099 2695 2172 indagabuntDominum
2738 2098 2911 2156 Deum
2946 2113 3106 2154 suum
3132 2106 3186 2154 et
3214 2097 3385 2152 David
3410 2111 3593 2167 regem
3621 2111 3808 2151 suum.

550 2186 795 2257 Denique
829 2202 979 2252 vero,
1011 2186 1259 2243 secundo
1299 2202 1520 2242 manum
1551 2203 1706 2244 suam
1733 2186 1924 2243 afferet
1968 2186 2035 2243 ad
2065 2186 2458 2244 attrahendum
2492 2186 2760 2257 reliquias
2803 2187 2888 2242 sui
2919 2185 3130 2258 populi.
3194 2184 3366 2239 Porro
3404 2185 3459 2238 in
3503 2184 3810 2254 longinqua

548 2276 633 2328 via
663 2273 884 2329 exsistit
917 2274 1012 2329 ille
1040 2273 1132 2345 qui
1164 2283 1324 2329 extra
1356 2274 1661 2329 Ecclesiam
1691 2283 1777 2334 est
1799 2282 1854 2331 et
1883 2276 2033 2345 ligno
2069 2276 2243 2331 dicit:
2285 2295 2302 2328 ι
2343 2273 2488 2330 Deus
2519 2289 2677 2330 meus
2702 2289 2763 2330 es
2796 2286 2880 2339 ιιι,
2924 2284 2979 2329 et
3029 2272 3198 2345 lapidi
3228 2291 3241 2327 :
3267 2273 3347 2327 Tu
3387 2286 3521 2327 mea:
3551 2273 3686 2327 vitae
3710 2287 3807 2327 au-

548 2371 671 2419 ctor
703 2379 764 2419 es
789 2363 861 2431 ⁸⁸,
888 2382 908 2417 ι
953 2371 1049 2418 aut
1071 2364 1278 2435 alioqui
1310 2378 1341 2419 a
1372 2379 1503 2420 vera
1527 2363 1597 2419 de
1635 2363 1756 2420 Deo
1787 2365 2059 2419 sententia
2091 2363 2331 2419 aberrat.
2370 2360 2498 2418 Pari
2549 2378 2680 2418 vero
2715 2362 2878 2418 modo
2912 2361 3201 2418 nobiscum
3238 2359 3531 2417 feriabitur
3559 2361 3801 2422 advena,

546 2465 614 2506 ac
643 2451 882 2506 victimae
917 2453 1219 2509 incruenta;
1249 2453 1533 2524 particeps
1574 2452 1690 2510 ﬁet.
1720 2453 1766 2507 A
1802 2454 1920 2525 lege
1952 2455 2053 2508 hac
2101 2454 2335 2507 fortasse
2374 2463 2511 2506 usus
2552 2450 2800 2505 obtinuit
2832 2450 2890 2506 in
2926 2448 3200 2516 Ecclesia,
3228 2456 3288 2503 ιιι
3319 2448 3366 2502 si
3397 2464 3589 2505 mense
3625 2448 3801 2518 primo

518 2541 848 2610 'excideret,
878 2542 1108 2598 secundi
1134 2544 1344 2599 mensis
1371 2542 1649 2597 decimum
1694 2552 1957 2613 quartum
1987 2543 2133 2598 diem
2179 2539 2533 2597 subornaret.
2568 2538 2839 2593 Caeterum
2871 2537 2965 2609 qui
2989 2552 3094 2593 nec
3134 2538 3387 2607 impurus
3413 2544 3500 2592 est
3527 2551 3638 2591 nec
3668 2535 3802 2591 emi-

548 2643 654 2684 nus
679 2636 789 2683 stat
818 2642 883 2682 ex
914 2641 1065 2683 mera
1095 2628 1410 2698 arrogantia
1442 2635 1539 2682 aut
1589 2627 2145 2697 nimia'voluptatum
2189 2624 2586 2693 admiratione,
2617 2625 2834 2681 alienus
2881 2639 2909 2677 a
2943 2638 3144 2695 genere
3171 2624 3317 2693 quod
3364 2622 3577 2679 servari
3619 2623 3797 2685 debet.

545 2720 652 2768 est.
708 2713 810 2781 Qui
863 2713 1008 2770 enim
1072 2712 1306 2769 Domino
1336 2729 1449 2769 non
1492 2713 1643 2779 ﬁdit,
1681 2715 1884 2786 inquit,
1919 2716 2088 2769 vitam
2129 2727 2239 2769 non
2279 2713 2505 2780 videbit,
2534 2728 2725 2768 verum
2758 2713 2838 2768 ira
2867 2711 2963 2768 Dei
2998 2727 3164 2783 super
3193 2727 3257 2769 eo
3289 2710 3514 2779 residet,
3544 2726 3614 2767 eo
3659 2710 3799 2783 quod

529 2802 903 2873 ‘benignitatis
933 2808 1156 2872 tempus
1188 2801 1438 2872 despexit
1459 2802 1529 2857 ⁸⁸.
1553 2800 1799 2873 Tempus
1831 2812 2016 2857 autem
2052 2801 2187 2856 illud
2214 2810 2437 2873 tempus
2474 2802 2599 2859 ﬁdei
2630 2810 2736 2858 est.
2898 2800 2902 2804 Α

618 2889 790 2945 Porro
817 2890 977 2944 dieeo
1002 2903 1105 2958 quo
1130 2897 1360 2943 erectum
1380 2896 1457 2943 est
1480 2887 1898 2949 tabernaculum,
1932 2887 2092 2943 nubes
2124 2887 2385 2945 obvelavit
2426 2890 2584 2945 illud.
2612 2888 2730 2964 [IX,
2765 2889 2877 2963 15.]
2916 2889 3329 2962 Quamprimum
3363 2889 3509 2945 enim
3555 2888 3796 2946 Ecclesia

544 2986 740 3033 exorta
781 2977 968 3042 fuerit,
1002 2975 1265 3045 splendor
1288 2974 1484 3046 gloria:
1507 2974 1713 3030 Christi
1748 2975 1798 3030 ei
1833 2974 2075 3046 aﬁ‘ulget.
2099 2975 2231 3042 Quae
2269 2977 2339 3033 iis
2364 2977 2586 3048 quidem
2620 2979 2716 3049 qui
2747 2977 2801 3032 in
2840 2978 3022 3033 noctis
3060 2978 3292 3050 caligine
3328 2978 3589 3033 oberrant
3616 2978 3795 3033 lumen

547 3066 811 3132 immittit,
847 3064 917 3120 iis
943 3064 1037 3134 qui
1066 3064 1268 3120 mentis
1302 3063 1427 3119 luce
1473 3071 1605 3120 sunt
1631 3064 1895 3118 illustrati
1924 3078 2081 3119 suam
2114 3064 2509 3134 protectionem
2540 3065 2795 3136 largitur.
2824 3063 2975 3135 Opus
3013 3068 3162 3121 enim
3197 3066 3396 3121 habent
3424 3065 3795 3135 imprudentes

547 3168 614 3208 ac
637 3152 766 3208 caeci
806 3151 1233 3207 illuminatione.
1260 3150 1557 3206 lliuminati
1586 3166 1720 3206 vero
1761 3165 1857 3220 per
1888 3150 2049 3206 ﬁdem
2082 3154 2425 3221 protectione
2451 3163 2506 3210 et
2536 3154 2808 3222 subsidio,
2842 3170 2951 3224 quo
2984 3162 3208 3210 strenue
3248 3154 3465 3225 possint
3512 3155 3795 3225 praesentis

550 3238 674 3293 vita:
707 3237 991 3293 molestias
1025 3245 1080 3291 et
1105 3236 1211 3291 diei
1250 3235 1621 3292 difﬁcultatem
1653 3235 1918 3307 perferre.
1957 3235 2164 3295 Omnes
2192 3241 2337 3295 enim
2368 3242 2464 3312 qui
2502 3240 2560 3296 in
2586 3240 2809 3297 Christo
2841 3243 2927 3313 pie
2965 3243 3195 3312 cupiunt
3228 3243 3411 3298 vivere
3431 3242 3792 3313 persecutioni

549 3322 858 3395 subjacent.
887 3323 1171 3380 Christum
1200 3338 1328 3379 vero
1358 3338 1695 3395 quocunque
1725 3340 1826 3380 nos
1849 3323 2017 3379 ducat
2049 3325 2165 3382 sive
2195 3326 2519 3384 recedentes
2549 3328 2668 3385 sive
2700 3330 3029 3385 accedentes
3057 3331 3360 3400 sequimur.
3389 3329 3576 3385 Prima
3613 3340 3791 3385 autem

549 3415 821 3471 discessio
857 3430 886 3468 a
932 3413 1094 3471 nobis
1114 3414 1187 3470 ab
1236 3412 1565 3471 inﬁdelitate
1610 3416 1677 3470 ad
1725 3414 1883 3470 ﬁdem
1912 3413 1994 3481 ﬁt,
2029 3414 2269 3469 secunda
2304 3428 2337 3469 a
2382 3414 2521 3468 vitio
2567 3413 2637 3469 ad
2678 3415 2961 3481 virtutem,
2995 3415 3159 3470 tertia
3197 3430 3264 3471 ex
3296 3415 3711 3488 imperfectione
3733 3413 3789 3468 ad

550 3505 676 3558 vitm
712 3501 1127 3573 perfectionem,
1167 3502 1285 3558 sive
1314 3516 1380 3556 ea
1408 3503 1567 3570 juxta
1602 3501 1876 3557 actionem
1922 3503 2039 3558 sive
2063 3502 2393 3557 sententiam
2415 3502 2723 3558 aestimetur
2757 3521 2771 3557 :
2807 3522 2826 3556 ι
2859 3501 2917 3557 Ιιι
2952 3502 3279 3573 perfectum,
3314 3505 3563 3575 inquam,
3596 3507 3788 3567 virum,

550 3602 605 3647 et
630 3591 778 3663 justa
804 3596 967 3645 aetate
997 3590 1052 3644 in
1082 3587 1308 3644 Christo
1362 3599 1710 3659 provectum,
1742 3608 1761 3641 ι
1802 3588 1962 3659 juxta
2014 3586 2151 3643 illud
2191 3588 2341 3659 quod
2389 3589 2594 3646 Paulus
2624 3590 2757 3648 dicit
2786 3590 2873 3647 ⁸⁷ε
2934 3609 2952 3643 ι
2992 3589 3171 3645 Unum
3202 3598 3384 3646 autem
3416 3591 3554 3646 illud
3579 3605 3706 3663 ago,
3735 3603 3789 3645 ea

550 3679 774 3749 quidem
806 3693 930 3749 qua:
957 3691 987 3731 a
1027 3686 1178 3748 tergo
1209 3685 1342 3733 sunt
1382 3684 1443 3731 ut
1472 3677 1791 3742 obliviscar,
1824 3676 1893 3732 ad
1939 3690 2003 3733 ea
2038 3692 2165 3733 vero
2201 3692 2326 3749 quae
2354 3690 2385 3733 a
2426 3677 2611 3734 fronte
2653 3690 2783 3734 sunt
2812 3680 3031 3735 enitens
3055 3680 3214 3749 juxta
3259 3678 3541 3750 prmﬁxum
3586 3682 3787 3750 signum

551 3769 817 3837 insequar
848 3765 916 3821 ad
946 3765 1185 3836 palmam
1225 3779 1478 3833 superna:
1512 3763 1822 3820 vocationis
1853 3762 1947 3819 Dei
1977 3779 2072 3835 per
2101 3764 2385 3822 Christum
2417 3765 2607 3822 Jesum
2629 3767 2697 3822 ⁸⁸.
2728 3786 2748 3819 ι
2790 3767 2901 3823 Nec
2935 3782 3067 3822 vero
3101 3769 3238 3822 citra
3266 3766 3470 3823 Christi
3500 3782 3661 3838 opem
3688 3765 3786 3821 ﬁeri

550 3854 905 3926 cogitandum
923 3860 1173 3917 est,cum
1199 3852 1478 3922 ipsemetu
1502 3851 1635 3907 Sine
1655 3866 1743 3907 me
1772 3866 1886 3907 non
1907 3851 2208 3923 quidquam
2236 3868 2399 3925 agere
2428 3854 2716 3924 potestis,»
2749 3854 3145 3911 dicat.'0mnia
3164 3855 3310 3910 enim
3336 3856 3441 3910 rite
3470 3865 3523 3910 et
3548 3854 3788 3911 decenter

553 3947 608 4001 in
650 3945 771 4014 ipso
810 3942 965 4009 ﬁunt,
1009 3940 1315 3998 secundum
1345 3940 1693 4011 Apostolum.
1723 3940 1885 4008 Quod
1922 3942 2101 4013 ipsum
2140 3940 2517 4012 profectiones
2547 3958 2769 4012 quoque
2805 3943 2874 3998 ab
2913 3942 3183 4014 apostolis
3226 3940 3386 3997 facta:
3415 3957 3482 3998 ac
3531 3951 3786 4011 suscepta:

521 4034 947 4108 qconnprobant;
979 4045 1162 4085 nonne
1196 4029 1343 4085 enim
1380 4043 1447 4085 ex
1484 4027 1613 4084 Asia
1660 4030 1715 4085 in
1752 4028 2123 4086 Macedoniam
2160 4044 2256 4100 per
2295 4030 2563 4087 visionem
2604 4032 2862 4086 mandato
2892 4040 3121 4101 accepto
3164 4031 3268 4087 iter
3315 4029 3581 4096 fecerant,
3613 4031 3666 4086 in
3704 4030 3784 4084 Bi-

549 4122 796 4193 thyniam
827 4132 959 4175 vero
990 4117 1302 4194 pervenire,
1334 4116 1486 4186 ipsos
1520 4116 1719 4187 spiritu
1751 4116 1959 4173 Christi
1993 4117 2338 4187 prohibente,
2373 4134 2482 4173 non
2517 4120 2808 4189 poterant?
3812 4186 3821 4201 Ι

620 4209 777 4277 Quod
809 4208 857 4263 si
882 4207 1084 4263 steterit
1116 4206 1279 4261 nubes
1305 4222 1337 4259 a
1365 4219 1579 4272 vespera
1607 4220 1773 4275 usque
1809 4205 1877 4259 ad
1907 4221 2063 4261 mane
2094 4214 2145 4259 et
2183 4203 2447 4274 deinceps.
2484 4204 2610 4261 Sive
2648 4207 2749 4262 sub
2788 4222 3096 4277 vesperam,
3125 4208 3242 4263 sive
3266 4220 3449 4274 mane,
3480 4207 3589 4263 sive
3619 4214 3770 4260 noctu

551 4298 727 4353 nubes
757 4293 1131 4356 ascendisset,
1168 4292 1371 4362 inquit,
1409 4291 1652 4347 interdiu
1695 4299 1879 4346 castra
1910 4291 2225 4358 movebunt,
2258 4302 2541 4364 noctuque
2574 4294 2678 4349 iter
2709 4295 2936 4350 minime
2977 4294 3216 4350 inibunt.
3247 4293 3627 4365 Saepenumero
3660 4306 3778 4347 vero

550 4400 649 4455 per
690 4397 932 4438 mensem
974 4381 1249 4450 integrum
1306 4380 1415 4432 ﬁxa
1463 4385 1517 4431 et
1553 4379 1779 4432 immota
1842 4377 1993 4432 stetit
2036 4379 2229 4444 nubes,
2280 4391 2336 4436 et
2371 4390 2480 4435 tam
2547 4382 2808 4437 diuturna
2866 4398 3019 4439 mora
3089 4384 3340 4439 facienda
3373 4382 3498 4440 fuit.
3533 4384 3781 4440 Ascensio
3846 4371 3850 4376 ’

548 4468 1110 4540 enimperfectioncm
1144 4465 1530 4535 portendebat.
1549 4463 1685 4519 Nam
1710 4465 2150 4536 quotiescunque
2178 4465 2287 4524 Deo
2308 4470 2456 4540 ipsos
2483 4485 2702 4526 movere
2730 4471 2903 4527 visum
2927 4482 3068 4539 erat,
3096 4473 3368 4529 columnae
3398 4475 3571 4547 ignea:
3593 4473 3781 4528 nubem

550 4566 717 4614 noctu
747 4563 843 4610 aut
870 4553 979 4609 sub
1025 4563 1316 4620 vesperam
1353 4550 1704 4615 immittehat,
1735 4565 1859 4622 quae
1893 4566 2059 4622 porro
2096 4554 2354 4610 tendebat
2396 4566 2453 4612 et
2495 4556 2763 4614 lsraelitis
2790 4559 2934 4613 viam
2962 4575 3064 4617 ceu
3098 4561 3467 4627 monstrabat,
3517 4561 3781 4632 signiﬁca-

551 4646 750 4715 hatque
784 4639 1024 4696 interdiu
1058 4638 1163 4692 iter
1189 4652 1313 4693 esse
1337 4634 1781 4706 ingrediendum.

622 4750 738 4809 Fac
763 4750 862 4807 tibi
883 4748 1022 4805 duas
1055 4747 1210 4803 tubas
1234 4746 1486 4809 dttctiles.
1515 4755 1628 4805 etc.
1667 4745 1762 4821 ιχ,
1791 4747 1874 4819 2.]
1908 4748 2117 4822 Duplex
2146 4754 2295 4809 enim
2337 4757 2391 4811 in
2420 4757 2786 4816 concionibus
2818 4768 2901 4816 est
2936 4763 3326 4833 promulgatio.
3360 4762 3545 4819 Altera
3576 4762 3781 4835 quidem

549 4842 801 4906 moralis,
824 4840 993 4895 altera
1045 4852 1176 4893 vero
1211 4835 1564 4902 doctrinalis,
1606 4851 1669 4891 ea
1700 4837 1956 4894 videlicet
2007 4854 2116 4910 qua
2144 4843 2427 4899 veritatem
2471 4845 2773 4913 tradentes,
2829 4847 3123 4905 falsitatem
3157 4851 3563 4923 redarguimus,
3608 4866 3783 4924 quem-

547 4929 844 4987 admodum
874 4924 1076 4981 Paulus
1102 4940 1197 4980 eos
1225 4924 1317 4993 qui
1350 4938 1380 4976 a
1427 4924 1785 4980 matrimonio
1817 4932 1873 4980 et
1918 4926 2059 4983 cibis
2086 4934 2352 5000 tanquam
2388 4932 2551 4989 rebus
2594 4949 2692 5005 per
2725 4951 2785 4991 se
2827 4939 3010 5005 pravis
3049 4939 3439 4995 abstinendum
3481 4957 3609 4998 esse
3649 4955 3782 5006 asse-

545 5021 757 5084 rebant,
804 5014 1276 5088 quemadmodum
1308 5028 1404 5067 eos
1453 5013 1548 5083 qui
1591 5014 2069 5071 circumcisionem
2099 5023 2360 5087 tanquam
2405 5036 2516 5074 rem
2552 5025 2922 5080 necessariam
2971 5027 3136 5081 saluti
3188 5029 3433 5084 retinere
3477 5029 3779 5083 studebant.

543 5106 818 5163 Caeterum
865 5111 1088 5175 argento
1122 5108 1384 5157 constant
1430 5102 1573 5188 tubae
1625 5101 1732 5166 hae,
1766 5100 1834 5156 ad
1874 5103 2222 5175 eiligiandum
2254 5106 2603 5175 splendorem
2634 5111 2729 5180 qui
2762 5125 2887 5166 cum
2924 5122 3157 5184 utroque
3214 5116 3673 5188 promulgationis
3699 5130 3779 5185 ge-

543 5209 675 5251 nere
709 5192 1040 5263 conjunctus
1084 5188 1417 5246 essedebet.
1448 5186 1729 5254 Quantum
1771 5206 1903 5244 vero
1948 5206 2143 5245 aurum
2177 5202 2402 5264 argento
2442 5196 2627 5265 potius
2670 5207 2776 5267 est,
2813 5209 3025 5256 tantum
3060 5204 3231 5258 verbo
3276 5186 3570 5275 mensﬁper
3599 5219 3777 5259 aurum

542 5286 958 5353 reprresentata,
1008 5292 1116 5348 quo
1165 5276 1393 5331 interior
1424 5275 1713 5346 splendida
1756 5276 2005 5332 Ecclesia
2040 5293 2298 5335 exornata
2331 5290 2433 5349 est,
2465 5283 2518 5337 id
2561 5293 2667 5352 est,
2703 5287 2749 5342 si
2796 5300 3033 5343 mentem
3071 5299 3319 5360 spectas,
3351 5294 3541 5347 aureis
3593 5292 3778 5347 amicta

542 5370 814 5427 vestibus.
843 5367 1113 5423 Cancrum
1146 5363 1374 5419 alterius
1404 5363 1551 5417 tubae
1584 5363 1893 5419 ministerio
1928 5367 2381 5423 convocabantur
2424 5371 2705 5443 principes
2742 5377 2963 5432 acutius
3012 5391 3328 5444 cernemes,
3362 5388 3417 5435 et
3458 5380 3628 5437 citius
3659 5380 3777 5433 obe-

541 5459 778 5520 dientes,
819 5460 1149 5527 argumento
1189 5451 1445 5506 videlicet
1490 5450 1637 5522 quod
1690 5451 1976 5524 religionis
2031 5453 2307 5511 institutio
2348 5460 2413 5510 ad
2470 5459 2771 5517 Ecclesium
2825 5467 3147 5536 ρει-ιὶηοιιθι,
3187 5488 3206 5522 ο
3238 5468 3297 5524 ιη
3354 5469 3601 5527 Ecclesia
3644 5468 3775 5524 enim

610 5632 734 5714 ἰιι
768 5627 1078 5714 Tiro..utt_.”8.
1152 5626 1199 5656 ⁸⁸
1224 5622 1405 5714 Galat:
1429 5640 1513 5714 'iV,
1561 5627 1612 5679 4.
1682 5625 1729 5657 ⁸⁸
1765 5624 1925 5679 Rom.
1955 5640 2028 5690 xl,
2057 5626 2149 5689 25,
2177 5626 2209 5680 ‘2

2177 5626 2265 5681 ‘26.
2382 5631 2427 5663 ⁸⁵
2460 5630 2662 5688 Jerem.
2700 5651 2759 5703 ιι,
2792 5636 2881 5691 27.
2947 5638 2993 5671 "
3035 5637 3196 5695 Joan.
3229 5656 3313 5708 In,
3346 5641 3434 5699 56.
3512 5639 3559 5675 ⁸⁷
3586 5641 3768 5714 Εριιεεσ

543 5720 614 5770 ιν,
654 5706 737 5759 l3.
813 5702 857 5734 "’
882 5700 1117 5771 Philipp.
1155 5713 1235 5763 ιιι,
1266 5694 1351 5759 15,
1384 5694 1471 5749 li.
