4050 6212
350 316 458 386 817
1445 327 1988 390 COMMENTARII
2023 329 2107 389 IN
2148 327 2537 390 NUMEROS.
3510 326 3615 391 818

345 431 516 491 malo,
551 428 753 499 inquit,
788 430 1032 503 quinque
1069 432 1237 490 verba
1296 445 1477 493 meme
1527 452 1646 493 mea
1681 438 1869 509 loqui,
1913 447 1976 496 ut
2018 446 2074 494 et
2119 432 2260 496 alios
2310 439 2598 494 instituam
2621 442 2647 504 ,‘
2673 451 2839 510 quam
2890 434 3079 492 decem
3129 433 3298 490 millia
3321 436 3614 492 verborum

346 517 538 585 lingua
559 516 627 571 ”.
659 536 677 568 ι
700 546 770 557 -
795 535 815 569 ι
847 517 1092 589 Sapienti
1125 536 1311 592 porro,
1337 522 1539 595 inquit,
1566 526 1918 583 occasionem
1964 525 2183 593 exhibe,
2228 535 2282 582 et
2329 525 2639 597 sapientior
2690 524 2802 580 (iet.
2851 521 3044 578 Erudi-
3056 521 3293 593 justum,
3349 530 3405 578 et
3442 523 3617 578 multo

349 604 584 673 amplius
616 605 879 674 percipiet
902 606 973 661 ὀ.
1009 626 1027 660 ι

415 689 583 763 394
615 690 793 746 Porro
823 693 965 748 sicut
996 705 1237 765 quatuor
1265 696 1518 768 regiones
1550 706 1863 756 castrorum
1895 707 2077 765 erant,
2110 700 2184 757 ita
2210 709 2451 772 quatuor
2479 701 2756 758 dabantur
2779 700 2959 772 signa,
2993 710 3233 771 quatuor
3260 699 3409 755 enim
3437 699 3618 756 Evan—

343 776 514 850 geliis
542 787 780 835 cunctus
810 780 1065 837 eruditus
1094 793 1178 839 est
1201 785 1467 842 mundus.
1495 786 1640 854 Quin
1667 789 1831 844 etiam
1871 796 2110 860 quatuor
2140 789 2193 844 in
2230 788 2479 845 Ecclesia
2503 788 2657 844 verbi
2691 796 2822 845 sunt
2849 786 3197 844 differentia.
3236 786 3359 842 Alia
3390 786 3614 857 quidem

342 877 427 923 est
455 880 563 937 qua
595 867 848 924 infideles
876 869 1263 937 instituuntur,
1302 872 1424 929 alia
1451 889 1586 931 vero
1616 885 1730 931 tres
1760 876 1944 933 tribus
1971 874 2303 932 differentiis
2334 890 2400 930 ac
2428 876 2791 931 varietatibus
2820 874 3065 931 fidelium
3102 872 3615 942 accommodantur,

341 965 398 1007 et
429 953 486 1008 in
516 954 812 1009 collatione
834 953 925 1020 '50,
953 961 1007 1009 et
1047 955 1139 1021 60,
1175 964 1229 1012 et
1258 956 1348 1023 90,
1384 974 1577 1016 eorum
1606 961 1701 1030 qui
1736 960 1951 1016 faciunt
1993 963 2220 1020 verbum
2254 962 2538 1019 consistit.
2568 962 2676 1016 Alii
2724 961 2930 1018 etenim
2967 962 3175 1017 mundo
3214 968 3348 1018 sunt
3384 959 3614 1024 addicti,

340 1043 548 1112 quibus
578 1041 787 1098 Paulus
825 1042 959 1098 dicit
986 1062 1001 1098 :
1037 1063 1056 1096 ι
1089 1042 1259 1100 Uxori
1290 1046 1553 1117 alligatus
1585 1063 1669 1113 es,
1697 1064 1966 1119 quarene
1999 1051 2225 1107 studeas
2258 1050 2527 1117 dissolvi;
2577 1051 2798 1106 solutus
2836 1064 2898 1105 es
2929 1049 2998 1104 ab
3024 1065 3220 1113 uxore,
3267 1063 3337 1104 ne
3388 1063 3616 1103 uxorem

344 1130 600 1198 requiras
621 1128 722 1183 ³⁸.»
752 1129 859 1183 Alii
894 1145 1061 1199 porro
1090 1139 1341 1195 sanctam
1365 1142 1420 1189 et
1448 1135 1865 1191 exercitationis
1888 1139 2182 1206 patientem
2209 1150 2574 1210 susceperunt
2597 1139 2763 1194 vitam
2793 1157 2807 1194 :
2835 1138 2921 1193 his
2951 1137 3029 1191 ait
3055 1155 3068 1186 τ
3103 1156 3123 1191 ι
3151 1138 3396 1193 Terrena
3429 1148 3616 1192 vestra

349 1218 591 1272 membra
618 1217 943 1273 mortificate
962 1219 1007 1252 θ’
1031 1235 1078 1285 ;›
1112 1227 1167 1274 et
1191 1234 1417 1276 rursum
1446 1221 1630 1292 inquit
1654 1239 1667 1276 :
1690 1240 1710 1273 ι
1731 1221 2067 1284 Aﬂectiones
2089 1228 2257 1299 hujus
2283 1228 2572 1299 prasentis
2595 1226 2786 1282 saculi
2815 1224 3074 1296 indignos
3106 1223 3349 1280 reddunt
3366 1223 3611 1279 futuram

341 1305 682 1361 recondendi
718 1307 948 1377 gloriam
970 1309 1037 1363 ".
1071 1326 1090 1360 ι
1125 1308 1231 1364 Alii
1260 1324 1390 1366 vero
1430 1309 1498 1365 ad
1526 1324 1745 1367 sacrum
1786 1327 1990 1369 munus
2023 1316 2205 1373 vocati
2235 1324 2407 1372 sunt:
2438 1316 2511 1372 de
2559 1316 2647 1372 bis
2675 1316 2887 1371 dictum
2918 1322 3002 1370 est
3036 1331 3049 1367 :
3087 1332 3105 1358 ι
3135 1312 3193 1367 In
3229 1312 3392 1367 labiis
3430 1326 3619 1368 sacer-

341 1394 531 1448 dotum
570 1396 887 1452 servabitur
911 1396 1212 1466 judicium,
1249 1407 1304 1454 et
1335 1398 1508 1471 legem
1546 1416 1611 1455 ex
1645 1415 1741 1457 ore
1772 1402 1893 1472 ejus
1929 1403 2362 1459 sciscitabuntur
2392 1404 2458 1460 ".
2495 1422 2515 1456 ι
2550 1402 2723 1472 Cujus
2758 1401 2976 1472 generis
3005 1400 3189 1456 omnia
3229 1413 3451 1470 quoque
3487 1407 3618 1453 sunt

342 1496 466 1549 qua
493 1480 700 1538 Paulus
736 1498 840 1538 suo
873 1481 1170 1539 Timotheo
1196 1484 1441 1541 mandat.
1481 1487 1751 1542 (laterum
1781 1490 2083 1545 motionem
2111 1508 2239 1547 cum
2270 1492 2449 1562 jubilo
2480 1490 2781 1547 faciebant.
2811 1489 3088 1545 Profectio
3115 1488 3263 1544 enim
3299 1503 3365 1544 ea
3392 1503 3515 1557 qua
3546 1486 3618 1541 ad

344 1570 510 1625 finem
538 1571 713 1626 tendit
766 1572 1005 1640 jubilum
1041 1572 1291 1628 victoria
1337 1574 1555 1645 signum
1610 1575 1796 1631 habet.
1842 1576 2084 1633 Victoria
2133 1578 2279 1633 enim
2340 1587 2660 1634 sanctorum
2699 1577 2823 1631 vitae
2869 1577 3051 1632 exitus
3094 1583 3201 1631 est.
3240 1594 3261 1628 ι
3297 1575 3416 1630 Deo
3444 1573 3615 1638 enim,

344 1657 552 1727 inquit,
584 1656 679 1728 qui
720 1658 884 1715 nobis
920 1659 1209 1714 victoriam
1254 1675 1352 1732 per
1391 1661 1681 1717 Dominum
1716 1671 1969 1719 nostrum
2004 1663 2192 1720 Iesum
2235 1664 2522 1720 Christum
2562 1662 2777 1719 confert
2801 1664 2870 1719 ”.
2904 1682 2923 1715 ι
2960 1662 3117 1729 Quod
3149 1670 3333 1718 autem
3377 1662 3504 1719 aliis
3533 1663 3618 1716 in-

343 1746 690 1815 terpretibus
723 1744 850 1801 finis
876 1754 984 1814 est,
1008 1746 1112 1804 hoc
1144 1747 1269 1805 aliis
1301 1755 1388 1804 est
1417 1749 1675 1805 victoria.
1702 1751 1808 1806 Alii
1835 1751 2035 1807 etenim
2072 1752 2198 1821 ﬁnis
2224 1750 2447 1808 nomine
2476 1751 2718 1823 psalmos
2746 1749 3082 1807 inscribunt.
3109 1745 3615 1821 Alii‘epiniciornm

343 1832 598 1888 victoria
632 1833 871 1888 auctori.
1648 1832 1652 1841 ‘

412 1919 474 1975 ιιι
524 1921 765 1977 statione
811 1935 982 1993 porro
1031 1922 1245 1993 jubilus
1284 1940 1407 1980 eum
1459 1925 1717 1982 tubarum
1768 1927 2034 1999 clangore
2068 1941 2179 1983 non
2220 1926 2582 1983 miscebatur.
2615 1925 2734 1984 Non
2766 1927 2915 1984 enim
2966 1927 3021 1982 in
3066 1925 3277 1983 mundo
3315 1933 3504 1981 nostra
3533 1934 3618 1980 est

339 2006 603 2075 victoria,
635 2008 690 2062 in
712 2022 823 2078 quo
853 2010 1209 2065 concutimur
1240 2026 1303 2066 ac
1336 2014 1760 2083 prosternimur,
1784 2014 1913 2070 licet
1940 2029 2049 2070 non
2066 2028 2358 2086 pereamus
2381 2012 2654 2070 funditus.
2687 2014 2876 2070 Tubas
2898 2028 3030 2069 vero
3060 2013 3375 2069 sacerdotes
3405 2011 3614 2077 Inflant,

344 2095 383 2150 ii
420 2094 634 2151 scilicet
663 2096 761 2166 qui
801 2095 912 2153 Deo
938 2106 1172 2154 utuntur
1197 2100 1357 2157 valde
1400 2100 1773 2168 familiariter,
1808 2102 1991 2173 adque
2017 2098 2223 2158 Christi
2255 2100 2641 2177 imitationem
2682 2100 2967 2156 clamant:
3007 2119 3024 2152 ι
3057 2098 3239 2170 Prope
3265 2106 3353 2155 est
3386 2114 3617 2170 regnum

340 2182 612 2238 calorum
653 2184 723 2249 ’⁸,
774 2204 793 2237 ι
849 2185 997 2256 quod
1037 2186 1434 2244 afflictionibus
1482 2188 1648 2260 hujus
1696 2192 1930 2256 mundi,
1975 2199 2030 2246 et
2070 2189 2320 2246 victoria
2370 2190 2726 2247 contentione
2778 2189 3057 2261 capimus.
3120 2186 3291 2260 Atqui
3344 2187 3619 2243 institutio

342 2270 603 2326 tubarum
631 2271 966 2342 sempiterna
994 2282 1100 2330 est.
1137 2273 1378 2330 Verbum
1410 2275 1556 2330 enim
1596 2274 1691 2331 Dei
1731 2277 1942 2332 aﬂ'atim
1973 2279 2029 2334 in
2061 2279 2223 2334 nobis
2254 2276 2509 2334 habitare
2535 2277 2718 2333 debet.

430 2378 647 2434 Ἐλαταὶ
662 2381 720 2435 δὲ
758 2382 814 2437 αἱ
842 2383 1145 2453 σάλπιγγες
1169 2401 1181 2414 ·
1210 2383 1530 2440 ἐλαύνονται
1573 2385 1630 2439 δὲ
1663 2386 1751 2440 διὰ
1790 2387 1932 2457 σφύ-

2105 2385 2346 2443 Ductiles
2368 2401 2494 2443 vero
2531 2394 2658 2442 sunt
2702 2388 2865 2451 tuba,
2896 2385 3247 2443 deducuntur
3291 2394 3473 2441 autem
3521 2400 3617 2458 per

347 2490 472 2545 ρας.
526 2473 660 2545 Περὶ
703 2470 772 2549 ἦς
815 2475 1085 2546 Ἱερεμίας
1139 2477 1275 2547 φησί
1304 2494 1319 2508 σ
1361 2496 1378 2529 ι
1419 2478 1532 2532 Καὶ
1579 2477 1932 2551 συνετρίσηή

2037 2479 2317 2545 malleum,
2348 2479 2415 2535 de
2454 2493 2564 2549 quo
2589 2477 2855 2535 Jeremias
2882 2478 3058 2548 inquit
3084 2493 3099 2531 :
3127 2496 3147 2530 ι
3194 2477 3263 2533 Et
3295 2477 3619 2533 comminuit

344 2564 527 2637 σφύρα
566 2567 748 2637 πάσης
785 2566 884 2637 τῆς
917 2568 1041 2638 γῆς.
1086 2585 1105 2619 ι
1149 2567 1212 2621 Ei
1266 2569 1341 2639 μὴ
1373 2567 1483 2639 γὰρ
1513 2564 1581 2639 ἦν
1619 2568 1864 2634 διάϐολος
1896 2571 1930 2641 ἡ

2037 2571 2265 2625 malleus
2286 2571 2355 2625 ⁸⁷.
2395 2588 2414 2622 ι
2452 2569 2722 2625 (laterum
2763 2569 2893 2625 tuba
2917 2585 3040 2641 qua
3071 2569 3138 2624 ad
3185 2568 3347 2625 ferias
3372 2569 3617 2624 concita-

346 2658 552 2730 σφῦρα,
590 2660 828 2730 σάλπιγξ
874 2662 974 2714 οὐκ
1027 2657 1095 2733 ἦν
1133 2662 1298 2733 ἐλατὴ
1324 2702 1339 2727 ,
1396 2664 1431 2733 ἡ
1466 2660 1809 2734 διεγείρουσα
1840 2663 1933 2715 ἐπὶ

347 2749 450 2812 τὰς
488 2751 684 2820 ἑορτὰς
713 2754 805 2805 τοῦ
847 2753 983 2806 Θεοῦ
1010 2771 1022 2783 ·
1081 2752 1204 2806 καθ’
1235 2752 1301 2815 ἃς
1349 2754 1420 2807 τά
1455 2755 1685 2823 σώματα
1739 2754 1932 2808 θυσίαν

347 2843 726 2913 προσάγομεν,
758 2843 904 2915 λόγῳ
947 2844 1045 2915 τὴν
1077 2843 1213 2896 ἰδίαν
1245 2843 1583 2898 ἀπολιπόντα
1632 2842 1800 2915 ζωὴν,
1833 2843 1930 2908 τὰς

343 2933 520 3004 ψυχὰς
556 2934 1008 3005 φαιδρυνάμενον
1054 2935 1150 2989 καὶ
1185 2936 1313 2998 τοὺς
1361 2934 1661 2999 ἀκούοντας
1703 2935 1930 2988 κινοῦσα

348 3027 483 3095 πρὸς
525 3026 782 3096 πόλεμον.
814 3026 998 3080 Πολλά
1024 3029 1057 3097 ἡ
1084 3026 1268 3098 σφύρα
1310 3027 1511 3098 Παύλῳ
1562 3027 1836 3098 συνήρατο
1864 3027 1929 3097 τῇ

348 3117 610 3187 σάλπιγγι
638 3123 703 3190 τῇ
732 3118 917 3189 ὲλατῇ,
942 3118 1032 3173 διὰ
1061 3119 1167 3173 τῶν
1193 3120 1456 3174 ποικίλων
1486 3120 1650 3173 αὐτὸν
1679 3119 1933 3173 ἐλαύνου-

349 3227 417 3263 σα
456 3211 808 3282 πειρασμῶνο
857 3211 1135 3284 δηλοῦσα,
1191 3211 1266 3275 ὡς
1293 3211 1615 3265 ἐλαύνεσθαι
1672 3210 1930 3280 ἠδύνατο,

350 3301 516 3372 μηδὲν
569 3302 977 3374 βλαπτόμενος·
1026 3303 1121 3357 καὶ
1175 3305 1361 3375 σχῆμα
1396 3305 1585 3357 λαϐεῖν
1629 3304 1931 3371 σάλπιγγος

349 3395 735 3466 μεγαλοτρώνου
777 3395 853 3468 μὴ
904 3397 1104 3464 ἄδηλον
1149 3396 1417 3469 δηλούσης
1468 3397 1655 3469 φωνὴν
1686 3400 1767 3462 είς
1800 3399 1928 3462 τοὺς

347 3484 668 3550 ἀκούοντας,
703 3487 783 3550 είς
812 3487 902 3541 τὸν
941 3488 1087 3542 κατὰ
1134 3485 1235 3558 τῆς
1271 3489 1472 3552 κακίας
1517 3489 1929 3554 κατασκευάζε-

349 3574 474 3629 σθαι
506 3577 634 3628 πόλε
646 3594 766 3647 μον.

2034 2662 2147 2729 bat,
2180 2677 2287 2716 non
2313 2662 2535 2719 ductilis
2555 2670 2695 2718 erat.
2726 2662 2899 2718 Feria
2923 2671 3102 2718 autem
3128 2662 3233 2717 illa
3262 2669 3391 2718 sunt
3419 2660 3620 2730 quibus

2034 2770 2130 2824 per
2158 2756 2383 2810 verbum
2425 2770 2657 2826 corpora
2685 2763 2873 2811 nostra
2907 2755 2962 2809 in
3005 2754 3283 2809 victimam
3314 2751 3617 2813 oil'erimus.

2036 2847 2311 2918 propriam
2340 2847 2507 2901 vitam
2546 2847 2875 2911 deserimus,
2910 2852 2964 2903 et
3009 2846 3223 2901 animas
3271 2851 3492 2900 nostras
3531 2857 3621 2899 se-

2038 2952 2196 2992 renas
2218 2944 2271 2992 et
2300 2937 2543 2993 illustres
2572 2935 2877 2991 reddimus.
2911 2935 3113 2990 Eadem
3149 2949 3368 3005 quoque
3395 2934 3525 2988 tuba
3562 2933 3619 2987 in

2037 3024 2178 3081 bello
2235 3025 2530 3082 classicum
2583 3025 2907 3081 canebatur.
2970 3021 3195 3078 Mallens
3246 3022 3437 3077 ductili
3489 3019 3620 3076 tuba

2040 3132 2180 3186 sape
2228 3116 2529 3172 sublevavit
2578 3114 2841 3183 Paulum,
2878 3130 3002 3170 nam
3052 3129 3148 3185 per
3184 3114 3388 3170 multas
3428 3121 3620 3169 tenta-

2041 3207 2218 3263 tiones
2272 3208 2477 3278 impetu
2518 3220 2619 3261 suo
2667 3207 2883 3273 extulit,
2904 3213 2957 3260 et
2994 3203 3325 3276 signiﬁcavit
3373 3203 3423 3259 ei
3472 3203 3619 3274 quod

2038 3302 2262 3370 impune
2296 3314 2392 3370 per
2427 3313 2521 3355 eas
2560 3298 2794 3354 evadere
2836 3305 3045 3369 posset,
3072 3304 3127 3352 et
3174 3296 3422 3351 habitum
3459 3310 3619 3352 assu-

2036 3409 2186 3449 mere
2229 3394 2391 3460 tnba,
2426 3407 2547 3462 qua
2578 3405 2776 3464 magno
2827 3390 3061 3461 strepitu
3095 3404 3283 3445 vocem
3334 3398 3519 3444 notam
3555 3405 3621 3446 ac

2036 3495 2242 3541 certam
2286 3483 2352 3538 ad
2408 3484 2690 3541 auditores
2738 3483 2961 3548 emittit,
2988 3495 3098 3552 quo
3133 3482 3344 3537 scilicet
3391 3481 3614 3537 malitia

2036 3577 2237 3632 bellum
2276 3574 2639 3629 indiceretur.

426 3684 490 3738 Et
511 3686 737 3753 profecti
760 3700 879 3741 sunt
908 3687 1012 3757 ﬁlii
1047 3686 1265 3744 Gersom
1285 3698 1334 3744 et
1364 3688 1567 3743 Merari
1588 3698 1861 3758 portantes
1894 3684 2313 3743 tabernaculum.
2340 3683 2432 3755 jx,
2461 3682 2573 3757 17.]
2594 3683 2713 3750 Quo
2748 3682 3009 3739 nimirum
3040 3699 3197 3739 sacra
3220 3692 3614 3753 prapararent.

349 3769 496 3846 Inter
524 3771 743 3828 Levitas
775 3789 903 3829 vero
949 3783 1001 3829 et
1034 3784 1216 3831 castra
1248 3776 1668 3831 tabernaculum
1701 3784 1841 3839 erat,
1886 3789 2015 3830 vasa
2054 3781 2238 3828 autem
2286 3773 2339 3824 in
2368 3771 2551 3826 medio
2593 3786 2785 3825 eorum
2813 3770 2907 3840 qui
2938 3781 3096 3837 ante,
3143 3772 3353 3826 circum
3401 3781 3454 3825 et
3494 3781 3617 3841 post

348 3867 543 3927 erant;
577 3860 652 3913 ita
684 3875 904 3931 quoque
935 3860 1153 3917 Deusin
1179 3861 1360 3917 medio
1387 3873 1590 3917 sancta
1621 3863 1861 3917 civitatis
1886 3875 2007 3916 esse
2041 3859 2269 3924 dicitur,
2297 3868 2352 3913 et
2378 3857 2654 3914 exercitus
2681 3857 2926 3915 calcatis
2958 3857 3202 3929 undique
3233 3856 3381 3915 circa
3408 3856 3614 3927 Deum;

349 3963 584 4019 magnus
617 3949 768 4004 enim
798 3959 854 4004 et
884 3949 1151 4004 terribilis
1180 3959 1262 4004 cst
1292 3950 1555 4005 omnibus
1588 3951 1680 4020 qni
1712 3950 1863 4004 circa
1896 3949 2077 4018 ipsum
2112 3952 2266 4001 sunt.

419 4057 526 4112 Kal
561 4053 693 4112 εἷπε
718 4056 983 4126 Μωῡσῆς
1012 4056 1091 4123 τῷ
1125 4057 1302 4111 Ὀΰάϐ
1334 4055 1442 4122 υἱῷ
1484 4055 1806 4125 Ῥαγουήλ.
1841 4058 1934 4109 Δεῖ

2107 4051 2175 4105 Et
2206 4049 2345 4104 dixit
2370 4048 2569 4123 .Moses
2605 4049 2791 4103 Hobab
2824 4049 2939 4119 ﬁlio
2972 4047 3246 4119 Ragnelis.
3282 4049 3419 4124 [29.]
3453 4050 3616 4124 Cogi-

348 4151 509 4212 νοεῖν,
535 4147 610 4212 ὡς
651 4147 835 4220 Ἰοθὼρ
862 4147 957 4203 τοῦ
997 4149 1093 4202 καὶ
1138 4148 1408 4220 Ῥαγουηλ
1461 4148 1926 4218 ἀποστρέψαντος,

347 4233 504 4303 οὗτος
532 4240 961 4309 γυναικάδελφος
989 4239 1068 4293 ὢν
1087 4240 1272 4303 αὑτοῦ,
1309 4241 1473 4311 μέχρι
1503 4240 1598 4293 νῦν
1626 4239 1776 4311 αύτῷ
1810 4257 1933 4293 συν-

350 4331 556 4401 έμεινε.
589 4332 705 4385 Νῦν
729 4333 809 4399 δὲ,
845 4333 921 4398 ὡς
957 4333 1126 4397 εἰκὸς,
1155 4332 1248 4386 τοῦ
1276 4333 1481 4405 πατρὸς
1504 4332 1653 4404 αύτῷ
1682 4333 1934 4405 τελευτή-

353 4439 568 4488 σαντος,
602 4423 863 4495 ὥρμησεν
895 4425 1174 4490 ἀπελθεῖν,
1201 4425 1302 4494 τὴν
1340 4425 1641 4496 ἱερωσύνην
1676 4426 1931 4497 κατέχειν

351 4513 447 4585 τὴν
482 4512 745 4583 πατρῴαν
780 4513 1118 4585 βουλόμενος.
1166 4515 1223 4568 '0
1248 4515 1305 4567 δὲ
1338 4518 1631 4587 κατασχεῖν
1673 4517 1932 4588 ἐπειρᾶτο

355 4604 530 4658 ἑλπῖδι
558 4605 667 4659 τῶν
695 4604 880 4669 αὐτοῖς
903 4606 1178 4676 ἐσομένων
1204 4605 1408 4664 καλῶν.

2038 4143 2271 4199 tandum
2299 4149 2380 4197 est
2400 4140 2713 4197 Jethrnnem
2742 4140 2908 4211 hujus
2930 4140 3190 4213 Raguelis
3227 4144 3396 4198 tilium
3424 4142 3614 4200 fuisse.

2037 4234 2220 4303 Quare
2251 4249 2372 4288 cum
2409 4232 2601 4288 Hobab
2638 4230 2814 4287 amnis
2860 4230 3028 4287 Mosis
3066 4241 3230 4299 esset,
3267 4234 3447 4292 adhuc
3490 4251 3615 4291 cum

2037 4343 2103 4383 eo
2142 4325 2363 4381 mansit.
2402 4323 2559 4379 Nunc
2587 4339 2737 4389 vero,
2766 4333 2825 4379 ut
2846 4324 3146 4382 verisimile
3182 4336 3287 4393 est,
3315 4336 3470 4397 patre
3516 4342 3616 4383 suo

2036 4417 2323 4475 sacerdote
2367 4415 2662 4470 Madianita
2722 4415 2984 4472 defuncto
3051 4418 3203 4474 abire
3258 4418 3614 4487 desideravit,

2036 4509 2322 4579 voluitque
2358 4507 2531 4577 patris
2572 4507 2944 4562 sacerdotium
2981 4524 3289 4579 capessere.
3331 4510 3398 4563 At
3436 4509 3617 4568 Moses

2040 4601 2275 4657 retinere
2336 4615 2459 4656 eum
2523 4599 2836 4655 futurorum
2892 4616 2987 4673 spe
3047 4601 3316 4657 bonorum
3375 4603 3613 4658 conaba-

2041 4699 2150 4746 tur.

427 4810 598 4864 Aliter
635 4825 767 4866 vero
791 4810 1047 4866 Christus
1079 4827 1181 4867 nos
1212 4812 1279 4866 ad
1320 4827 1382 4868 se
1425 4812 1615 4876 allicit,
1650 4811 1988 4867 desiderium
2042 4809 2305 4864 videlicet
2360 4809 2659 4880 injicienda
2701 4826 2809 4865 non
2861 4810 3031 4879 lucri,
3088 4812 3182 4867 sed
3230 4812 3421 4868 aterni
3460 4813 3614 4881 boni,

357 4897 501 4968 quod
537 4899 807 4965 promittit
836 4899 1094 4952 omnibus
1133 4899 1227 4967 qui
1261 4898 1535 4955 desiderio
1570 4899 1746 4969 ipsius
1782 4907 2105 4969 tanguntur,
2140 4906 2195 4952 et
2227 4898 2431 4951 malum
2466 4906 2821 4954 aversantur.

425 4985 562 5053 Φησὶ
612 4983 687 5055 μὴ
736 4985 848 5037 δεῖν
877 4985 1162 5038 ἀπολιπεῖν
1214 4986 1436 5051 αὐτοὺς,
1479 4986 1606 5039 ἐπεὶ
1649 4985 1934 5054 κατέμαθε

354 5075 456 5138 τὰς
499 5076 986 5146 στρατοπεδεύσεις
1012 5076 1195 5130 αὐτῶν
1247 5078 1346 5139 τὰς
1384 5078 1443 5131 ἐν
1468 5079 1535 5148 τῇ
1572 5078 1765 5149 ἐρήμῳ
1790 5093 1803 5107 ·
1838 5077 1935 5130 καὶ

358 5167 577 5222 ἔσεσθαι
601 5170 658 5221 ὲν
683 5169 866 5233 αὐτοῖς
896 5168 1005 5240 πρὸ
1025 5168 1339 5240 ὀφθαλμῶν,
1367 5168 1443 5233 ὡς
1469 5169 1770 5240 δυνάμενον
1794 5184 1933 5238 προ-

355 5262 612 5330 τετάχθαι
654 5262 749 5315 καὶ
785 5261 1148 5330 καθηγεῖσθαι
1183 5261 1272 5315 διὰ
1319 5262 1419 5333 τὴν
1469 5259 1782 5333 ἐμπειρίαν.
1822 5261 1931 5315 Καὶ

354 5351 430 5415 ὡς
452 5352 626 5405 ἔοικεν
644 5351 869 5423 ἐπείσθη
890 5368 907 5385 ο
933 5351 1168 5422 οὐδαμοῦ
1189 5352 1300 5423 γὰρ
1322 5353 1472 5422 λέγει
1495 5354 1570 5417 ὡς
1590 5353 1926 5424 ἀπέστρεψε.

2113 4988 2249 5041 Dicit
2285 4995 2465 5040 autem
2502 4985 2681 5043 Moses
2717 4987 2820 5057 ipsi
2859 4986 3071 5055 Hohab,
3096 4991 3347 5059 peritiam
3403 5004 3616 5049 castra-

2038 5076 2398 5133 metationum
2427 5076 2669 5146 ipsorum
2702 5093 2840 5148 quas
2879 5078 2932 5133 in
2958 5078 3183 5135 deserto
3215 5078 3476 5137 fecissent
3516 5082 3620 5138 ha-

2037 5168 2188 5231 bere,
2218 5168 2465 5237 adeoque
2498 5168 2786 5223 oculorum
2818 5169 2935 5225 vice
2964 5169 3099 5241 ipsis
3124 5170 3256 5233 fore.
3281 5180 3337 5226 ut
3359 5173 3454 5243 qui
3480 5172 3614 5244 ipsis

2035 5268 2089 5316 et
2123 5259 2356 5331 imperio
2385 5267 2441 5315 et
2469 5258 2642 5316 ductu
2678 5275 2919 5330 praesse
2949 5272 3177 5333 prepter
3214 5278 3400 5320 rerum
3442 5279 3619 5335 expe-

2037 5352 2315 5417 rientiam,
2348 5352 2543 5423 possit.
2579 5352 2765 5423 Itaque
2805 5354 2851 5410 si
2898 5355 3174 5426 relinquat
3221 5371 3340 5421 eos,
3382 5357 3528 5427 quod
3554 5372 3613 5411 se

357 5449 580 5503 minime
630 5447 859 5505 deceat.
905 5448 1123 5518 illisque
1168 5449 1464 5518 plurimum
1527 5447 1935 5512 incommodet,
1971 5447 2268 5502 facturum.
2301 5449 2476 5517 Atque
2506 5447 2579 5503 ita
2603 5449 2824 5519 quidem
2853 5451 2924 5506 ab
2976 5449 3072 5506 illo
3103 5466 3426 5521 persuasum
3488 5466 3611 5505 esse

357 5546 781 5594 consentaneum
822 5551 925 5607 est,
965 5554 1235 5612 nusquam
1278 5541 1422 5595 enim
1478 5541 1743 5610 scriptum
1776 5540 1926 5610 quod
1969 5539 2039 5594 ab
2070 5554 2136 5594 eo
2171 5540 2481 5603 diverterit,
2509 5540 2761 5612 legimus.

428 5665 473 5697 ”
511 5664 675 5721 ICm'.
710 5684 822 5730 XIV,
860 5666 943 5723 19.
1018 5669 1064 5700 ’⁸
1090 5666 1243 5722 Prov.
1276 5684 1348 5727 ιιι,
1379 5667 1431 5723 9.
1506 5670 1549 5699 "
1588 5670 1603 5723 l
1647 5671 1769 5723 Cor.
1799 5686 1891 5733 vn,
1924 5670 2013 5723 27.

572 5740 614 5771 ⁸⁵⁸
654 5740 670 5791 l
708 5746 829 5792 (οι.
874 5755 959 5801 xv,
997 5739 1084 5792 57.
1162 5739 1206 5769 θ’
1238 5738 1538 5803 Μειιιὴοιιι,
1573 5740 1626 5791 2.
1706 5741 1752 5771 "
1787 5738 1985 5793 Jerem.
2024 5757 2076 5806 ι,
2107 5741 2198 5795 25.

358 5751 417 5803 ιι,
447 5738 495 5789 7.

2103 5671 2146 5701 9’
2172 5669 2383 5727 Colcss.
2411 5687 2493 5738 ιιι,
2519 5670 2569 5725 5.
2676 5674 2720 5705 ’³
2743 5671 2902 5728 Rom.
2936 5688 3053 5740 vm,
3098 5671 3181 5725 l8.
3287 5669 3333 5699 "
3365 5669 3599 5725 Malach.
