4050 6212
469 299 502 358 8
516 298 573 359 l9
1776 303 2065 365 PROCOP

2118 302 2128 361 [
2167 300 2408 362 GALEI
3072 268 3077 273 ’
3615 294 3717 355 seu

540 406 779 475 Profecti
813 416 939 462 sunt
989 407 1169 479 itaque
1215 409 1280 465 de
1334 422 1513 466 monte
1560 412 1773 469 Domini
1810 416 1997 469 itinere
2038 414 2203 466 trium
2231 412 2458 475 dierum,
2496 418 2545 462 et
2588 407 2915 478 pra'cedebat
2950 423 3037 461 eos
3077 422 3203 459 arca
3262 403 3469 472 {mderis
3510 402 3723 457 Domini

441 494 661 549 'izinere
696 496 860 548 trium
895 494 1126 562 dierum,
1177 499 1246 552 ad
1280 501 1707 571 inrestigandum
1741 503 1912 556 locum
1938 502 2151 572 quietis.
2190 498 2330 572 [33.]
2364 496 2558 568 Magna
2596 496 2809 550 utilitas
2840 493 3004 564 395
3043 510 3110 549 ex
3154 492 3494 563 profectione
3538 491 3725 545 homi-

472 583 635 658 nibus
683 584 805 650 ejus
867 585 1133 654 temporis
1174 587 1419 661 obvenit,
1454 590 1600 658 quod
1658 591 1870 647 scilicet
1920 597 2214 645 senserunt
2271 586 2441 641 Deum
2476 600 2537 642 se
2583 585 2787 640 habere
2819 584 3039 638 ducem.
3087 581 3317 635 Remoto
3348 590 3528 634 autem
3569 588 3720 651 typo,

468 669 728 724 Christus
783 671 944 725 nobis
995 673 1329 741 spectandus
1378 679 1728 746 proponitur,
1785 677 2048 747 quoniam
2079 676 2282 730 'tribus
2321 673 2515 729 diebus
2570 687 2669 726 nos
2710 671 3050 743 prtecedens,
3088 668 3312 724 deducit
3365 666 3433 722 ad
3477 668 3724 737 quietem

469 766 740 827 quotquot
768 774 890 812 eum
918 776 981 813 ex
1028 759 1242 815 inferno
1266 762 1332 815 ad
1369 764 1658 818 cmlestem
1687 764 1871 819 sedem
1907 763 2326 818 contendentem
2350 770 2690 831 sequuntur.
2732 761 2833 827 Qui
2872 759 3170 828 insuperin
3207 758 3311 811 hoc
3344 756 3549 810 mundo
3578 754 3726 824 jeju-

470 846 578 900 niis
614 862 735 901 sese
765 848 1119 913 macerando,
1151 850 1597 919 tentationesqne
1647 851 1937 906 subeundo
1974 851 2227 905 inimicas
2257 857 2451 904 contra
2484 848 2744 902 Satanam
2798 847 3087 915 antiquum
3141 847 3407 898 victorem
3443 844 3592 897 acies
3624 857 3727 911 pro

468 932 629 987 nobis
679 933 889 997 eduxit,
924 942 982 987 ut
1035 935 1275 1004 pedibus
1327 936 1715 990 conculcatum
1776 936 1936 992 nobis
1996 938 2357 1008 spectandum
2398 938 2703 997 exhiberet,
2768 935 3332 1003 tranquillitatemque
3372 940 3425 985 et
3478 933 3722 1000 quietem

472 1021 633 1073 nobis
661 1027 903 1089 pareret.
946 1020 1219 1086 Querirca
1255 1039 1274 1073 ι
1303 1021 1669 1076 Aﬁlictionem
1706 1024 1760 1077 in
1801 1024 1904 1079 hoc
1937 1026 2141 1081 mundo
2169 1026 2491 1090 sustinetis,
2523 1024 2741 1093 inquit;
2775 1038 2965 1078 verum
3006 1022 3194 1075 animo
3222 1019 3346 1074 forti
3376 1027 3551 1073 estote
3582 1034 3723 1088 quo-

473 1106 616 1158 uiam
675 1108 942 1160 mundum
991 1108 1165 1162 devici
1202 1118 1322 1178 ego
1356 1110 1422 1163 ⁸⁸.
1460 1128 1478 1161 ι
1515 1109 1685 1163 Porro
1715 1126 1956 1182 quoque,
2001 1122 2332 1183 potestatem
2365 1113 2522 1168 vobis
2581 1111 2705 1166 dedi
2746 1109 2998 1165 calcandi
3040 1124 3207 1177 super
3238 1106 3614 1177 serpentibus,
3669 1114 3724 1159 et

470 1195 886 1261 scorpionibus,
922 1205 975 1248 et
1005 1196 1153 1248 omni
1194 1197 1424 1251 adversa
1458 1198 1723 1267 potentia.
1758 1198 1861 1262 Qui
1899 1207 2076 1255 morte
2107 1216 2207 1258 sua
2243 1201 2298 1255 in
2332 1201 2651 1270 paradisum
2687 1199 2896 1252 foribus
2945 1197 3064 1265 ejus
3106 1195 3351 1251 effractis
3392 1195 3603 1263 primus
3637 1202 3723 1247 est

471 1281 777 1349 ingressus,
811 1289 865 1334 et
904 1281 970 1333 ad
1009 1283 1411 1350 perennitatem
1448 1285 1653 1339 aditum
1695 1286 1854 1341 nobis
1883 1287 2163 1355 patefecit,
2199 1287 2659 1358 quemadmodum
2712 1285 2846 1339 illud
2887 1284 3187 1338 vatidicum
3226 1283 3467 1336 indicat:
3511 1299 3528 1331 ι
3562 1280 3725 1333 Cica-

469 1368 609 1422 trice
633 1369 851 1438 quidem
896 1369 1069 1438 ipsius
1106 1385 1301 1425 omnes
1346 1387 1444 1427 nos
1475 1374 1656 1427 sanati
1685 1390 1883 1429 sumus
1914 1375 1980 1429 θ’.
2011 1394 2029 1426 ι
2076 1374 2177 1440 Qui
2228 1376 2388 1429 nobis
2423 1390 2642 1445 quoque
2692 1386 2991 1442 supernam
3042 1370 3449 1441 profectionem
3500 1368 3724 1421 instau-

470 1455 635 1518 ravit,
669 1465 724 1509 et
751 1455 891 1510 dixit
926 1474 938 1510 :
979 1475 996 1508 ι
1030 1455 1363 1512 Proficiscar
1397 1469 1449 1513 et
1485 1460 1667 1514 locum
1703 1462 1978 1530 apparabo
2012 1463 2168 1518 vobis
2192 1464 2234 1517 ¹.
2268 1480 2286 1511 ι
2556 1474 2559 1479 ’

541 1542 675 1596 Cum
701 1544 1127 1611 proﬁcisceretur
1157 1561 1305 1605 arra,
1342 1546 1475 1598 dixit
1513 1545 1682 1601 Moses
1714 1563 1732 1601 :
1768 1546 1956 1618 Surge,
1981 1546 2291 1614 Domine,et
2308 1548 2635 1617 dissipentur
2664 1546 2836 1601 hostes
2869 1546 2966 1599 tui.
2996 1543 3086 1617 [X,
3112 1542 3229 1617 35.]
3249 1539 3561 1598 Notandum
3592 1554 3728 1594 vero

470 1630 620 1712 quod
660 1630 847 1685 hostes
872 1633 1084 1700 populi,
1121 1631 1214 1686 Dei
1254 1632 1441 1686 hostes
1473 1642 1654 1689 vocat.
1683 1633 1817 1688 Nam
1856 1636 1908 1689 id
1942 1636 2134 1707 utique
2172 1636 2333 1690 docet
2362 1637 2507 1705 quod
2548 1644 2603 1690 et
2646 1649 2748 1689 nos
2781 1635 3075 1702 impiorum
3110 1639 3381 1702 quatenus
3418 1628 3550 1681 tales
3574 1637 3726 1690 sunt,

474 1720 732 1773 inimicos
761 1736 884 1774 esse
909 1729 1126 1790 oportet
1155 1721 1607 1792 quandoquidem
1644 1724 1710 1779 ad
1762 1723 2050 1779 ferendum
2086 1723 2246 1778 nobis
2277 1723 2562 1793 suppetias
2610 1722 2851 1778 surrexit
2884 1721 3159 1781 Christus,
3188 1717 3283 1788 qui
3310 1717 3420 1787 jam
3472 1716 3598 1769 olim
3632 1731 3732 1782 per

478 1805 927 1863 Davideiudixit:
969 1810 1008 1863 Ε
1034 1810 1461 1863 mendicantium
1500 1811 1925 1875 calamitatibus,
1961 1820 2016 1866 et
2048 1827 2078 1865 c
2108 1809 2349 1880 singultu
2384 1824 2689 1878 pauperum
2723 1822 2871 1862 nunc
2903 1823 3124 1878 surgam
3153 1808 3198 1869 ’,
3234 1805 3411 1873 inquit
3445 1801 3728 1857 Dominus.

475 1893 633 1948 Tunc
673 1893 933 1964 fugerunt
984 1896 1398 1975 divinmgloriae
1422 1898 1751 1963 adversarii,
1788 1915 1816 1951 a
1846 1899 2049 1969 quibus
2072 1898 2359 1952 victoriam
2391 1897 2444 1950 in
2474 1904 2637 1952 cruce
2694 1898 3026 1967 reportavit.
3061 1891 3517 1962 Quandoquidem
3561 1890 3730 1943 etiam

472 1999 691 2038 otnncm
719 1982 785 2037 ad
821 1982 1036 2038 Patrem
1080 1986 1359 2039 convertit
1395 1995 1624 2049 terram,
1661 1994 1715 2041 et
1751 1986 1965 2041 inﬁnita
2003 1986 2174 2041 millia
2209 1987 2264 2039 in
2302 1985 2385 2041 sui
2415 1984 2793 2040 adorationem
2829 1984 3081 2040 adduxit.
3123 2001 3143 2033 ‹
3172 1981 3306 2036 Cum
3332 1981 3503 2041 enim,
3531 1978 3732 2046 inquit,

473 2079 698 2126 evectus
726 2070 883 2124 fuero
918 2082 1086 2141 supra
1113 2081 1339 2137 terram,
1372 2088 1566 2127 omnes
1594 2089 1694 2128 vos
1719 2089 1935 2129 mecum
1980 2074 2250 2128 attraham
2278 2074 2320 2127 ⁸.
2359 2092 2378 2123 ι
2410 2071 2575 2127 Mosis
2621 2073 2765 2126 enim
2802 2072 3049 2143 precatio
3080 2067 3496 2125 intercessionis
3522 2066 3732 2118 Christi

476 2157 677 2211 umbra
704 2166 845 2212 erat.
882 2155 1025 2210 Idem
1062 2159 1210 2211 enim
1249 2158 1430 2213 Moses
1464 2166 1588 2213 cum
1624 2175 1652 2211 a
1687 2162 1944 2230 praesenti
1991 2161 2335 2230 profectioe
2380 2172 2699 2215 cessaretur
2743 2161 3034 2215 Dominum
3085 2159 3183 2212 tali
3220 2156 3582 2231 adoriebatur
3606 2167 3736 2221 pre-

474 2244 692 2299 mtione
725 2258 739 2296 :
787 2264 806 2297 ι
834 2243 1151 2307 Revertere,
1189 2244 1439 2309 Οοιιιὶιιει,
1473 2247 1539 2301 ad
1574 2248 1758 2302 decies
1779 2248 1925 2302 mille
1966 2249 2202 2313 lsraelis,
2232 2264 2257 2297 λι
2295 2248 2439 2317 quod
2478 2248 2817 2303 tantumdem
2859 2256 2979 2303 erat
3012 2262 3074 2301 ac
3097 2248 3141 2302 si
3172 2245 3381 2300 diceret
3417 2262 3429 2297 :
3467 2245 3609 2295 Area
3641 2256 3734 2294 re-

474 2336 637 2386 ducta
661 2333 729 2387 da
762 2334 967 2403 populo
994 2333 1203 2389 sedem.
1232 2334 1311 2389 Ac
1350 2334 1520 2389 Deum
1558 2335 1778 2405 quidem
1827 2338 2031 2406 populo
2070 2336 2220 2391 valde
2275 2336 2604 2390 familiarem
2640 2336 2841 2402 effecit,
2877 2338 3035 2405 quasi
3086 2332 3302 2389 itineris
3332 2331 3587 2387 comitem
3621 2328 3734 2381 illis

474 2422 728 2476 exhibuit
762 2421 952 2477 Deum.
988 2420 1166 2477 Eundi
1203 2438 1334 2478 vero
1364 2424 1583 2477 taedium
1627 2424 1752 2479 illos
1797 2423 1965 2493 capit,
2001 2424 2329 2492 laboresque
2355 2439 2419 2477 ac
2450 2424 2735 2479 molestias
2769 2423 3262 2478 lamentationibus
3293 2425 3732 2490 prosequuntur.

476 2511 630 2565 Licet
658 2511 878 2581 quidem
914 2510 966 2565 id
1001 2511 1179 2581 palam
1218 2526 1327 2565 non
1371 2510 1543 2572 fieret,
1585 2509 1679 2565 Dei
1726 2521 1906 2567 tamen
1944 2526 2107 2566 aures
2140 2526 2303 2579 quem
2354 2512 2492 2565 nihil
2521 2513 2824 2583 quidquam
2861 2512 3013 2576 latet,
3047 2510 3314 2566 feriebat..
3344 2506 3574 2574 Ideoque
3604 2518 3736 2573 pars

478 2600 664 2668 populi
698 2599 842 2669 ignis
875 2599 1078 2654 ardore
1122 2599 1176 2653 in
1199 2599 1368 2654 tetius
1401 2599 1586 2668 populi
1631 2600 1925 2655 utilitatem
1961 2599 2243 2669 afﬂigitur,
2301 2600 2467 2669 idque
2514 2615 2620 2654 non
2677 2610 2876 2671 arguto
2927 2600 3168 2671 quodam
3218 2610 3281 2652 ac
3327 2596 3737 2662 circumspecto

472 2686 705 2755 judicio,
744 2701 856 2756 quo
911 2686 1084 2757 aliqui
1130 2693 1317 2741 essent
1360 2686 1625 2755 separati,
1671 2686 1767 2741 sed
1815 2702 1881 2742 eo
1911 2702 2022 2756 quo
2050 2690 2193 2742 ratio
2247 2697 2302 2742 et
2338 2696 2631 2758 respectus
2677 2691 2926 2744 omnium
2957 2700 3041 2745 est
3073 2688 3316 2743 habitus.
3349 2684 3557 2738 Paucos
3584 2682 3737 2735 enim

477 2775 591 2845 pati
619 2775 860 2845 Oportuit
898 2789 998 2841 pro
1030 2774 1245 2836 multis,
1278 2773 1534 2843 quamvis
1575 2787 1677 2826 nec
1709 2772 1810 2827 hos
1843 2789 1943 2828 nec
1977 2775 2102 2828 illos
2139 2775 2326 2831 dicere
2375 2778 2677 2847 potuisses.
2711 2778 2771 2833 In
2807 2793 3023 2834 summa
3057 2792 3187 2832 vero
3220 2788 3472 2843 magnam
3522 2769 3578 2824 in
3630 2769 3741 2825 hoc

470 2862 687 2930 judicio
717 2862 812 2932 qui
851 2861 982 2916 illud
1016 2863 1409 2916 sustinuerunt
1435 2861 1750 2929 aequitatem
1781 2868 1836 2914 et
1870 2861 2221 2917 clementiam
2261 2865 2592 2933 habuerunt,
2625 2870 2879 2936 quamvis
2912 2867 2977 2921 ad
3021 2867 3257 2919 aliorum
3299 2861 3739 2917 emolumentum

478 2949 798 3005 inferiorem
831 2960 1035 3003 sortem
1070 2962 1220 3002 nunc
1253 2948 1368 3002 sint
1412 2947 1616 3014 adepti,
1651 2955 1844 3016 utpote
1875 2949 1971 3017 qui
2006 2948 2212 3006 divina:
2247 2953 2610 3022 providentiae
2653 2955 3111 3025 gubernationem
3144 2952 3479 3021 adjuvarunt
3511 2954 3565 3002 et
3597 2961 3738 3000 con-

476 3047 851 3094 summarunt.
876 3035 1350 3104 Quemadmodum
1382 3035 1436 3089 in
1467 3034 1678 3089 Lazaro
1703 3034 1725 3066 δ
1761 3036 1857 3105 qui
1900 3036 2065 3090 etiam
2098 3038 2151 3092 in
2188 3040 2419 3097 immitis
2465 3043 2656 3101 divitis
2684 3043 3101 3098 accusationem
3140 3047 3338 3110 sprette
3368 3034 3736 3108 paupertatis,

475 3135 738 3181 extremae
772 3125 1082 3194 paupertati
1116 3122 1220 3176 fuit
1242 3123 1522 3192 objectus,
1550 3121 1814 3192 deinceps
1841 3138 1968 3179 vero
2000 3133 2126 3196 post
2156 3129 2281 3184 vita:
2318 3129 2505 3198 tinctu,
2542 3134 2599 3187 in
2649 3132 2995 3189 consortium
3028 3129 3124 3185 Dei
3158 3126 3486 3189 accersitus,
3539 3123 3739 3195 punito

480 3215 659 3271 altero
689 3210 1042 3267 manifestum
1078 3220 1184 3265 est.

546 3328 821 3384 Caeterum
883 3328 1220 3398 precationis
1277 3326 1334 3380 vi
1392 3335 1445 3382 et
1505 3323 1751 3380 emcacia
1794 3325 1939 3395 ignis
1993 3341 2053 3382 se
2087 3326 2133 3384 Α

2233 3337 2379 3409 Eam
2411 3335 2643 3391 παύεται
2675 3334 2735 3389 τὺ
2765 3333 2876 3404 πῦρ
2896 3349 2911 3365 ο
2947 3332 3035 3387 ἵνα
3071 3330 3295 3401 γνῶσιν,
3327 3329 3408 3384 ὅτι
3437 3326 3600 3399 χάρις
3634 3323 3736 3379 «~3-

472 3422 758 3492 exstingui
814 3423 1043 3490 patitur,
1086 3430 1144 3474 ut
1193 3420 1511 3489 intelligant
1548 3432 1675 3473 vera
1718 3418 1808 3474 Dei
1849 3420 2054 3488 gratia,

1499 3429 1511 3471 Ι-
1548 3432 1675 3473 vera
1718 3418 1808 3474 Dei
1849 3420 2054 3488 (tralia.
2163 3435 2296 3495 τοῖς,
2326 3430 2387 3484 οὐ
2418 3430 2539 3485 κατ’
2567 3428 2722 3493 ἀξίαν
2756 3430 2790 3499 ὴ
2835 3425 3098 3499 σωτηρία.

473 3517 618 3572 citra
677 3530 869 3569 eorum
919 3522 1230 3585 respectum
1283 3514 1432 3567 illuni
1481 3513 1711 3567 salutem
1766 3511 2058 3568 obvenisse

474 3623 577 3664 eis.

556 3739 635 3792 Ac
669 3737 794 3792 talis
818 3736 1039 3806 quidem
1072 3737 1370 3792 auxiliator
1399 3753 1463 3793 ac
1508 3750 1793 3809 protector
1819 3744 2010 3793 noster
2043 3734 2298 3790 Christus
2345 3741 2590 3798 quoque,
2633 3725 2728 3794 qui
2772 3721 2932 3777 nobis
2978 3719 3209 3777 salutem
3241 3714 3474 3787 peperit.
3502 3712 3735 3787 exsili“-

448 3828 449 3831 “
488 3826 645 3893 Quod
684 3827 728 3879 si
781 3840 913 3879 vero
955 3824 1127 3894 aliqui
1185 3826 1298 3879 sint
1331 3827 1422 3894 qui
1471 3836 1596 3895 post
1634 3827 1802 3896 agniti
1856 3840 1919 3878 ac
1966 3821 2211 3878 confessi
2265 3815 2521 3871 beneficii
2559 3824 2668 3865 tam
2711 3810 2940 3865 evidens
2982 3812 3388 3896 argumentum,
3438 3813 3735 3896 pravarum

488 3931 672 3970 rerum
705 3912 894 3967 studio
938 3922 1272 3982 praeeuntem
1300 3891 1606 3974 Chrisium,
1639 3891 1706 3970 de
1757 3914 1885 3968 sede
1917 3912 2056 3980 ipsis
2084 3906 2494 3975 dispicientem,
2550 3898 2883 3969 legationem
2920 3910 3017 3947 seu
3057 3895 3248 3963 potius
3279 3891 3736 3982 intercessionem

488 4017 591 4070 pro
623 4002 758 4070 ipsis
783 4001 1103 4063 obeuntem,
1140 4001 1468 4055 admeatum
1510 4002 1660 4057 enim
1724 4000 1867 4069 apud
1906 3999 2125 4053 Patrem
2176 3974 2364 4049 desunt
2394 3987 2706 4050 Christum,
2751 3982 2966 4037 Joanne
3014 3978 3643 4073 testante.','ltabe'tnus.
3676 3974 3728 4024 Ῐη

494 4059 662 4155 nube,
699 4104 798 4144 ceu
833 4106 860 4142 a
911 4089 1018 4144 diei
1046 4098 1209 4154 testu,
1257 4089 1310 4144 id
1348 4099 1454 4152 est,
1494 4105 1524 4143 a
1558 4089 1730 4143 radiis
1760 4059 2104 4156 voluptatum
2136 4090 2190 4137 et
2229 4078 2601 4135 tentationum
2659 4078 3035 4142 prOIegentem
3073 4062 3442 4156 lacessierit“,
3597 4070 3725 4156 sane

493 4149 714 4249 quoque
770 4178 910 4248 ignis
968 4149 1236 4233 smvitieni
1276 4149 1652 4246 experientur.
1715 4173 1837 4229 Non
1888 4149 2038 4229 enim
2102 4178 2310 4227 temere
2348 4165 2416 4218 ab
2454 4160 2719 4232 Apostolo
2754 4157 2960 4249 dictum
2985 4162 3071 4210 est
3107 4150 3203 4208 :Si
3245 4149 3724 4249 Ροεξ

495 4231 745 4323 δίει-ἱίθιίε
788 4231 1121 4334 "acceptam,
1188 4231 1364 4320 ultro.
1402 4265 1748 4334 prolabimur
1809 4262 1864 4316 in
1920 4266 2236 4330 peccatum,
2300 4253 2437 4333 nihil
2500 4231 2606 4304 loci
2675 4246 2963 4302 sacrificiis
3021 4256 3122 4314 pro
3179 4237 3421 4334 ρείίεεξιῐξ
3471 4231 3730 4300 F0““‘l““

496 4366 608 4414 tur.
643 4326 961 4409 Treu'enda-
984 4368 1115 4407 vero
1148 4360 1231 4407 est
1257 4326 1418 4417 paena
1445 4351 1665 4418 iudicii,
1695 4359 1747 4403 et
1781 4326 1946 4402 ardor
1996 4346 2141 4418 ignis
2175 4343 2269 4413 qui
2318 4326 2508 4394 hostes
2544 4336 2751 4391 Christi
2783 4334 3035 4419 absumet
3066 4345 3132 4383 ac
3153 4326 3429 4419 conficiet.
3541 4406 3576 4419 η

564 4444 731 4515 396
762 4441 829 4495 Et
874 4441 1060 4510 uulgus
1114 4411 1475 4509 promiscuum
1525 4411 1663 4507 quod
1694 4439 1832 4490 inter
1869 4451 1956 4491 eos
2005 4411 2143 4498 erat,
2195 4411 2620 4515 concupiscentia
2655 4421 2927 4493 ﬂagravit.
2974 4416 3093 4490 [Χῐ,
3141 4412 3221 4485 4.]
3253 4411 3364 4467 Nec
3400 4424 3507 4464 non
3541 4411 3741 4515 2Ἲῖβεῖιζθ

497 4505 770 4604 quaeritr
805 4541 926 4584 erat
959 4505 1425 4599 alios‘increpare
1457 4536 1510 4581 et
1538 4505 1895 4588 abstrahere,
1944 4538 2141 4593 pravas
2170 4516 2533 4586 cogitationes
2568 4511 2871 4580 fragilium,
2902 4516 3253 4604 terrenarum
3306 4514 3373 4553 ac
3402 4505 3743 4604 permotos:

502 4591 621 4675 rum
656 4591 1026 4688 cupiditatum
1063 4632 1256 4680 causa,
1293 4591 1441 4670 colla
1472 4630 1569 4669 sua
1600 4614 1812 4683 peccati
1843 4591 1973 4682 jugo
1999 4606 2265 4664 libentius
2291 4602 2681 4688 submitteutes
2732 4601 2978 4651 versant.
3006 4591 3745 4688 Cat-terumncarniujm-

500 4710 610 4764 illis
648 4666 873 4762 circiter
920 4708 1145 4776 triginta
1178 4666 1375 4761 diebus
1423 4703 1563 4759 Deus
1600 4666 1859 4771 praebuit:
1881 4666 2043 4769 aique
2070 4699 2162 4751 irae
2193 4708 2309 4747 sum
2344 4684 3024 4776 maguum-documentum
3051 4676 3239 4776 edidit.
3266 4666 3749 4776 _Qllcttt‘t|‘dl:ttt_ll_tl:l.“

501 4756 631 4853 sane
1318 4756 1692 4861 voluptatibus
1717 4756 2036 4844 carnalibus
2054 4779 2390 4856 participare
2402 4756 2895 4865 voluntiindulget.
2921 4766 3063 4865 iEos
3083 4765 3231 4865 enim
3265 4756 3749 4865 traditi-iﬁng‘lliijo

503 4886 669 4939 menti
696 4845 997 4951 corruptae:
1030 4889 1089 4939 ut
1114 4896 1177 4936 ea
1214 4845 1334 4950 quae
1364 4845 1590 4934 minime
1620 4876 2050 4938 conveniebant,
2079 4869 2437 4924 admitterent
2470 4864 2513 4917 ⁸.
2552 4882 2572 4915 ι
2604 4860 2808 4951 verum
2832 4852 3257 4951 enimvero-lue
3297 4848 3457 4951 cibus
3489 4845 3750 4951 b-IiliAll‘i“:

448 5000 461 5013 κ
501 4983 682 5025 turam
732 4971 789 5025 in
843 4928 979 5038 ipsis
1026 4928 1396 5022 induit.lNam
1428 4967 1521 5035 qui
1572 4982 1658 5021 res
1706 4962 1959 5019 carnales
2004 4960 2310 5031 praeferunt
2340 4965 2557 5007 manna:
2589 4944 2888 5038 Spirituali,
2925 4945 3093 5038 verbo
3132 4939 3228 4996 Dei
3272 4928 3757 5038 videlice-t,‘iis:t|

503 5068 739 5113 mortem
773 5024 1019 5128 ipsorum
1051 5056 1206 5111 cedet
1236 5064 1494 5111 conatus.
1532 5074 1552 5106 ‹
1582 5054 1688 5120 Qui
1721 5054 1869 5107 enim
1917 5063 2105 5106 semen
2132 5059 2297 5102 suum
2329 5039 2489 5096 carni
2526 5034 2831 5128 mandavit.
2865 5031 3067 5128 ἱιιξιιιῖιο
3101 5043 3167 5082 ex
3198 5038 3384 5126 fame
3413 5024 3760 5128 ωξξεῖί-ξξξίθς

506 5150 670 5201 ritum
692 5148 737 5202 ⁷.
774 5107 813 5199 ιΙ
831 5146 1183 5216 Quapropter
1212 5144 1416 5200 Paulus
1445 5107 1624 5213 inquit
1644 5134 1669 5196 ἐ
1713 5159 1730 5192 σ
1763 5141 1825 5195 1η
1856 5138 2054 5208 spiritu
2091 5132 2401 5193 ambulate,
2435 5133 2490 5182 et
2520 5121 3030 5216 concupiscentiam
3061 5115 3343 5216 carnisne
3379 5107 3755 5216 perﬁciatis‘ﬂ

508 5235 700 5290 liilitat
735 5203 880 5289 enim
932 5203 1078 5289 caro.
1100 5244 1292 5288 contra
1326 5203 1583 5304 spiritum
1634 5238 1688 5285 et
1720 5203 1953 5299 spiritus
1998 5232 2191 5280 contra
2225 5232 2451 5273 carnem
2484 5214 2526 5269 '.
2569 5232 2588 5264 ι
2638 5217 2867 5281 Uportet
2889 5203 3762 5304 etiamspiritusnsuavitatiApf:

506 5338 706 5378 manna
732 5332 1133 5392 reprtcsentatae
1162 5322 1295 5377 nihil
1330 5282 1534 5375 brabere
1565 5282 1837 5389 prius,lne
1864 5317 2202 5385 sepeliamur
2238 5314 2346 5366 ritu
2384 5306 2571 5379 populi
2596 5303 2856 5364 εσθοιδῑίν
2884 5301 3039 5392 illim
3077 5295 3251 5392 iuf’df
3275 5311 3293 5345 ‘
3330 5282 3763 5392 Erum}???

505 5412 656 5469 omni
683 5372 861 5469 carui.
898 5431 918 5464 ι
963 5409 1254 5466 Manifesta
1304 5372 1623 5464 enimnsunt
1679 5372 1943 5475 ipsorum.
1987 5372 2477 5457 monumenta-Et
2525 5396 2642 5450 haec
2672 5392 2857 5449 clades
2907 5389 3093 5443 claros
3131 5384 3261 5438 fecit
3292 5372 3763 5477 quemadmoduut

509 5502 859 5557 decantatus:
897 5510 1001 5555 est.
1043 5498 1287 5563 Quorum
1317 5498 1492 5567 gloria
1532 5495 1583 5549 in
1620 5467 1960 5563 turpitudine
1997 5508 2094 5546 sua
2124 5488 2417 5549 consistit;
2451 5494 2772 5555 perpetuam
2810 5479 2956 5535 enim
3008 5485 3231 5545 propter
3260 5467 3611 5525 είῐθιιὶἰιιειοι
3637 5472 3764 5517 θυοδ

585 5675 626 5703 οδ
652 5674 803 5728 Jmn.
847 5690 951 5725 im.
992 5672 1076 5722 1&3.
1156 5669 1197 5698 π’
1236 5668 1335 5721 isa.
1373 5685 1487 5723 rut.
1518 5667 1573 5718 5.
1654 5669 1665 5694 ‘
1703 5663 1856 5718 Juau.
1895 5680 2002 5721 ur,
2028 5662 2079 5715 ἓ.
2178 5666 2184 5690 τ

2178 5664 2198 5693 ¹
2229 5659 2371 5713 Psal.
2418 5673 2609 5721 “xw,
2648 5655 2730 5706 10.
2776 5655 2860 5728 __’
2895 5651 3056 5704 Joan.
3097 5662 3191 5710 xu,
3226 5642 3316 5699 52.
3418 5639 3439 5671 ⁸
3472 5637 3609 5692 Luc.
3649 5645 3755 5699 XVI.

499 5742 727 5801 ‘2‘);cnlt.
809 5748 823 5769 "
869 5741 1063 5795 Uouit.
1102 5757 1155 5794 tt.
1200 5740 1240 5791 Ι.
1323 5740 1339 5765 ⁸
1379 5738 1528 5790 Κίων.
1570 5754 1603 5795 l,
1638 5735 1722 5788 εδδ.
1801 5739 1817 5765 τ
1861 5733 2098 5787 ςλρῖηιμ

1323 5740 1339 5765 ε
1379 5738 1528 5790 Κίων,
1570 5754 1603 5795 ι,
1638 5735 1722 5788 εδδ,
1801 5739 1817 5765 τ
1861 5733 2064 5787 δαῖον.
2095 5751 2160 5793 Vl,
2195 5739 2243 5783 κ.
2326 5730 2344 5758 ³
2375 5729 2547 5781 (Quiut.
2585 5744 2630 5787 γ,
2676 5723 2850 5777 ιι.;.17ι
