4050 6212
379 278 480 346 821
1467 280 2005 345 COMMENTARII
2064 243 2149 340 IN
2184 278 2578 342 NUMEROS.
3548 276 3656 341 322

380 409 563 453 mores
594 393 958 466 ignominiam
990 394 1289 453 sustinent.
1317 395 1475 464 Quod
1503 396 1686 465 Ipsum
1722 395 1945 451 Davidis
1998 410 2223 467 quoque
2254 395 2425 452 verba
2459 394 2699 450 innuunt
2735 415 2749 451 :
2790 414 2809 448 ι
2836 394 3099 451 Dilatavit
3131 394 3385 452 infernus
3413 397 3681 452 animam.

382 498 542 540 suam
574 492 629 540 et
650 484 867 557 aperuit
905 497 970 540 os
1010 498 1171 541 suum
1204 499 1272 540 ne
1299 484 1433 556 quid
1462 486 1869 555 relinqueret’.
1911 502 1930 536 ι
1962 513 2032 524 -
2063 501 2083 536 ι
2134 482 2349 539 Carnes
2394 484 2569 548 enim,
2625 484 2828 555 inquit,
2866 484 2921 538 in
2952 482 3214 539 dentibus
3246 496 3441 539 eorum
3471 492 3654 539 erant.

382 576 572 647 Itaque
598 574 881 645 percussit
914 588 1012 630 eos
1038 572 1310 629 Dominus
1347 574 1503 645 plaga
1542 589 1739 642 magna
1778 573 2097 640 admodum,
2137 579 2192 627 et
2224 586 2426 627 nomen
2465 572 2573 628 loci
2603 572 2755 628 illius
2792 571 3117 643 appellavit,
3153 590 3171 624 ι
3212 578 3267 626 et
3306 581 3505 628 cmtera
3536 588 3659 643 quae

385 669 720 734 sequuntur.

464 769 784 841 Ἥγνιζοντο
810 770 868 825 δέ
892 770 1027 842 πρὶν
1051 770 1320 841 φάγωσιν.
1345 767 1492 840 Ἱερὰ
1516 767 1625 840 γὰρ
1653 766 1805 839 παρὰ
1834 767 1968 821 Θεοῦ

2146 764 2589 822 Sanctiﬁcabant
2627 774 2811 823 autem
2839 782 2898 825 se
2928 777 3224 840 antequam
3254 768 3503 827 ederent.
3528 766 3662 824 Car-

384 865 482 921 xal.
499 866 535 936 ὴ
556 862 866 934 κρεοδοσίας
894 864 990 918 καὶ
1014 861 1276 933 καθαρῶν
1304 861 1477 915 δεῖται
1505 859 1615 913 τῶν
1650 859 1963 913 ἐσθιόντων.

2085 856 2230 911 nium
2265 857 2412 913 enim
2447 856 2683 913 facultas
2706 866 2762 913 et
2796 856 3004 913 donum
3035 874 3258 915 sacrum
3288 867 3374 915 est
3408 865 3463 915 et
3489 873 3520 913 a
3549 855 3662 913 Deo

383 958 513 1011 Ὀτι
558 955 619 1009 δέ
685 954 788 1009 οὐκ
845 954 1124 1023 ἀναγκαία
1170 955 1206 1024 ἠ
1253 952 1478 1023 βρῶσις,
1527 944 1753 1019 ἐπάγειέ
1792 969 1812 1002 ε
1844 950 1969 1004 Ὀτι

2085 948 2472 1020 proficiscitur,
2515 958 2569 1005 et
2613 965 2785 1022 puros
2831 951 3102 1024 epulones
3139 967 3250 1008 non
3285 951 3474 1008 minus
3507 949 3663 1023 flagi-

382 1046 690 1103 ἐκλαύσατε
728 1045 914 1101 ἐναντι
941 1044 1175 1117 Κυρίου.
1206 1063 1225 1097 ι
1256 1044 1356 1098 Διά
1385 1042 1496 1114 γὰρ
1535 1043 1597 1097 τὸ
1635 1040 1869 1096 κλαῦσαι
1902 1041 1973 1095 τὰ

2085 1046 2181 1094 lat.
2217 1038 2285 1095 Ut
2317 1047 2503 1095 autem
2548 1041 2757 1097 indicet
2789 1043 2957 1098 istum
2980 1044 3168 1099 cibum
3202 1044 3432 1107 minime
3465 1056 3660 1100 neces-

384 1140 525 1213 κρέα
545 1140 785 1208 δίδωσιν,
814 1140 876 1194 οὐ
908 1139 997 1194 διὰ
1024 1138 1238 1211 χρείαν.

2085 1134 2289 1189 sarium
2323 1131 2522 1197 fuisse,
2563 1133 2851 1208 subjungit
2890 1154 2905 1192 :
2943 1154 2963 1187 ι
2989 1136 3263 1204 Quoniam
3296 1136 3531 1193 flevistis
3562 1148 3662 1192 co-

387 1248 506 1288 ram
540 1232 797 1287 Domino.
833 1248 856 1286 ο
904 1229 1136 1302 Propter
1180 1229 1371 1287 fletum
1403 1228 1554 1285 enim
1608 1242 1799 1284 eorum
1846 1239 2047 1281 carnes
2110 1224 2249 1296 ipsis
2323 1226 2581 1298 largitur,
2632 1242 2741 1284 non
2819 1235 3046 1300 propter
3130 1228 3520 1286 necessitatem
3569 1233 3666 1285 aut

388 1340 659 1396 inopiam.

462 1444 949 1500 Absurdissimum
978 1459 1114 1500 vero
1139 1426 1410 1515 estquod
1447 1441 1750 1514 voluptatis
1776 1455 1944 1497 causa
1976 1437 2303 1494 servitutem
2340 1451 2449 1507 qua
2480 1436 2537 1491 in
2582 1436 2826 1509 Egypto
2860 1438 3041 1509 pressi
3071 1439 3333 1509 praesenti
3367 1440 3493 1495 vitte
3525 1455 3662 1496 eon-

392 1531 589 1587 ditioni
612 1539 982 1602 anteponunt.
1004 1529 1275 1587 Utautem
1306 1531 1511 1603 probro
1545 1530 1656 1586 illis
1693 1535 1871 1584 vertat
1898 1525 2385 1595 intemperantiam
2421 1539 2577 1581 suam
2612 1524 2992 1593 immodicam,
3026 1526 3384 1582 cibumillum
3415 1528 3666 1597 aliquan-

390 1619 463 1675 do
505 1619 745 1673 maxima
777 1622 938 1689 copia
983 1617 1383 1689 suppeditavit,
1416 1627 1585 1689 atque
1612 1632 1710 1673 eos
1735 1614 2009 1671 oneravit.
2044 1611 2186 1668 Hinc
2235 1621 2316 1668 est
2351 1612 2501 1682 quod
2530 1611 2690 1677 dicit,
2738 1614 2807 1668 Et
2830 1612 2938 1669 erit
2969 1614 3129 1670 vobis
3159 1614 3214 1669 in
3246 1616 3663 1679 alienationem,

391 1706 541 1777 quod
578 1707 912 1761 cruditatem
945 1706 1309 1761 reddiderunt
1357 1706 1473 1759 alii.
1531 1703 1803 1761 Similiter
1842 1717 1979 1758 sane
2027 1698 2313 1769 iniquitati
2355 1699 2544 1755 odium
2593 1701 2859 1755 conciliat
2908 1701 3201 1771 sapientiae
3251 1719 3373 1773 qua:
3402 1704 3546 1758 illam
3580 1715 3666 1761 est

391 1794 658 1848 comitata
697 1792 1085 1863 praesumptio.
1114 1790 1253 1846 Nam
1283 1792 1628 1863 immorigeri
1664 1788 2093 1859 fuistis,inquit,
2123 1786 2378 1852 Domino,
2402 1788 2499 1858 qui
2523 1788 2669 1843 inter
2697 1803 2793 1843 vos
2822 1788 3065 1855 exsistit;
3091 1786 3667 1860 quasidieatzlnobe-

392 1882 609 1937 dientia
639 1890 824 1937 vestra
857 1897 966 1936 non
1003 1882 1227 1936 aliunde
1255 1892 1374 1936 orta
1406 1888 1489 1936 est
1526 1895 1693 1950 quam
1734 1896 1798 1936 ex
1833 1892 2004 1949 prava
2029 1876 2291 1945 opinione
2320 1875 2388 1930 de
2418 1875 2549 1942 Deo,
2583 1876 2744 1946 quasi
2783 1877 2874 1932 ille
2922 1893 3022 1933 vos
3053 1878 3365 1935 deseruerit
3393 1918 3408 1943 ,
3444 1886 3539 1934 aut
3561 1880 3668 1935 iter

393 1973 667 2027 bonorum
692 1986 792 2026 vos
832 1971 1117 2027 celaverit.
1148 1970 1391 2039 Ideoque
1419 1984 1590 2024 morae
1618 1970 1971 2040 impatientes
2001 1965 2270 2019 bonorum
2303 1963 2524 2018 illorum
2557 1963 2968 2034 perceptionem
3000 1972 3349 2021 antevertere
3378 1967 3664 2030 voluistis,

395 2061 605 2116 nullam
639 2059 937 2114 utilitatem
973 2074 1039 2114 ex
1068 2057 1404 2113 deductione
1437 2055 1614 2130 ipsius
1649 2056 1852 2113 habere
1879 2052 2482 2123 arbitrati.0portebat
2510 2053 2702 2124 utique
2734 2053 2890 2109 firma
2922 2069 3019 2125 spe
3045 2054 3359 2111 futurorum
3394 2057 3664 2111 bonorum
3734 2084 3735 2087 η

394 2148 451 2203 in
482 2145 594 2202 Deo
620 2146 812 2200 nixum
841 2161 986 2202 esse.
2326 2162 2341 2171 κ

481 2260 539 2315 '0
559 2261 800 2331 Μωῦσῆς
820 2262 1065 2326 ἀπιστεῖ,
1086 2259 1149 2313 τὸ
1179 2259 1413 2332 πρᾶγμα
1438 2259 1596 2329 μόνον
1612 2257 1778 2330 ὁρῶν,
1797 2258 1858 2311 οὐ
1881 2254 1976 2310 τοῦ

2148 2256 2427 2313 Caeterum
2470 2254 2650 2313 Moses
2696 2256 2763 2311 ad
2800 2271 2891 2311 res
2942 2264 3245 2327 praesentes
3293 2254 3468 2326 magis
3499 2269 3666 2326 quam

393 2352 528 2406 Θεοῦ
553 2351 650 2423 τὴν
678 2351 931 2424 δύναμιν.
949 2352 1042 2406 Διὸ
1071 2368 1238 2422 φησιν
1266 2350 1436 2423 αὐτῷ·
1468 2370 1487 2402 c
1514 2350 1604 2422 Μὴ
1632 2351 1753 2422 χεὶρ
1775 2348 1977 2420 Κυρίου

392 2446 494 2498 οὐκ
524 2443 849 2516 ἐξαρκέσεις
882 2462 901 2496 ι
940 2444 1113 2516 μείζω
1150 2444 1382 2498 Μωῦσεί
1413 2442 1510 2514 τὴν
1539 2441 1865 2513 εὐεργεσίαν
1903 2440 1982 2495 δι-

392 2535 522 2597 δοὺς
550 2534 775 2603 γνῶσιν,
806 2533 883 2597 ὡς
937 2534 1116 2588 πάντα
1161 2532 1463 2604 δυναμένου
1494 2530 1657 2585 Θεοῦ.
1695 2531 1760 2583 Ὃ
1816 2529 1913 2583 καὶ
1952 2528 1982 2582 ὁ

395 2626 633 2696 Χριστὸς
670 2628 699 2681 ὀ
744 2626 844 2696 τὴν
890 2626 1063 2697 αὐτὴν
1097 2624 1237 2697 ἔχων
1273 2624 1350 2696 τῷ
1384 2624 1561 2698 Πατρὶ
1605 2622 1838 2694 δύναμιν
1889 2621 1982 2675 ἐπὶ

395 2719 505 2773 τῶν
543 2718 866 2790 τραφέντων
894 2720 952 2772 ὲν
1000 2718 1197 2790 ἐρήμῳ
1231 2718 1525 2788 πεποίηκε.
1563 2717 1673 2770 Kal.
1706 2714 1983 2786 μέμφεται

396 2812 524 2875 τοὺς
557 2811 650 2864 ἐπὶ
677 2811 908 2882 τροφὴν,
925 2809 1037 2864 ἀλλ’
1062 2810 1164 2863 οὐκ
1192 2810 1286 2862 ἐπὶ
1307 2808 1511 2878 γνῶσιν
1540 2808 1795 2872 ἐλθόντας
1819 2806 1981 2864 Θεοῦ.

397 2903 573 2956 Τοῦτο
608 2905 702 2958 καὶ
736 2903 853 2968 νῦν,
890 2903 984 2956 καὶ
1008 2902 1273 2973 Μωῦσῆς,
1315 2902 1409 2955 καὶ
1453 2902 1501 2954 οἱ
1545 2899 1815 2969 φαγόντες
1858 2916 1985 2954 παις

398 2995 667 3049 δεύονται.
722 2996 871 3067 Πλὴν
930 2995 1168 3050 ἐνταῦθα
1229 2994 1327 3064 μὲν
1374 2992 1463 3047 διὰ
1513 2993 1614 3063 τὴν
1665 2991 1984 3064 ἐπιθυμίαν,

399 3085 768 3155 ἐλεγκτικῶς·
806 3087 924 3139 ἐκεῖ
968 3085 1025 3139 δὲ
1077 3085 1168 3139 διὰ
1217 3085 1320 3155 τὴν
1376 3081 1723 3154 παραμονὴν,
1781 3083 1868 3138 ἴνα
1910 3083 1986 3156 μὴ

399 3178 674 3233 ἐκλυθῶσι
721 3177 1100 3250 νηστεύοντες.
1131 3176 1213 3231 Τὰ
1247 3176 1387 3230 αὐτὰ
1429 3176 1487 3229 δὲ
1518 3175 1597 3247 τῷ
1628 3176 1859 3230 Minime!
1890 3175 1989 3230 καὶ⁸

398 3269 667 3334 Φίλιππος
692 3269 876 3339 ἔλεγεν
906 3271 989 3333 εἰς
1022 3269 1252 3335 ἔνδειξιν
1287 3269 1383 3338 τῆς
1420 3267 1573 3332 θείας
1607 3267 1894 3340 δυνάμεώς
1924 3284 1987 3323 τε

403 3365 499 3416 καὶ
522 3362 787 3433 εὐπορίας
822 3366 879 3417 ἐν
904 3362 1224 3435 ἀνθρωπίνῃ
1254 3362 1522 3434 ἐρωτήσει
1546 3376 1562 3393 ⁸
1606 3380 1624 3414 ι
1648 3361 1820 3417 Πόθεν
1857 3361 1989 3430 dyo-

406 3455 653 3525 ράσομεν
684 3453 908 3524 ἄρτους,
930 3455 1019 3508 ἵνα
1045 3455 1298 3523 φάγωσιν
1327 3450 1475 3508 οὗτοι
1498 3452 1701 3518 πάντες
1723 3471 1737 3519 ;
1758 3473 1777 3507 ι
1810 3455 1890 3507 Δι’
1911 3446 1988 3509 ὧν

2080 2347 2150 2402 ad
2218 2347 2312 2403 Dei
2379 2347 2642 2402 virtutem
2698 2347 2894 2402 oculos
2942 2355 3298 2412 convertens,
3350 2344 3670 2401 difﬁdentia:

2080 2441 2287 2495 crimen
2354 2439 2602 2495 admisit.
2654 2438 2927 2505 Quocirca
2973 2456 3003 2492 a
3052 2438 3288 2493 Domino
3355 2438 3550 2495 audit:
3582 2438 3666 2493 An

2080 2547 2283 2589 manus
2316 2531 2536 2587 Domini
2584 2531 2764 2601 impar
2792 2539 2941 2587 esset
2974 2530 3112 2587 Mosi
3159 2531 3371 2601 majora
3399 2531 3671 2588 beneficia

2082 2622 2453 2680 conferendi?
2509 2625 2871 2687 «Anmanus
2927 2639 3047 2678 mea
3102 2623 3423 2680 abbreviata
3482 2621 3609 2679 est?
3646 2641 3665 2674 ι

2083 2716 2288 2786 quibus
2323 2715 2511 2773 verbis
2548 2714 2729 2771 innuit
2780 2715 3041 2786 potentiae
3070 2713 3285 2770 Domini
3324 2714 3514 2770 omnia
3545 2729 3674 2770 esse

2084 2810 2323 2866 obnoxia
2372 2829 2386 2866 :
2441 2809 2590 2881 quod
2647 2809 2908 2867 Christus
2956 2824 3177 2881 quoque
3224 2809 3492 2881 aequalem
3544 2822 3671 2863 cum

2086 2901 2251 2959 Patre
2281 2896 2589 2973 potentiam
2623 2905 2857 2968 habens,
2890 2902 2964 2958 iis
2987 2918 3128 2974 quos
3155 2904 3208 2957 in
3244 2902 3472 2957 deserto
3504 2916 3672 2972 pave-

2086 3004 2174 3053 rat
2208 2997 2422 3051 clarnm
2454 2995 2581 3051 fecit
2604 3036 2620 3062 ,
2655 2995 2748 3051 ubi
2782 3010 3002 3067 quoque
3049 3009 3147 3051 eos
3178 2993 3538 3066 reprehendit
3578 2993 3675 3064 qui

2087 3088 2395 3143 cibationis
2422 3102 2597 3143 causa
2638 3087 2827 3158 potius
2871 3101 3036 3158 quam
3075 3085 3170 3141 Dei
3197 3085 3537 3155 cognitionis
3584 3100 3678 3140 ve-

2088 3188 2309 3236 nerant.
2353 3179 2615 3235 Eamdem
2671 3195 2808 3236 sane
2855 3179 3222 3236 eruditionem
3249 3179 3436 3234 Moses
3464 3191 3680 3248 quoque

2088 3273 2180 3329 hic
2243 3284 2299 3329 et
2358 3274 2605 3329 convivae
2672 3273 2797 3344 ejus
2858 3271 3184 3345 accipiunt,
3253 3271 3353 3327 illo
3412 3271 3682 3327 duntaxat

2089 3375 2321 3438 excepto
2365 3365 2516 3437 quod
2566 3366 2622 3421 hi
2668 3366 2857 3422 cibum
2887 3365 3007 3423 suis
3062 3363 3538 3434 concupiscentiis
3568 3375 3679 3417 non

2091 3474 2195 3515 suo
2230 3474 2429 3531 magno
2459 3441 2695 3515 crimine
2726 3467 2858 3515 sunt
2889 3458 3098 3530 adepti,
3124 3458 3202 3513 illi
3228 3473 3360 3513 vero
3392 3454 3681 3512 disceden-

403 3544 463 3597 δὲ
513 3543 827 3611 ἐπεθύμουν
883 3544 1201 3613 ἐδεσμάτων
1233 3545 1284 3596 οἱ
1341 3543 1533 3608 πάλαι,
1578 3544 1837 3615 δηλοῦται
1888 3542 1984 3610 τῆς

2090 3550 2147 3605 di
2188 3551 2661 3615 incommoditate,
2694 3551 2955 3621 quoniam
2982 3550 3208 3620 jejunos
3254 3562 3352 3604 eos
3404 3546 3683 3647 dimittere

405 3631 587 3684 αὐτῶν
612 3633 908 3703 ἐπιθυμίας
934 3634 995 3687 τὸ
1027 3634 1251 3701 γεῶδες,
1280 3635 1376 3689 καὶ
1406 3634 1710 3706 κάκοσμον,
1742 3635 1841 3689 καὶ
1873 3634 1984 3705 δρι-

2097 3639 2468 3709 perienlosum
2493 3647 2635 3694 erat.
2671 3638 2935 3693 Eamdem
2986 3652 3116 3693 vero
3158 3649 3281 3705 qua
3315 3633 3517 3699 Moses,
3552 3630 3684 3687 Phi-

409 3723 506 3790 μὺ,
534 3723 630 3776 καὶ
659 3723 870 3796 ὑδαρῶς
894 3724 1280 3794 ἐκλελυμένον.

407 3827 564 3867 mana
607 3813 1050 3885 interrogatione
1105 3816 1287 3869 divina
1354 3814 1590 3870 facultas
1642 3824 1697 3872 ct
1752 3818 1996 3889 potentia
2034 3818 2398 3887 elucesceret)
2448 3838 2459 3871 :

2092 3727 2278 3797 lippus
2308 3742 2535 3797 quoque
2585 3726 2793 3795 objecit
2858 3725 3093 3781 Domino
3127 3727 3232 3796 (ut
3277 3723 3545 3777 nimirum
3580 3721 3685 3775 htt-

2536 3836 2555 3870 ι
2591 3816 2751 3874 Unde
2802 3824 2887 3871 tot
2940 3830 3114 3886 panes
3158 3827 3472 3871 emeremus
3547 3819 3683 3882 quot

406 3902 495 3958 his
524 3902 785 3960 omnibus
826 3903 895 3957 ad
941 3903 1144 3958 victum
1195 3903 1515 3960 sufﬁcerent
1570 3905 1700 3959 ³⁸2»
1752 3906 2028 3961 Caeterum
2107 3921 2203 3976 per
2260 3905 2447 3961 edulia
2496 3921 2620 3977 qua:
2684 3905 3071 3977 appetiverunt
3130 3913 3365 3971 veteres,
3437 3903 3684 3973 ipsorum

404 3996 993 4065 concupiscentiarum
1027 3995 1290 4061 cadaver,
1323 3996 1660 4068 malignitas,
1694 3998 1990 4069 asperitas,
2032 4008 2084 4056 et
2105 3997 2278 4054 effusa
2305 3998 2558 4069 quaedam
2585 3998 2758 4055 libido
2788 3997 3050 4068 arguitur.

477 4110 653 4177 Quam
692 4109 905 4166 nefarie
933 4126 1064 4166 vero
1086 4127 1291 4166 manna
1322 4112 1627 4183 insipidum
1661 4125 1716 4170 et
1756 4115 1968 4170 fatuum
2006 4126 2229 4181 vocant,
2261 4117 2424 4186 cujus
2450 4116 2708 4186 ‘singulaa
2736 4115 2859 4187 ejus
2890 4115 3183 4187 particulae
3232 4114 3422 4169 varias
3474 4113 3683 4170 formas

407 4198 970 4254 continehant'INam
996 4214 1122 4257 cum
1159 4200 1366 4254 libebat
1393 4201 1740 4257 frumentum
1773 4204 1926 4258 velut
1954 4205 2299 4272 terrebatur,
2330 4203 2494 4276 397
2529 4203 2616 4259 vel
2667 4218 2770 4258 ceu
2803 4219 2937 4276 sapa
2963 4203 3337 4275 coquebatur,
3371 4204 3455 4259 vel
3482 4204 3535 4257 in
3569 4202 3684 4258 for-

410 4301 555 4339 mam
590 4285 784 4340 farina:
811 4286 1171 4356 redigebatur
1203 4298 1262 4342 ut
1288 4289 1416 4344 inde
1445 4305 1639 4359 panem
1672 4293 1838 4346 simul
1866 4300 1923 4346 et
1974 4291 2268 4347 obsonium
2304 4302 2531 4363 possent
2563 4291 2859 4357 coniicere,
2888 4307 2954 4347 ac
2986 4291 3040 4346 in
3076 4306 3294 4347 summa
3318 4292 3682 4362 quemadmo-

409 4375 541 4429 dum
570 4374 728 4428 cibus
754 4374 1081 4444 spiritualis,
1117 4377 1277 4446 cujus
1319 4376 1611 4448 imaginem
1644 4395 1754 4450 prae
1789 4396 1847 4437 se
1876 4379 2023 4444 tulit,
2062 4386 2202 4435 erat.
2229 4377 2366 4433 Nam
2402 4379 2494 4434 ille
2520 4379 2685 4434 etiam
2722 4380 2919 4435 unicus
2946 4379 3217 4434 duntaxat
3247 4394 3374 4435 cum
3407 4379 3480 4435 sit
3530 4394 3562 4432 ι
3585 4393 3686 4450 po-

411 4462 581 4515 tentia
616 4469 798 4515 tamen
831 4473 887 4516 et
919 4464 1122 4518 virtute
1154 4480 1253 4520 sua
1292 4465 1538 4523 infinitas
1586 4467 1794 4522 fortnas
1838 4469 2096 4538 acquirit.
2148 4466 2289 4523 ilinc
2336 4466 2564 4524 deﬂuxit
2612 4468 2746 4523 illud
2787 4467 2936 4539 quod
2979 4468 3182 4525 dicitur
3215 4487 3230 4524 :
3264 4468 3504 4541 Spiritus
3528 4469 3688 4524 melle

409 4556 465 4601 et
496 4547 619 4602 lavo
669 4548 887 4602 dulcior
913 4551 1155 4607 exsistit.
1191 4552 1267 4607 ita
1318 4554 1580 4623 deinceps
1621 4571 1745 4610 cum
1777 4553 1953 4610 Judaei
1990 4556 2217 4612 verbum
2266 4558 2488 4613 caelitus
2530 4556 2837 4624 delapsum,
2873 4559 2985 4613 imo
3017 4557 3204 4615 Mosen
3249 4565 3477 4630 quoque
3505 4558 3686 4628 ipsum

413 4643 763 4705 respuerent.
806 4636 922 4691 «De
954 4654 1038 4691 me
1079 4640 1226 4694 enim
1278 4641 1368 4696 ille
1412 4642 1636 4711 scripsit
1667 4643 1732 4708 υ,
1774 4663 1793 4694 ι
1831 4643 2033 4713 inquit.
2089 4643 2245 4701 Unde
2279 4645 2482 4703 deinde
2531 4645 2700 4702 infert
2733 4665 2748 4702 :
2787 4665 2805 4699 ι
2840 4646 2944 4715 Qui
2975 4647 3126 4703 litem
3161 4647 3244 4705 eis
3281 4662 3469 4703 coram
3524 4645 3690 4701 Patre

416 4737 536 4777 meo
566 4722 813 4779 intendet
842 4723 903 4778 ι’.
948 4744 966 4777 ι
1008 4724 1480 4792 Quemadmodum
1532 4746 1678 4785 nunc
1735 4747 1955 4802 quoque
2008 4732 2283 4802 scriptum
2323 4740 2408 4788 est
2458 4750 2472 4789 :
2532 4752 2551 4784 ι
2586 4731 2651 4788 Et
2707 4734 2791 4789 ira
2837 4734 3137 4790 excanduit
3196 4733 3464 4791 Dominus
3520 4748 3690 4806 super

418 4811 618 4878 populo
659 4825 783 4866 suo.
818 4831 837 4863 ι
870 4811 1097 4868 Necnon
1147 4813 1284 4869 Mosi
1318 4817 1672 4871 vehementer
1701 4818 2006 4889 displicuit,
2034 4819 2496 4890 quemadmodum
2546 4830 2759 4877 mentes
2793 4830 3119 4877 sanctorum
3155 4837 3186 4875 a
3217 4831 3355 4878 nutu
3381 4823 3475 4877 Dei
3506 4821 3689 4877 omni-

415 4912 490 4953 no
524 4898 781 4967 pendent.
812 4898 1034 4956 Neutris
1082 4901 1252 4973 igitur
1303 4917 1429 4958 cum
1471 4919 1667 4975 parere
1698 4907 1920 4973 vellent,
1956 4908 2170 4964 nuntiis
2216 4907 2284 4963 ad
2319 4922 2535 4963 coenam
2571 4907 2933 4964 invitantibus
2967 4907 3397 4980 responderunt,
3434 4909 3529 4964 ille
3560 4908 3689 4979 qui-

357 4992 362 4997 ‘
414 4984 558 5048 dem,
588 4987 791 5053 Agrum
823 4988 929 5042 emi
957 5004 971 5053 ;
1003 4988 1114 5053 hie,
1141 4988 1315 5045 Boves
1350 4999 1626 5048 mercatus
1688 5008 1845 5063 sum;
1904 4993 1975 5059 is,
2012 4993 2256 5051 Uxorem
2303 4994 2432 5048 duxi
2461 4996 2522 5047 ’⁸.
2572 4996 2881 5065 Antequam
2935 5009 3069 5052 vero
3128 5010 3328 5053 carnes
3383 4995 3691 5051 exhibean-

412 5081 506 5125 tur
581 5072 695 5129 illis
777 5075 1125 5146 septuaginta
1204 5077 1484 5134 seniorum
1562 5081 1935 5137 sanctificatio
2024 5083 2270 5150 ponitur.
2347 5081 2543 5137 Divina
2623 5081 2978 5153 participatio
3044 5082 3301 5141 videlicet
3365 5093 3494 5140 ante
3562 5098 3688 5139 car-

414 5159 615 5216 nalem.

497 5255 776 5311 Ἐντεῦθεν
799 5258 832 5328 ὴ
854 5258 965 5310 τῶν
987 5257 1365 5329 ἐϐδομήκοντα
1386 5262 1772 5333 πρεσϐυτέρων
1798 5262 1984 5332 ἐκλογῦ

2174 5261 2446 5316 Caeterum
2479 5274 2686 5315 census
2706 5273 2902 5315 eorum
2929 5275 2958 5314 a
2988 5259 3135 5317 Mose
3165 5260 3479 5334 agitur,ne,
3513 5275 3545 5315 a
3579 5259 3689 5315 Deo

416 5347 536 5402 κατ’
565 5348 861 5421 ἐμπειρίαν
880 5348 980 5420 τὴν
1009 5350 1254 5414 Μωσέως
1286 5350 1434 5423 (54y
1479 5351 1570 5406 ενα
1600 5354 1674 5425 μὴ
1700 5355 1823 5426 ἴσην
1846 5355 1984 5425 αὐτᾷ

2108 5354 2372 5411 recensiti
2404 5368 2530 5408 eum
2565 5353 2701 5420 sint,
2732 5367 2922 5425 parem
2948 5354 3268 5427 dignitatem
3307 5362 3364 5412 et
3409 5352 3689 5412 conditio-

488 5527 509 5559 ⁹
548 5524 662 5582 imo
699 5530 804 5584 isa.
836 5544 889 5592 τ’,
940 5528 1023 5585 Η.
1104 5530 1148 5562 ¹⁰
1180 5528 1337 5586 Joan.
1368 5549 1441 5597 vt,
1485 5531 1537 5586 5.
1620 5534 1657 5565 ¹¹
1692 5530 1851 5587 Joan.
1888 5550 1938 5598 v,
1982 5568 1984 5576 ι

2154 5535 2197 5566 ¹²
2232 5533 2425 5590 Matth.
2464 5550 2622 5602 svnt,
2654 5533 2708 5591 6.
2789 5533 3205 5599 "Lttc.‘xtv,16.
3321 5500 3473 5604 seqq.

1940 5653 2168 5710 ΝΟΤᾸΞ.

495 5741 609 5814 (54)
635 5743 723 5799 διὰ
745 5747 1043 5813 Μωΰσέως.
1092 5749 1151 5804 Ὀ
1178 5751 1276 5822 τῆς
1309 5750 1445 5819 Λὺ-τ.
1475 5747 1605 5806 κὼὀ.
