4024 6194
419 299 526 365 8‘23
1720 295 2080 360 PROCOPII
2119 289 2366 356 GAZ/EI
3589 273 3697 340 821
3763 271 3773 277 ’

414 437 542 478 nem
571 434 697 476 cum
751 433 818 476 eo
853 415 1064 476 habere
1092 415 1412 474 videamur.
1450 417 1528 472 lta
1580 433 1804 489 quoque
1861 418 2005 474 Deus
2039 425 2080 479 Α
2109 414 2198 486 τὴν

2111 414 2208 486 τὴν
2237 415 2577 470 κατάστασιν
2607 411 2808 482 ἔχωσιν
2829 407 2934 462 ὑπὸ
2951 403 3087 460 Θεοῦ
3113 401 3449 475 αἱρεθέντες,
3467 395 3582 452 ἀλλ’
3603 396 3699 449 ὑπ’

414 531 542 570 cum
588 513 802 569 Adamo
843 513 1220 582 principatum
1270 511 1417 566 inter
1455 509 1664 566 bestias
1713 524 1998 566 reservare
2106 508 2197 561 ὲκε

2111 505 2341 574 ἐκείνου,
2356 509 2424 580 τῇ
2443 523 2510 559 πε
2520 505 2573 577 ρὶ
2592 503 2792 567 αὐτοὺς
2807 498 3084 569 ’ὑπολήψει
3107 500 3184 560 ὡς
3200 491 3564 566 τιμιωτέρους
3583 489 3702 582 ἑλο-

416 606 604 672 vcllet,
648 581 932 660 nominum
971 581 1384 676 impositionem
1419 602 1498 658 illi
1530 601 1784 658 contulit.
2109 599 2198 670 μέι

2111 599 2274 670 μένου
2305 599 2553 664 τούτους,
2587 595 2662 660 ὡς
2693 595 2788 651 καὶ
2809 595 2887 665 τῷ
2915 593 3092 662 ’Λδὰμ
3123 589 3238 660 (55)
3271 587 3332 640 τὸ
3362 581 3702 676 ἡγεμονικὸν
3791 658 3796 667 1

2111 692 2302 757 σώζων
2331 693 2425 748 ἐπὶ
2451 693 2564 755 τοῖς
2617 689 2842 758 ἀλόγοις
2884 686 3054 742 ἔδωκε
3100 683 3200 754 τὴν
3248 678 3361 734 τῶν
3415 675 3702 749 ὀνομάτων

2107 781 2286 840 θεσιν.

487 892 663 948 Simul
693 907 826 949 vero
856 891 1187 964 prophetant
1222 906 1440 956 omnes,
1475 906 1544 946 ne
1583 891 1758 960 aequis
1791 890 2051 962 pass’bus
2081 898 2388 968 prophetia:
2426 914 2550 955 eum
2582 898 2732 954 Mnse
2763 894 3028 952 incedere
3056 892 3376 955 videantur,
3411 886 3507 943 sed
3533 900 3703 955 argu-

415 991 662 1056 mentum
700 989 915 1035 tantum
961 996 1021 1036 se
1053 980 1353 1050 participes
1383 979 1614 1050 spiritus
1648 994 1770 1034 esse
1799 988 1976 1036 tactos
2021 982 2209 1040 edant.
2250 984 2702 1057 Prophetantque
2729 1000 2924 1041 omnes
2960 981 3149 1046 simul,
3179 993 3324 1034 unus
3353 975 3502 1032 enim
3535 973 3708 1044 Spiri-

419 1080 510 1124 tus
541 1077 626 1124 est
669 1077 724 1123 et
766 1084 874 1123 una
902 1067 1024 1138 ejus
1071 1068 1125 1122 in
1161 1067 1420 1122 omnibus
1451 1067 1654 1122 virtus.
1712 1069 2008 1138 Accipiunt
2041 1087 2174 1128 vero
2223 1071 2493 1143 Spiritum
2521 1081 2794 1144 quotquot
2820 1079 2980 1126 erant
3020 1065 3304 1128 recensiti,
3345 1061 3706 1134 quantumvis

419 1158 542 1210 loco
591 1157 736 1211 inter
780 1171 838 1211 se
883 1164 1072 1210 essent
1116 1153 1403 1223 disiuncti,
1449 1169 1556 1208 non
1601 1155 1747 1209 enim
1798 1156 1922 1210 loco
1974 1167 2068 1212 aut
2122 1176 2353 1216 numero
2401 1163 2664 1232 alligatus
2712 1169 2798 1216 est
2837 1159 3096 1216 Numinis
3134 1155 3378 1210 alllatus.
3411 1151 3701 1221 Caeterum

419 1244 590 1299 Mosis
625 1243 868 1298 famulus
889 1259 954 1298 ex
983 1242 1151 1296 animi
1186 1242 1570 1314 indignatione
1599 1258 1630 1297 a
1662 1242 1815 1300 Mose
1853 1247 2122 1316 postulat,
2175 1257 2234 1304 ut
2269 1251 2488 1307 duobus
2513 1251 2608 1320 qui
2649 1251 2704 1304 in
2731 1249 2974 1306 tentorio
3009 1252 3172 1302 erant
3221 1239 3471 1296 vaticinii
3503 1238 3585 1292 via
3614 1237 3706 1290 in-

422 1331 852 1386 tercluderetur.
3396 1351 3398 1354 '

493 1445 652 1515 Quod
693 1446 914 1517 quidem
946 1460 1055 1501 non
1087 1445 1308 1500 invidia:
1336 1445 1530 1500 morbo
1557 1445 1624 1500 ab
1652 1445 1746 1502 illo
1777 1445 2011 1516 factum,
2195 1467 2198 1495 ι

2195 1453 2308 1525 Οὐχ
2343 1453 2484 1524 ὑπὲρ
2513 1451 2710 1507 ἑαυτοῦ
2750 1449 3054 1522 φθονερῶς,
3101 1447 3216 1502 ἀλλ’
3249 1444 3392 1516 ὑπὲρ
3428 1439 3522 1494 τοῦ
3573 1440 3708 1509 ἡγε-

423 1538 520 1594 sed
555 1539 742 1594 studio
778 1537 969 1608 gloriae
1015 1537 1100 1592 sui
1155 1536 1444 1608 principis,
1484 1538 1630 1609 quod
1687 1539 2012 1611 dignitatem
2125 1535 2198 1614 ιὶό

2125 1535 2287 1614 ᾐόνος
2320 1545 2651 1616 τιμητικῶς,
2703 1543 2988 1614 ἐξαίρετον
3037 1537 3176 1594 εἶναι
3225 1537 3326 1609 τὴν
3367 1531 3712 1608 προφητείαν

425 1629 603 1701 ipsius
635 1629 778 1684 tueri
807 1629 974 1684 vellet
1001 1628 1286 1684 videlicet.
1813 1689 1838 1710 ’
2047 1675 2096 1731 Β
2126 1638 2195 1690 αὑ

2126 1635 2280 1708 αὑτῷ
2315 1636 2472 1708 βουλό
2480 1654 2663 1709 μενος.

499 1764 570 1815 At
603 1762 695 1818 ille
719 1777 922 1818 omnes
943 1777 1068 1817 esse
1122 1761 1260 1817 tales
1283 1763 1420 1817 vult.
1455 1761 1610 1828 Quod
1645 1779 1748 1820 nos
1786 1765 1855 1820 de
1892 1767 2058 1824 rebus
2101 1771 2310 1828 Christi
2351 1770 2556 1834 erudit,
2597 1767 3064 1836 quemadmodum
3113 1762 3247 1818 dicit
3276 1759 3416 1815 Joel.
3453 1755 3707 1812 Tradunt

431 1859 612 1903 autem
643 1849 815 1918 aliqui
846 1849 1014 1919 legem
1045 1851 1217 1904 solam
1252 1849 1317 1903 ad
1355 1849 1636 1904 Christum
1670 1867 1772 1908 nos
1815 1853 2124 1913 deducendi
2153 1874 2261 1914 non
2315 1859 2588 1915 sul'lieere.
2645 1857 2922 1924 Quocirca
2975 1855 3120 1909 alios
3167 1847 3436 1921 quosdam
3467 1843 3714 1899 melioris

433 1943 578 1990 notae
609 1935 862 1992 homines
899 1937 1177 1992 defeetum
1213 1937 1335 2006 ejus
1374 1939 1612 1993 sarsisse
1651 1941 2017 1998 contendunt.
2047 1943 2156 2001 Eos
2197 1961 2394 2017 nempe
2423 1946 2518 2016 qui
2545 1954 2672 2016 post
2717 1943 2925 1999 Mosem
2961 1935 3350 2012 gubernationi
3381 1931 3714 2017 pupulorum

432 2037 531 2092 per
561 2023 844 2078 Christum
872 2033 1004 2080 sunt
1032 2024 1261 2088 addicti,
1296 2040 1535 2094 quorum
1584 2027 1744 2096 primi
1777 2036 1832 2084 et
1881 2039 2066 2100 patres
2099 2015 2511 2102 quodammodo
2546 2015 2815 2102 discipuli
2864 2027 3075 2082 Christi
3123 2024 3423 2081 exsistunt.
3477 2015 3719 2072 Evidens

433 2117 616 2164 autem
649 2110 778 2165 hinc
807 2121 891 2166 est
937 2102 1084 2182 quod
1121 2128 1231 2166 uno
1262 2113 1572 2183 eodemque
1607 2115 1805 2184 spiritu
1841 2134 1966 2172 cum
1999 2128 2224 2174 sanctos
2255 2121 2347 2192 qui
2397 2132 2526 2174 ante
2574 2134 2676 2174 nos
2727 2117 3084 2181 exstiterunt,
3118 2125 3231 2168 tum
3264 2125 3368 2164 nos
3400 2108 3552 2176 ipsos
3581 2118 3720 2192 san—

435 2197 646 2252 a-tilicat
673 2197 952 2255 Christus.
987 2199 1217 2269 Propter
1249 2199 1397 2268 quod
1429 2215 1563 2255 sane
1612 2202 1680 2257 de
1715 2201 1923 2272 Spiritu
1955 2213 2047 2262 tuo
2081 2209 2131 2261 si
2173 2221 2464 2277 accepero,
2499 2207 2704 2276 inquit,
2736 2219 2861 2260 eum
2895 2202 3005 2257 illis
3033 2198 3370 2270 impertiam.
3402 2195 3575 2250 Porro
3604 2191 3719 2245 duo

437 2285 517 2339 illi
551 2287 890 2353 posteriores
929 2303 1120 2342 eorum
1153 2287 1246 2357 qui
1277 2303 1343 2342 ex
1377 2288 1635 2358 gentibus
1668 2289 1863 2345 divino
1895 2295 2122 2349 numine
2152 2294 2316 2348 alIlati
2357 2304 2488 2350 sunt
2533 2295 2831 2364 imaginem
2857 2291 3164 2346 continent.
3190 2285 3310 2341 Non
3345 2285 3490 2340 enim
3519 2294 3718 2336 omnes

439 2371 496 2424 in
529 2371 748 2427 abditos
780 2372 986 2428 Christi
1021 2388 1270 2430 recessus
1302 2375 1386 2428 lex
1418 2372 1670 2441 deduxit,
1703 2392 1894 2432 verum
1941 2395 2009 2435 ex
2044 2381 2246 2437 virtute
2272 2380 2456 2438 Patris
2477 2381 2676 2445 Filius,
2723 2381 2819 2436 Dei
2854 2380 3038 2450 imago
3063 2377 3365 2436 exsistens,
3390 2371 3600 2442 ignaris
3624 2367 3716 2423 sui

439 2469 527 2512 est
558 2458 832 2514 detectus.
867 2459 972 2514 Eos
997 2461 1202 2516 etenim
1233 2460 1300 2515 ad
1352 2478 1412 2518 se
1447 2476 1572 2516 cum
1607 2473 1862 2520 vocasset
1908 2477 2104 2524 sancto
2149 2469 2359 2541 Spiritu
2409 2485 2520 2526 uno
2565 2469 2876 2540 eodemque
2907 2467 3210 2524 exsistente
3249 2456 3719 2534 quemadmodum

441 2546 605 2600 Pater
623 2554 675 2601 et
699 2547 898 2612 Filius,
931 2548 1182 2603 delibuit.
1213 2551 1394 2619 Atque
1425 2550 1477 2605 id
1508 2551 1730 2620 quidem
1775 2569 1901 2608 cum
1934 2556 2000 2612 iis
2026 2557 2120 2627 qui
2171 2558 2276 2613 sub
2302 2558 2421 2627 lege
2461 2558 2653 2612 vivunt
2701 2555 3026 2611 admirabile
3053 2553 3327 2615 videatur,
3373 2561 3627 2616 magnum
3658 2544 3722 2598 in

441 2633 524 2688 eis
557 2635 800 2691 studium
828 2635 1345 2709 simulationemque
1374 2649 1706 2696 commovet.
1745 2639 1883 2708 Quia
1915 2649 2100 2700 tamen
2135 2644 2318 2700 Moses
2357 2653 2708 2714 permovetur
2743 2642 2905 2707 nihil,
2937 2643 3071 2716 quin
3121 2639 3307 2712 potius
3336 2637 3557 2704 longius
3585 2647 3723 2702 pro—

443 2722 690 2790 spiciens
715 2723 784 2778 ad
813 2725 1158 2796 mysterium,
1183 2725 1550 2782 exhilaratur.
1579 2728 1852 2785 Caeterum
1887 2733 2236 2788 coturnicum
2277 2733 2575 2802 largitione
2609 2731 2880 2801 promptis
2917 2745 2980 2784 ac
3011 2727 3295 2784 benevolis
3340 2737 3498 2779 suam
3526 2731 3727 2792 poten-

443 2810 578 2864 tiam
611 2813 968 2882 spectandam
1005 2812 1317 2884 proposuit.
1359 2813 1652 2886 Simulque
1683 2817 2168 2889 intemperantiam
2208 2819 2446 2874 aliorum
2475 2818 2780 2890 redarguit,
2809 2833 2879 2873 ne
2909 2828 3062 2890 grata
3099 2816 3176 2870 illi
3201 2823 3255 2872 et
3288 2823 3512 2882 accepta
3546 2807 3730 2864 fuisse

443 2897 725 2956 videatur.

516 3027 630 3086 Nec
662 3047 789 3087 vero
819 3031 1170 3089 aﬂ‘ectionem
1205 3050 1312 3104 qua
1339 3035 1406 3091 ad
1441 3034 1686 3092 furorem
1721 3038 2038 3096 concitetur
2065 3027 2110 3084 ο

2214 3044 2288 3098 Οὺ
2321 3043 2493 3106 πάθος
2513 3043 2595 3107 τὸ,
2623 3041 2903 3114 ἐθυμώθη.
2933 3040 3008 3094 Οὐ
3033 3038 3142 3110 γὰρ
3163 3037 3230 3092 ἂν
3261 3035 3400 3108 μετὰ
3429 3032 3529 3103 τὴν
3552 3031 3729 3094 δόσιν,

444 3119 501 3174 in
534 3137 660 3176 eum
696 3123 894 3179 cadere
922 3123 1276 3195 cogitandum
1307 3134 1392 3181 est
1420 3145 1434 3193 ;
1467 3127 1572 3182 hoc
1595 3129 1742 3183 enim
1785 3130 1830 3184 si
1863 3140 2032 3197 esset,
2141 3134 2198 3205 at

2141 3134 2258 3205 ἅμα.
2288 3135 2344 3188 δὲ
2369 3138 2434 3206 τῇ
2466 3137 2682 3202 αἰτήσει
2719 3133 2810 3186 τὸν
2858 3132 3028 3202 θυμὸν
3053 3129 3385 3195 ἐπεδείξατο.
3419 3125 3491 3180 Τὸ
3531 3125 3586 3178 δὲ
3623 3123 3734 3193 τῆς

444 3224 572 3284 post
611 3214 988 3284 largitionem,
1021 3232 1136 3271 non
1174 3227 1322 3281 ante,
1344 3217 1532 3274 furore
1567 3221 1897 3278 exarsisset.
1935 3223 2037 3276 At-
2141 3245 2198 3282 κο

2141 3227 2420 3290 κολάσεως
2450 3226 2664 3281 δίκαιον
2692 3225 2869 3289 οὕτως
2903 3224 3138 3278 ἐκάλεσε
3160 3239 3176 3254 ο
3215 3224 3352 3292 μήτε
3388 3219 3488 3288 τὴν
3527 3215 3732 3288 βουλὴν

445 3307 539 3377 qui
572 3306 628 3360 in
659 3307 776 3376 ipsa
812 3308 1080 3378 petitione
1106 3308 1294 3362 statim
1327 3309 1502 3378 ipsius
1545 3320 1872 3382 argumenta
1913 3314 2035 3370 edi-
2141 3320 2198 3374 ἀι

2141 3319 2556 3391 ἀναμεινάντων
2581 3317 2740 3382 Θεοῦ,
2763 3316 3035 3386 τοσαύτην
3059 3332 3118 3368 τε
3148 3313 3438 3378 δειξάντων
3467 3306 3732 3378 σπουδὴν,

447 3396 550 3451 dit.
584 3395 901 3454 Punitionis
933 3415 1064 3454 vero
1099 3400 1264 3472 hujus
1299 3402 1616 3471 aequitatem
1646 3419 1765 3458 eam
1797 3406 2036 3473 vocavit,
2143 3410 2198 3462 ὠέ

2143 3410 2218 3471 ὡς
2264 3409 2357 3462 καὶ
2409 3407 2753 3480 ταριχεῦσαι,
2802 3408 2986 3460 καίτοι
3037 3403 3426 3466 κελευσθέντας
3476 3399 3612 3472 μηδὲ
3665 3395 3736 3450 τὸ

447 3490 596 3558 quod
640 3491 935 3546 consilium
972 3491 1066 3548 Dei
1099 3507 1211 3548 non
1241 3502 1660 3564 exspectarunt,
1697 3497 1794 3552 sed
1821 3505 2032 3552 tantum
2143 3517 2198 3571 με

2143 3501 2320 3571 μάννα
2380 3499 2756 3571 θησαυρίζεινέ
2814 3497 2980 3552 Ἀλλὰ
3031 3495 3192 3551 τοῦτο
3259 3495 3358 3566 μὲν
3417 3492 3589 3564 ᾤοντο
3643 3489 3733 3542 δι·-

448 3589 674 3652 tamque
702 3584 1033 3639 immensum
1055 3586 1304 3642 studium
1329 3588 1627 3658 colligendi
1651 3587 2032 3657 declararunt,
2138 3609 2198 3661 ην

2138 3592 2372 3661 ηνεκὲς,
2422 3593 2603 3645 ἐκεῖνο
2651 3591 2708 3645 δὲ
2757 3591 3096 3662 πρόσκαιρον
3125 3630 3140 3655 ,
3188 3587 3264 3658 μὴ
3306 3582 3736 3643 ἀκολουθοῦντες

449 3689 510 3732 ut
543 3679 910 3736 reconderent
951 3682 1142 3748 etiam,
1177 3683 1328 3753 quod
1363 3699 1530 3754 quam
1566 3683 1796 3740 minime
1827 3684 2036 3740 facicn-
2143 3685 2198 3736 Θε

2143 3683 2299 3753 Θεῷ,
2364 3683 2472 3737 κᾶν
2530 3683 2579 3736 εἱ
2634 3683 2814 3753 χρόνῳ
2869 3682 2978 3735 τινὶ
3040 3681 3137 3752 τὴν
3195 3680 3353 3734 δόσιν
3421 3673 3735 3746 ἐπιμετρή-

447 3771 576 3826 dum
611 3769 802 3838 fuerit,
831 3788 1032 3828 manna
1057 3789 1278 3846 quoque
1305 3790 1334 3828 a
1358 3775 1733 3830 reconditiore
1759 3776 2036 3832 seclusum
2147 3791 2278 3831 σειε.
2654 3823 2659 3828 ,

450 3861 784 3918 documento
814 3878 939 3920 esse
958 3852 1208 3934 ‘poterat.
1237 3865 1444 3921 Verum
1489 3865 1593 3920 hoc
1622 3865 1846 3936 quidem
1917 3881 2120 3922 manna
2187 3878 2540 3940 perpetuum,
2595 3867 2728 3922 illud
2804 3882 2937 3922 vero
3002 3875 3415 3937 temporaneum
3467 3859 3591 3916 fore
3636 3871 3716 3913 ar-

452 3953 840 4022 bitrabantur,
904 3957 999 4028 qui
1056 3971 1159 4013 nec
1209 3957 1548 4016 obsecuturi
1604 3957 1844 4016 fuissent
1901 3958 2038 4024 Deo,
2078 3959 2179 4015 etsi
2203 3972 2449 4032 tempore
2473 3975 2695 4031 quoque
2719 3960 2828 4016 alio
2860 3961 3061 4016 iterum
3120 3957 3188 4012 ad
3221 3955 3499 4010 etimulum
3561 3951 3735 4008 istum

457 4047 774 4120 adjecisset.

529 4168 763 4237 Quidam
791 4183 923 4224 vero
955 4169 1126 4225 Eldad
1157 4177 1214 4225 et
1250 4169 1448 4226 Modad
1499 4160 1580 4227 ex'
1604 4171 1776 4226 animi
1817 4171 2053 4241 quadam
2087 4169 2483 4237 submissione,
2521 4172 2671 4242 quod
2721 4186 2788 4226 se
2823 4169 3078 4240 indignos
3105 4167 3421 4239 iudicarent
3453 4170 3734 4234 postrema

458 4259 710 4314 tenuisse
760 4257 1008 4324 tradunt,
1054 4257 1222 4328 398
1253 4259 1386 4314 item
1433 4267 1494 4313 ut
1528 4259 1902 4315 concedamus
1941 4269 2207 4314 cunctum
2263 4260 2528 4332 populum
2581 4257 2926 4330 prophetiam
2970 4256 3189 4311 Domini
3235 4253 3575 4316 exercuisse,
3605 4264 3736 4302 cum

462 4347 728 4416 Spiritum
778 4362 941 4402 suum
977 4347 1062 4400 his
1109 4348 1332 4403 dedisse
1367 4352 1666 4419 separatim
1707 4349 2053 4413 conceditur,
2092 4355 2153 4401 ut
2200 4363 2271 4402 ex
2310 4347 2541 4402 Domino
2592 4348 3005 4418 prophetat-ent,
3045 4359 3153 4399 non
3189 4344 3493 4413 impostura
3549 4338 3735 4407 aliqua

463 4438 744 4498 Satanica,
777 4435 1247 4505 quemadmodum
1272 4435 1473 4492 Paulus
1505 4438 1560 4492 in
1601 4438 1778 4506 prima
1813 4438 1879 4491 ad
1905 4436 2230 4492 Corinthios
2289 4435 2476 4504 inquit
2510 4435 2575 4489 “.

537 4547 762 4615 Propter
788 4561 1008 4602 uxorem
1039 4544 1155 4615 ejus
1189 4545 1608 4616 .‘Ethiopissam,
1652 4558 1759 4603 etc.
1793 4545 1936 4620 βίη,
1965 4545 2047 4620 1.]
2079 4530 2127 4585 D

2111 4532 2127 4581 θ
2237 4544 2503 4616 Ἰώσηπός
2555 4561 2720 4615 φησιν
2777 4543 2930 4616 (56),
2999 4544 3080 4596 ὅτι
3135 4541 3299 4613 ἡνίκα
3359 4541 3417 4593 ἐν
3462 4541 3572 4602 τοῖς
3639 4535 3739 4607 βαι-

460 4640 662 4695 Narrat
693 4638 970 4710 Iosephus
999 4639 1148 4710 quod
1193 4639 1242 4694 si
1295 4640 1420 4710 quis
1467 4641 1520 4694 in
1563 4641 1710 4712 regia
1751 4641 2044 4707 educatus,
2157 4655 2198 4692 σι

2157 4638 2379 4702 σιλεεοις
2467 4636 2726 4708 ἐτρέφετο
2793 4637 2997 4706 Μωσῆς
3027 4673 3044 4699 ,
3111 4632 3415 4704 στρατηγὸς
3491 4643 3738 4700 χειροτο-

463 4737 570 4788 dux
585 4741 807 4788 creatus
840 4733 909 4787 ab
935 4731 1307 4802 IEthiOpibus,
1339 4731 1484 4787 bello
1510 4731 1698 4804 aliquo
1732 4733 2052 4804 superavis-
2151 4746 2198 4784 V1

2151 4729 2338 4801 quei;
2383 4728 2526 4782 κατὰ
2587 4727 2697 4780 τῶν
2741 4727 3038 4794 Αἰθιόπων,
3101 4729 3196 4781 καὶ
3267 4725 3520 4795 νικήσας,
3592 4719 3738 4790 ἡγὰ-

463 4835 569 4889 sat,
608 4826 910 4897 legitimam
942 4825 1090 4902 regis
1139 4825 1307 4882 ﬁliam
1338 4825 1694 4881 matrimonio
1723 4825 1775 4881 ei
1809 4826 2046 4882 locatam
2155 4840 2198 4893 γλ

2155 4839 2286 4893 γετο
2316 4821 2415 4892 τὴν
2447 4818 2546 4873 τοῦ
2586 4819 2848 4891 βασιλέως
2879 4819 3094 4872 ἐκείνου
3124 4817 3420 4887 θυγατέρα.
3472 4813 3596 4868 Ἐπὶ
3631 4813 3738 4884 γὰρ

464 4921 658 4978 fuisse.
2155 4915 2310 4986 πόθῳ
2361 4913 2440 4986 τῷ
2495 4912 2632 4984 πρὸς
2699 4913 2862 4970 αὑτὸν
2915 4913 3242 4985 προδίδωσιν
3283 4910 3434 4980 αὐτῷ
3484 4909 3583 4980 τὴν
3635 4907 3738 4960 πό-

2157 5005 2260 5060 λιν.

539 5121 646 5176 Λιίἰ
679 5135 810 5176 vero
829 5119 1113 5176 Jethrouis
1141 5120 1307 5176 tiliam
1335 5120 1760 5178 Madiauitidem
1805 5120 2206 5192 Ethiopissam
2240 5122 2388 5179 illam
2434 5137 2560 5178 esse
2588 5128 2672 5177 tra
2717 5130 2839 5179 unt.
2869 5119 3027 5188 Quod
3058 5119 3352 5176 ridiculum
3393 5132 3518 5173 esse
3567 5122 3718 5186 patet

470 5212 600 5266 hinc
631 5209 779 5279 quod
810 5217 936 5279 post
967 5209 1194 5278 triginta
1251 5223 1428 5266 annos
1484 5223 1515 5260 a
1562 5209 1653 5264 die
1698 5210 2046 5278 nuptiarum,
2106 5226 2322 5266 necnon
2367 5219 2496 5266 ante
2523 5211 2703 5282 legem
2735 5208 2998 5268 lsraelitis
3031 5211 3102 5264 de
3150 5207 3418 5264 uxoribus
3467 5201 3739 5260 ducendis

469 5300 681 5363 datam,
705 5298 1030 5369 priusquam
1057 5297 1224 5353 etiam
1251 5311 1281 5352 a
1309 5296 1568 5368 gentibus
1591 5295 2001 5356 discerneretur
2038 5295 2231 5364 lsrael,
2267 5297 2402 5356 Mosi
2431 5298 2640 5354 crimen
2673 5297 2806 5358 illud
2855 5297 3203 5370 impingitur.
3232 5293 3403 5368 Atqui
3431 5290 3742 5366 iniquitatis

545 5466 590 5500 ,ι
626 5465 648 5522 ι
702 5465 830 5529 Cor.
864 5483 978 5536 xtv,
1015 5465 1050 5522 5
1091 5482 1250 5539 seqq-
2005 5552 2210 5610 “me

1173 5587 1181 5595 ⁸
2001 5571 2020 5610 ι

1173 5587 1181 5595 .
2001 5571 2043 5610 Π
2053 5571 2132 5608 υι
2146 5571 2237 5610 IL.

539 5652 655 5722 (55)
685 5653 846 5712 οὕτω
877 5651 972 5706 καὶ
1009 5651 1085 5720 τῷ
1112 5649 1416 5722 Ἃδάμείο
1436 5646 1536 5722 τῆς
1569 5647 1705 5722 Αργ.
1731 5643 1867 5722 mea.

539 5713 651 5790 (56)
698 5725 788 5780 Ἐν
814 5740 935 5789 κεφ.
962 5727 1002 5772 ε’
1026 5713 1119 5778 τοῦ
1160 5713 1290 5789 περὶ
1327 5717 1572 5776 Ἰουδαῖκ.
1609 5713 1904 5791 ἀρχαιολογ
1927 5756 1940 5769 .
1975 5713 2017 5788 β’
2044 5715 2186 5788 βιόλ.
