4050 6212
304 339 414 404 825
1407 347 1946 411 COMMENTARII
1989 349 2072 412 IN
2113 352 2508 416 NUMEROS.
3471 355 3578 418 826

307 451 582 523 simulque
606 460 866 512 extremae
897 459 1228 531 arrogantiae
1258 461 1456 518 Mosen
1491 461 1838 518 insimulant.
1869 463 2063 518 Exstat
2095 469 2280 518 autem
2310 463 2580 534 iniquitas
2608 465 2690 520 ea'
2717 465 2864 536 quod
2895 465 2982 522 sui
3015 465 3231 536 copiam
3259 466 3329 523 ab
3355 466 3580 524 Israeli-

308 543 380 596 tis
417 541 753 597 abalienavit
784 553 838 601 et
865 549 934 601 ad
993 549 1215 618 nuptias
1245 549 1568 620 peregrinas
1613 550 1883 605 traduxit.
1925 551 2095 621 Atqui
2147 551 2252 608 hoc
2289 553 2422 622 quid
2475 553 2626 608 aliud
2653 563 2740 609 est
2775 567 2942 624 quam
2991 554 3140 624 quod
3171 553 3333 610 Petro
3361 570 3580 626 quoque
3613 555 3618 559 ’

310 628 456 698 quod
488 643 612 682 cum
654 632 1002 701 praeputiatis
1054 636 1412 703 comedisset,
1468 635 1572 690 fuit
1623 636 1951 706 objectum?
1997 637 2120 704 Quo
2177 646 2426 710 tempore
2473 641 2741 696 visionem
2778 657 2934 697 suam
2985 645 3181 698 recitat
3229 657 3338 712 qua
3369 642 3580 696 audivit

310 713 487 770 illud:
521 733 542 768 ι
565 715 641 771 Ea
671 734 794 788 quae
822 717 935 776 Deo
971 737 1132 778 sacra
1164 731 1316 786 sunt,
1341 725 1436 778 tibi
1473 739 1543 780 nc
1573 724 1689 780 sint
1717 724 1949 795 profana
1975 725 2041 778 ⁸⁸.
2063 744 2092 786 ιι
2147 723 2322 780 Erant
2357 741 2490 782 vero
2525 727 2729 798 impuri
2756 729 2940 798 reipsa
2989 728 3083 798 qui
3121 728 3422 799 gentilibus
3455 742 3578 781 car-

309 803 492 858 nalem
529 804 906 876 impuritatem
935 811 1368 879 exprobrabant.
1407 809 1802 866 Verumtamen
1852 812 1970 880 ipsa
2015 826 2200 878 soror,
2253 813 2551 884 Aaronque
2598 814 2734 870 Mosi
2780 816 3119 884 exprobrare
3151 831 3260 870 non
3294 823 3576 879 verentur,

310 902 422 942 non
449 891 757 960 cogitantes
785 894 1072 960 nimirum,
1119 897 1278 966 cujus
1307 897 1537 968 figuram
1587 907 1824 968 gereret.
1865 898 2123 954 Christus
2150 901 2355 954 etenim
2405 917 2572 957 verus
2605 902 2751 956 lator
2781 902 2964 972 legum
2991 885 3097 969 est,
3141 901 3350 972 Deique
3380 915 3445 955 ac
3480 901 3578 957 ho-

312 975 524 1030 minum
553 979 844 1035 mediator.
885 981 961 1037 De
987 999 1098 1053 quo
1130 985 1308 1040 Moses
1340 987 1458 1054 ipse
1496 986 1640 1041 dixit
1673 1005 1688 1042 :
1730 1003 1748 1038 ι
1782 986 2113 1057 Prophetam
2145 988 2408 1043 excitabit
2456 989 2725 1046 Doininus
2767 988 2912 1045 Deus
2947 999 3132 1045 vester
3169 991 3325 1045 vobis
3360 1005 3426 1044 ex
3464 990 3578 1042 fra-

313 1063 496 1121 tribus
522 1073 721 1125 vestris
763 1071 872 1126 mei
917 1073 1152 1128 similem
1177 1073 1286 1128 ³⁸.»
1341 1073 1467 1128 Fuit
1509 1090 1642 1130 vero
1690 1075 1875 1130 Aaron
1924 1073 2140 1129 Judaicl
2199 1076 2502 1131 sacerdOtii
2537 1085 2721 1147 typus,
2753 1077 3219 1146 quemadmodum
3273 1076 3580 1147 Synagogae

315 1149 506 1208 Maria.
542 1157 898 1215 Accusarunt
947 1173 1128 1216 autem
1179 1161 1460 1218 Christum
1515 1163 1765 1218 seniores
1794 1177 2013 1233 quoque
2043 1171 2098 1219 et
2132 1164 2310 1235 plebis
2353 1167 2714 1236 congregatio
2767 1167 2914 1236 quod
2956 1167 3099 1222 falso
3148 1182 3209 1222 se
3248 1165 3446 1221 Filiqu
3483 1165 3576 1222 Dei

311 1240 609 1310 jactitaret,
643 1260 768 1300 cum
801 1247 1063 1304 solvisset
1099 1248 1424 1304 Sabbatum.
1461 1250 1895 1320 lndignabantur
1945 1253 2172 1323 insuper
2203 1253 2346 1324 quod
2396 1255 2606 1324 nigram
2645 1255 2894 1324 gentium
2940 1263 2996 1309 et
3035 1254 3324 1323 pulchram
3364 1252 3582 1308 Israeli-

317 1337 494 1382 tarum
527 1330 874 1405 Synagogam
919 1337 1085 1391 simul
1141 1339 1400 1403 ambiret,
1452 1337 1600 1408 quod
1650 1339 1904 1393 videlicet
1945 1355 2164 1409 sponsa:
2200 1340 2539 1406 Israeliticae,
2588 1341 2936 1396 obscuritate
2989 1341 3238 1397 scientia:
3265 1348 3320 1395 et
3366 1355 3578 1394 morum

317 1415 575 1472 infectam
601 1423 858 1491 gentilem
889 1423 1240 1496 adjungeret.
1281 1425 1417 1480 Nam
1475 1426 1765 1482 Samaritis
1804 1429 1895 1498 qui
1935 1428 2100 1481 alieni
2140 1434 2198 1480 et
2223 1427 2474 1482 extranei
2504 1436 2687 1491 erant,
2723 1427 3081 1497 Evangelium
3125 1429 3578 1490 denuntiaverat,

319 1503 653 1577 initiumque
682 1508 963 1578 quoddam
993 1513 1300 1566 vocationis
1331 1515 1578 1582 gentium
1625 1514 1681 1568 in
1711 1514 1820 1569 illis
1843 1513 2075 1584 jecerat.
2111 1512 2318 1567 Contra
2344 1529 2474 1568 vero
2508 1515 2626 1569 suis
2659 1515 2950 1584 discipulis
2988 1516 3058 1569 ab
3090 1515 3252 1568 initio
3284 1513 3582 1568 mandave-

317 1601 405 1645 rat
431 1607 502 1649 ne
528 1597 775 1663 gentium
813 1598 999 1653 itineri
1033 1599 1375 1665 insisterent,
1409 1617 1587 1670 neque
1631 1601 1688 1654 in
1741 1601 2018 1656 civitatem
2066 1600 2466 1657 Samaritanam
2499 1604 2958 1674 ingrederentur;
3002 1604 3095 1658 sed
3144 1604 3328 1674 potius
3353 1602 3422 1657 ad
3453 1616 3582 1672 per-

316 1680 463 1735 ditas
497 1679 714 1737 lsraelis
745 1699 874 1739 oves
899 1685 1002 1739 iter
1031 1695 1418 1742 converterent
1444 1690 1507 1742 ".
1541 1689 1660 1755 Quo
1691 1689 1947 1745 mandato
1992 1700 2188 1761 gentes
2215 1691 2284 1746 ab
2329 1692 2603 1748 lsraelitis
2639 1694 2852 1749 alienas
2887 1693 3037 1748 fecit.
3068 1693 3338 1758 Quocirca
3387 1700 3581 1762 gentes

316 1767 422 1822 sibi
457 1771 708 1835 sociavit,
745 1772 1012 1828 lsraelitis
1049 1773 1269 1829 interim
1323 1791 1432 1830 non
1466 1777 1754 1844 neglectis.
1787 1775 1941 1842 Quod
1979 1777 2162 1833 adhuc
2195 1778 2402 1833 clarius
2443 1779 2502 1832 tlt
2541 1794 2665 1835 cum
2714 1780 2894 1850 inquit
2929 1797 2944 1835 :
2986 1797 3006 1830 ι
3037 1779 3216 1832 Etiam
3263 1779 3405 1834 alias
3451 1793 3582 1834 oves

315 1855 494 1913 habeo
525 1875 647 1928 quae
671 1875 779 1915 non
800 1876 871 1916 ex
897 1862 1006 1918 ista
1031 1865 1188 1920 caule
1207 1873 1358 1930 sunt,
1395 1880 1533 1935 quas
1557 1880 1644 1919 me
1677 1881 1900 1936 quoque
1936 1867 2140 1922 ducere
2170 1873 2385 1934 oportet
2411 1865 2476 1920 ¹⁸.
2508 1885 2527 1918 ›
2582 1867 2716 1922 ltem
2749 1883 2876 1922 cum
2910 1867 3190 1937 impudice
3230 1865 3586 1920 sciscitaren-

315 1953 410 2000 tur
458 1963 527 2002 an
569 1949 689 2019 ipse
727 1958 880 2006 esset
929 1950 1208 2018 Christus,
1263 1954 1442 2023 inquit
1479 1971 1493 2007 :
1531 1973 1549 2006 ι
1581 1954 1702 2008 Dixi
1749 1963 1931 2011 tamen
1977 1955 2160 2020 vobis,
2188 1969 2381 2009 verum
2414 1969 2523 2008 nou
2555 1956 2806 2022 creditis,
2857 1956 2987 2026 quia
3019 1971 3083 2010 ex
3115 1968 3281 2025 grege
3335 1967 3581 2006 mearum

315 2034 498 2088 ovium
535 2051 643 2090 non
691 2038 830 2092 estis
854 2037 921 2093 ι’.
949 2056 970 2090 ι
1007 2038 1374 2109 Quapropter,
1400 2048 1661 2110 tauquam
1692 2041 1787 2112 qui
1841 2050 2053 2096 amaret
2103 2041 2342 2107 alienos,
2381 2041 2714 2097 Samaritam
2756 2059 2882 2099 eum
2925 2051 3344 2112 nuncuparunt,
3379 2036 3583 2095 daemo—

315 2122 470 2176 nium
521 2123 656 2178 item
713 2125 917 2181 habere
965 2126 1262 2181 dixerunt:
1308 2129 1678 2184 dasmoniacos
1715 2130 1863 2184 enim
1909 2129 2184 2184 idolorum
2224 2131 2468 2186 cultores
2506 2131 2884 2200 appellabant,
2943 2130 3092 2201 quod
3137 2129 3398 2192 diabolus
3437 2128 3582 2182 inter

314 2225 410 2265 eos
463 2212 778 2268 exsisteret.
853 2213 1082 2284 Semper
1138 2229 1272 2270 vero
1330 2219 1831 2285 transgressionem
1909 2217 1991 2271 illi
2065 2216 2450 2286 objectarunt,
2519 2219 2774 2288 quamvis
2859 2219 3035 2288 legem
3109 2216 3286 2270 multo
3343 2215 3581 2285 amplius

313 2299 561 2368 expleret
594 2317 760 2372 quam
791 2302 1120 2358 dissolveret
1152 2319 1167 2357 :
1201 2302 1345 2374 quod
1387 2318 1456 2359 ex
1489 2304 1779 2374 ipsiusmet
1808 2304 1993 2360 verbis
2018 2292 2262 2360 constat.
2288 2305 2476 2360 Solius
2505 2305 2654 2361 enim
2684 2305 2882 2360 litterae
2936 2303 3170 2359 mutatio
3197 2304 3264 2358 ad
3291 2303 3582 2358 veritatem

313 2387 642 2456 pertinebat.

384 2496 752 2568 Objeetabant
787 2516 1008 2572 quoque
1035 2501 1263 2557 Christo
1289 2499 1552 2555 Pharisaei
1589 2516 1602 2552 :
1635 2497 1714 2554 Nc
1769 2497 1904 2553 Mosi
1945 2500 2166 2570 quidem
2215 2501 2320 2556 soli
2371 2499 2555 2555 omnia
2608 2499 2750 2555 dixit
2801 2499 2966 2563 Deus,
3002 2498 3176 2552 multo
3229 2499 3414 2552 minus
3453 2495 3578 2550 tibi.

313 2587 516 2641 Verum
551 2589 838 2645 enimvero
885 2591 1354 2660 quemadmodum
1403 2589 1634 2658 antiqui.
1665 2594 1964 2658 peccarunt
1999 2603 2124 2642 sese
2166 2598 2551 2658 comparantes
2586 2588 2634 2643 ei
2658 2588 2752 2658 qui
2785 2602 2815 2641 a
2852 2586 3090 2640 Domino
3141 2587 3352 2640 audivit
3389 2602 3405 2640 :
3449 2584 3578 2638 Mihi

315 2690 428 2745 pra:
453 2677 713 2731 omnibus
765 2687 929 2732 notus
983 2694 1064 2743 es,
1109 2686 1164 2732 et
1211 2692 1444 2748 magnus
1480 2691 1541 2730 es
1591 2676 1644 2729 in
1675 2675 1854 2728 oculis
1899 2675 2084 2730 meis:
2119 2676 2351 2730 dccebat
2399 2677 2549 2730 enim
2585 2691 2682 2731 eos
2739 2675 3116 2744 qualicunque
3172 2674 3278 2727 sibi
3311 2687 3581 2751 concesso

316 2764 524 2819 honore
553 2771 848 2820 contentos
873 2780 1016 2830 esse,
1054 2764 1300 2818 nondum
1334 2777 1661 2819 concessum
1695 2760 2014 2829 neutiquam
2043 2771 2266 2832 captare
2294 2781 2308 2818 :
2346 2765 2418 2818 ita
2449 2763 2791 2818 recentiores
2823 2761 3102 2830 piaculum
3141 2761 3197 2814 in
3245 2775 3304 2815 se
3339 2760 3582 2814 admisc-

314 2859 469 2914 runt,
513 2851 672 2906 fidem
723 2851 1044 2922 derogando
1087 2852 1137 2907 ei
1173 2851 1268 2921 qui
1303 2850 1442 2906 dixit
1489 2867 1504 2902 :
1557 2867 1574 2901 ι
1603 2849 1647 2902 Α
1691 2848 1902 2918 meipso
1955 2849 2155 2920 loquor
2216 2851 2386 2915 nihil,
2437 2850 2532 2906 sed
2574 2851 2667 2920 qui
2705 2865 2791 2904 me
2827 2849 2979 2903 misit
3030 2847 3212 2910 Pater,
3264 2847 3319 2900 in
3351 2847 3578 2901 manda-

315 2943 386 2996 tis
422 2942 556 2996 mihi
605 2942 756 2998 dedit
789 2944 920 3012 quid
963 2943 1168 3005 dicam,
1205 2949 1260 2996 et
1291 2942 1422 3011 quid
1451 2940 1644 3008 loquar
1673 2938 1742 2992 ὀ.
1775 2938 1945 2993 sltem
1982 2956 1996 2995 :
2026 2958 2044 2990 ι
2077 2936 2250 2992 Verba
2294 2952 2416 3008 quae
2441 2952 2542 3006 ego
2573 2937 2768 3007 loquor
2799 2951 2911 2990 non
2961 2949 3081 2989 mea
3121 2942 3274 2999 sunt,
3306 2932 3401 2988 sed
3459 2933 3582 3001 ejus

315 3031 407 3099 qui
439 3046 524 3085 me
550 3032 702 3088 misit
723 3032 792 3095 ²¹,
839 3050 857 3084 ι
897 3033 1274 3103 audacterque
1305 3027 1602 3101 ingerendo
1637 3027 1689 3083 ei
1719 3042 1732 3077 :
1783 3045 1800 3078 ι
1833 3025 1971 3084 Mosi
2003 3025 2134 3096 quid
2191 3025 2340 3082 Deus
2395 3023 2603 3079 dixerit
2643 3025 2920 3089 novimus,
2971 3021 3120 3076 hunc
3149 3034 3282 3075 vero
3335 3019 3479 3076 unde
3510 3019 3584 3076 sit

315 3135 426 3174 nou
457 3120 712 3176 novimus
732 3121 798 3175 ".
836 3139 856 3174 ι

384 3249 495 3306 Kal
526 3253 560 3306 ό
588 3251 900 3320 ἅνθρωπος
925 3252 1185 3321 Μωυσῆς
1213 3253 1405 3323 πρᾶος
1423 3254 1884 3326 σφόδρα.Σιωτι-ᾔ
1919 3245 1966 3303 Δ

2055 3243 2180 3300 Fuit
2194 3252 2370 3300 autem
2385 3243 2557 3300 Moses
2575 3244 2654 3298 uir
2667 3252 2973 3299 mansuetus
2989 3242 3278 3297 admodum
3292 3241 3338 3272 "
3352 3236 3581 3312 [Xll,3.]

317 3343 426 3412 γὰρ
479 3342 642 3414 ἔφερε
691 3344 788 3416 τὴν
840 3345 1021 3399 αἰτίαν
1053 3346 1166 3398 ἀπὸ
1213 3347 1545 3418 πραότητος.
1603 3346 1714 3400 Καὶ
1758 3333 1892 3399 ἀνα-ί

1999 3337 2208 3405 Tacite,
2245 3353 2348 3393 nec
2372 3338 2492 3394 sine
2534 3351 2754 3392 summa
2787 3333 2956 3390 animi
2987 3335 3388 3395 moderatione,
3414 3330 3581 3402 399

313 3432 520 3504 γράφει
554 3432 616 3484 τὸ
663 3433 938 3503 ἐγκώμιον
978 3435 1198 3502 ἑαυτοῦ,
1251 3437 1440 3508 ὥσπερ
1467 3437 1563 3492 καὶ
1615 3438 1677 3490 τὸ
1712 3437 1894 3507 ἁμάρ-

1999 3428 2395 3484 contumeliam
2428 3427 2592 3482 islam
2617 3425 2870 3497 pertulit,
2895 3423 3227 3492 laudemque
3257 3422 3398 3475 hanc
3425 3433 3581 3473 suam

315 3541 488 3592 τημα,
515 3523 815 3596 φιλαλήθης
855 3524 967 3590 ὣν,
1023 3529 1119 3583 καὶ
1176 3527 1342 3596 μηδὲν
1382 3527 1892 3598 ἀποκρυπτόμενος,

1998 3519 2463 3591 quemadmodum
2510 3519 2676 3574 etiam
2714 3526 3001 3586 peccatum
3037 3514 3262 3570 Davidis
3319 3513 3587 3565 aliorum-

317 3613 505 3683 ὥσπερ
539 3613 705 3666 Δαϐὶδ
737 3615 830 3666 καὶ
852 3615 1050 3678 πάντες
1089 3617 1137 3668 oi
1169 3615 1342 3670 ἄλλοι.

1998 3627 2106 3682 que
2135 3622 2457 3676 sanctorum
2505 3609 2759 3677 exemplo
2802 3607 2856 3661 in
2908 3615 3264 3662 monumenta
3305 3617 3403 3657 sua
3433 3610 3584 3656 retu-

1997 3701 2085 3764 lit,
2125 3700 2271 3754 sicut
2297 3699 2545 3755 veritatis
2581 3697 2892 3761 studiosus,
2928 3711 3070 3766 aque
3095 3695 3247 3750 omni
3282 3692 3408 3748 fuco
3444 3693 3582 3746 alie-

2003 3805 2108 3844 nus
2139 3789 2264 3844 fuit.

315 3924 423 3980 Ista
455 3900 626 3994 igitur
657 3923 1080 3980 mansuetudine
1115 3923 1287 3980 Musis
1320 3925 1388 3981 ad
1415 3923 1790 3994 arrogantiam
1827 3929 1884 3978 et
1908 3921 2109 3976 fastum
2143 3921 2448 3975 abutuntur
2481 3921 2581 3975 illi.
2609 3920 2876 3986 Quamvis
2907 3935 3040 3975 vero
3079 3915 3396 3973 mussitarit
3437 3915 3579 3986 ip~e,

318 4009 714 4066 contumeliam
755 4020 935 4065 tamen
963 4010 1146 4066 fidi-lis
1182 4011 1372 4065 famuli
1411 4011 1465 4064 in
1500 4009 1665 4064 domo
1700 4009 1797 4064 stia
1829 4009 1934 4064 sibi
1979 4007 2124 4086 Deus
2159 4006 2440 4077 pr0priam
2480 4006 2630 4062 fecit.
2664 4006 2822 4074 Quod
2855 4007 3130 4078 imprimis
3160 4020 3329 4076 super
3360 4002 3581 4060 Christo

313 4100 521 4165 evenit,
554 4099 720 4155 Patre
759 4099 831 4154 ab
863 4099 929 4154 iis
960 4099 1056 4169 qui
1100 4099 1156 4153 in
1190 4114 1314 4152 eum
1347 4096 1672 4154 debacchati
1704 4095 1924 4151 fuerant
1951 4111 2144 4165 poenas
2173 4097 2450 4166 exigente.

383 4212 542 4266 Exite
576 4229 668 4266 vos
701 4221 807 4265 tres
839 4211 894 4264 in
923 4210 1210 4264 tentorium
1241 4209 1562 4272 testimonii,
1598 4215 1708 4263 etc.
1759 4207 1863 4280 [4.]
1899 4205 2181 4262 Judicium
2211 4208 2354 4263 enim
2392 4217 2652 4280 prompte
2688 4208 2908 4280 stringit
2940 4208 3084 4263 Deus
3120 4209 3174 4262 in
3221 4221 3319 4262 eos
3351 4206 3443 4275 qui
3482 4221 3581 4276 og-

314 4300 586 4371 ganniunt
609 4299 856 4365 Christo,
890 4306 944 4354 et
973 4314 1098 4353 cum
1127 4313 1192 4353 eo
1225 4297 1292 4351 de
1318 4297 1493 4368 gloria
1521 4297 1888 4351 contendunt.
1923 4294 2204 4352 Judicium
2239 4312 2373 4351 vero
2413 4313 2508 4367 per
2539 4295 2738 4351 Filium
2767 4297 2822 4351 in
2851 4312 2964 4367 quo
3003 4296 3169 4351 Pater
3198 4305 3284 4351 est
3322 4295 3582 4365 exsequi-

315 4397 431 4442 tur.
465 4405 486 4438 ι
523 4387 638 4455 Ego
687 4387 832 4442 enim
867 4388 924 4441 in
963 4387 1125 4442 Patre
1170 4401 1318 4448 sum,
1383 4385 1586 4454 inquit,
1621 4393 1677 4439 et
1713 4384 1876 4439 Pater
1916 4386 1972 4440 in
2009 4402 2095 4440 me
2119 4385 2187 4441 ".
2227 4405 2246 4438 ι
2289 4385 2562 4441 Czeterum
2609 4387 3080 4457 quemadmodum
3120 4401 3446 4457 magnorum
3479 4387 3577 4438 ho-

314 4477 524 4530 minum
558 4484 787 4544 peccata
819 4483 948 4551 sunt
981 4473 1211 4534 eximia,
1245 4474 1320 4527 ita
1356 4473 1848 4542 reprehensionem
1884 4488 1948 4528 ac
1989 4487 2212 4544 pinnam
2245 4489 2436 4530 eorum
2467 4474 2788 4530 distinctam
2833 4474 2983 4528 facit.
3019 4475 3290 4540 Quocirca
3320 4488 3416 4530 eos
3442 4473 3579 4528 edu-

313 4574 436 4620 ctos
470 4563 644 4618 voluit
691 4563 746 4616 in
787 4555 1165 4616 sanctuarium
1203 4562 1263 4616 in
1295 4575 1404 4631 quo
1431 4560 1657 4615 oracula
1687 4560 2017 4616 edebantur.

384 4673 570 4742 Χωρὶς
613 4671 894 4730 Μωΰσέως
923 4671 1217 4724 καλοῦνται
1267 4671 1624 4741 ὲπιτιμητικῇ
1676 4670 1889 4740 κλήσει,
1928 4657 1970 4713 Β

2072 4673 2150 4723 Ac
2173 4666 2293 4725 sine
2341 4667 2491 4724 Mose
2521 4670 2703 4726 verbis
2746 4670 2964 4726 acerbis
2995 4678 3283 4734 vocantur,
3317 4667 3576 4738 quoniam

313 4741 500 4834 ἐπειδῆ
555 4763 652 4816 καὶ
698 4761 1029 4832 λεπροῦσθαι
1077 4763 1112 4831 ἡ
1161 4762 1395 4832 Μαριὰμ
1441 4741 1658 4830 ἔμελλε.
1693 4761 1783 4832 Τῷ
1831 4761 1891 4814 δὲ

1999 4759 2225 4813 Mariam
2267 4761 2416 4828 lepra
2459 4761 2689 4818 inficere
2720 4762 2918 4825 voluit,
2973 4761 3174 4815 Aaroni
3227 4777 3357 4814 vero
3399 4761 3579 4814 incre-

328 4853 540 4924 ’Λαρὼν
560 4853 656 4906 καὶ
685 4855 717 4922 ὴ
745 4850 835 4906 διὰ
861 4853 1022 4920 λόγου
1062 4851 1268 4923 μέμψις
1305 4853 1532 4924 ἤρκεσε,
1559 4854 1652 4907 καί
1687 4853 1719 4922 ἠ
1761 4854 1893 4923 περὶ

2002 4853 2148 4921 patio
2177 4853 2360 4922 gravis
2405 4853 2702 4906 verborum
2733 4867 3049 4922 mcerorque
3081 4869 3182 4922 pro
3221 4867 3414 4907 sorore
3444 4865 3579 4906 con-

313 4948 414 5018 τῆς
440 4945 680 5014 ἀδελφῆς
707 4944 877 5014 λύπη.
1487 4935 1494 4940 ’

1487 4935 1494 4940 ’
1992 4952 2184 5012 ceptus
2220 4945 2358 4998 satis
2391 4959 2567 5014 paena:
2589 4953 2732 4998 erat.

389 5059 582 5115 Evenit
626 5065 808 5113 autem
849 5057 925 5112 illi
972 5056 1132 5126 juxta
1178 5055 1275 5111 Dei
1316 5059 1602 5112 oraculum
1648 5073 1662 5112 :
1705 5075 1723 5109 ι
1764 5055 1941 5131 Vivite
1988 5063 2044 5110 et
2074 5056 2273 5125 lugete.
2299 5055 2660 5120 sacerdotes;
2704 5056 3102 5124 lamentamini,
3130 5057 3275 5113 sacri
3337 5055 3430 5114 Dei
3487 5057 3592 5112 mi-

313 5149 498 5216 nistri,
538 5146 800 5218 quoniam
832 5144 1256 5200 liberationibus
1301 5152 1358 5200 ct
1420 5145 1715 5202 sacrificiis
1753 5143 1962 5201 excidit
1996 5143 2196 5200 domus
2243 5143 2340 5198 Dei
2391 5144 2562 5200 vestri
2591 5144 2692 5197 ³⁸.»

369 5238 464 5316 λἮ
513 5261 572 5316 δὲ
622 5258 922 5331 συγγνώμη
964 5261 1060 5314 καὶ
1087 5259 1164 5324 ὡς
1196 5259 1376 5330 ἀνδρὶ,
1417 5260 1618 5332 μᾶλλον
1671 5261 1890 5331 ἐνάγειν

2069 5255 2297 5314 Veniam
2319 5273 2469 5313 ‘vero
2510 5259 2654 5314 hanc
2689 5259 2922 5332 adeptus
2958 5268 3066 5326 est,
3099 5261 3297 5332 partim
3339 5263 3470 5332 quia
3499 5260 3582 5318 vi-

313 5353 630 5425 παρῤησίαν
661 5352 932 5421 ὀφείλοντι
964 5350 1115 5422 παρὰ
1141 5351 1238 5421 τὴν
1277 5351 1533 5422 ἀδελφήν.

1998 5351 2118 5406 rilis
2153 5365 2342 5414 sexus,
2368 5345 2524 5420 juxta
2555 5368 2715 5422 quem
2750 5355 2928 5426 major
2959 5355 3221 5428 loquendi
3241 5355 3470 5410 libertas
3497 5354 3573 5406 illi

313 5455 477 5509 quam
509 5439 685 5496 sorori
721 5439 1080 5508 suppetebat,
1116 5439 1315 5507 partim
1356 5447 1576 5508 propter
1607 5439 1976 5495 sacerdotium
2007 5456 2074 5495 ne
2112 5441 2292 5511 ipsius
2331 5455 2531 5496 cursus
2563 5443 2876 5500 sisteretur.
2909 5445 3050 5512 Quin
3085 5447 3249 5502 etiam
3301 5459 3408 5497 non
3459 5457 3578 5496 oru-

316 5528 448 5581 nino
473 5541 568 5581 eos
592 5525 828 5596 abjicere
866 5525 1057 5591 voluit,
1112 5527 1416 5596 praesertim
1457 5527 1530 5582 ob
1573 5537 1862 5598 peccatum
1898 5545 2002 5585 non
2036 5530 2451 5600 gravissimum,
2496 5534 2750 5597 quamvis
2781 5533 2838 5588 in
2868 5535 3102 5590 muliere
3135 5533 3361 5605 gravius
3402 5542 3566 5600 quam

391 5708 434 5738 ”‘
474 5708 593 5774 Act,
627 5725 680 5766 x.
719 5707 802 5763 l5.
887 5709 930 5740 ”
976 5707 1130 5765 Deut.
1195 5725 1351 5773 xvm,
1420 5711 1508 5766 l5.
1593 5714 1634 5744 "
1673 5711 1864 5766 Matth.
1909 5731 1962 5776 x,
1991 5715 2044 5773 5.
2089 5715 2142 5768 6.
2261 5713 2304 5745 "
2337 5685 2502 5770 Joan.
2549 5731 2606 5776 x,
2663 5713 2747 5770 l6.
2864 5715 2904 5747 "
2941 5714 3071 5769 ibid.
3115 5667 3227 5766 '26.
3331 5713 3377 5743 ὀ
3401 5709 3563 5766 Juan.

317 5789 412 5844 ιξι,
447 5776 535 5833 49.
611 5780 650 5810 ²¹
687 5777 846 5836 Joan.
884 5797 991 5848 xw,
1020 5781 1110 5837 25.
1191 5783 1232 5812 ³³
1262 5779 1421 5836 Joan.
1451 5800 1526 5849 Ix,
1563 5783 1653 5837 ‘29.
1731 5786 1776 5816 ¹¹
1810 5782 1907 5838 Joa

1099 5823 1110 5834 .
1191 5783 1232 5812 ³³
1262 5779 1421 5836 Joan.
1451 5800 1526 5849 Ix,
1563 5783 1653 5837 ‘29.
1731 5786 1776 5816 ¹¹
1810 5782 1968 5840 Joan.
2005 5801 2058 5850 κ,
2090 5786 2181 5840 38.
2258 5785 2303 5816 “
2334 5785 2450 5842 J'oel
2487 5803 2525 5851 ι,
2556 5787 2609 5853 8,
2643 5788 2694 5841 9.
