4050 6212
539 334 644 399 827
1874 339 2230 399 PROCOPII
2269 341 2513 403 GAZ£I
3715 344 3822 408 8'38

563 478 621 529 in
652 475 789 530 viro.
817 474 975 543 Quod
1012 490 1142 531 vero
1173 476 1513 548 superiorem
1549 476 1876 532 inferiorum
1905 477 2119 547 judicio
2165 492 2275 533 non
2310 482 2590 551 subjecit,
2628 482 2727 540 sed
2761 482 2973 539 bonore
3008 499 3113 540 suo
3149 501 3180 540 a
3224 485 3335 539 Deo
3363 499 3635 541 concesso
3665 487 3825 541 ntul-

543 562 697 628 tavit,
751 562 875 619 ideo
926 562 1134 619 factum
1157 574 1264 632 est,
1296 579 1366 621 ne
1395 565 1502 619 alia
1534 565 1658 621 vice
1689 565 1815 636 ejus
1847 566 2311 636 reprehensiones
2348 568 2748 636 detrectarent,
2781 578 2838 625 et
2867 570 3250 627 diversitatem
3279 570 3615 641 dignitatum
3648 573 3831 630 intel-

541 650 563 704 I
581 656 791 721 gerent.

610 734 670 792 Si
694 737 855 806 fuerit
884 738 1153 793 vobiscum
1190 740 1448 809 propheta
1476 738 1713 805 Domini,
1735 749 1843 794 etc.
1864 739 2005 812 IX",
2027 739 2107 810 6.]
2136 737 2272 794 Mosi
2296 736 2676 792 testimonium
2695 737 2952 809 datquod
2970 738 3025 793 in
3049 739 3424 810 percipiendis
3455 738 3670 798 divinis
3690 756 3828 798 ora-

538 824 685 879 culis
716 826 1118 895 sagacissimus
1141 827 1305 881 ftterit
1341 843 1494 881 :non
1541 828 1692 881 enim
1734 829 1790 882 in
1864 830 1982 882 otio
2035 828 2174 881 vixit
2215 840 2317 880 nec
2344 824 2721 893 opinionesin
2755 827 2966 881 somnis
2994 826 3209 881 delatas
3236 828 3521 882 tractavit.
3556 828 3824 900 Quapro-

541 927 662 982 pter
686 928 809 967 cum
854 924 1022 969 tanta:
1051 915 1394 970 excellentia!
1428 917 1521 981 sit,
1558 930 1588 968 a
1629 917 1854 970 nemine
1882 914 2210 970 inferiorum
2254 913 2627 983 inquirendus
2674 913 2798 967 fuit.
2828 915 2995 983 Atqui
3027 915 3134 969 hoc
3175 917 3352 970 multo
3387 917 3576 972 verius
3609 932 3826 975 cernas

500 1040 505 1047 .
542 1001 597 1053 in
628 1000 894 1055 Christo:
933 1017 1041 1055 non
1097 1005 1245 1057 enim
1286 1003 1338 1057 in
1370 1001 1511 1057 Filio
1545 1003 2013 1073 quemadmodum
2047 1003 2100 1055 in
2126 1001 2408 1070 prophetis
2437 1000 2658 1054 locutus
2700 1010 2787 1056 est
2827 1001 2990 1057 Pater
3021 1020 3037 1069 ;
3083 1003 3163 1056 illi
3192 1004 3341 1059 enim
3378 1005 3652 1059 instinctu
3690 1006 3825 1075 Spi-

543 1087 687 1142 ritus
723 1087 908 1142 futura
937 1089 1332 1158 praedixerunt.
1375 1092 1445 1143 At
1485 1092 1565 1144 illi
1591 1108 1656 1145 ex
1697 1093 1969 1161 sapientia
1999 1088 2181 1143 Patris
2209 1105 2331 1158 qua:
2381 1091 2616 1158 ipsemet
2667 1088 2794 1151 fuit.
2829 1090 2905 1144 illi
2957 1090 3199 1145 obscura
3246 1092 3664 1162 significatione
3700 1095 3825 1164 glo—

541 1176 681 1227 riam
739 1176 913 1243 ipsius
967 1178 1325 1247 contemplati
1378 1185 1525 1233 sunt.
1568 1177 1740 1231 Deum
1801 1177 1950 1231 enim
1994 1189 2159 1229 nemo
2212 1192 2457 1246 unquam
2511 1178 2669 1233 vidit.
2735 1179 2857 1248 Ipse
2906 1193 3036 1233 vero
3083 1180 3358 1248 inquitu
3402 1178 3624 1235 Patrem
3680 1182 3821 1236 vidit

540 1264 842 1323 nemo,uisi
871 1265 963 1333 qtti
992 1282 1020 1318 a
1056 1265 1217 1320 Patre
1278 1265 1400 1329 fuit,
1430 1265 1651 1321 Patrem
1676 1265 1814 1318 vidit
1845 1265 1917 1318 “.
1950 1282 1967 1314 ι
2000 1262 2291 1329 Quomodo
2322 1265 2495 1333 igitur
2521 1265 2780 1318 dixerunt
2823 1263 3001 1319 Judaei
3035 1282 3080 1319 ;t
3134 1264 3274 1319 Cum
3310 1267 3566 1335 patribus
3599 1268 3820 1325 nostris

540 1351 761 1405 loeutus
789 1361 874 1406 est
923 1352 1068 1406 Deus
1107 1354 1156 1385 “
1183 1353 1208 1406 ἲ
1237 1373 1255 1405 ι
1289 1352 1533 1407 Locutus
1567 1353 1789 1423 quidem
1827 1360 1914 1406 est
1961 1352 2016 1405 in
2050 1360 2236 1405 monte
2272 1350 2429 1417 Sina,
2478 1352 2575 1406 sed
2607 1366 2777 1420 parva
2814 1340 3028 1405 tantum
3059 1352 3496 1421 signiﬁcatione,
3540 1354 3816 1421 obscure,

537 1444 593 1491 et
626 1435 873 1507 'tigurate
903 1456 918 1492 :
952 1454 1143 1494 verum
1184 1442 1441 1494 Christus
1476 1439 1693 1493 Patrem
1724 1440 1779 1492 in
1812 1440 1995 1506 seipso
2039 1438 2248 1495 habuit.
2285 1440 2414 1494 Item
2477 1440 2734 1496 Christus
2758 1441 2814 1495 in
2849 1449 2964 1495 tota
2995 1442 3160 1495 domo
3191 1441 3369 1497 ﬁdelis
3403 1450 3572 1496 totam
3605 1454 3816 1499 terram

537 1521 691 1578 Patri
740 1526 991 1590 adduxit,
1034 1528 1185 1597 atqui
1228 1529 1313 1581 lex
1367 1529 1548 1581 unica:
1591 1537 1801 1579 tantum
1836 1526 1982 1592 genti
2027 1528 2265 1582 salutem
2319 1528 2729 1597 particulariter
2781 1530 3040 1583 contulit.
3081 1547 3101 1580 t
3143 1530 3326 1595 Quare
3354 1530 3551 1597 igitur,
3589 1531 3809 1601 inquit,

538 1625 649 1665 non
690 1612 955 1667 timuistis
996 1616 1219 1684 obloqui
1282 1616 1488 1668 famulo
1514 1629 1637 1668 meo
1672 1614 1806 1669 Mosi
1842 1614 1866 1667 ?
1914 1631 1933 1664 ο
1971 1612 2298 1681 Huiusmodi
2335 1630 2493 1678 sane,
2533 1617 2700 1669 etiam
2732 1630 2762 1668 a
2796 1614 3075 1685 Propheta
3112 1614 3412 1669 Pbarisazis
3446 1616 3662 1670 dictum
3692 1634 3817 1673 esse

538 1708 759 1753 constat
796 1719 811 1754 :
858 1699 1002 1756 «Vos
1038 1701 1133 1756 filii
1172 1704 1507 1771 iniquitatis,
1549 1703 1657 1758 huc
1682 1702 1945 1757 adducite
1976 1717 2165 1757 semen
2198 1707 2442 1755 vestrum
2483 1700 2857 1755 adulterinum
2894 1712 2951 1756 et
2981 1702 3359 1757 meretricium
3395 1704 3464 1756 ³⁷.
3495 1722 3515 1755 ι
3553 1703 3815 1769 Quorum

538 1784 834 1842 Psaltuista
872 1804 1094 1858 quoque
1124 1791 1457 1845 mentionem
1490 1790 1665 1844 facit:
1714 1809 1732 1839 ς
1782 1789 1901 1843 Dixi
1944 1789 2507 1857 praevaricatoribus:
2541 1787 2619 1843 Ne
2658 1789 3136 1858 praevaricetnini;
3167 1801 3221 1845 et
3258 1793 3653 1860 peccatoribus
3686 1809 3703 1848 :
3736 1792 3815 1851 Ne

536 1876 793 1931 exaltetis
830 1892 1023 1943 cornu,
1060 1894 1128 1932 ne
1165 1880 1466 1947 loijuamiul
1499 1888 1695 1951 contra
1734 1878 1902 1931 Deum
1937 1878 2126 1948 iniqua
2158 1878 2226 1932 ".
2267 1896 2287 1929 ι
2325 1877 2623 1947 Pmpterea
2657 1879 2803 1931 enim
2834 1879 3057 1934 recessit
3091 1894 3123 1931 a
3159 1895 3437 1951 synagoga
3468 1896 3666 1936 eorum
3726 1882 3813 1936 di-

540 1965 667 2016 vina
699 1968 871 2030 gratia
902 1967 1366 2035 quemadmodum
1400 1967 1574 2022 nubes
1602 1982 1635 2039 a
1666 1968 1923 2022 tentorio.
1966 1967 2185 2020 Mariam
2208 1981 2342 2020 vero
2390 1965 2683 2034 occupavit
2724 1966 2873 2035 lepra
2909 1954 3156 2035 gravida,
3199 1966 3341 2022 adeo
3378 1976 3438 2022 ut
3470 1968 3534 2023 in
3580 1970 3811 2024 modum

540 2051 685 2105 nivis
718 2053 1045 2108 exalhuerit.
1069 2051 1231 2108 Juxta
1265 2055 1473 2109 dictutn
1501 2054 1636 2109 illud
1673 2071 1690 2110 :
1722 2074 1740 2103 ο
1783 2054 2014 2109 Domum
2045 2069 2222 2108 meam
2248 2054 2468 2123 reliqui,
2499 2055 2984 2123 haereditatemque
3016 2069 3194 2109 meam
3222 2055 3444 2110 deserui
3477 2057 3544 2110 ¹⁹.
3586 2075 3606 2107 ι
3651 2055 3810 2122 Quod

541 2146 602 2191 ut
631 2138 697 2192 de
734 2138 847 2192 illis
883 2141 1093 2193 dictum
1129 2141 1502 2211 intelligamus
1534 2157 1634 2195 nos
1662 2141 1890 2196 adducit
1929 2141 2065 2195 illud
2095 2158 2315 2214 quoque
2341 2160 2356 2196 :
2387 2142 2573 2197 Obrue
2600 2142 2787 2196 vultus
2808 2142 3057 2211 ipsorum
3095 2143 3423 2213 ignominia.
3463 2154 3519 2199 et
3541 2145 3689 2199 doce
3714 2160 3809 2200 eos

537 2223 686 2293 quod
716 2241 915 2279 nomen
936 2238 1089 2279 tuum
1123 2225 1392 2281 Dominus
1421 2229 1517 2282 sit.
1552 2228 1615 2282 Et
1642 2229 1747 2283 hoc
1783 2243 1918 2283 sane
1940 2233 2037 2299 qui
2066 2231 2457 2285 intellexerunt
2485 2231 2701 2285 veniam
2734 2230 2903 2286 errati
2935 2230 3021 2284 sui
3061 2231 3341 2301 deprecati
3365 2238 3519 2295 sunt,
3538 2233 3808 2301 quemad-

541 2314 766 2367 modum
805 2312 976 2367 Maria
1011 2313 1141 2369 fecit
1179 2322 1235 2369 et
1263 2315 1470 2369 Aaron.
1527 2318 1605 2371 At:
1635 2316 1690 2370 bi
1743 2316 1950 2372 Christi
1996 2320 2293 2388 participes
2333 2317 2463 2372 facti
2496 2318 2731 2372 fratrum
2764 2334 2989 2389 quoque
3034 2320 3269 2374 aliorum
3306 2334 3501 2374 curam
3538 2328 3805 2390 egerunt.

539 2400 658 2456 Hoc
682 2418 740 2457 se
758 2401 957 2457 fecisse
986 2402 1193 2459 Paulus
1226 2412 1460 2459 testatur
1489 2405 1654 2459 etiam
1685 2420 1808 2458 cum
1837 2405 2041 2475 inquit:
2065 2425 2084 2458 ι
2109 2406 2334 2462 Fratres
2353 2406 2540 2462 cordis
2561 2405 2727 2478 5,00
2756 2406 2860 2459 mei
2883 2407 3144 2461 voluntas
3171 2414 3226 2461 et
3260 2406 3509 2477 precatio
3530 2406 3599 2460 ad
3637 2406 3807 2463 Deum

540 2504 642 2559 pro
669 2492 804 2560 ipsis
836 2499 925 2546 est
954 2490 1021 2545 ad
1054 2493 1287 2547 salutem
1316 2507 1508 2548 eorum
1536 2494 1603 2549 ³⁸.
1641 2511 1662 2545 ι
1696 2491 1909 2559 Quibus
1940 2494 2125 2549 verbis
2146 2503 2380 2551 testatur
2403 2494 2721 2549 ministrum
2750 2492 2844 2547 Dei
2875 2493 3338 2562 quemadmodum
3368 2493 3575 2559 Aaron,
3609 2493 3805 2550 fuisse.

540 2576 926 2634 lutercedente
986 2594 1122 2634 vero
1159 2580 1307 2636 Mose
1344 2596 1443 2651 pro
1494 2582 1633 2652 ipsa,
1672 2582 1929 2652 quamvis
1973 2581 2040 2637 ad
2072 2582 2424 2638 clementiam
2468 2596 2783 2652 propensus
2824 2580 2899 2635 sit
2942 2579 3110 2641 Deus,
3145 2584 3496 2650 corporalem
3547 2582 3797 2637 sanatio-

536 2682 662 2719 nem
701 2678 930 2738 propter
964 2660 1310 2737 spiritualem
1347 2671 1557 2725 dill'ert.
1584 2668 1662 2724 Ne
1696 2679 1877 2724 autem
1922 2671 2230 2727 molestiam
2265 2670 2314 2726 ei
2368 2670 2551 2738 pariat
2609 2668 2677 2722 de
2715 2668 2903 2721 futura
2955 2668 3245 2723 sanatione
3295 2685 3420 2723 eum
3469 2677 3799 2739 praemonet.

536 2754 681 2820 Quid
721 2757 903 2810 vero?
933 2756 1227 2811 Multitudo
1252 2758 1333 2811 vel
1368 2757 1692 2828 magnitudo
1723 2769 2078 2827 peccatorum
2105 2759 2414 2814 clementiae
2442 2756 2540 2811 Dei
2574 2755 2823 2809 obstant.
2859 2753 3210 2825 Quapropter
3238 2753 3511 2812 Jeremias
3561 2771 3787 2827 quoque

536 2855 663 2895 cum
697 2843 764 2896 de
816 2844 980 2899 malis
1027 2848 1232 2913 populo
1276 2848 1561 2900 eventuris
1612 2846 1995 2900 sciscitaretur
2021 2861 2086 2899 ac
2113 2846 2325 2901 diceret
2368 2862 2436 2898 τε
2488 2841 2626 2906 Heu,
2687 2843 2820 2897 mihi
2871 2843 3102 2913 laugtteo
3137 2844 3306 2897 animi
3340 2853 3562 2914 propter
3619 2859 3797 2899 caesos

536 2940 592 2984 et
636 2933 947 2986 exstinctos
975 2934 1044 2995 ⁸¹.
1086 2953 1104 2985 i
1140 2933 1299 2987 audit
1344 2950 1373 2987 a
1407 2934 1643 2988 Domino
1675 2952 1690 2988 :
1738 2952 1758 2985 ι
1799 2932 2184 2987 Perambulate
2237 2933 2357 2986 vias
2381 2929 2714 2993 Jerusalem,
2749 2928 2947 2994 videte,
2982 2930 3426 2995 animadvertite,
3460 2940 3515 2985 et
3541 2932 3800 3001 indagate

539 3020 799 3091 omnibus
825 3021 1072 3089 vestigiis
1092 3022 1235 3087 ejus,
1261 3021 1306 3075 si
1335 3037 1497 3088 quem
1531 3021 1828 3076 inveniatis
1851 3020 1943 3089 qui
1964 3020 2232 3087 judicium
2258 3018 2445 3084 faciat,
2465 3020 2558 3087 qui
2589 3017 2745 3072 ﬁdem
2778 3024 3022 3085 quaerat;
3043 3016 3190 3086 quod
3221 3016 3268 3070 si
3300 3015 3487 3081 fuerit,
3523 3019 3799 3087 propitius

539 3106 623 3160 eis
649 3120 768 3168 ero,
805 3108 986 3177 inquit
1019 3106 1286 3163 Dominus
1318 3108 1382 3165 “.
1429 3127 1448 3159 ι
1483 3110 1649 3177 Atqui
1679 3110 1915 3178 populus
1955 3123 2066 3161 non
2099 3106 2330 3162 recessit
2385 3105 2694 3176 usquedum
2729 3102 2903 3158 Maria
2938 3103 3007 3157 ad
3055 3104 3347 3173 pristinam
3378 3104 3678 3174 puritatem
3710 3121 3792 3161 re-

539 3192 663 3246 diit.
710 3191 1168 3263 Exsp'ctabitnus
1198 3196 1342 3249 enim
1377 3210 1477 3249 nos
1518 3211 1741 3266 quoque
1772 3197 1818 3251 si
1859 3197 1913 3250 in
1947 3195 2053 3251 line
2083 3196 2397 3251 crediturus
2420 3195 2492 3249 sit
2518 3191 2713 3257 Israel,
2759 3199 2821 3246 ut
2875 3206 3001 3247 cum
3042 3192 3333 3262 reliquerit
3365 3193 3607 3249 tentoria
3642 3193 3803 3265 hujus

540 3280 666 3335 vita:
690 3281 744 3333 in
781 3296 1074 3350 supernam
1107 3283 1299 3337 urbem
1334 3284 1700 3338 asciscamus.

610 3385 773 3442 Mitte
799 3388 937 3443 viros
966 3390 1303 3458 exploratum
1333 3400 1532 3446 terram
1563 3409 1721 3461 quam
1750 3392 1847 3445 tibi
1887 3392 2032 3454 dedi,
2064 3400 2172 3446 etc.
2220 3388 2390 3465 [XIIL
2426 3390 2507 3462 3.]
2539 3391 2687 3446 Deus
2728 3403 2757 3444 a
2786 3388 2935 3446 Mose
2987 3389 3375 3459 exploratores
3430 3390 3575 3446 mitti
3622 3392 3798 3462 jubet,

538 3491 650 3545 quo
684 3476 961 3547 ignaviam
997 3482 1183 3550 populi
1214 3480 1321 3534 sibi
1350 3491 1690 3549 compertam
1732 3481 1787 3535 in
1826 3481 2001 3535 lucem
2033 3479 2384 3550 produceret,
2428 3486 2488 3532 ut
2532 3476 2873 3548 immorigeri
2917 3488 3385 3547 agnoscerentur.
3420 3478 3571 3544 Quin
3635 3480 3796 3534 etiam

452 3558 458 3564 ’
539 3563 587 3618 si
620 3562 799 3633 ignari
828 3572 987 3619 terra:
1010 3567 1065 3619 in
1103 3582 1224 3620 eam
1261 3568 1621 3633 invasissent,
1656 3583 1833 3638 eaque
1879 3576 2176 3637 conspecta
2205 3567 2689 3629 retrocessissent,
2730 3564 3022 3619 maximam
3052 3566 3457 3620 contumeliam
3510 3565 3650 3633 Deo,
3686 3567 3797 3620 ani-

538 3650 728 3720 mique
763 3654 1157 3707 confidentiam
1194 3652 1510 3710 Palaestinis
1573 3656 1875 3710 attulisset.
1909 3653 2022 3707 Hoc
2051 3654 2169 3723 ipso
2198 3672 2328 3713 vero
2356 3658 2501 3727 quod
2535 3665 2826 3726 postquam
2865 3657 3050 3712 aditus
3092 3657 3204 3712 illis
3241 3658 3581 3714 interclusus
3614 3658 3796 3713 redar-

538 3741 768 3811 gulique
796 3743 1082 3810 ohediunt,
1107 3760 1216 3799 non
1246 3762 1451 3816 parvus
1483 3747 1739 3802 utilitatis
1755 3747 2010 3817 cumulus
2042 3746 2149 3801 illis
2187 3747 2447 3800 accessit.
2476 3745 2743 3812 Quamvis
2774 3745 3087 3800 obedientia
3124 3745 3371 3815 ipsorum
3417 3754 3546 3816 post
3570 3747 3796 3800 obmur-

547 3834 916 3887 murationem
1012 3836 1232 3889 demum
1288 3836 1479 3906 juncta
1560 3854 1670 3893 non
1761 3838 2057 3892 admodum
2131 3843 2354 3904 accepta
2439 3842 2580 3898 erat,
2651 3835 2936 3902 magisque
3000 3833 3435 3903 increpationetn
3524 3833 3796 3906 ﬂagitabat

541 3934 705 3988 quam
770 3924 1009 3977 veniam.
1090 3923 1205 3978 Hoc
1259 3928 1552 3995 ipse-vero
1615 3926 1761 3997 quod
1820 3925 1967 3980 Deus
2017 3924 2260 3981 dicit:t
2322 3921 2446 3977 Tibi
2510 3921 2612 3988 ipsi
2687 3919 2932 3983 dimitte,
2969 3939 2988 3972 ι
3030 3921 3239 3975 indicat
3296 3936 3411 3975 rem
3467 3936 3592 3976 eam
3668 3923 3796 3993 ipsis

542 4007 733 4061 utilem
773 4008 914 4064 fore.
950 4010 1108 4076 Quod
1141 4014 1314 4078 enim,
1354 4032 1374 4065 ι
1417 4012 1540 4068 Tibi
1575 4014 1703 4085 ipsi,
1738 4032 1757 4066 ι
1787 4015 1946 4080 dicit,
1981 4013 2122 4067 idem
2161 4020 2247 4067 est
2278 4025 2342 4066 ac
2378 4012 2426 4067 si
2477 4010 2649 4076 dicat,
2700 4011 2926 4081 pupulo,
2989 4025 3164 4079 quare
3218 4009 3357 4080 ipsis
3398 4010 3590 4064 utilem
3642 4024 3793 4073 esse,

541 4110 643 4150 nec
678 4094 829 4164 Deo;
868 4107 1096 4153 noverat
1137 4101 1284 4154 enim
1327 4101 1374 4155 is
1432 4117 1599 4170 quam
1647 4103 1729 4157 eis
1768 4101 1925 4156 daret
1982 4111 2205 4155 terram.
2271 4099 2405 4153 Mosi
2442 4114 2576 4153 vero
2632 4113 2733 4152 ceu
2773 4097 2899 4152 duci
2940 4108 3139 4152 contra
3175 4114 3316 4166 quos
3368 4113 3428 4153 se
3474 4105 3793 4168 opponeret,

539 4191 597 4237 et
626 4183 695 4238 de
720 4201 823 4252 qua
863 4196 1008 4241 terra
1037 4197 1277 4243 certaret
1298 4190 1581 4259 cognitum
1612 4190 1816 4245 habere
1848 4189 2231 4245 conveniebat.
2266 4186 2425 4252 Quod
2448 4194 2629 4239 autem
2660 4184 2893 4238 victoria
2920 4200 3030 4238 non
3079 4186 3438 4239 multitudine
3470 4198 3566 4237 nec
3593 4183 3792 4235 virtute

540 4274 776 4334 steterit,
801 4273 1068 4344 deinceps
1098 4276 1306 4331 clarum
1347 4278 1423 4330 fit.
1476 4276 1610 4331 Duci
1646 4280 1833 4346 itaque
1869 4277 2161 4332 consilium
2192 4274 2257 4327 ad
2301 4289 2520 4327 manum
2545 4287 2669 4327 esse
2698 4270 2881 4326 debet.
2914 4272 3103 4342 Equus
3130 4272 3300 4335 enim,
3333 4271 3529 4341 inquit,
3562 4267 3792 4322 instrui-

540 4366 632 4413 tur
665 4360 731 4413 ad
769 4360 891 4414 belli
924 4371 1161 4430 tempus,
1191 4378 1222 4415 a
1262 4362 1492 4418 Domino
1526 4381 1657 4419 vero
1697 4365 1965 4418 auxilium
1998 4363 2242 4432 suppetit
2274 4360 2344 4416 ³³.
2382 4359 2656 4414 Caeterum
2687 4374 2751 4412 ea
2791 4373 2912 4427 quin
2960 4361 3064 4414 sub
3088 4361 3301 4417 tutnbra
3331 4365 3465 4413 sunt
3496 4357 3793 4426 proposita,

538 4448 754 4501 eventis
784 4463 968 4501 rerum
1006 4448 1322 4505 illuminare
1361 4460 1599 4520 Oportet.
1628 4452 1815 4506 Exsmt
1841 4453 2026 4520 itaque
2057 4452 2241 4504 Moses
2269 4450 2355 4502 his
2385 4464 2509 4517 quze
2548 4447 2616 4501 de
2646 4461 2713 4501 eo
2746 4461 2842 4516 per
2873 4446 3107 4517 figuram
3144 4447 3353 4516 scripta
3392 4454 3545 4501 sunt.
3583 4443 3790 4499 Christi

542 4534 905 4601 veritatisque
938 4536 1251 4603 speculum,
1305 4553 1416 4605 quo
1447 4537 1768 4593 Iudaeorum
1804 4555 1959 4593 mens
1981 4538 2259 4609 dirigitur,
2293 4544 2352 4589 ut
2378 4552 2440 4589 ea
2474 4550 2595 4604 qua:
2647 4535 2857 4590 sanctis
2900 4534 3176 4604 promissa
3215 4542 3367 4599 sunt,
3405 4543 3613 4589 terram
3645 4532 3793 4586 vide-

542 4620 940 4675 Iicctsanctatn
979 4623 1283 4678 mansuetis
1313 4624 1637 4679 adornatam
1678 4627 2144 4696 contemplemur.
2174 4623 2267 4679 Est
2313 4626 2513 4678 etenim
2556 4627 2614 4677 in
2651 4624 2770 4692 ipso
2804 4622 3014 4675 Pascha
3040 4637 3150 4691 quo
3203 4637 3317 4691 pra:
3364 4637 3426 4676 se
3492 4621 3601 4676 fert
3643 4618 3796 4675 Chri-

541 4709 614 4769 sti
658 4709 1006 4779 mysterium,
1055 4725 1264 4780 perque
1297 4713 1627 4783 sanguinem
1688 4714 1994 4783 pretiosum
2041 4713 2365 4783 perditionis
2388 4712 2795 4781 depulsionem.
2820 4710 3161 4767 Restitutum
3200 4711 3329 4765 item
3365 4709 3530 4765 nobis
3580 4711 3633 4764 in
3692 4707 3789 4778 pri-

540 4801 745 4855 stinam
778 4814 901 4868 qua:
933 4801 986 4853 in
1015 4801 1271 4869 paradiso
1303 4799 1407 4855 ftiit
1445 4803 1806 4872 voluptatem,
1834 4802 2352 4858 Tabernaculorum
2385 4802 2587 4858 festum
2629 4802 2867 4872 septimo
2916 4817 3111 4858 mense
3144 4800 3510 4865 celebratum,
3563 4814 3629 4855 ac
3678 4814 3793 4870 pro-

543 4888 672 4942 inde
707 4888 759 4941 iu
794 4887 902 4942 line
944 4889 1166 4943 demum
1201 4891 1414 4953 saeculi,
1448 4893 1881 4960 repraesentavit.
1914 4892 2127 4946 Idcirco
2178 4892 2345 4947 etiam
2394 4891 2663 4959 septimus
2718 4888 2837 4945 dies
2882 4898 2991 4943 tam
3032 4896 3258 4945 sanctus
3289 4903 3454 4959 quam
3507 4888 3716 4958 primus
3739 4898 3795 4938 eo

543 4975 685 5029 Iusto
717 4974 841 5030 fuit.
875 4976 1056 5032 Moses
1085 4977 1258 5048 igitur
1290 4995 1390 5033 usu
1428 4995 1613 5034 rerum
1662 4980 1945 5049 animique
1974 4981 2267 5049 prudentia
2303 4978 2792 5047 praestantissimos
2822 4977 2891 5030 ad
2922 4985 3172 5030 exactam
3224 4976 3685 5047 promissionum
3711 4970 3796 5027 Dei

541 5065 981 5130 explorationem
1015 5067 1318 5134 prauuittit.
1349 5066 1501 5133 Quas
1533 5068 1627 5137 qui
1668 5068 1900 5138 adipisci
1926 5069 2077 5136 cupit
2105 5068 2155 5123 ei
2189 5082 2297 5121 non
2335 5081 2516 5137 pugna
2543 5083 2663 5119 cum
2698 5081 2866 5120 carne
2888 5071 2943 5117 ct
2974 5065 3244 5133 sanguine
3296 5072 3402 5127 est,
3439 5079 3630 5118 verum
3679 5076 3795 5117 cum

543 5151 909 5220 principibus.
943 5154 1264 5220 potentibus
1296 5164 1348 5208 et
1377 5155 1620 5210 dominis
1649 5156 1815 5225 hujus
1849 5156 2039 5211 mundi
2080 5157 2146 5211 ".
2180 5154 2319 5210 Iliuc
2354 5157 2412 5208 lit
2445 5153 2589 5222 quod
2618 5154 2653 5207 ii
2678 5153 2770 5224 qui
2799 5151 2992 5207 carnis
3025 5153 3211 5206 studio
3235 5161 3491 5206 tenentur
3519 5160 3576 5206 et
3603 5148 3796 5205 addicti

540 5248 674 5293 sunt
707 5239 848 5292 hanc
877 5254 1116 5309 pugnam
1151 5249 1441 5311 tautOpere
1472 5242 1805 5299 detrectent.
1841 5243 1985 5299 Hinc
2042 5244 2101 5297 lit
2147 5242 2293 5313 quod
2337 5242 2461 5311 ejus
2507 5241 2698 5297 steculi
2748 5240 3003 5294 homines
3043 5238 3410 5310 reproborum
3455 5238 3795 5293 sermonibus

539 5328 903 5383 circumventi
940 5326 1149 5383 liberos
1199 5329 1463 5385 luxerunt
1495 5341 1548 5387 et
1577 5349 1798 5388 uxores.
1834 5332 2163 5401 Ilujusmodi
2202 5330 2455 5385 homines
2489 5328 2640 5383 omni
2681 5337 2930 5397 tempore
2961 5327 3217 5382 invenire
3269 5334 3376 5391 est,
3410 5325 3505 5396 qui
3542 5342 3607 5379 se
3654 5324 3799 5395 prin-

542 5419 729 5483 cipum
774 5413 975 5469 edictis
1032 5423 1126 5467 aut
1164 5419 1542 5485 sermonibus,
1567 5435 1594 5472 a
1639 5421 1742 5474 fide
1771 5437 1935 5490 quam
1979 5420 2202 5475 Christo
2238 5419 2533 5483 dederunt,
2560 5420 2693 5473 olim
2736 5417 3005 5473 deterreri
3063 5418 3386 5488 patiuntur.
3410 5415 3801 5485 Quamtumvis

537 5519 687 5559 cmm
719 5501 786 5558 ad
814 5503 1082 5557 caelorum
1116 5517 1343 5574 regnum
1364 5507 1665 5562 eosinvitet
1693 5509 1811 5579 ipse
1845 5515 2133 5578 macieque
2163 5508 2369 5563 virtute
2397 5508 2736 5578 essejubeat
2770 5523 2783 5561 :
2824 5525 2844 5559 ι
2886 5504 3052 5575 Ecce,
3105 5505 3395 5576 inquiens,
3456 5507 3662 5564 tradidi
3710 5519 3798 5560 vo-

616 5704 659 5735 "
686 5692 843 5756 .loau.
879 5720 918 5769 t,
956 5704 1037 5759 l8.
1117 5706 1163 5739 ’⁸
1194 5704 1358 5760 Hebr.
1397 5720 1435 5767 ι,
1476 5707 1521 5760 I.
1586 5692 1641 5736 "7
1677 5708 1780 5761 lsa.
1820 5722 1948 5767 LVII,
2111 5703 2157 5735 ’⁸
2189 5703 2336 5759 Psal.
2369 5717 2555 5761 Lxxiv.
2586 5700 2642 5763 5,
2676 5701 2730 5756 ϐ.
2810 5700 2854 5731 ¹⁹
2881 5697 3083 5769 Ierem.
3115 5711 3209 5763 xtl,
3246 5700 3297 5755 7.
3376 5701 3422 5734 ⁸ο
3461 5699 3622 5755 Rom.
3660 5690 3799 5762 xli.

543 5771 583 5804 δι
616 5771 820 5830 Jercm.
866 5767 932 5831 tv.
982 5776 1071 5833 3|.
1188 5779 1231 5810 ³³
1260 5775 1462 5833 Jcrem.
1492 5794 1544 5841 v,
1583 5777 1629 5830 I.
1743 5777 1787 5808 ⁸³
1819 5776 1938 5831 Job.
1970 5790 2156 5841 xxxix,
2194 5772 2379 5829 19—25,
2458 5772 2503 5805 “
2536 5771 2736 5843 Ephes.
2769 5788 2843 5837 vt,
2879 5767 2963 5824 12.
