4050 6212
514 342 618 412 831
1812 351 2166 412 Pnocort-I
2213 351 2457 413 GAZ/EI
3679 335 3789 401 831

511 458 706 547 utique
726 471 828 528 pax
858 457 914 512 in
946 452 1139 514 diebus
1159 457 1320 524 meis,
1362 462 1432 527 “,
1463 479 1483 515 ι
1502 469 1608 517 est.
1630 453 1762 513 Nam
1791 468 2099 515 extremum

2225 462 2472 531 ιπὸτομοι
2501 460 2787 533 τιμωρίαι,
2821 461 2896 524 ὡς
2926 460 3019 514 καὶ
3038 461 3073 529 ἡ
3099 457 3261 524 Κάϊν,
3292 456 3390 510 καὶ
3410 454 3501 509 ἐπὶ
3520 451 3793 521 γίγαντας

508 543 802 617 judicium,
856 548 1005 619 quod
1064 550 1180 619 ipsa
1225 549 1366 604 facta
1413 551 1790 618 consequitur,
1840 567 2007 607 mora:
2033 567 2097 607 ac

2225 554 2300 605 ιαὶ
2323 554 2449 617 τοὺς
2481 553 2579 607 σὺν
2601 556 2809 617 αὐτοῖς.
2826 547 2990 608 Οὗτοι
3011 548 3106 606 οὖν
3134 551 3330 621 ἔνοχοι,
3352 547 3446 610 οὓς
3479 546 3591 616 (57)
3611 543 3794 598 καθα-

513 640 794 696 dilatioch
828 649 912 696 est
945 642 1262 711 impatiens.
1293 639 1450 696 Nunc
1478 658 1611 697 vero
1651 644 1795 697 inter
1825 645 2097 713 agendum

2225 647 2334 711 nsi,
2365 648 2416 699 oi
2466 630 2833 717 κατάρχοντες
2894 643 3089 709 κακοῦ,
3123 646 3171 697 οἱ
3210 641 3304 695 ἐπὶ
3354 637 3631 711 πληρώσει
3677 633 3795 688 τῶν

516 740 736 800 tempus
763 732 1126 798 conceditur,
1187 741 1245 785 ut
1295 733 1542 787 actiones
1582 732 1732 802 ipsas
1776 732 1985 787 interea
2040 734 2098 788 in

2225 735 2518 808 ἱμαρτιῶν,
2543 731 2649 790 οἷοι
2676 738 2974 791 Χαναναῖοι
3004 735 3099 789 καὶ
3127 733 3465 805 ’Δμοῤῥαῖοι

518 825 715 877 melius
746 832 1154 879 convertamus.
1192 824 1349 891 Quod
1388 826 1441 879 ni
1480 828 1571 879 ﬁat
1603 827 1688 881 vel
1738 826 1806 880 ab
1840 828 1978 896 ipsis
2044 828 2130 882 vel
2168 843 2360 884 eorum
2416 833 2679 900 posteris,
2738 847 2904 903 paena
2955 832 3011 886 in
3050 828 3397 900 superstites,
3436 825 3489 878 ni
3531 823 3800 877 meliores

519 912 743 978 fuerint,
780 916 1068 970 redundat.
1116 916 1258 982 Quin
1299 918 1461 971 etiam
1496 918 1563 971 ad
1591 926 1857 973 terrorem
1895 920 2129 975 aliorum
2169 922 2226 976 in
2252 923 2392 979 alios
2423 940 2822 996 nonnunquam
2855 941 3033 996 paena:
3081 922 3286 977 cadunt
3321 918 3524 982 subito,
3590 929 3801 986 quem-

476 1061 479 1065 .
516 1008 812 1062 admodum
843 1007 897 1061 in
929 1007 1087 1071 Cain,
1116 1008 1172 1061 in
1206 1009 1519 1078 gigantibus
1546 1016 1601 1062 et
1629 1023 1819 1063 eorum
1868 1010 2227 1079 complicibus
2255 1016 2613 1072 manifestum
2642 1024 2746 1073 est.
2774 1017 3024 1087 Denique
3077 1028 3209 1071 vero
3274 1019 3334 1065 ut
3396 1008 3561 1064 ﬁnem
3619 1007 3802 1062 facia-

474 1122 479 1138 ε
519 1113 665 1161 mus,
692 1108 945 1153 auctores
968 1101 1071 1168 ipsi
1106 1101 1372 1153 malorum
1402 1102 1480 1154 rei
1503 1116 1791 1169 ptenarum
1819 1104 2269 1176 purgationisque
2305 1119 2555 1166 exsortes
2583 1119 2733 1166 sunt.
2796 1109 3029 1176 Horum,
3071 1109 3318 1178 inquam,
3358 1110 3642 1176 peccatum
3704 1109 3800 1165 cst

519 1195 861 1251 mortiferum
889 1196 980 1265 qui
1016 1205 1234 1264 peccata
1267 1206 1677 1263 consummant,
1704 1199 1850 1268 quod
1879 1200 2172 1258 Chanantei
2204 1204 2479 1272 fecerunt,
2507 1216 2562 1263 et
2588 1208 2917 1264 Amorrhtei.

590 1286 865 1356 Propitius
895 1287 1003 1341 illis
1026 1304 1115 1341 ero
1144 1287 1304 1357 juxta
1333 1287 1543 1341 verbum
1578 1306 1767 1343 meum.
1787 1289 1956 1363 [X1V,
1987 1291 2104 1363 20.]

520 1378 635 1433 Hoc
653 1380 719 1434 ad
756 1381 1133 1449 posteritatem
1163 1381 1344 1450 potius
1368 1398 1531 1451 quant
1565 1383 1630 1436 ad
1656 1395 1980 1453 prmsentem
2011 1401 2107 1455 ge-

519 1473 858 1527 nerationcm
888 1471 1076 1527 refert.
1110 1470 1226 1525 Non
1254 1473 1398 1527 enim
1420 1489 1677 1544 magnum
1710 1476 1977 1539 est,illico
1996 1492 2104 1530 non

519 1563 721 1633 perire,
753 1563 847 1617 sed
885 1578 980 1632 per
1021 1563 1385 1633 quadraginta
1436 1580 1612 1620 annos
1651 1581 1883 1635 corpora
1914 1576 2103 1621 eorum

519 1654 851 1711 occumbere
875 1657 929 1709 in
964 1655 1205 1709 deserto.
1236 1655 1488 1725 Magnum
1524 1672 1656 1711 vero
1694 1658 1798 1711 hoc
1829 1670 1933 1724 est,
1960 1659 2105 1729 quod

519 1748 821 1813 p'ngenies
864 1761 1057 1800 eorum
1088 1761 1197 1799 non
1234 1747 1598 1813 exscinditur,
1634 1748 1979 1818 populusque
2011 1765 2108 1818 per

2281 1298 2489 1365 Ἰλεως
2507 1301 2712 1367 αὐτοῖς
2728 1302 2869 1369 ειμι,
2898 1298 3051 1354 κατὰ
3066 1297 3132 1351 τὸ
3154 1294 3322 1366 ῥῆμά
3350 1309 3491 1349 σου.
3509 1289 3683 1346 Τοῦτο
3708 1290 3796 1353 εἰς

2206 1391 2267 1444 τὸ
2297 1392 2451 1455 τέλος
2472 1392 2637 1445 τείνει
2682 1392 2940 1462 μᾶλλονῆ
2972 1393 3051 1454 είς
3081 1391 3182 1459 τὴν
3212 1390 3334 1442 τότε
3367 1384 3585 1454 γενεάν.
3620 1383 3799 1437 Οὐδὲν

2207 1484 2316 1555 γὰρ
2350 1485 2490 1553 μέγα
2533 1485 2595 1538 τὸ
2647 1484 2721 1557 μὴ
2764 1485 2929 1547 εὐθὺς
2959 1481 3279 1545 ἀπολέσθαι,
3329 1476 3470 1532 ἀλλὰ
3514 1491 3800 1545 τεσσαρα-

2208 1578 2401 1628 κοστὸν
2447 1576 2565 1641 ἔτος
2617 1579 2804 1630 πεσεῖν
2834 1578 2891 1629 ἐν
2924 1578 2990 1645 τῇ
3022 1575 3214 1643 ἐρήμῳ
3270 1571 3338 1625 τὰ
3387 1568 3657 1637 πτώματα
3688 1566 3799 1619 αὑ-

2211 1667 2354 1720 τῶν·
2386 1668 2529 1737 μέγα
2570 1667 2625 1720 δὲ
2673 1667 2735 1719 τὸ
2773 1665 2849 1737 μὴ
2883 1662 3267 1731 ἐξαλειφθῆναι
3293 1658 3356 1713 τὸ
3386 1657 3564 1727 γένος,
3612 1654 3801 1707 καίτοι

2213 1756 2307 1810 τοῦ
2337 1757 2479 1811 κατὰ
2502 1756 2739 1827 Χριστὸν
2769 1754 3160 1819 ἐξαναστάντος
3183 1748 3337 1805 λαοῦ.
3369 1742 3536 1809 Οὗτος
3557 1746 3585 1797 ὁ
3617 1745 3799 1813 μέγας

519 1837 803 1893 Christum
832 1839 1155 1893 resurrexit.
1185 1837 1300 1893 lloc
1334 1856 1469 1894 sane
1504 1856 1761 1911 magnum
1793 1840 1981 1913 gratim
2012 1842 2109 1895 do-

2225 1845 2464 1917 ἱλασμὸς,
2485 1847 2627 1899 κατά
2656 1845 2739 1898 τό*
2778 1864 2797 1895 ι
2830 1843 3035 1914 Πάτερ,
3056 1841 3192 1910 ἄφες
3218 1838 3423 1899 αὐτοῖς,
3454 1835 3555 1888 οὐκ
3587 1831 3800 1917 οἴδασιν

523 1930 1043 1998 cumentum,juxta
1082 1931 1217 1984 illud
1251 1948 1265 1985 :
1306 1947 1324 1980 ι
1364 1929 1544 1996 Pater,
1587 1933 1802 1986 dimitte
1836 1932 1967 1997 illis,
2010 1948 2107 1986 ne-

523 2024 712 2078 sciunt
739 2024 869 2093 quid
897 2023 1101 2079 faciant
1132 2026 1201 2079 "'.
1237 2044 1256 2077 ι
1290 2023 1424 2079 ltem
1450 2023 1740 2095 Propheta:
1768 2023 1901 2079 illud
1933 2038 1946 2077 :
1978 2041 1998 2074 ι
2031 2022 2109 2078 Ne

2213 1934 2242 1988 ὃ
2273 1916 2505 1989 ποιοῦσι.
2545 1951 2563 1984 ι
2596 1931 2849 1985 Τοιοῦτον
2888 1929 2982 1983 καὶ
3015 1926 3164 1998 παρά
3197 1924 3275 1997 τῷ
3317 1921 3580 1994 Προφήτῃ
3600 1936 3613 1950 ·
3656 1936 3674 1969 ι
3701 1916 3797 1987 Μὴ

2215 2025 2545 2096 ἀποκτείνῃς
2571 2022 2787 2086 αὐτούς.
2823 2038 2843 2073 ι

466 2117 470 2120 ’
522 2116 746 2171 occidas
771 2130 869 2172 eos
890 2115 957 2171 ⁸³.
990 2135 1009 2167 ι

599 2247 869 2314 Quoniam
910 2249 1221 2317 imptebitur
1246 2248 1422 2319 gloria
1467 2247 1681 2303 Domini
1727 2248 1973 2302 universa
2021 2256 2185 2315 terra,
2218 2254 2326 2300 etc.
2368 2240 2507 2315 [ΞΜ]
2552 2239 2883 2294 Vaticinium
2921 2236 2988 2290 de
3019 2232 3320 2319 reiectione
3366 2227 3691 2319 Iudaeorum
3744 2233 3799 2319 et

525 2311 897 2392 conversione
925 2311 1171 2406 gentium
1203 2311 1309 2392 est.
1351 2337 1712 2391 Sacramento
1743 2338 1967 2405 insuper
1999 2336 2073 2389 ita
2108 2311 2430 2389 eventurum
2456 2311 2582 2385 esse
2620 2325 2930 2390 contendit,
2968 2323 3125 2394 juxta
3149 2318 3287 2374 illud
3325 2333 3340 2371 :
3379 2334 3399 2368 ι
3422 2314 3498 2406 _ln
3533 2311 3796 2406 parabo“

528 2438 559 2478 a
594 2424 847 2479 Domino.
879 2442 898 2476 ι
927 2399 1080 2480 vllem
1127 2442 1141 2477 :
1184 2443 1203 2477 ι
1233 2424 1532 2496 Auferetur
1582 2440 1611 2477 a
1647 2424 1808 2479 nobis
1840 2399 2090 2493 regnum,
2126 2432 2179 2477 et
2205 2420 2455 2474 tradetur
2490 2415 2639 2486 genti
2695 2412 2946 2468 reddenti
3004 2411 3217 2464 fructus
3257 2420 3390 2464 suos
3418 2404 3488 2457 “.
3528 2421 3548 2455 ι
3583 2399 3795 2455 Horum

525 2513 673 2567 enim
709 2512 934 2579 ﬁguram
970 2513 1128 2567 liberi
1163 2527 1355 2567 eorum
1389 2494 1484 2583 qui
1520 2511 1898 2575 crediderunt,
1928 2511 2149 2564 illorum
2187 2521 2317 2561 vero
2359 2503 2535 2560 Judaei
2578 2501 2674 2572 qui
2706 2501 2762 2554 in
2811 2499 3034 2555 deserto
3085 2497 3489 2557 occubuerunt,
3520 2494 3792 2583 gestant.

535 2619 557 2653 ι
596 2599 851 2654 Animum
885 2600 1031 2655 enim
1063 2599 1132 2654 ad
1159 2615 1354 2656 omnes
1390 2574 1583 2667 gentes
1639 2599 1862 2653 adverte
1885 2638 1901 2663 ,
1955 2597 2154 2667 inquit,
2203 2609 2385 2649 annon
2445 2590 2765 2647 miserearis
2790 2587 3036 2642 omnium
3060 2584 3159 2653 qui
3190 2586 3491 2651 operantur
3518 2574 3792 2644 iniquita-

532 2698 638 2744 tem
670 2690 695 2743 ἲ
738 2708 756 2742 ι
784 2688 850 2742 Et
876 2689 1079 2743 iterum
1125 2703 1139 2741 :
1178 2707 1196 2740 ι
1238 2665 1543 2756 Οοιηῖνείιιε
1570 2684 1765 2741 intenti
1793 2696 1921 2740 sunt
1950 2665 2116 2753 super
2139 2698 2331 2736 omnes
2375 2688 2590 2751 gentes,
2617 2693 2687 2732 ne
2720 2674 2865 2746 apud
2894 2688 3022 2743 sese
3044 2670 3343 2726 eﬁ‘erantur
3368 2665 3464 2735 qui
3499 2665 3794 2718 lacessunt

530 2778 711 2846 ipsum
741 2779 809 2833 ".
840 2798 856 2829 ι
892 2775 1372 2844 Quemadmodum
1408 2790 1541 2830 vero
1563 2784 1752 2843 gentes
1785 2772 2192 2827 incircumcisaa
2215 2777 2366 2833 sunt,
2397 2768 2480 2824 sic
2505 2767 2599 2820 lilii
2629 2764 2720 2834 qui
2746 2779 2841 2818 eas
2869 2763 3360 2831 reprresentarunt,
3389 2755 3525 2808 citra
3548 2753 3798 2806 circum-

530 2863 800 2919 cisionem
831 2864 889 2918 in
920 2873 1120 2919 terram
1152 2864 1484 2933 promissam
1514 2874 1644 2916 sunt
1666 2860 1927 2929 ingressi.
1964 2857 2124 2924 Quod
2157 2872 2290 2911 sane
2315 2857 2497 2925 arguit
2533 2850 3013 2907 circumcisionem
3041 2849 3108 2902 ad
3140 2842 3539 2916 promissioues
3576 2839 3795 2893 aditum

531 2953 853 3020 neutiquam
885 2925 1215 3022 patefacere,
1251 2925 2059 3019 quemadmodum'Abraliami
2095 2943 2345 3013 exemplo
2377 2942 2581 2996 Paulus
2609 2941 2821 2993 clarum
2867 2935 3018 2991 fecit.
3065 2932 3213 2990 Nihil
3264 2948 3393 2987 vero
3427 2930 3613 2984 obstat
3638 2925 3796 2997 quod

532 3049 660 3110 post
696 3017 1094 3108 ingressionem
1122 3017 1434 3091 circumcisi
1468 3051 1497 3088 a
1529 3033 1698 3089 Josuc
1732 3041 1886 3088 sunt.
1916 3032 2051 3086 Nam
2083 3032 2247 3086 etiam
2287 3028 2565 3083 Abraham
2600 3033 2722 3097 post
2749 3025 3023 3095 justitiam
3071 3036 3236 3092 quam
3270 3021 3324 3076 in
3354 3017 3623 3090 praeputio
3657 3030 3797 3071 con-

536 3136 764 3183 secutus
791 3133 898 3191 est,
929 3125 1301 3182 circumcisus
1337 3132 1442 3179 est.
1469 3122 1661 3178 Omnis
1692 3122 1907 3177 aﬁertio
1936 3136 2031 3174 seu
2062 3121 2250 3189 passio
2283 3131 2405 3186 quae
2435 3116 2591 3170 nobis
2628 3130 2695 3169 ex
2745 3112 3098 3181 generatione
3132 3109 3307 3171 adest.
3344 3106 3512 3161 animi
3542 3105 3792 3160 circum-

537 3214 640 3269 cisi
678 3214 942 3269 indicium
966 3221 1072 3268 est.
1107 3213 1339 3284 Signum
1381 3212 1531 3266 enim
1560 3211 1793 3279 accepit,
1830 3208 2029 3277 inquit,
2059 3204 2565 3264 circumcisionem,
2598 3201 2839 3269 sigillum
2864 3199 3094 3268 justitite
3129 3195 3275 3258 ﬁdei,
3305 3209 3428 3265 qua:
3452 3201 3540 3247 est
3572 3192 3628 3247 in
3654 3205 3797 3260 pra:-

536 3303 694 3374 putio
726 3301 792 3355 “.
823 3300 919 3356 Est
949 3315 1083 3355 vero
1115 3280 1335 3371 signum
1363 3298 1812 3369 circumcisionis
1833 3296 1954 3364 ejus
1982 3307 2103 3360 qua:
2133 3294 2187 3346 in
2208 3291 2425 3362 iustitia
2458 3288 2734 3352 consistit,
2758 3301 2975 3356 quaque
2997 3284 3315 3340 aﬁ'ectiones
3347 3280 3415 3335 ad
3448 3280 3798 3349 iniquitatem

536 3371 805 3448 ducentes
835 3392 1206 3462 depascimus.
1237 3390 1400 3463 403
1434 3388 1604 3443 Porro
1628 3385 1982 3442 circumcisio
2016 3398 2112 3453 per
2144 3380 2314 3435 Josue
2346 3377 2516 3431 lilium
2555 3374 2702 3431 Nave
2729 3373 2895 3439 facta,
2933 3371 3419 3427 circumcisionem
3453 3383 3574 3422 eam
3609 3379 3732 3434 quae
3759 3379 3786 3417 a

538 3480 672 3537 Jesu
704 3481 799 3537 Dei
834 3455 977 3536 Filio
1006 3480 1131 3536 ﬁdei
1163 3455 1335 3537 verbo
1357 3455 1445 3546 ﬁt,
1480 3476 1701 3548 quando
1725 3474 2014 3531 credentes
2045 3471 2099 3525 in
2123 3475 2358 3525 mortem
2386 3465 2563 3538 ipsius
2587 3481 2686 3537 pro
2714 3465 2877 3522 nobis
2904 3469 3218 3534 susceptam
3250 3459 3599 3530 intingimur,
3623 3455 3796 3527 signi-

539 3572 688 3628 ﬁcat.
945 3594 947 3597 ‘
1952 3578 1963 3593 '

611 3661 794 3716 Decies
826 3676 946 3716 vero
972 3667 1246 3714 tentarunt
1272 3657 1441 3712 Deum
1466 3657 1580 3726 ejus
1608 3655 1793 3711 δαῖσαιὶ
1820 3654 2079 3718 homines,
2108 3671 2119 3705 ι

2253 3648 2396 3721 [22.]
2430 3645 2681 3700 Primum
2721 3639 2944 3713 quidem
2986 3640 3046 3695 in
3073 3632 3622 3726 Egypto,quan:lo,
3659 3630 3798 3726 Pha-

541 3762 711 3802 raone
751 3748 1016 3803 mandato
1054 3747 1177 3817 ejus
1230 3762 1342 3801 non
1373 3746 1788 3815 acquiescente,
1823 3741 2014 3797 Mosen
2056 3718 2321 3809 tanquam
2355 3718 2393 3789 av
2421 3733 2529 3788 Deo
2551 3747 2662 3787 non
2699 3730 2937 3785 missum
2964 3724 3291 3781 calunmiati
3327 3732 3479 3778 sunt.
3514 3718 3795 3781 Secundo,

540 3836 783 3905 quando,
813 3836 955 3903 apud
978 3808 1127 3889 mare
1152 3849 1276 3888 cum
1306 3808 1516 3898 essent,
1550 3831 1847 3886 conviciati
1884 3836 2013 3905 sunt
2055 3831 2160 3881 hoc
2175 3808 2368 3889 modo,
2395 3823 2609 3877 scilicet
2643 3839 2656 3874 :
2692 3817 2833 3885 Quia
2860 3816 3119 3885 sepulcra
3146 3814 3204 3868 in
3240 3812 3479 3882 Egypto
3499 3808 3801 3905 defuerunt

541 3897 707 3979 nobis
731 3897 799 3978 ad
826 3897 1193 3979 occidendum
1235 3935 1336 3976 nos
1372 3920 1684 3975 eduxistis‘t
1720 3904 2114 3987 Tertidsuper
2136 3928 2280 3985 aqua
2317 3924 2526 3965 amara.
2559 3906 2771 3974 Quarto
2793 3904 3016 3974 quando
3043 3917 3141 3957 cos
3165 3900 3489 3955 deliciarum
3514 3897 3797 3967 Egyptia-

541 4026 729 4067 carum
756 4012 922 4082 coepit
949 4009 1308 4065 desiderium.
1345 4008 1553 4074 Quinto
1585 4022 1708 4061 cum
1738 4008 2069 4074 languet-ent
2119 4005 2235 4067 siti,
2267 4015 2435 4072 quam
2482 3999 2554 4051 ob
2582 4003 2742 4065 petra
2768 4002 2856 4049 est
2916 3992 3160 4045 divulsa.
3197 3988 3366 4043 Sexto
3403 4001 3528 4082 cum
3568 3987 3798 4038 vitulum

544 4072 931 4156 fabricassent.
970 4096 1216 4168 Septimo
1273 4072 1398 4151 cum
1430 4095 1651 4150 itineris
1690 4072 1908 4165 pertresi
1943 4093 2067 4161 igne
2096 4098 2224 4145 sunt
2246 4086 2546 4156 absumpti.
2573 4083 2784 4139 Octavo
2817 4079 3067 4135 carnium
3096 4079 3410 4147 importuna
3439 4072 3799 4168 ﬂagitatione.

542 4187 700 4242 Nono
727 4186 1122 4242 criminatione
1153 4201 1317 4256 quam
1348 4184 1517 4238 Maria
1548 4190 1602 4237 et
1634 4184 1818 4237 Aaron
1845 4160 2100 4235 fecerunt
2131 4178 2295 4244 Mosi,
2327 4192 2494 4248 quam
2528 4174 2672 4229 Deus
2703 4172 2872 4240 vulgo
2909 4169 3199 4232 omnibus,
3254 4166 3405 4220 sicut
3448 4160 3798 4231 sacrilegium

542 4275 780 4343 Acham,
838 4251 1185 4347 imputavit:
1214 4272 1442 4329 Decimo
1466 4271 1709 4341 denique
1743 4268 1966 4340 quando
1999 4269 2064 4323 de
2103 4274 2252 4322 terra
2313 4273 2577 4336 tanquam
2617 4278 2676 4317 rc
2710 4260 2917 4316 invicta
2951 4271 3016 4312 ac
3063 4253 3437 4324 insuperabili
3467 4251 3797 4320 desperave-

553 4371 708 4420 runt.

615 4494 887 4549 Caeterum
923 4491 1103 4544 solum
1127 4487 1336 4545 Chaleb
1374 4488 1430 4543 in
1464 4496 1670 4543 terram
1704 4501 1827 4543 sese
1860 4485 2129 4541 deductu-

546 4601 670 4641 rutn
733 4583 1071 4653 pronuntiat,
1132 4579 1278 4649 quod
1335 4580 1607 4634 excitatus
1652 4579 1869 4632 diverso
1924 4576 2123 4647 spiritu

452 4695 463 4706 ν
549 4675 697 4730 ﬁdeli
742 4674 956 4729 scilicet
977 4680 1029 4726 et
1061 4671 1411 4741 obsequenti.
1445 4679 1669 4726 secutus
1695 4670 1767 4725 sit
1799 4669 2003 4739 ipsum,
2037 4668 2128 4723 ubi

549 4766 754 4822 Cbaleb
788 4765 842 4819 in
877 4765 997 4819 loco
1030 4766 1219 4835 populi
1278 4762 1455 4835 ponit.
1497 4761 1664 4817 Josue
1698 4776 1830 4815 vero
1861 4770 2122 4832 tanquam

550 4859 743 4914 ducem
777 4866 1016 4928 separat,
1055 4865 1114 4911 ut
1149 4856 1246 4926 qni
1271 4857 1490 4910 tacitam
1517 4853 1975 4925 signiﬁcationem
2015 4853 2129 4907 veri

548 4949 714 5005 Josue
737 4965 831 5020 per
854 4964 1011 5019 quem
1038 4949 1271 5019 populus
1309 4954 1580 5010 servatur,
1617 4946 1909 5002 sustineat.
1941 4944 2131 5011 Quan-

550 5050 667 5098 tum
715 5057 845 5097 vero
872 5042 940 5096 ad
976 5042 1185 5096 Cbaleb
1245 5041 1464 5105 attinet,
1502 5056 1611 5094 non
1655 5040 1892 5095 obscure
1919 5036 2132 5092 indica-

556 5145 665 5198 tur,
694 5149 863 5188 unum
914 5133 1188 5189 hominem
1219 5140 1333 5189 toto
1372 5133 1573 5204 p0pulo
1607 5131 1809 5187 inﬁdeli
1866 5137 2135 5201 praestan-

554 5226 745 5281 tiorem
801 5241 942 5282 esse.
1001 5223 1153 5281 Adeo
1184 5234 1242 5280 ut
1288 5226 1483 5280 merito
1535 5226 1712 5294 possit
1740 5224 1976 5278 dicere:
2017 5219 2134 5275 «Ne

556 5334 663 5376 una
693 5336 817 5377 cum
878 5320 1066 5390 impiis
1106 5321 1344 5375 animam
1384 5335 1558 5376 meam
1596 5318 1792 5390 perdas
1817 5318 1887 5385 ⁸⁷,
1916 5335 1935 5370 ι
1975 5315 2135 5386 cujus

2303 4482 2485 4537 Χάλεϐ
2541 4481 2699 4552 μόνον
2753 4478 2862 4533 ἀπὸ
2911 4476 3120 4532 τούτων
3149 4474 3389 4541 εἰσάξειν
3433 4472 3587 4540 λέγει
3639 4468 3811 4541 ἑτέρῳ

2235 4576 2511 4645 πνεύματι
2573 4571 2866 4639 κινηθέντα
2912 4568 2994 4640 τῷ
3048 4568 3227 4639 πιστῷ
3274 4566 3371 4620 καὶ
3418 4563 3671 4633 ὑπηκόῳ,
3721 4557 3807 4614 καὶ

2237 4665 2679 4735 ἀκολουθήσαντα
2728 4660 2897 4730 αὐτῷ,
2947 4660 3030 4723 είς
3066 4659 3230 4713 τόπον
3261 4656 3372 4728 (58)
3402 4655 3495 4709 τοῦ
3543 4652 3677 4707 λαοῦ
3726 4652 3808 4705 τὸν

2236 4756 2420 4813 Χὰλεϐ
2461 4754 2662 4808 εἰπών·
2697 4751 2790 4807 τὸν
2821 4751 2878 4805 δὲ
2915 4747 3248 4821 Ἰησοῦν,,ὡς
3282 4747 3541 4818 ἄρχοντα,
3573 4741 3811 4815 χωρίσας

2239 4852 2297 4902 ὲν
2327 4851 2531 4919 σιωπῇ,
2572 4845 2744 4900 τύπον
2776 4844 2904 4897 ὄντα
2942 4841 3037 4897 τοῦ
3091 4840 3308 4911 ἀληθῶς
3339 4834 3539 4910 Ἰησοῦ,
3588 4834 3658 4889 δι’
3699 4826 3759 4888 οὗ
3784 4833 3809 4884 ὁ

2234 4939 2363 5001 λαὸς
2399 4937 2653 5001 σώζεται.
2686 4934 2760 4988 To
2786 4934 2843 4988 δὲ
2893 4931 3035 4987 κατά
3067 4929 3160 4983 τὸν
3206 4927 3391 4984 Χάλεϐ
3437 4926 3685 4979 δείκνυσι
3724 4923 3811 4978 καὶ

2235 5030 2332 5083 ἕνα
2366 5027 2653 5099 ἄνθρωπον
2696 5021 2957 5084 ἀπειθοῦς
2991 5019 3124 5073 λαοῦ
3168 5016 3582 5091 προτιμότερον.
3614 5015 3718 5077 Ὃς
3753 5013 3813 5068 ἂν

2236 5121 2382 5174 εἴποι
2412 5118 2638 5181 δικαίως
2662 5133 2676 5149 ο
2712 5134 2731 5167 ι
2754 5114 2847 5185 Μὴ
2890 5111 3261 5181 συναπολέσῃς
3291 5109 3431 5179 μετὰ
3473 5106 3693 5161 ἀσεϐῶν
3723 5105 3813 5176 τὴν

2236 5211 2420 5284 ψυχήν
2453 5224 2586 5281 μου·
2626 5227 2644 5259 ι
2681 5205 2776 5260 καί
2798 5222 2811 5237 ·
2847 5205 2920 5257 Τὸ
2953 5203 3176 5273 σπέρμα
3206 5200 3372 5255 αὐτοῦ
3417 5198 3815 5267 κληρονομήσει

2239 5309 2363 5379 γῆν,
2396 5305 2458 5358 οὐ
2492 5301 2592 5374 τὴν
2628 5298 2891 5353 Ἰουδαίαν
2923 5296 3112 5368 μόνην,
3143 5293 3280 5348 ἀλλὰ
3307 5293 3397 5347 καὶ
3428 5290 3633 5344 πᾶσαν.
3668 5307 3691 5340 ι
3713 5289 3816 5343 Καὶ

627 5521 670 5551 ⁸¹
714 5517 779 5572 IV
802 5519 1049 5586 Rogas,
1085 5518 1167 5574 l9.
1241 5515 1287 5551 δ’
1318 5516 1453 5576 Luc.
1484 5535 1636 5587 χχιιι,
1666 5521 1755 5576 δι.
1834 5520 1879 5553 ⁸³
1914 5515 2052 5573 Psal.
2085 5530 2115 5570 ι.

2225 5555 2237 5580 ,
2276 5511 2374 5575 12.
2437 5510 2482 5543 ⁸⁸
2514 5509 2703 5566 Matth.
2736 5522 2849 5574 xxi,
2881 5505 2968 5561 43.
3047 5501 3251 5560 u'Psal.
3289 5515 3414 5568 ων,
3457 5498 3511 5555 Ἱ,
3577 5489 3623 5521 ⁸⁸
3662 5492 3818 5549 Rom.

558 5608 642 5653 Ill,
678 5592 765 5645 30.
845 5590 890 5623 ³⁷
919 5589 1063 5644 Psal.
1112 5602 1237 5675 xxv,
1273 5587 1328 5642 9.

2074 5666 2305 5725 NOTAE.

633 5777 742 5845 (5'!)
774 5777 848 5829 υύ
885 5774 1156 5843 καθαριεῖ,
1190 5768 1381 5838 ἀνάγν.

2316 5754 2427 5826 (58)
2468 5756 2569 5807 Ἴσ.
2597 5753 2677 5815 εἰς
2711 5749 2898 5804 τύπον.
