4050 6212
313 325 420 389 333
1409 289 1949 378 conus-unam
1991 309 2073 372 IN
2114 307 2510 372 nummos.
3475 301 3582 367 sat

311 439 426 511 γάρ
460 437 512 492 οἱ
545 435 744 506 πραεῖς
776 432 1250 507 κληρονομήσουσι
1293 430 1392 504 τὴν
1423 431 1551 504 γῆν,
1585 450 1605 484 ι
1641 430 1783 485 κατὰ
1804 430 1898 482 τὸν

2014 434 2154 482 certe
2181 441 2368 481 semen
2407 421 2761 480 haereditario
2787 421 2912 492 jure
2952 419 3258 492 possidebit
3311 429 3515 476 terram
3541 421 3586 452 ⁸·

315 529 502 594 Δασὶδ,
533 531 629 583 καὶ
662 526 752 581 τδν
778 525 874 580 τοῦ
909 524 1114 596 Κυρίου
1156 523 1528 596 μσκαρισμόν.
1557 523 1736 592 "Amp
1785 521 1895 593 γὰρ

2014 534 2109 574 non
2131 517 2414 574 Judaicam
2435 525 2674 581 tantum,
2699 531 2888 571 verum
2917 515 3290 570 universamu
3312 511 3583 568 Mansueti

315 622 410 676 tiri.
444 619 538 675 τοῦ
588 618 807 690 Ἰσραὴλ
842 619 1108 690 μερικῶς,
1151 616 1326 672 ταῦτα
1368 616 1462 669 ἐπὶ
1510 615 1729 671 πάντων
1761 614 1896 669 καθ-

2014 611 2200 666 :tenim
2260 609 2662 664 haereditabunt
2691 617 2947 672 terram,»
2973 607 3132 676 juxta
3165 605 3508 668 Davidem“,
3532 615 3586 659 et

313 713 534 776 ολικῶς.

2014 702 2218 759 Domini
2274 704 2784 774 promissionem".
2853 701 2988 767 Quae
3048 701 3198 756 enim
3247 699 3477 756 seorsim
3515 701 3584 752 ad

1999 795 2285 860 lsraelem,
2317 796 2506 851 eadem
2554 797 2720 851 etiam
2747 795 2813 850 ad
2858 794 3157 850 universos
3214 791 3586 847 communiter

2002 893 2276 956 spectant.

383 995 562 1052 Suum
598 994 780 1067 ipsius
851 1010 985 1052 vero
1031 995 1318 1052 interitum
1348 981 1727 1066 praedixerunt
1757 1013 1772 1052 :
1811 1015 1831 1050 ι
1855 996 2076 1056 Utinam
2114 1003 2170 1056 in
2211 1001 2436 1058 deserto
2463 1001 2572 1056 hoc
2597 1015 2848 1056 essemus
2879 999 3104 1054 mortui.
3126 1016 3146 1050 ι
3185 991 3434 1064 Quorum
3467 997 3564 1053 ﬁlii

313 1086 501 1156 imago
529 1093 664 1142 sunt
693 1084 816 1154 ejus
868 1084 1018 1154 quod
1049 1085 1260 1141 dictum
1289 1094 1378 1140 est
1408 1103 1422 1140 :
1464 1104 1484 1137 ι
1527 1084 1644 1139 Nisi
1669 1087 1928 1143 conversi
1973 1087 2198 1144 fueritis
2227 1091 2357 1144 facti
2385 1091 2531 1145 sicut.
2557 1089 2779 1160 pueruli
2813 1087 2909 1144 isti
2947 1103 3058 1142 non
3091 1085 3492 1158 ingrediemini
3527 1086 3583 1140 in

313 1187 550 1243 regnum
571 1171 844 1228 cmlorum
862 1173 931 1228 ".
957 1193 980 1228 ι
1010 1173 1230 1241 Quibus
1257 1173 1576 1228 revelantur
1603 1187 1667 1227 ea
1689 1187 1814 1243 quae
1845 1188 1874 1226 a
1905 1177 2158 1247 sapiente
2187 1185 2318 1232 sunt
2343 1177 2559 1232 caelata.

397 1305 840 1375 Ἐπιστράςρητε
865 1304 964 1359 καὶ
995 1303 1264 1372 ἀπάρατε
1292 1303 1462 1374 ὑμεῖς
1494 1306 1584 1371 εἷς
1612 1305 1728 1374 τὴν
1756 1305 1894 1376 ἕρη-

311 1415 453 1472 μον,
479 1397 624 1453 ὁδὸν
662 1396 990 1452 θάλασσαν
1035 1395 1341 1464 Ἐρυθρὰν.
1389 1396 1774 1468 ’Υποστροφὴν
1816 1401 1898 1463 εἰς

270 1493 280 1500 ”
315 1490 591 1561 τιμωρίαν
621 1487 907 1543 ἐπιϐάλλει
925 1505 942 1520 ο
973 1486 1164 1558 ὥσπερ
1192 1490 1312 1552 ταῖς
1339 1487 1602 1551 διανοίαις
1632 1489 1898 1558 ὑπέστρε-

313 1581 424 1652 ψαν
454 1583 537 1646 είς
563 1582 632 1635 τὰ
656 1583 714 1634 ὲν
751 1579 1017 1650 Αἰγύπτῳ
1037 1597 1052 1612 ⁶
1083 1581 1200 1633 ἀλλ’
1226 1581 1328 1634 οὐκ
1367 1582 1449 1644 είς
1495 1581 1796 1634 ἀπόλαυσιν
1823 1573 1897 1634 ὧν

318 1671 619 1742 ὶπόθησαν,
653 1669 771 1724 ἀλλ’
813 1671 896 1732 εἰς
928 1669 1202 1740 τιμωρίαν
1232 1671 1326 1723 καὶ
1353 1669 1582 1740 φθοράν.
1619 1670 1778 1723 Οὕτω
1802 1670 1898 1723 καὶ

329 1763 505 1835 ’Δδάμ
537 1763 915 1835 ἀποστραφεὶς
943 1764 1051 1817 ἀπὸ
1091 1761 1186 1816 τοῦ
1221 1762 1444 1834 βλέπειν
1497 1765 1578 1826 είς
1628 1762 1784 1826 Θεὸν,
1821 1765 1902 1826 εἰς

317 1857 422 1926 γῆν
461 1856 823 1927 ὑπέστρεψεν,
866 1855 960 1924 ἀφ’
1012 1852 1079 1929 ἦς
1107 1840 1354 1926 είληπτὶ.
1405 1874 1422 1907 t
1464 1855 1577 1918 Τὰς
1606 1854 1715 1926 γάρ
1747 1854 1903 1918 ὁδοὺς

319 1949 521 2016 αὐτῶν,
557 1949 744 2020 φησιν,
776 1951 856 2014 εἰς
881 1949 1127 2020 κεφαλὴν
1149 1949 1330 2003 αὐτῶν
1360 1947 1594 2002 δέδωκα.
1627 1965 1646 1998 ι

2073 1307 2479 1364 Reverliminiet
2508 1310 2722 1379 recipite
2756 1325 2844 1363 vos
2869 1308 2924 1362 in
2959 1307 3099 1361 viam
3125 1305 3342 1372 deserti,
3383 1305 3582 1360 ducen-

2003 1408 2102 1453 tem
2135 1401 2204 1454 ad
2227 1418 2370 1456 mare
2394 1401 2640 1464 rubrum,
2671 1412 2781 1455 etc.
2817 1399 3205 1454 Revorsionem
3243 1414 3345 1468 pro
3376 1400 3586 1466 “suppli-

2001 1493 2088 1546 cio
2123 1493 2204 1548 eis
2229 1495 2459 1560 irrogat,
2489 1493 2702 1546 ratione
2737 1492 2998 1545 nimirum
3029 1491 3216 1544 habita
3237 1491 3441 1557 delicti,
3474 1505 3584 1559 quo

2004 1585 2219 1638 animos
2250 1600 2382 1638 suos
2415 1586 2468 1638 in
2491 1582 2790 1654 Agyptum
2809 1581 3284 1637 reflexerant.Non
3307 1583 3453 1636 enim
3473 1581 3584 1636 Voti

2004 1671 2088 1723 sui
2121 1671 2194 1722 ita
2237 1671 2374 1723 ﬁunt
2416 1679 2721 1738 compotes,
2781 1669 2876 1724 sed
2907 1671 2961 1724 in
2987 1673 3324 1740 supplicium
3369 1687 3431 1724 ac
3463 1687 3584 1741 per-

2003 1760 2268 1814 ditionem
2328 1769 2743 1830 promoventur.
2795 1758 2888 1814 Sic
2922 1777 3143 1830 quoilue
3171 1761 3344 1815 Adam
3373 1776 3498 1815 cum
3525 1775 3585 1815 se

2002 1867 2032 1906 a
2059 1861 2358 1920 conspectu
2420 1851 2512 1906 Dei
2571 1852 2884 1908 avertisset.
2924 1852 2979 1906 in
3015 1862 3216 1906 terram
3249 1867 3318 1906 ex
3343 1869 3454 1922 qua
3487 1852 3583 1908 de-

2003 1956 2258 2017 suuiptus
2283 1953 2369 2002 est
2389 1961 2646 2002 reversus
2680 1963 2694 2000 :
2731 1966 2748 1998 ι
2777 1947 2903 2002 Vias
2921 1949 3121 2002 etenim
3145 1962 3358 2012 eorum,
3383 1947 3584 2018 inquit,

2003 2041 2058 2096 in
2085 2049 2250 2112 caput
2283 2040 2531 2112 ipsorum
2558 2039 2681 2094 dedi
2701 2040 2769 2092 δ’.
2801 2059 2820 2092 ι

387 2179 662 2236 ϐιειθτυηι
705 2177 1206 2234 murmurationem
1248 2175 1385 2230 vitio
1415 2172 1524 2228 illis
1557 2172 1744 2240 vertit,
1785 2179 2050 2240 tanquam
2107 2179 2301 2226 contra
2335 2171 2584 2241 seipsum
2627 2182 2776 2228 esset
2811 2171 2978 2238 facta,
3010 2188 3133 2243 quae
3160 2172 3228 2227 ad
3261 2174 3587 2230 sacerdotes

322 2268 535 2322 redibat
589 2275 798 2331 tamen,
829 2281 893 2320 ac
925 2264 1161 2336 proinde
1205 2264 1387 2334 inquit
1425 2280 1439 2316 :
1484 2279 1504 2312 ι
1531 2259 1668 2315 Vivo
1721 2275 1824 2328 ego
1861 2259 2150 2323 Dominus,
2197 2260 2664 2329 quemadmodum
2695 2259 2870 2314 locuti
2900 2260 3038 2314 estis
3077 2261 3130 2314 in
3162 2275 3326 2338 aures
3354 2278 3526 2328 meas,
3561 2281 3582 2316 ι

320 2364 376 2411 et
401 2355 662 2426 deinceps
696 2369 820 2425 qua:
862 2361 1200 2424 sequuntur.
1237 2354 1305 2406 At
1331 2367 1440 2422 quo
1471 2365 1572 2406 nos
1609 2350 1980 2419 cogitationes
2004 2357 2210 2401 nostra:
2235 2347 2544 2416 perducant
2567 2346 2692 2401 vide
2729 2365 2742 2401 :
2783 2349 2942 2417 quo?
2969 2348 3106 2402 Cum
3131 2348 3184 2402 id
3214 2349 3359 2419 quod
3388 2351 3586 2406 melius

318 2451 458 2508 erat,
489 2458 714 2514 sperare
749 2443 982 2504 nollent,
1015 2441 1068 2495 id
1093 2440 1242 2512 quod
1271 2439 1522 2494 deterius
1555 2445 1642 2494 est
1683 2437 2074 2506 experiuntur,
2109 2449 2236 2488 cum
2296 2443 2618 2504 sperassent
2659 2451 2963 2505 nunquam.
3001 2435 3142 2491 llinc
3187 2452 3316 2492 vere
3351 2436 3585 2504 dicitur,

318 2532 513 2588 Omnis
561 2531 656 2602 qui
715 2547 825 2585 non
867 2530 1049 2584 credit
1074 2529 1130 2583 in
1166 2527 1298 2594 Deo,
1330 2527 1497 2582 bonis
1527 2541 1650 2596 quae
1677 2540 1708 2578 a
1755 2523 1860 2578 ﬁde
1898 2523 2236 2593 proveniunt
2292 2521 2584 2575 excidit”.
2632 2520 3111 2588 Quemadmodum
3148 2525 3296 2578 enim
3330 2540 3390 2578 se
3421 2525 3587 2580 habet

320 2619 480 2686 illud,
548 2617 754 2674 «Juxta
812 2617 976 2673 ﬁdem
1029 2625 1177 2670 tuam
1249 2614 1365 2681 ﬁat,
1397 2633 1416 2666 ι
1455 2615 1532 2669 ita
1565 2629 1595 2668 e
1624 2611 1910 2668 contrario
1937 2610 2060 2674 hoc,
2100 2609 2262 2664 Juxta
2319 2607 2700 2663 inﬁdelitatem
2749 2621 2897 2664 luant
2945 2627 3055 2666 non
3089 2611 3208 2665 ﬁat.
3237 2611 3317 2666 Ac
3369 2613 3586 2668 idcirco

319 2705 522 2763 Petrus
556 2709 683 2764 ﬁdei
730 2706 1054 2761 inﬁrmitate
1085 2719 1213 2759 cum
1238 2702 1620 2774 extimuisset
1669 2715 1822 2754 mare
1851 2697 2152 2758 ﬂuctuans,
2184 2703 2271 2750 est
2301 2697 2655 2752 submersus.
2688 2696 2752 2750 lli
2786 2698 2977 2767 itaque
2999 2699 3053 2754 id
3112 2699 3260 2770 quod
3319 2701 3577 2771 sibiipsis

321 2804 482 2851 erant
504 2796 737 2868 polliciti
756 2797 1143 2866 experiuntur.
1181 2811 1200 2844 ι
1229 2790 1356 2846 Filii
1394 2805 1526 2846 vero
1559 2788 1755 2853 vestri,
1785 2785 1991 2858 inquit,
2025 2784 2204 2840 ferent
2237 2785 2641 2839 scortationem
2672 2795 2940 2840 vestram.
2977 2803 2995 2836 ι

392 2931 658 3004 Πορνείαν
700 2930 851 2998 λέγει
879 2929 981 3002 τὴν
1018 2929 1306 2993 ἀπιστίαν,
1339 2925 1460 2998 ἦτοι
1497 2923 1560 2978 τὸ
1596 2920 1903 2993 ἀποστῆναι

2075 2915 2346 2972 Caeterum
2381 2923 2776 2971 scortattonem
2835 2925 2997 2972 vocat
3025 2917 3390 2976 defectionem
3422 2936 3452 2976 a
3485 2921 3590 2979 ﬁde

320 3025 432 3080 ἀπὸ
469 3024 563 3080 τοῦ
593 3023 730 3078 Θεοῦ
756 3023 892 3096 (59).

392 3155 696 3220 Βαστάζειν
724 3155 824 3228 τὴν
859 3151 1122 3226 πορνείαν
1151 3151 1346 3216 εἰπὼν,
1381 3149 1499 3204 ἀλλ’
1533 3148 1636 3202 οὐκ
1677 3144 1899 3202 ἁπολεϊο

323 3250 472 3318 σθαι,
514 3249 684 3315 ἔδειξε
719 3249 812 3302 καὶ
845 3248 904 3302 τδ
929 3249 994 3302 ἐκ
1027 3245 1318 3309 κοινωνίας
1344 3244 1438 3299 τοῦ
1471 3243 1688 3313 γένους,
1716 3242 1812 3294 καὶ
1843 3237 1906 3290 τὸ

323 3346 389 3398 ὲκ
417 3344 684 3416 διαφορᾶς
720 3341 830 3394 τῶν
868 3339 1266 3412 προαιρέσεων.
1324 3335 1481 3392 Οὕτω
1515 3335 1611 3388 καὶ
1669 3333 1762 3386 ἐπὶ
1807 3329 1904 3386 τοῦ

324 3434 590 3496 ἑναντῐου,
617 3430 876 3501 κοινωνίᾳ
911 3429 1011 3500 μὲν
1055 3427 1248 3497 γένους
1295 3429 1360 3496 τῇ
1392 3425 1530 3498 πρὸς
1575 3423 1834 3494 Χριστὸν,
1871 3425 1906 3493 ἡ

326 3525 547 3580 πάντων
603 3519 938 3582 ἁῖάστασιςο
994 3517 1231 3588 διαφορᾷ
1291 3515 1347 3568 δὲ
1405 3515 1824 3586 προαιρέσεως,
1872 3514 1906 3583 ἡ

326 3611 686 3671 ἀνταπόδοσις
721 3611 756 3678 ἡ
795 3607 934 3678 μετά
963 3607 1065 3676 τὴν
1101 3606 1422 3659 ἀνάστασιν.

401 3787 513 3852 Κᾳὶ
539 3785 879 3852 ἐπένθησεν
909 3785 942 3836 ὀ
964 3779 1114 3848 λαὸς
1141 3779 1397 3850 σφόδρα.
1431 3779 1546 3834 Οὐκ
1588 3780 1670 3842 είς
1705 3777 1912 3848 ἀγαθὸν

330 3881 392 3936 τὸ
440 3848 659 3942 πένθος.
717 3848 842 3930 Ἐπὶ
881 3874 991 3945 γὰρ
1042 3848 1352 3941 παράλυσιν
1407 3871 1518 3924 τῶν
1581 3870 1911 3940 ὁρισθέντων

328 3973 577 4049 ὁρμῶσιν
594 3989 609 4002 ·
635 3971 774 4040 ὅπερ
799 3968 906 4022 ἔδει
935 3968 1112 4021 ποιεῖν
1139 3964 1247 4036 πρὸ
1268 3963 1368 4033 τῆς
1391 3963 1742 4032 ἀποφάσεως,
1773 3961 1912 4032 μετὰ

328 4065 506 4120 ταῦτα
539 4060 822 4123 ποιοῦντες
874 4057 1070 4126 θράσει
1117 4053 1416 4127 χρώμενοι,
1460 4052 1536 4117 ὡς
1568 4053 1690 4106 τότε
1739 4051 1912 4122 δειλίᾳ

2007 3006 2064 3064 in
2096 3009 2265 3064 Deum
2293 3007 2360 3063 ad
2397 3007 2746 3062 timiditatem
2780 3023 2960 3062 suam.

2079 3143 2244 3201 Ferre
2275 3153 2458 3200 autem
2494 3144 2640 3215 quod
2673 3144 2830 3210 dicit,
2862 3159 2966 3200 nec
2994 3143 3194 3216 perire,
3231 3148 3591 3203 communita.

2007 3245 2116 3294 tem
2167 3238 2384 3308 generis
2439 3237 2931 3306 diversitatemque
2977 3237 3320 3292 voluntatum
3382 3239 3589 3307 innuit,

2007 3331 2471 3402 quemadmodum
2511 3343 2541 3382 e
2580 3329 2800 3383 diverso
2835 3329 3026 3384 etiam.
3056 3328 3438 3385 Communitas
3465 3335 3590 3402 quia

2006 3425 2128 3479 dem
2165 3422 2381 3492 generis
2409 3436 2528 3474 eam
2583 3421 2884 3491 signiﬁcat,
2931 3435 3038 3491 qua
3075 3439 3201 3478 cum
3243 3424 3466 3480 Christo
3498 3442 3594 3482 su-

2011 3531 2134 3570 mus
2176 3514 2334 3587 ἀ,οά
2393 3514 2699 3583 conjuncti,
2749 3531 2980 3584 quaeque
3031 3526 3225 3572 nostra
3271 3525 3357 3572 est
3403 3536 3592 3574 resur-

2010 3604 2202 3658 rectio.
2273 3603 2574 3658 Diversitas
2643 3619 2772 3658 vero
2848 3605 3196 3660 voluntatum
3270 3609 3594 3666 retributioa

2012 3709 2161 3748 nem.

2087 3781 2348 3838 Ceterum
2373 3800 2491 3838 cum
2524 3785 2812 3840 audivisset
2843 3785 3068 3855 populus
3090 3788 3282 3853 minas,
3313 3787 3452 3843 luxit
3487 3792 3598 3845 val-

2018 3875 2102 3936 de,
2125 3881 2230 3928 etc.
2254 3872 2424 3945 [XlV,
2457 3873 2757 3946 59.]Atqui
2778 3878 2960 3933 luctus
2979 3879 3066 3932 hic
3085 3894 3192 3934 non
3213 3887 3296 3935 est
3326 3881 3406 3935 eis
3435 3883 3596 3936 bono.

2017 3965 2152 4020 Nam
2181 3965 2233 4018 in
2265 3965 2687 4024 dissolutionem
2741 3969 3088 4026 decretorum
3127 3971 3220 4026 Dei
3255 3983 3407 4028 eunt.
3441 3975 3596 4042 Quod

2021 4056 2174 4126 prius
2199 4063 2326 4111 ante
2381 4059 2725 4127 negationem
2791 4060 2936 4116 facto
2965 4078 3104 4132 opus
3153 4063 3359 4119 fuerat.
3387 4065 3591 4122 Verum

331 4157 502 4228 (ἅπερ
543 4153 712 4223 ἄμφω
735 4149 932 4220 κακὰ),
965 4148 1216 4216 λέγοντες
1238 4163 1252 4177 ’
1292 4166 1310 4198 ι
1337 4147 1468 4200 Ἰδοὺ
1507 4147 1669 4230 ἡμεῖς
1703 4144 1905 4213 ἀναδη-

2019 4156 2079 4201 ut
2105 4157 2230 4202 ante
2257 4148 2311 4202 in
2348 4151 2560 4222 agendo
2599 4153 2914 4208 timiditatis
2974 4155 3362 4223 impulsionem
3422 4161 3600 4214 secuti

332 4221 540 4320 σόμεδα
689 4243 783 4299 τὸν
819 4243 985 4296 τόπον
1023 4241 1084 4294 δν
1113 4235 1236 4294 εἷπε
1279 4239 1505 4310 Κύριος.
1538 4257 1557 4290 ι
1601 4221 1712 4292 κει
1739 4235 1913 4289 ταῦτα

2021 4237 2264 4305 fuerunt,
2297 4241 2370 4295 ita
2402 4259 2550 4300 nunc
2603 4243 2850 4300 audacia:
2883 4255 2937 4301 et
2966 4245 3318 4304 conﬁdentiae
3356 4265 3603 4320 sequun-

329 4338 612 4400 Μωῦσέως
641 4335 894 4405 λέγοντος
917 4349 930 4363 ⁸
973 4351 992 4384 ι
1014 4333 1134 4386 ἰνα
1174 4332 1222 4385 τί
1255 4333 1414 4401 ὑμεῖς
1452 4327 1824 4400 παραϐαίνετε
1854 4325 1905 4380 τέ

2019 4336 2133 4395 tur,
2170 4345 2234 4386 ac
2263 4334 2317 4386 in
2342 4342 2632 4405 utramque
2661 4345 2874 4406 partem
2899 4346 3155 4406 peccant.
3181 4337 3385 4394 Dicunt
3413 4342 3558 4396 enim
3587 4361 3600 4396 :

335 4429 488 4500 ῥῆμα
515 4426 761 4498 κυρίους
796 4424 872 4496 μὴ
911 4410 1264 4477 ἀναϐαίνετεε
1287 4441 1305 4473 ι
1335 4420 1473 4475 Οῦτε
1499 4415 1592 4474 οῦν
1618 4418 1756 4481 δέος,
1789 4415 1916 4470 οὔτε

2029 4437 2048 4470 ι
2071 4420 2253 4493 Agite,
2291 4426 2658 4482 ascendatnus
2694 4427 2749 4480 in
2781 4428 2960 4483 locum
2987 4427 3054 4483 de
3079 4443 3192 4498 quo
3227 4429 3368 4484 dixit
3417 4429 3604 4486 Domi-

331 4520 395 4574 τδ
419 4517 614 4572 δοκοῦν
639 4517 842 4586 θάρσος
874 4517 1066 4587 ἁρετὴ,
1108 4513 1281 4587 χωρὶς
1313 4511 1564 4582 ὑπακοῆς
1603 4507 1761 4574 Θεοῦ,
1792 4507 1905 4578 ἥτις

2019 4527 2194 4579 nus,»
2231 4518 2589 4586 quantumvis
2641 4517 2790 4574 Mose
2857 4519 3168 4576 reluctante
3221 4534 3286 4576 ac
3344 4521 3600 4577 dicente:

337 4610 538 4683 μᾶλλον
568 4612 666 4680 τῆς
691 4607 837 4662 κατὰ
865 4607 1130 4678 λογισμὸν
1160 4605 1420 4672 κρίσεως.

2027 4621 2045 4654 ι
2078 4603 2257 4661 Eccur
2303 4625 2404 4664 vos
2459 4609 2911 4680 transgredimini
2936 4611 3161 4665 verbum
3196 4611 3458 4668 Domini?
3495 4629 3604 4668 non

334 4705 650 4771 ascendite,
721 4704 966 4774 inquam.
1019 4720 1038 4754 ι
1083 4699 1239 4756 Unde
1308 4701 1484 4770 liquet
1527 4711 1702 4768 neque
1777 4691 2158 4766 timiditatem,
2225 4718 2402 4772 neque
2449 4705 2589 4759 falso
2643 4705 2912 4760 creditam
2983 4704 3360 4762 fortitudinem
3427 4723 3456 4761 a
3513 4707 3605 4764 Dei

334 4798 702 4856 obedientiam
762 4801 1079 4864 separatam
1154 4795 1416 4848 virtutem
1487 4791 1775 4847 exsistere.
1851 4787 1924 4842 Ea
1965 4790 2111 4846 enim
2153 4794 2311 4867 longe
2350 4801 2713 4868 praestantior
2782 4799 3019 4853 rationis
3081 4799 3297 4867 judicio
3323 4810 3432 4856 est.

409 4913 492 4968 Οὐ
521 4911 632 4984 γάρ
659 4911 794 4966 ἐστι
816 4909 1034 4977 Κύριος
1053 4907 1182 4976 μεθ’
1207 4905 1395 4976 ὑμῶν.
1429 4904 1638 4960 οὐκοῦν
1660 4902 1723 4957 τὺ
1762 4904 1910 4975 ίσχυ·

337 5003 433 5077 ρδν
467 5003 624 5077 ἡμῶν
656 5005 690 5072 ἡ
718 5001 855 5056 Θεοῦ
878 5000 1177 5073 παρουσία.

419 5205 632 5260 ’Δνιᾶσι
677 5205 846 5276 χωρὶς
895 5203 1135 5258 κιϐωτοῦ
1190 5204 1287 5259 καὶ
1336 5205 1640 5270 Μωῦσέως,
1683 5209 1821 5278 ὅπερ
1845 5203 1913 5280 ἦν

2090 4906 2212 4963 Non
2245 4912 2386 4964 enim
2413 4921 2492 4966 est
2527 4911 2790 4966 Dominus
2814 4911 3238 4974 vobiscum,etc.
3273 4913 3413 4988 [42.]
3461 4917 3608 4983 Qua-

2019 5005 2242 5068 propter
2277 5001 2449 5056 robur
2482 5015 2546 5056 ac
2583 5001 2814 5054 ﬁrmitas
2856 5009 3048 5056 nostra
3081 5003 3135 5056 in
3179 5007 3472 5073 praesentia
3512 5006 3606 5064 Dei

2021 5099 2126 5146 est.

2093 5203 2228 5270 Qua:
2267 5204 2430 5261 nobis
2470 5203 2638 5259 etiam
2667 5211 2872 5257 terram
2928 5204 3083 5260 nullo
3112 5209 3335 5277 negotio
3367 5209 3610 5266 tribuere

337 5293 833 5368 καταφρονητικὸν,
862 5293 958 5347 καὶ
979 5291 1206 5363 δυνάμει
1229 5294 1324 5346 καὶ
1347 5293 1543 5366 πλήθει
1569 5295 1905 5369 θαῤῥούντωι

2020 5307 2234 5372 posset.
2261 5295 2638 5352 Nihilominus
2665 5304 2846 5350 tamen
2869 5306 3152 5367 anguntur
3201 5301 3456 5356 destituti
3479 5319 3607 5358 arca

410 5453 616 5510 "Psal.
653 5425 914 5519 uthS.
990 5451 1035 5484 "
1065 5450 1419 5520 Psal.xrxvt,
1462 5457 1548 5511 Η.
1627 5461 1671 5494 ⁸ο
1704 5458 1898 5516 Matth.

2014 5461 2067 5516 ι.
2144 5460 2188 5492 δι
2227 5457 2419 5512 Matth.
2469 5472 2627 5524 xvtu,
2660 5457 2715 5510 5.
2791 5455 2836 5488 ⁸⁸
2893 5450 2998 5510 lsa.
3031 5449 3260 5516 “v.8.

338 5540 420 5591 tv,
460 5527 483 5580 i
515 5541 667 5596 seqq.

3363 5454 3410 5487 ⁵³
3441 5453 3606 5508 Rom.

1879 5639 2109 5696 ΝΟΤᾸΞ.

419 5749 529 5825 (59)
554 5751 634 5807 Τὰ
660 5750 800 5807 αὐτὰ
829 5752 1006 5818 ἄλλως
1033 5773 1148 5822 πως
1174 5757 1270 5811 καὶ
1294 5758 1322 5812 ὁ
1359 5757 1605 5830 Προκιῧπ.
1641 5759 1698 5812 ἐν
1720 5757 1797 5829 τῷ
1824 5757 1924 5830 τῆς
1962 5759 2037 5812 Αὐ
2049 5775 2100 5828 γ.
2133 5757 2264 5812 κώδ.
