4050 6212
508 290 614 354 835
1804 283 2158 344 PROCOPII
2195 282 2438 343 GAZA'II
3669 279 3771 338 836

506 419 562 465 et
581 407 747 463 Mose.
791 406 915 461 llaec
943 420 1073 459 vero
1105 419 1284 459 nonne
1319 400 1560 458 levicula
1604 398 1780 453 videri
1837 403 2089 468 poterant

2192 398 2320 453 ἄνευ
2353 395 2509 452 Θεοῦ.
2550 393 2706 449 Οὕτω
2755 395 2851 448 καὶ
2898 392 2968 448 τὰ
3014 392 3289 464 πολεμίων
3341 394 3424 456 εἰς
3458 392 3775 448 θεοσέϐειαν

508 499 576 555 iis
602 500 695 569 qui
735 497 826 552 Dei
850 496 1004 551 obliti
1041 495 1094 548 iu
1132 494 1373 563 potentia
1404 507 1469 549 ac
1532 489 1890 545 multitudine
1944 487 2083 540 tidu-

2192 485 2525 546 συνέτεινεν.
2564 482 2966 554 ὲπιδειχθέντα,
2989 480 3133 537 κατὰ
3153 480 3285 535 Θεὸν
3313 480 3536 535 ἀνύεται
3566 481 3774 543 αὐτοῖς.

506 590 650 643 ciam
677 587 1128 644 collocaveram?
1160 584 1361 641 Verum
1418 585 1522 639 boc
1571 583 1691 654 ipso
1742 579 1890 651 quod
1917 594 2085 649 penes

2192 576 2302 630 Καὶ
2335 577 2368 645 ἡ
2400 574 2511 628 τῶν
2542 575 2664 628 τότε
2708 574 2987 627 πεσόντων
3020 570 3219 643 φθορὰ,
3264 571 3379 633 τοῖς
3412 570 3598 635 ἄλλοις
3642 571 3777 624 παί-

511 678 680 735 Deum
709 680 890 733 omnia
921 692 1045 734 esse
1094 676 1459 741 demonstrat,
1518 676 1709 731 hostes
1747 671 1842 731 Dei
1867 671 1935 725 ad
1969 669 2085 724 cul-

1112 676 1459 741 Iemunslrat,
1518 676 1709 731 hostes
1747 671 1842 731 Dei
1867 671 1935 725 ad
1969 669 2085 724 cul-
2196 667 2377 731 δευσις
2408 662 2476 737 ἦν
2508 667 2711 737 ἀγαθή.

509 779 690 826 turam
737 771 856 839 ejus
888 778 941 825 et
968 770 1221 840 pietatem
1273 768 1491 823 invitat.
1530 766 1795 821 lnteritus
1859 775 2080 834 quoque
2118 758 2364 830 ipsorum
2418 760 2512 829 qui
2558 758 2937 813 occubuerunt
2996 755 3120 810 aliis
3191 756 3492 812 eruditioni
3554 756 3781 826 optima:

511 863 631 917 fuit.

583 1002 652 1056 Ut
670 992 1040 1057 'observarent
1068 1000 1324 1055 mandata
1370 999 1535 1053 Musis
1563 1014 1590 1051 a
1624 997 1734 1052 Deo
1778 996 1981 1051 tradita
2010 994 2077 1048 de
2103 984 2364 1062 praesenti
2424 996 2527 1039 sua
2559 980 2864 1044 voluntate,
2899 975 3174 1046 siquidem
3212 974 3325 1045 ipsi
3356 990 3581 1032 servare
3624 976 3774 1047 jussi

442 1114 448 1133 =
508 1106 618 1146 non
659 1097 989 1153 servarunt,,
1028 1104 1139 1143 non
1169 1088 1312 1157 jussi
1351 1102 1495 1142 novo
1530 1093 1868 1141 testamento
1893 1084 2157 1142 instante,
2202 1077 2360 1145 juxta
2393 1068 2764 1142 ριὀνιιθίίίιωο
2821 1080 3044 1121 δθτνπθ
3093 1064 3348 1157 δξυᾴωξξι·
3381 1063 3604 1157 ιάοίτςο
3661 1079 3775 1119 ¹¹⁰¹¹

508 1186 594 1232 est
655 1176 799 1230 Deus
849 1190 972 1229 cum
1008 1176 1112 1238 eis,
1144 1153 1199 1228 et
1228 1174 1555 1229 ceciderunt
1588 1174 1807 1227 interim
1838 1172 1967 1224 dum
2006 1171 2207 1223 vellent
2231 1166 2533 1219 observare
2552 1158 2726 1227 legem
2780 1157 3098 1222 importune
3128 1154 3184 1208 in
3214 1153 3362 1207 bello
3396 1155 3545 1222 quod
3571 1167 3765 1222 gesse-

511 1273 640 1320 runt
665 1269 864 1316 eontra
890 1262 1187 1324 Rullianus,
1217 1262 1352 1315 adeo
1394 1270 1453 1315 ut
1485 1261 1789 1314 etiamnum
1834 1257 2191 1313 recordantes
2218 1253 2288 1306 ob
2320 1250 2373 1304 id
2402 1249 2587 1319 ipsum
2615 1245 2682 1299 ad
2719 1242 3173 1323 internecionem
3202 1241 3423 1297 venisse
3458 1239 3771 1297 Sabbatum

511 1350 748 1420 amplius
781 1364 888 1403 non
925 1348 1243 1403 observent.

578 1476 649 1531 Et
678 1477 818 1532 dices
854 1476 922 1531 ad
950 1492 1038 1531 eos
1072 1493 1090 1531 :
1124 1476 1354 1542 Quando
1386 1477 1608 1546 ingrcssi
1637 1475 1846 1545 [ueritis
1877 1476 1933 1529 in
1982 1483 2090 1527 ter-

2273 1470 2459 1523 'Omr
2492 1463 2804 1530 εἰσέλθητε
2831 1464 2918 1528 εἰς
2946 1460 3061 1530 τὴν
3085 1460 3202 1529 γῆν
3234 1459 3347 1529 τῆς
3371 1456 3786 1525 κατοικήσεως

506 1583 622 1622 iam
662 1568 1009 1622 habitationis
1044 1579 1249 1623 vestrm.
1286 1567 1426 1641 μιν,
1454 1567 1535 1639 2.]
1576 1567 1739 1637 Atqui
1783 1565 2089 1636 ingressuri

2196 1560 2385 1631 ὑμῶν.
2426 1558 2619 1612 Καίτοι
2649 1558 2751 1610 οὐκ
2781 1554 3016 1626 ’ἤμελλον
3058 1553 3344 1607 εἰσελθεῖν.
3392 1551 3536 1606 Ἀλλ’
3565 1553 3623 1605 tv
3653 1552 3781 1606 τοὺ-

508 1676 621 1716 non
681 1672 854 1716 erant.
918 1661 1120 1716 Verum
1184 1662 1408 1731 quidem
1457 1662 1722 1742 est,.scd
1786 1661 1931 1715 inter
1994 1673 2090 1714 eos

1786 1661 1931 1715 inter
1994 1673 2090 1714 eos
2196 1672 2312 1718 τοις
2342 1654 2482 1708 εἰσὶν
2512 1653 2563 1707 οἱ
2598 1650 2787 1743 παῖδες
2815 1650 2864 1701 οἱ
2896 1645 3350 1715 εἰσελευσόμενοι.

509 1753 669 1808 liberi
693 1764 822 1809 sunt
847 1755 942 1824 qui
975 1755 1029 1808 in
1053 1770 1173 1809 eam
1198 1762 1327 1810 sunt
1354 1754 1683 1824 ingressuri.

506 1950 517 1960 ο
583 1887 647 1943 Et
676 1889 839 1959 facile
863 1889 1233 1944 holocaustum
1263 1887 1509 1949 Domino,
1542 1893 1651 1941 etc.
1686 1883 1790 1957 [3.]
1854 1882 2003 1938 Varii
2035 1898 2097 1936 ac
2128 1880 2333 1937 diversi
2392 1877 2564 1934 Deum
2591 1874 2808 1931 colendi
2846 1871 2992 1926 modi
3035 1877 3189 1934 sunt,
3249 1870 3393 1925 alius
3423 1868 3624 1960 estvel
3663 1885 3770 1942 per

512 1957 783 2047 integrum
815 1977 903 2030 vel
937 1992 1032 2046 per
1061 1976 1300 2030 divisum
1325 1973 1687 2037 sacrificium,
1749 1973 1894 2028 alius
1927 1970 1984 2024 lit
2017 1970 2103 2024 vel
2134 1967 2486 2023 exsolutione
2514 1964 2625 2019 voti
2651 1962 2736 2018 vel
2772 1961 3055 2017 oblatione
3112 1968 3443 2047 spontauea,
3476 1957 3622 2047 alius
3656 1972 3758 2026 per

508 2044 725 2125 votum,
751 2064 835 2118 vel
867 2044 963 2132 per
980 2062 1448 2131 deprecationem.
1477 2061 1752 2115 Caeterum
1788 2060 1971 2114 omnis
2023 2058 2208 2112 cultus
2261 2053 2543 2110 suaveolet
2598 2058 2653 2105 et
2699 2058 2964 2119 acceptus
3018 2055 3124 2107 est.
3152 2046 3255 2100 etsi
3304 2059 3531 2107 parvum
3565 2044 3782 2100 hocsit

510 2151 658 2221 quod
693 2151 762 2206 ad
792 2149 1200 2204 conciliandum
1226 2149 1396 2203 Deum
1432 2149 1752 2208 adducitur.
1788 2148 1903 2202 sive
1933 2160 2108 2214 agnus
2157 2144 2250 2208 sit,
2289 2143 2418 2196 sive
2448 2140 2630 2210 majus
2682 2138 2838 2209 quid,
2872 2138 3020 2191 velut
3060 2134 3229 2196 aries,
3288 2141 3386 2186 aut
3441 2132 3775 2221 maximum,

510 2218 682 2293 veluti
716 2239 837 2293 bos.
863 2238 1142 2294 Caeterum
1175 2239 1369 2292 horum
1394 2238 1642 2291 omnium
1674 2234 1787 2289 vice
1821 2234 2029 2288 oblatio
2053 2230 2261 2288 Christi
2292 2238 2399 2295 est,
2432 2237 2595 2300 prout
2623 2228 2859 2297 quisque
2894 2239 3018 2280 eum
3052 2222 3156 2278 sibi
3185 2220 3538 2291 usurpaverit
3571 2218 3779 2273 videli-

424 2358 425 2361 η
512 2335 621 2380 cet.
660 2324 911 2380 Victima:
938 2340 1070 2380 vero
1101 2326 1347 2394 cujusvis
1378 2326 1638 2393 similago
1669 2323 1826 2378 adest
1844 2324 2036 2386 etiam,
2057 2320 2152 2375 ubi
2180 2319 2462 2374 victimam
2484 2316 2679 2371 mortis
2706 2314 2924 2382 signum
2952 2326 3075 2367 esse
3105 2309 3373 2376 intellige,
3405 2306 3780 2376 similaginem

513 2427 644 2467 vero
671 2412 946 2465 alimonia
977 2422 1140 2480 atque
1192 2413 1338 2467 vitae.
1380 2410 1585 2465 Vivunt
1638 2412 1786 2465 enim
1818 2425 1912 2478 per
1940 2408 2108 2462 Deum
2162 2408 2417 2467 victimae.
2453 2402 2841 2473 imprimisque
2886 2399 3170 2454 Christus.
3225 2394 3455 2449 Necnon
3508 2407 3778 2448 mensura

512 2500 693 2555 cuivis
720 2501 956 2554 victima:
976 2500 1128 2569 justa
1168 2508 1252 2556 est
1282 2515 1347 2555 ac
1378 2499 1595 2564 idonea,
1621 2506 1786 2567 prout
1812 2498 1959 2552 enim
1995 2496 2218 2552 victima
2265 2494 2458 2559 fuerit,
2501 2492 2577 2546 ita
2607 2504 2832 2561 quoque
2859 2490 2991 2552 vita,
3015 2500 3137 2568 quae
3162 2500 3228 2541 ex
3251 2484 3476 2539 victima
3502 2483 3780 2542 nascitur.

508 2588 757 2643 exsistit.
790 2607 807 2640 ι
830 2586 1039 2644 Oll'erat
1070 2589 1304 2644 Domino
1340 2588 1435 2659 qui
1465 2587 1695 2642 adducit
1733 2586 2092 2641 sacriﬁcium.
2128 2583 2348 2639 Decima
2380 2580 2504 2651 ephi
2538 2592 2646 2632 una
2678 2590 2846 2646 super
2877 2588 3041 2644 agno,
3075 2573 3198 2626 duae
3228 2586 3397 2640 super
3428 2570 3629 2659 ariete,
3660 2575 3781 2623 tres

513 2692 682 2745 super
710 2678 906 2733 bove.»
943 2679 1026 2731 Ita
1050 2692 1157 2732 non
1183 2657 1431 2731 omnium
1462 2673 1693 2744 aequalis
1715 2682 1800 2727 est
1830 2675 1965 2727 vita.
1998 2673 2195 2728 Oleum
2240 2672 2371 2726 item
2420 2669 2581 2738 justa
2643 2678 2933 2728 mensura,
2969 2659 3443 2732 quemadmodum
3469 2666 3522 2713 et
3552 2657 3777 2745 vinum,

510 2763 581 2817 ad
600 2763 1024 2819 delectationem
1056 2765 1204 2821 enim
1238 2763 1371 2818 facit
1412 2762 1623 2817 laetitia.
1679 2760 1892 2827 Quarta
1933 2776 2065 2816 vero
2099 2775 2228 2832 pars
2276 2758 2373 2814 bin
2405 2767 2600 2828 quarta
2642 2770 2769 2827 pars
2820 2762 2906 2809 est
2966 2751 3201 2806 duarum
3232 2747 3544 2802 Atticarum
3604 2744 3777 2801 ehoa~

518 2865 665 2905 rum.

586 3002 697 3056 Lex
729 3001 915 3057 eadem
958 3002 1100 3056 vobis
1153 3011 1267 3057 esto
1296 3018 1359 3056 ea:
1382 3001 1620 3058 advenis.
1647 3000 1790 3074 [Νι]
1838 3001 2095 3073 Hocipso
2127 2991 2168 3044 Β

2268 3001 2465 3067 Νόμος
2509 2994 2599 3063 εἷς
2630 2996 2803 3050 ἔσται
2847 2994 2945 3049 καὶ
2993 2991 3283 3061 δικαίωμα
3311 2990 3383 3045 ἐν
3413 2990 3587 3045 ἔσται
3630 2989 3784 3059 ὑμῖν

516 3095 762 3163 gentium
791 3101 845 3147 et
894 3093 1115 3149 lsraelis
1177 3093 1466 3162 inqualitas
1532 3094 1835 3164 eademque
1885 3094 2098 3153 iustitia

2198 3096 2296 3149 καὶ
2336 3094 2417 3160 τῷ
2459 3093 2842 3162 προσηλύτῳ.
2899 3088 3101 3143 Ἐθνῶν
3136 3088 3321 3155 ἰσότης
3362 3087 3419 3139 ὲν
3466 3084 3640 3154 τούτῳ
3680 3084 3782 3138 καὶ

518 3185 925 3254 promulgatur.
955 3202 972 3233 ι
1000 3181 1151 3239 Unus
1188 3184 1335 3239 enim
1386 3182 1531 3238 Deus
1556 3193 1641 3240 est
1676 3185 1769 3255 qui
1835 3185 2102 3253 justiﬁca-

2199 3185 2293 3239 τοῦ
2336 3184 2557 3255 Ἰσραὴλ
2604 3181 3017 3255 προηγορεύετο
3048 3178 3159 3250 (60)
3193 3177 3313 3252 [καὶ
3349 3176 3625 3245 δικαίωμα
3665 3174 3776 3247 iv].

520 3275 599 3328 bit
628 3272 1109 3327 circumcisionem
1129 3288 1194 3326 ex
1230 3272 1356 3337 (ide,
1400 3271 1645 3344 itemque
1669 3276 1998 3347 prteputium
2030 3289 2098 3328 ex

2205 3297 2224 3330 ι
2270 3272 2365 3338 Εἷς
2406 3276 2516 3347 γὰρ
2543 3275 2697 3339 Θεὸς,
2752 3275 2810 3340 ὃς
2859 3271 3140 3327 δικαιώσει
3189 3270 3492 3341 περιτομὴν
3552 3270 3619 3321 ὲκ
3684 3269 3778 3321 πί-

519 3366 627 3421 ﬁde
666 3365 733 3419 ³⁵⁸.
2200 3384 2392 3430 στεως,
2423 3367 2517 3419 καὶ
2551 3362 2922 3437 ἀκροϐυστίαν
2950 3362 3039 3416 διὰ
3064 3363 3163 3432 τῆς
3190 3360 3449 3422 πίστεως.
3472 3377 3492 3411 ο

591 3478 958 3534 Circumcisio
1016 3492 1149 3533 vero
1210 3493 1334 3549 quae
1397 3479 1503 3536 nde
1568 3461 1699 3549 ﬁt;
1754 3481 2007 3554 depastio
2066 3487 2151 3553 est
2205 3488 2558 3536 terrenorum
2643 3492 2882 3533 morum.
2963 3472 3360 3545 conjungitque
3430 3471 3626 3530 ambos
3681 3488 3780 3546 po-

525 3567 705 3640 pulos.

596 3674 823 3741 Eritque
849 3674 1066 3744 quando
1090 3676 1423 3730 comederitis
1456 3675 1520 3729 de
1542 3675 1767 3746 panibus
1823 3685 2001 3740 terra,
2026 3683 2133 3729 etc.
2170 3671 2286 3744 [l9]
2319 3671 2431 3727 Hoc
2478 3672 2697 3742 quidem
2748 3671 2870 3727 loco
2920 3672 3255 3726 mentionem
3307 3670 3469 3742 panis
3533 3669 3690 3734 facit,
3721 3671 3777 3726 in

430 3836 433 3839 ἢ
521 3762 663 3819 libro
719 3761 1084 3818 Numerorum
1139 3779 1271 3819 vero
1334 3764 1625 3834 manipuli.
1681 3763 1857 3818 liabet
1911 3772 2095 3817 autem
2155 3759 2318 3833 405
2386 3760 2585 3813 horum
2650 3757 3046 3829 contemplatio
3084 3758 3401 3814 afﬁnitatem
3458 3759 3776 3829 quamdam.

517 3851 777 3906 Christus
810 3850 980 3915 enim,
1012 3851 1118 3906 etsi
1156 3852 1309 3922 spica
1343 3860 1429 3906 est
1456 3861 1682 3923 propter
1712 3866 1937 3906 carnem
1962 3867 2085 3920 qua:
2117 3867 2147 3904 e
2176 3862 2325 3904 terra
2351 3849 2666 3920 pullulavit,
2699 3865 2933 3919 granum
2957 3859 3139 3904 tamen
3166 3850 3408 3918 seipsqu
3465 3846 3773 3918 nuncupat.

524 3939 586 3991 Et
627 3939 693 3991 de
728 3939 888 3992 nobis
924 3940 1100 4008 inquit
1128 3944 1274 4010 quod
1308 3940 1506 3994 messis
1532 3941 1603 3995 sit
1634 3939 1861 4009 copiosa
1889 3940 1958 3992 ".
1997 3935 2196 3993 Verum
2230 3938 2513 3993 enimvero
2559 3936 3024 4005 quemadmodum
3059 3937 3379 4006 manipulus
3413 3936 3643 3991 offertur
3673 3938 3777 3992 hoc

524 4026 643 4094 ipso
668 4028 887 4094 quodin
922 4041 981 4080 se
1009 4026 1332 4095 complexus
1355 4035 1439 4082 est
1466 4042 1679 4081 omnes.
1719 4045 1737 4077 ι
1767 4025 1902 4081 Volo
1944 4027 2115 4089 enim,
2171 4027 2373 4097 inquit,
2410 4037 2469 4081 ut
2495 4026 2587 4080 ubi
2618 4040 2739 4079 sum
2771 4040 2896 4096 ego,
2938 4026 3144 4079 ibidem
3201 4026 3316 4078 sint
3339 4036 3393 4078 et
3421 4026 3615 4095 ipsi".
3643 4045 3662 4078 ι
3688 4024 3778 4080 Et-

520 4114 666 4166 enim
697 4114 859 4167 simul
896 4113 1155 4167 excitavit
1180 4130 1300 4176 nos,
1350 4115 1629 4183 simulque
1654 4115 1949 4168 collocavit
1988 4116 2041 4168 in
2064 4117 2406 4181 caelestibus,
2427 4117 2610 4185 inquit
2642 4115 2955 4170 Paulus".
3003 4114 3278 4181 Quocirca
3313 4117 3480 4169 etiam
3513 4114 3777 4185 perendie

523 4216 552 4252 a
586 4203 762 4271 primo
787 4200 873 4255 die
903 4202 1243 4271 manipulum
1296 4201 1495 4257 Oilei-re
1521 4203 1701 4272 jubet,
1731 4203 1835 4256 hoc
1883 4209 1989 4268 est,
2024 4204 2113 4257 die
2149 4207 2314 4260 tertia
2349 4221 2457 4276 qua
2496 4205 2752 4262 Christus
2784 4205 3111 4263 resurrexit.
3136 4204 3361 4275 quando
3387 4204 3545 4257 etiam
3598 4216 3773 4256 novas

523 4289 706 4356 spicas
741 4287 941 4366 oﬂ‘erre
985 4288 1254 4357 prlBClpii,
1290 4304 1410 4358 quae
1444 4290 1919 4354 nos-adumbrant,
1963 4304 2086 4353 nos,
2113 4291 2366 4362 inquam,
2411 4293 2507 4362 qui
2555 4290 2966 4346 innovationem
3000 4306 3095 4359 per
3123 4292 3302 4359 ipsum
3330 4290 3609 4354 habemus,
3640 4298 3694 4343 et
3716 4288 3778 4344 in

525 4376 641 4443 ipso
661 4375 885 4432 odorem
917 4375 1232 4445 [migranti-ae
1259 4376 1543 4430 offerimus
1571 4393 1585 4439 ;
1619 4376 1738 4430 sine
1770 4392 1835 4430 eo
1865 4378 2011 4430 enim
2050 4377 2164 4432 ﬁeri
2191 4380 2343 4433 nullo
2367 4380 2530 4434 modo
2563 4386 2764 4448 potest,
2793 4380 2937 4432 sicut
2965 4393 3068 4431 uec
3095 4380 3265 4448 spica:
3296 4393 3453 4433 nova:
3478 4378 3598 4433 sine
3620 4378 3782 4433 simi-

525 4464 707 4535 lagine
733 4481 855 4518 esse
876 4470 1125 4531 possunt.
1162 4478 1288 4516 cum
1314 4466 1552 4532 impares
1591 4463 1701 4515 sint
1731 4464 2052 4533 similagini,
2082 4482 2202 4531 quae
2230 4482 2294 4521 ex
2327 4469 2511 4521 tritico
2541 4473 2778 4520 constat.
2812 4467 2991 4533 Supra
3026 4480 3129 4519 nos
3171 4466 3320 4520 enim
3349 4474 3492 4533 erat,
3517 4465 3778 4535 quamvis

527 4561 790 4617 tanquam
822 4564 967 4603 unus
1006 4557 1156 4603 esset
1195 4565 1260 4604 ex
1303 4550 1485 4605 nobis.
1539 4550 1783 4621 Denique
1814 4567 1942 4606 vero
1988 4557 2147 4622 panis
2194 4571 2415 4625 quoque
2448 4555 2563 4623 ipse
2590 4562 2696 4615 est,
2729 4566 2996 4621 novaeque
3048 4554 3463 4622 cunspersionis
3531 4554 3782 4614 initium.

527 4637 993 4707 quemadmodum
1031 4637 1204 4690 Adam
1228 4637 1470 4704 antiquae
1501 4636 1604 4691 fuit
1636 4654 1649 4691 :
1684 4654 1869 4692 verum
1904 4639 1994 4695 hic
2034 4642 2251 4711 quidem
2277 4642 2723 4713 transgressione
2760 4639 2968 4694 invexit
3000 4648 3259 4704 mortem,
3288 4641 3382 4695 ille
3400 4655 3533 4696 vero
3563 4640 3784 4694 sancti—

529 4726 738 4790 monia,
769 4725 956 4779 vitam.
988 4721 1202 4779 Revixit
1228 4725 1371 4778 enim
1408 4734 1584 4779 morte
1618 4726 1966 4789 conculcata,
1991 4739 2045 4783 et
2076 4737 2361 4798 assumpta
2386 4727 2733 4781 humanitate
2769 4726 3181 4794 incorruptibili
3245 4728 3620 4796 primitiarum
3652 4728 3778 4781 loco

530 4830 652 4869 sese
677 4813 825 4867 Patri
855 4813 1071 4868 obtulit.
1099 4814 1373 4879 Quocirca
1400 4828 1595 4883 panem
1626 4815 1679 4868 in
1710 4814 1930 4872 Sanctis
1971 4826 2286 4872 sanctorum
2351 4816 2672 4871 obtulerunt
2705 4816 2895 4869 etiam.
2920 4813 3068 4869 Pane
3105 4816 3260 4879 item,
3290 4816 3385 4885 qui
3413 4830 3442 4868 a
3467 4815 3789 4885 similagine

530 4901 788 4957 diversus
812 4918 935 4957 esse
967 4902 1176 4965 debuit,
1207 4900 1438 4956 innuere
1469 4901 1662 4966 voluit,
1696 4901 1857 4957 [idem
1894 4904 2068 4972 reipsa
2096 4905 2508 4974 comprobatam
2544 4903 2651 4956 Deo
2679 4903 2977 4973 gratiorem
3012 4919 3158 4969 esse,
3213 4906 3355 4958 unde
3376 4911 3432 4958 et
3458 4916 3617 4957 esum
3650 4917 3785 4970 pro-

528 4990 710 5058 prium
727 4990 1011 5044 hominum
1045 4990 1277 5044 salutem
1313 4999 1494 5053 vocat,
1528 5004 1649 5058 qua:
1686 4989 1741 5042 tit
1765 4990 1819 5044 in
1850 4990 1954 5045 [ide
1984 4998 2079 5043 aut
2126 5007 2312 5061 opere.

602 5120 756 5187 Quod
810 5131 990 5177 autem
1053 5121 1249 5175 attinet
1285 5120 1349 5173 ad
1413 5130 1699 5189 peccatum
1755 5122 2099 5191 ignorantim,
2131 5135 2172 5191 ο

2278 5123 2413 5193 Περὶ
2448 5122 2546 5191 τῆς
2589 5122 2733 5176 κατὰ
2775 5122 2996 5190 ἄγνοιαν
3044 5123 3323 5193 ἁμαρτίας
3351 5122 3444 5176 τὸν
3469 5122 3649 5176 πάντα
3696 5139 3789 5176 κε-

525 5224 790 5270 cunctum
849 5213 1107 5284 populum
1176 5213 1450 5283 integrum
1505 5215 1695 5269 bovem
1777 5216 2103 5271 comburere

2209 5214 2356 5268 λεύει
2389 5215 2517 5268 λαδν
2557 5213 2684 5285 βοῦν
2714 5212 3044 5268 ὁλοκαυτοῦν
3083 5215 3175 5267 καὶ
3207 5215 3446 5286 χίμαρον
3465 5231 3478 5245 ·
3507 5214 3788 5284 ἀνηνέχθη

528 5306 757 5362 mandat
786 5320 909 5359 cum
939 5306 1111 5359 hirco.
1143 5302 1371 5360 Oblatas
1400 5313 1485 5360 est
1519 5296 1575 5359 in
1600 5307 1826 5359 odorem
1854 5307 2104 5360 suavitao

2210 5305 2318 5377 γὰρ
2346 5307 2423 5369 εἰς
2461 5304 2636 5375 ὀσμὴν
2679 5304 2908 5367 εὐωδίας
2952 5304 3209 5376 Χριστὸς,
3255 5305 3397 5378 ὑπὲρ
3445 5303 3554 5359 τῶν
3601 5307 3789 5377 ἀμαρ-

598 5469 833 5523 υιζοιη.
876 5484 954 5530 ni,
1013 5469 1101 5523 '50.
1175 5466 1378 5521 "Luc.
1418 5485 1469 5534 χ,
1503 5468 1557 5522 2.
1636 5469 1867 5524 “Joan.
1936 5486 2067 5531 xm,
2118 5471 2189 5525 ει

1175 5468 1223 5500 ⁸⁸
1248 5466 1378 5521 Luc.
1418 5485 1469 5534 χ,
1503 5468 1557 5522 2.
1636 5471 1683 5501 ’δ
1709 5469 1867 5524 Joan.
1936 5486 2067 5531 xm,
2118 5471 2207 5525 Ἡ.
2292 5472 2335 5503 ⁸⁷
2364 5472 2565 5542 Ephes.
2604 5489 2674 5538 ll,
2716 5473 2769 5527 6.

2062 5581 2285 5638 NOTAE.

599 5691 712 5759 (GU)
759 5689 1218 5761 Προκηρύττεται.
1265 5686 1323 5742 '0
1351 5691 1441 5759 τῆς
1469 5690 1610 5758 Λύγ.
1657 5665 1778 5746 έὼδ.
