4050 6212
300 328 402 394 83‘!
1395 284 1930 386 COMMENTARII
1964 320 2046 382 IN
2082 320 2467 381 nummos.
3449 320 3554 384 εδδ

300 441 438 505 σκιῶν
471 439 581 496 τῶν
619 438 909 511 ἡμετέρων
960 437 1150 493 παθών
1174 456 1188 471 ·
1228 438 1326 493 ἕνα
1366 439 1424 495 δὲ
1468 440 1720 507 ἕκαστον,
1754 434 1889 509 αἶγα

1989 438 2063 494 tis
2091 432 2367 501 Christus,
2394 450 2518 493 cum
2547 449 2645 506 pro
2683 435 2921 505 peccatis
2947 433 3307 491 nostrisessel
3346 447 3561 502 passus.

307 531 469 602 μίανο
501 528 727 583 ἔλαττον
756 527 865 598 γὰρ
906 522 993 593 αῐξ
1051 526 1195 597 βοὸς,
1227 527 1321 581 καὶ
1374 527 1562 599 θήλεια
1614 515 1876 600 apparo;-

1984 527 2442 600 Unumquemque
2472 543 2604 584 vero
2625 544 2846 601 capram
2865 545 3057 583 uuam.
3091 525 3268 581 Vilior
3299 525 3447 579 enim
3472 540 3561 577 ca-

306 624 426 687 ἑνδς
450 622 561 693 γὰρ
583 622 651 675 τὸ·
669 620 875 691 πλῆθος
905 621 1092 691 μεῖζον
1115 621 1210 674 καὶ
1235 621 1609 691 ἰσχυρόιιτερον.Δ
1645 640 1663 673 ι
1689 621 1879 674 Ἑκου-

1985 636 2083 694 pra
2127 622 2267 677 bove
2322 630 2427 688 est,
2488 621 2702 677 femella
2773 622 2905 675 item
2963 622 3231 675 masculo.
3261 619 3336 674 Ita
3397 622 3564 675 etiam

307 715 439 776 σίως
465 711 574 782 γὰρ
612 711 1040 783 ἁμαρτανόντων
1074 711 1252 782 ἡμῶν,
1287 710 1387 764 οὐκ
1414 710 1495 765 ἔτι
1540 711 1669 783 περὶ
1703 712 1884 782 ἀμαρ-

1983 731 2096 770 uno
2131 716 2318 785 aliquo
2352 725 2528 771 cauus
2559 722 2713 770 totus
2741 715 2916 784 major
2960 724 3045 770 est
3077 722 3131 770 et
3158 714 3416 771 validior.
3459 734 3478 767 ε
3503 716 3559 769 Si

302 805 427 869 τίεις
451 802 812 857 ἀπολείπεται
845 800 1030 857 Busta.
1065 821 1085 854 ι
1123 801 1266 865 Τοὺς
1299 800 1673 872 παρελθόντας
1710 802 1767 855 δὲ
1813 802 1883 856 τὰ

1984 807 2128 862 enim
2199 817 2396 878 sponte
2428 818 2633 863 etcum
2686 808 2970 862 voluntate
3020 822 3120 862 nos
3164 807 3561 878 delinquimus,

302 897 585 961 Μωῦσέως
626 897 693 967 τῇ
728 895 798 949 δι’
840 894 1075 964 αἵματος
1135 895 1429 966 ἐπικουρίᾳ
1478 895 1769 967 προσάγει,
1812 895 1880 949 τὰ

1987 900 2460 970 nullumamplius
2505 915 2604 971 pro
2633 902 2870 968 peccatis
2916 898 3251 953 sacriﬁcium
3294 899 3563 970 reliquum

302 989 540 1061 Χριστοῦ
563 989 798 1058 κρείττω
827 987 937 1040 τῶν
976 988 1032 1038 ὲν
1060 987 1213 1057 νόμῳ
1238 986 1474 1050 δεικνύς.

1989 991 2195 1060 fit";i
2257 1008 2354 1046 eos
2411 1008 2546 1046 vero
2612 993 2703 1062 qui
2760 993 3240 1062 transgrediuntur
3306 991 3566 1046 mandata

303 1080 470 1137 Mosis
511 1079 799 1150 sanguinis
850 1076 1112 1148 praesidio
1165 1077 1397 1132 attrahit
1449 1096 1462 1133 :
1517 1091 1580 1132 ea
1641 1091 1763 1148 qua:
1829 1075 1884 1132 in
1921 1077 2143 1135 Christo
2165 1089 2292 1136 sunt
2323 1080 2391 1137 iis
2437 1095 2560 1151 qua:
2594 1080 2807 1139 suntin
2838 1080 2957 1152 lege
2991 1081 3205 1151 potiora
3280 1097 3406 1138 esse
3467 1082 3566 1138 de-

301 1175 645 1225 monstrans.
2254 1168 2259 1179 ‘
3516 1166 3521 1171 “

369 1284 568 1340 Anima
590 1282 929 1356 qureafiquid
963 1283 1149 1353 fecerit
1178 1300 1271 1353 per
1321 1299 1536 1337 manum
1590 1284 1893 1350 superbam,
1949 1291 2056 1338 etc.
2115 1283 2327 1339 Peccati
2373 1284 2641 1340 mortiferi
2670 1300 2832 1355 poena
2861 1301 3012 1342 mors
3048 1295 3156 1343 est.
3208 1287 3279 1342 At
3301 1286 3563 1344 Christus

301 1371 561 1427 omnibus
581 1371 650 1425 ad
676 1378 906 1425 mortem
937 1386 1045 1425 non
1080 1371 1529 1441 delinquentibus
1580 1370 1783 1425 delicta
1839 1386 1937 1425 sua
1986 1371 2235 1424 dimittit.
2288 1371 2617 1441 IIujusmodi
2681 1373 2785 1427 fuit
2819 1373 2939 1443 ejus
2971 1375 3065 1444 qui
3104 1376 3561 1447 lcgispraeceptis

303 1458 568 1530 neglectis
600 1458 744 1526 ligna
772 1458 994 1526 collegit
1018 1455 1281 1512 Sabbato.
1345 1455 1502 1523 Quod
1533 1457 1757 1526 quidem
1792 1472 1904 1512 non
1935 1459 2251 1528 arrogantia
2284 1459 2442 1527 fecit,
2476 1476 2667 1516 verum
2699 1461 2828 1530 quia
2862 1462 3060 1517 horum
3111 1463 3559 1522 observationem

303 1557 565 1617 tanquam
592 1547 819 1601 minime
851 1547 1221 1602 necessariam
1262 1547 1415 1616 parvi
1440 1546 1648 1616 pendit,
1703 1561 1883 1616 neque
1918 1548 2155 1603 attendit
2193 1550 2547 1619 spiritualem
2592 1566 2816 1606 sensum
2840 1552 2893 1606 in
2926 1553 3078 1608 hisce
3104 1554 3332 1610 subesse
3372 1556 3557 1611 rebus.

301 1634 757 1704 Acorporalibus
804 1633 951 1688 enim
1009 1634 1494 1688 observationibus
1522 1647 1590 1687 ex
1631 1633 1864 1687 rationis
1897 1633 2162 1691 instinctu
2217 1652 2441 1691 vacasse
2488 1653 2707 1708 semper
2756 1638 2934 1693 fraudi
2991 1639 3114 1705 fuit,
3170 1643 3562 1713 sapientiaeque
3601 1684 3604 1687 .

302 1724 502 1782 obfuit.
532 1725 861 1780 Continebat
897 1739 1028 1779 vero
1056 1714 1325 1793 septimus
1354 1724 1441 1779 ille
1486 1722 1606 1778 dies
1657 1723 1955 1793 imaginem
2004 1724 2127 1778 vitm
2179 1725 2513 1794 tranquilla).
2567 1725 2768 1794 quaain
2807 1728 3174 1782 sanetimonia
3225 1730 3558 1784 consisteret

303 1831 539 1887 quicque
578 1818 869 1871 verissime
902 1816 956 1869 in
984 1814 1183 1895 futuro
1224 1814 1328 1868 erit
1363 1828 1503 1868 aevo.
1561 1810 1788 1866 Sabbati
1823 1821 2003 1866 autem
2041 1812 2413 1882 transgressio
2443 1812 2605 1867 fiebat
2632 1823 2684 1866 et
2714 1828 2811 1881 per
2841 1814 3348 1878 circumcisiouem,
3384 1825 3439 1871 et
3470 1832 3563 1871 sa-

302 1904 534 1961 crificia.
562 1903 679 1968 Quo
715 1904 893 1973 majus
921 1903 1183 1974 quiddam
1215 1902 1571 1968 innuebatur,
1599 1901 1842 1956 cessatio
1870 1899 2124 1955 videlicet
2158 1902 2228 1956 ab
2258 1901 2518 1969 cperibus
2557 1902 2898 1966 carnalibus,
2956 1903 3241 1972 studiique
3269 1911 3324 1959 et
3356 1904 3559 1961 laboris

302 1994 476 2048 divini
510 2001 727 2064 tempus
759 2010 884 2050 esse
910 2009 1077 2049 nunc.
1122 1991 1395 2047 Caeterum
1426 1991 1702 2062 lignorum
1752 1989 2035 2044 aridorum
2059 1989 2336 2050 collectio,
2372 1986 2648 2058 significat
2684 1989 2927 2043 studium
2953 1988 3100 2060 quod
3125 2006 3354 2060 operum
3393 1993 3559 2047 cada»

305 2085 530 2140 veribus
572 2085 930 2155 impenditur.
979 2084 1137 2151 Quod
1191 2085 1414 2156 quidem
1446 2099 1589 2154 opus
1630 2083 1844 2138 exilius
1898 2089 1985 2138 est
2016 2094 2080 2133 eo
2107 2093 2217 2147 quo
2240 2076 2486 2130 Adamus
2525 2075 2657 2145 ligni
2690 2075 2815 2130 vita:
2860 2078 3200 2146 appetitione
3236 2079 3505 2133 laboravit
3541 2098 3557 2135 :

307 2173 456 2226 illum
482 2188 628 2227 enim
662 2174 969 2243 necessitas
1003 2180 1058 2227 et
1084 2189 1222 2229 usus
1248 2173 1470 2226 futurus
1500 2171 1706 2240 adegit,
1757 2170 1904 2223 hunc
1938 2180 2151 2239 pracox
2182 2163 2460 2234 quoddam
2497 2164 2768 2227 studium,
2800 2175 2852 2218 et
2880 2166 2990 2218 otio
3030 2165 3257 2235 quidem
3284 2169 3560 2236 corporali

306 2261 553 2316 deterius
581 2279 596 2324 ;
628 2267 857 2330 praestat
881 2260 1025 2315 enim
1055 2262 1124 2315 ab
1150 2277 1319 2332 opere
1348 2275 1590 2324 cessare,
1615 2274 1778 2328 quam
1808 2268 2153 2311 mortuorum
2185 2269 2414 2324 operum
2445 2254 2632 2309 studio
2690 2253 3010 2308 exanimare
3055 2255 3323 2321 animum,
3358 2264 3412 2310 et
3435 2273 3561 2326 pee-

306 2356 555 2402 catorum
585 2346 821 2402 ﬂamma:
854 2348 1142 2401 materiam
1165 2360 1481 2417 suggerere.
1520 2345 1820 2400 Sabbatum
1848 2349 2032 2414 itaque
2060 2352 2145 2397 est
2173 2342 2345 2394 otium
2372 2341 2587 2405 mundi,
2616 2339 2976 2396 circumcisio
2998 2356 3130 2396 vero
3160 2351 3246 2396 est
3282 2344 3558 2399 involueri

307 2435 531 2500 ablatio,
564 2435 723 2504 juxta
755 2434 892 2489 illud
922 2449 937 2489 :
970 2454 988 2487 ι
1012 2433 1267 2489 Edocebo
1319 2449 1519 2504 pravos
1550 2435 1668 2488 vias
1716 2434 1922 2488 tuas”.
1946 2450 1966 2483 ι
2000 2431 2077 2485 Ac
2112 2428 2427 2498 hujusmodi
2468 2427 2535 2481 ad
2569 2428 2740 2482 Deum
2795 2440 3058 2497 tanquam
3103 2430 3246 2484 dona
3285 2432 3562 2487 adducere

307 2531 547 2593 oportet,
570 2523 674 2576 ista
707 2523 853 2576 enim
881 2534 964 2576 est
986 2524 1340 2575 vnctimarum
1369 2521 1604 2575 oblatio.
1637 2518 1911 2574 Czeterum
1968 2518 2184 2589 operari
2247 2516 2475 2580 mundo,
2520 2531 2794 2585 sacraque
2851 2517 3037 2571 divina
3069 2534 3192 2588 quze
3218 2519 3270 2574 in
3308 2521 3562 2575 homines

307 2610 570 2674 conferri,
603 2617 658 2664 et
688 2610 755 2663 ad
785 2610 1052 2662 honorem
1092 2609 1335 2663 nominis
1360 2609 1534 2663 divini
1562 2607 1760 2661 referri
1792 2607 2015 2669 debent,
2046 2606 2321 2667 omittere,
2377 2604 2495 2658 haec
2527 2613 2611 2658 est
2643 2602 2870 2657 violatio
2919 2608 3258 2660 sacrosancti
3300 2605 3554 2670 Sabbati,

306 2695 471 2769 ωδ
512 2706 566 2750 et
593 2695 1036 2751 circumcisionis
1057 2704 1110 2749 et
1146 2695 1430 2750 sacrificii.
1491 2693 1763 2760 Quocirca
1790 2708 2009 2763 poenam
2059 2691 2243 2746 reddit
2288 2692 2559 2761 exemplo,
2594 2692 2663 2745 iis
2695 2692 2786 2761 qui
2826 2693 2879 2746 in
2919 2694 3029 2745 vita
3056 2708 3158 2747 sua
3188 2695 3379 2748 carnis
3410 2697 3551 2750 ritus

309 2794 364 2838 et
404 2785 704 2854 perniciem
758 2792 1051 2854 peragunt.
1108 2780 1329 2836 Nullum
1367 2796 1497 2837 vero
1537 2782 1717 2836 adhuc
1766 2788 1980 2835 certum
2034 2780 2365 2850 supplicium
2416 2778 2953 2833 Sabbativiolationi
2996 2789 3115 2834 erat
3166 2781 3559 2847 constitutum,

310 2873 774 2942 quemadmodum
819 2872 872 2926 in
920 2871 1237 2927 actionibus
1285 2872 1356 2926 iis
1406 2885 1531 2925 cum
1562 2869 1770 2939 quibus
1815 2877 2010 2923 natura
2065 2875 2293 2938 pugnat,
2346 2866 2612 2924 caedibus.
2674 2866 2956 2922 veneficiis
3007 2866 3290 2923 videlicet.
3350 2868 3563 2936 Quibus

306 2960 510 3027 justam
542 2956 595 3014 et
623 2959 876 3014 idoneam
905 2974 1124 3029 pcenam
1149 2967 1349 3012 natura
1377 2957 1652 3030 decrevit.
1682 2958 1883 3010 Verum
1939 2956 2221 3011 enimvero
2245 2954 2472 3009 Sabbati
2502 2954 2764 3009 delictum
2798 2952 3147 3008 manifestam
3179 2970 3287 3010 non
3326 2958 3562 3012 habebat

310 3049 553 3117 culpam,
586 3057 924 3118 utpote-qua:
948 3063 1009 3103 se
1034 3055 1256 3101 tandem
1284 3047 1337 3101 iu
1360 3058 1592 3100 auctore
1620 3044 1913 3115 prodebat,
1940 3057 2070 3098 cum
2104 3059 2248 3097 unus
2279 3058 2348 3096 ex
2371 3042 2497 3097 aliis
2524 3042 2786 3096 erunibus
2813 3041 2867 3095 in
2896 3042 3068 3112 legem
3090 3042 3416 3113 delinquere
3450 3061 3565 3100 non

311 3135 590 3190 extimuit.
613 3134 846 3205 Insuper
871 3150 1003 3189 vero
1054 3142 1255 3189 cuncta
1304 3149 1398 3189 ars
1433 3133 1784 3193 mechanica.
1815 3141 2060 3200 quaestus
2092 3135 2220 3187 item
2240 3134 2335 3203 qui
2370 3132 2519 3187 circa
2539 3143 2913 3186 commeatum
2946 3142 2999 3186 et
3023 3133 3203 3189 victus
3235 3134 3565 3205 acquisitio-

314 3238 437 3278 nem
461 3230 775 3287 versantur,
809 3222 929 3276 sive
959 3220 1104 3291 ignis
1138 3235 1306 3291 opera
1337 3221 1457 3276 sive
1487 3220 1631 3273 citra
1656 3234 1776 3273 eam
1806 3218 1960 3286 flant,
1984 3222 2243 3290 quocirca
2273 3221 2436 3275 etiam
2470 3227 2619 3273 vetat
2645 3219 2897 3290 septimis
2921 3219 3117 3276 diebus
3140 3221 3322 3290 ignem
3356 3224 3549 3278 incen-

311 3310 467 3374 dere,
496 3318 757 3380 tanquam
807 3324 1036 3379 operum
1095 3323 1323 3364 causam
1374 3307 1737 3376 ipsissimam.
1804 3307 1997 3367 Porro.
2034 3311 2179 3379 ignis
2233 3309 2465 3363 materia
2520 3309 2666 3379 ligna
2718 3315 2872 3375 sunt,
2916 3308 3150 3377 proinde
3185 3310 3233 3364 is
3263 3311 3357 3378 qui
3408 3311 3563 3381 ligna

312 3409 613 3467 congregat
647 3412 754 3452 non
788 3398 988 3451 minori
1020 3397 1182 3467 culpa
1215 3411 1276 3452 se
1303 3395 1628 3464 obstringit,
1654 3409 1818 3464 quam
1846 3397 1940 3464 qui
1976 3398 2155 3469 ignem
2182 3396 2235 3450 in
2256 3396 2509 3450 flammas
2532 3394 2811 3450 concitat.
3088 3390 3093 3397 ’

390 3484 453 3539 Et
493 3485 696 3554 faciant
722 3484 825 3537 sibi
845 3485 976 3551 ipsis
998 3484 1266 3552 ﬁmbrias,
1292 3492 1397 3538 etc.
1430 3478 1574 3553 μιν,
1599 3480 1717 3554 58.]
1754 3482 2040 3553 Supplicio
2070 3483 2192 3552 ejus
2219 3485 2311 3552 qui
2347 3482 2650 3536 Sabbatum
2684 3498 2794 3537 non
2827 3483 3145 3538 observavit
3171 3485 3562 3541 mandatorum

317 3572 411 3626 Dei
442 3558 926 3635 commentarium,
959 3585 1028 3626 ne
1062 3585 1161 3638 par
1194 3570 1401 3623 oblivio
1431 3583 1625 3623 eorum
1674 3570 1836 3625 nobis
1869 3586 2089 3639 quoque
2120 3570 2370 3638 obrepat,
2408 3570 2719 3640 subjungit.
2760 3568 2970 3624 Natura
3037 3572 3184 3625 enim
3243 3587 3338 3641 per
3376 3587 3436 3628 se
3470 3574 3556 3627 in-

316 3658 590 3714 serviendi
650 3657 905 3711 humane
932 3657 1299 3711 imbecillitati
1337 3664 1423 3711 est
1480 3672 1775 3725 propensa,
1807 3659 1941 3725 quin
1971 3666 2027 3712 et
2060 3659 2399 3712 monimento
2435 3657 2580 3725 quod
2614 3672 2644 3710 a
2674 3666 2823 3711 terra
2878 3672 3102 3712 sursum
3132 3658 3188 3712 in
3224 3660 3426 3713 cadum
3462 3677 3563 3715 nos

315 3745 483 3798 ducat
514 3743 779 3798 habemus
806 3758 967 3810 opus.
997 3741 1167 3811 Cujus
1202 3742 1281 3796 rei
1308 3742 1593 3811 figuratam
1622 3744 1956 3798 mentionem
1994 3743 2122 3797 facit
2167 3743 2525 3813 hyacinthina
2567 3746 2725 3811 vitta,
2767 3758 2888 3812 quae
2919 3745 3231 3798 claritatem
3265 3750 3562 3814 quamdam

256 3820 259 3821 ⁷
316 3847 443 3886 cum
474 3830 814 3885 obscuritate
841 3828 1193 3898 conjunctam
1227 3845 1339 3898 pra:
1368 3844 1429 3892 se
1464 3828 1695 3891 ferebat,
1730 3830 1787 3883 in
1821 3830 2190 3898 profunditate
2220 3847 2317 3886 seu
2348 3830 2582 3886 inferius
2620 3832 2924 3902 aquileium
2979 3833 3242 3903 quiddam
3284 3834 3564 3890 referebat

318 3920 725 3986 tremulumque
753 3925 806 3971 et
836 3916 1046 3984 largum
1080 3915 1427 3985 splendorem
1457 3917 1768 3970 emittebat.
1799 3917 1965 3986 Atqui
1996 3934 2027 3972 e
2062 3921 2251 3972 dextra
2298 3934 2419 3973 eam
2456 3934 2782 3987 suspensam
2822 3934 2950 3973 esse
3003 3920 3276 3988 oportuit,
3320 3932 3377 3974 ut
3408 3922 3559 3983 indi-

315 4015 535 4064 caretur
559 4005 818 4058 nimirum
861 4017 1086 4058 sensum
1124 4001 1293 4055 animi
1351 4004 1676 4058 rationalem
1742 4018 1866 4058 esse
1920 4002 2139 4068 debere,
2188 4004 2473 4073 legemque
2528 4007 2847 4058 dextrorum
2906 4021 3136 4074 operum
3201 4006 3558 4063 dietatricem

314 4096 605 4149 exsistere.
640 4091 1067 4161 Amplificarunt
1097 4089 1363 4145 Pharisaei
1399 4090 1643 4145 fimbrias
1675 4106 1805 4146 suas
1830 4098 1885 4144 et
1922 4090 2258 4159 pbylaeteria
2296 4091 2625 4156 dilatat‘unt,
2661 4090 2765 4143 hoc
2819 4103 2924 4154 est,
2977 4092 3273 4160 pugillares
3302 4108 3332 4146 e
3367 4092 3559 4147 dextra

317 4194 638 4251 suspensos,
668 4178 956 4249 legemque
982 4187 1174 4248 argute
1202 4179 1571 4233 continentes.
1614 4176 1818 4233 Verum
1878 4178 2058 4233 inanis
2094 4179 2280 4247 gloriae
2307 4195 2497 4244 causa,
2536 4179 3002 4249 quemadmodum
3055 4178 3233 4247 inquit
3275 4178 3555 4236 Christus.

316 4271 456 4326 Fieri
488 4272 637 4326 enim
666 4277 847 4339 potest
873 4276 931 4322 ut
963 4271 1089 4339 quis
1118 4285 1212 4339 per
1238 4269 1410 4339 legem
1439 4269 1653 4338 culpam
1689 4270 1990 4329 subintret,
2027 4267 2071 4321 si
2105 4266 2359 4321 videlicet
2390 4281 2509 4319 eam
2563 4281 2672 4319 non
2719 4267 2823 4319 rite
2853 4265 3366 4337 convenienterque
3397 4285 3560 4322 usur-

315 4368 423 4428 pet.
456 4357 575 4422 Qua
630 4358 891 4409 nimirum
932 4356 1211 4409 sententia
1240 4353 1498 4409 Solomon
1528 4355 1660 4409 illud
1693 4356 1891 4410 extulit
1928 4375 1941 4411 :
1975 4374 1993 4408 ι
2020 4355 2211 4411 Justus
2252 4358 2390 4425 perit
2423 4355 2478 4409 in
2506 4355 2723 4424 jnstitia
2749 4369 2846 4408 sua
2874 4353 2939 4408 ‘°.
2981 4372 2999 4405 ι
3041 4353 3312 4410 Caeterum
3372 4357 3557 4426 justus

318 4460 427 4498 ηοιι
459 4444 668 4512 indiget
698 4452 848 4507 ῐιοῑδ,
886 4457 1040 4505 nam.
1074 4451 1131 4495 ut
1161 4456 1289 4497 cum
1320 4441 1524 4498 Davide
1580 4443 1896 4510 loquamur,
1936 4462 1955 4497 ι
1976 4444 2085 4500 Lex
2118 4445 2214 4501 Dei
2256 4447 2429 4515 ipsius
2461 4446 2516 4500 in
2548 4444 2716 4498 corde
2744 4442 2923 4514 ipsius
2949 4451 3058 4507 est,
3093 4444 3327 4514 proinde
3355 4462 3558 4516 anSus

318 4533 436 4602 ejus
459 4545 567 4584 non
602 4530 1177 4597 labefactabuntur“.
1216 4548 1234 4581 ι

388 4616 521 4671 Ecce
553 4626 730 4670 autem
750 4614 883 4672 Core
919 4616 1066 4683 ﬁlius
1096 4615 1282 4683 Isaar,
1305 4617 1410 4687 ﬁlii
1439 4617 1637 4685 Cant/1,
1672 4627 1777 4674 etc.
1807 4614 1975 4689 [XVI,
2008 4616 2085 4689 I.]
2117 4617 2417 4688 Insurgunt
2442 4625 2635 4671 contra
2662 4616 2855 4674 Mosen
2889 4618 3100 4688 posteri
3128 4617 3304 4686 ipsius
3337 4617 3556 4686 Ruben,

314 4720 381 4761 eo
405 4705 553 4777 quod
584 4718 650 4759 ex
676 4704 1043 4775 primogenito
1067 4702 1306 4759 filiorum
1346 4705 1513 4760 Israel
1575 4714 1765 4762 essent
1821 4704 2068 4769 oriundi,
2126 4705 2585 4774 arbitrantnrque
2636 4720 2865 4774 regnum
2898 4706 2963 4758 ad
2993 4722 3075 4772 se,
3110 4715 3302 4775 utpote
3342 4707 3551 4762 tribum

317 4808 347 4845 a
385 4788 751 4861 primogenito
805 4789 1184 4854 constitutam,
1218 4791 1511 4860 pertinere.
1546 4792 1854 4863 Insurgunt
1878 4794 2004 4846 item
2040 4793 2297 4847 Aarouiei
2332 4810 2398 4847 ex
2424 4792 2597 4847 Caath
2655 4791 2896 4847 filiorum
2928 4790 3056 4847 Levi
3092 4794 3557 4861 prazstantissimo

318 4878 431 4932 nati
464 4876 738 4940 videlicet,
772 4890 802 4928 a
834 4889 947 4946 quo
974 4874 1114 4929 ordo
1149 4878 1507 4935 sacerdotalis
1539 4881 1812 4949 originem
1868 4894 2018 4934 suam
2052 4880 2235 4948 cepit;
2271 4895 2509 4949 persona
2554 4879 2702 4934 enim
2735 4894 2864 4933 vasa
2897 4894 3056 4934 sacra
3094 4880 3354 4947 portandi
3386 4898 3556 4953 super

320 4962 587 5027 humeris,
610 4962 894 5032 sacrisque
919 4963 1186 5033 operandi
1221 4963 1582 5036 eisimposita
1616 4967 1739 5021 fuit.
1779 4965 2023 5036 Insuper,
2043 4967 2144 5022 viri
2175 4966 2407 5029 nobiles,
2445 4968 2540 5036 qui
2572 4967 2734 5021 statis
2768 4966 3116 5036 temporibus
3145 4967 3200 5021 in
3230 4969 3553 5024 concionem

317 5049 676 5106 vocabantur.
708 5047 975 5105 Procercs
1008 5050 1210 5106 etenim
1243 5066 1461 5121 semper
1508 5063 1867 5111 consectatur
1920 5053 2141 5122 vulgus.
2212 5053 2623 5123 Couspirarunt
2693 5062 2875 5107 autem
2941 5055 3303 5121 quantumvis
3351 5070 3552 5110 recens

319 5136 563 5195 infelicis
594 5139 1046 5208 conspirationis,
1068 5153 1235 5209 quam
1271 5139 1444 5196 Maria
1470 5147 1526 5196 et
1554 5143 1737 5197 Aaron
1771 5148 1962 5196 contra
1993 5138 2200 5194 Mosem
2242 5141 2511 5205 fecerant,
2542 5141 2810 5196 haberent
2848 5142 3185 5211 exemplum.
3218 5140 3327 5198 Sed
3359 5143 3558 5214 hujus-

319 5224 466 5280 tnodi
486 5224 740 5281 turbines
760 5235 813 5281 et
834 5223 1037 5280 ﬂuetus
1060 5226 1118 5281 in
1141 5227 1311 5283 rebus
1336 5228 1963 5284 bumanisimmoderata
1987 5228 2248 5299 regnandi
2274 5228 2467 5292 libido,
2486 5229 2808 5299 invidiaque
2829 5239 3164 5295 commovet,
3183 5232 3408 5302 aliaque
3434 5250 3558 5304 qua:

323 5316 408 5373 bis
432 5322 877 5388 consequuntur,
912 5317 1140 5373 excitat.
1169 5317 1357 5389 Itaque
1392 5334 1502 5374 non
1528 5321 1628 5375 abs
1656 5334 1716 5375 re
1741 5334 1932 5374 vocem
1955 5318 2109 5372 illam
2135 5315 2395 5372 Servator
2425 5316 2658 5387 protulit
2676 5335 2721 5370 ε(
2745 5314 2791 5372 0
2812 5319 3227 5389 generationem
3253 5334 3475 5389 pravam
3501 5331 3556 5374 et

318 5403 628 5460 adulteram
650 5402 721 5459 "l
748 5421 766 5454 ι
812 5404 946 5459 Item
978 5421 993 5458 :
1029 5423 1048 5456 ι
1076 5402 1132 5457 Si
1166 5404 1336 5475 igitur
1361 5420 1486 5469 vos.
1515 5407 1609 5477 qui
1637 5406 1767 5461 mali
1797 5407 1954 5472 estis,
1988 5422 2215 5462 munera
2243 5407 2383 5461 bona
2417 5407 2615 5461 liberis
2642 5408 2843 5462 vestris
2875 5407 3009 5462 dare
3044 5409 3504 5466 consuevistis“.
3530 5426 3549 5459 ι

318 5494 457 5549 lIinc
487 5496 708 5551 beatum
744 5494 899 5548 illum
932 5509 1059 5550 esse
1079 5494 1368 5564 praedicat,
1396 5496 1489 5566 qui
1522 5495 1843 5553 affectiones
1894 5494 2211 5566 bujusmodi
2240 5509 2270 5549 a
2301 5496 2412 5548 vita
2445 5510 2544 5550 sua
2570 5495 2808 5560 abdicat,
2842 5493 3241 5567 Christumque
3266 5496 3461 5549 duceni
3498 5495 3555 5547 in

319 5713 366 5743 u
404 5660 738 5796 altilium
929 5664 973 5696 ⁸³
1011 5662 1153 5719 Psal.
1180 5679 1232 5730 L,
1276 5663 1366 5719 15.
1444 5664 1488 5697 ⁶⁹
1525 5664 1815 5732 Eccle.vn,
1861 5667 1946 5724 I6.
2026 5668 2066 5700 ⁶¹
2108 5666 2251 5741 Psal.
2283 5682 2473 5731 xxxvi,
2505 5665 2594 5720 5i.
2696 5666 2740 5697 ”
2769 5663 2957 5719 Matth.
2994 5664 3091 5729 xit,
3163 5664 3231 5720 59
3293 5673 3345 5718 et
3398 5662 3550 5719 alibi.
