4024 6194
536 217 643 282 839
771 272 778 278 .
1832 207 2126 270 PROCOP

2240 207 2478 269 [ὶΑΖιΕΙ
3697 197 3805 266 διο

537 327 770 381 alteram
805 321 976 376 vitam
1006 325 1340 375 assectatur.
1371 315 1548 371 Porro
1581 329 1708 370 cum
1741 313 2002 370 Christus
2035 314 2360 372 ambitionis
2398 315 2594 370 vitium
2623 326 2788 383 quam
2820 311 3148 384 longissime
3173 325 3458 369 removere
3491 311 3698 378 vellet,
3744 327 3816 366 ne

535 414 848 468 daemonum
877 407 1103 478 quidem
1129 412 1460 478 potestatem
1523 409 1788 472 exoptare
1820 401 2102 472 permisit,
2157 402 2256 458 sed
2289 403 2346 458 in
2369 402 2478 458 hoc
2532 402 2692 456 nobis
2742 400 3015 472 gratulari
3045 399 3234 470 jussit,
3261 401 3309 456 si
3336 399 3394 454 in
3424 400 3572 456 caelo
3604 415 3814 454 nomen

539 508 793 556 nostrum
849 495 1125 565 scriptum
1189 493 1446 550 exsistat.
1481 493 1553 546 At
1599 504 1730 546 ecce
1798 503 1990 559 quaeso
2039 489 2376 544 dementiam
2440 489 2768 556 humanam,
2828 504 2950 560 quae
2981 488 3033 544 id
3061 486 3732 560 committerediortatur
3758 486 3816 540 in

537 585 879 655 Mosem,qui
913 585 1078 638 etiam
1113 597 1211 652 pro
1246 581 1448 652 pupulo
1480 581 1651 634 vitam
1675 592 1831 633 suam
1859 585 2112 648 prompte
2142 578 2514 646 exposuisset.
2541 576 2690 632 Idem
2745 591 2881 632 sane
2936 575 3169 631 Christo
3221 575 3434 638 evenit,
3489 573 3638 629 unde
3697 587 3816 629 ncn

538 675 818 732 immerito
847 673 916 727 ab
946 671 1108 743 A07
1141 685 1206 724 eo
1241 670 1447 723 dictum
1521 675 1604 722 est
1641 686 1655 722 :
1698 686 1716 718 ι
1743 664 1851 720 Pro
1891 665 2056 720 bonis
2083 666 2226 718 mala
2259 666 2624 720 reddiderunt
2653 665 2788 720 mihi
2825 665 2893 718 “.
2929 683 2949 718 ι
2977 663 3249 719 Caeterum
3309 661 3494 718 Moses
3536 676 3816 717 summam

537 761 1020 820 manutetudinem
1054 764 1157 816 hoc
1185 761 1308 830 ipso
1339 759 1486 829 quod
1516 759 1571 813 in
1604 767 1806 812 terram
1840 754 2079 827 procidit
2113 763 2374 818 testatur,
2419 754 2694 809 sermonis
2721 754 2852 808 item
2887 753 3352 823 aequabilitatem,
3381 750 3532 821 quod
3583 751 3815 804 veritati

539 849 789 907 conlisus
825 848 1098 918 judicium
1132 848 1196 901 ad
1239 847 1409 900 Deum
1471 845 1666 910 refert,
1731 843 2336 913 reprehensionemque
2389 841 2612 895 demum
2646 841 2870 912 quando
2893 842 3076 896 locum
3112 841 3350 895 habebat
3406 838 3650 910 profert,
3691 853 3814 910 qua

493 979 499 986 ς
539 939 724 995 innuit
755 952 853 992 eus
886 936 1236 1005 reprobatum
1275 935 1340 986 iri
1387 941 1680 1002 propterea
1715 933 1858 1000 quod
1895 947 1986 984 res
2016 941 2317 1000 praesentes
2349 939 2742 1000 aspernentur,
2768 930 3014 1000 bonique
3047 943 3157 982 non
3191 929 3490 984 consulant
3536 927 3812 996 quemad-

539 1029 764 1082 modum
823 1025 1030 1080 Paulus
1095 1023 1283 1078 facere
1315 1021 1535 1086 suadet,
1598 1036 1724 1074 cum
1779 1019 1962 1088 inquit
1999 1037 2012 1070 :
2045 1037 2061 1069 ι
2089 1019 2193 1084 Qui
2245 1018 2505 1074 minister
2555 1028 2664 1086 est,
2700 1019 2755 1074 in
2783 1018 3096 1074 ministerio
3121 1017 3191 1070 “.
3223 1036 3241 1069 ι
3271 1016 3405 1072 Item
3438 1035 3452 1070 :
3491 1015 3816 1070 (Habentes

539 1117 684 1170 dona
713 1113 1021 1168 secundum
1057 1112 1293 1181 gratiam
1329 1111 1492 1164 nobis
1553 1107 1764 1168 datam,
1814 1107 2034 1160 diversa
2051 1107 2116 1158 “.
2151 1127 2169 1158 ι
2202 1107 2370 1175 Atqui
2403 1107 2616 1174 majora
2641 1107 2782 1160 citra
2817 1107 2911 1161 Dei
2954 1106 3254 1160 consilium
3292 1103 3576 1169 aﬂectare,
3614 1119 3808 1158 rerum

540 1202 890 1274 praesentium
923 1199 1234 1254 exinanitio
1263 1208 1369 1260 est,
1401 1193 1872 1266 quemadmodum
1905 1194 2060 1248 locus
2091 1192 2237 1262 apud
2269 1193 2532 1248 Davidem
2573 1191 2810 1258 indicat,
2841 1193 2937 1249 ubi
2969 1192 3155 1263 inquit
3199 1211 3213 1246 :
3273 1191 3392 1246 Etsi
3459 1207 3625 1260 parva
3681 1203 3817 1246 sunt

539 1307 660 1360 quae
695 1290 848 1342 dedit
882 1285 1044 1341 Deus.
1079 1286 1147 1339 Et
1180 1302 1193 1338 :
1231 1285 1437 1338 Addam
1473 1283 1589 1346 tibi,
1625 1291 1841 1335 tantum
1869 1280 1973 1335 hoc
2009 1289 2066 1334 ut
2088 1281 2156 1334 ab
2179 1282 2361 1338 aliena
2409 1284 2640 1360 muliere
2665 1285 2968 1348 abstineat,
3005 1293 3226 1338 vetans.
3291 1282 3477 1348 Quare
3511 1282 3628 1336 sive
3661 1281 3818 1335 auris

538 1357 642 1441 sis,
675 1380 794 1432 sive
831 1391 1054 1437 manus,
1087 1375 1206 1429 sive
1237 1389 1358 1442 pes,
1388 1379 1481 1426 tua
1520 1380 1671 1424 sorte
1705 1381 2006 1425 contentus
2045 1372 2217 1423 vivas.
2461 1357 2508 1388 '

610 1475 692 1528 An
728 1489 914 1542 parum
945 1471 1040 1523 tibi
1064 1471 1272 1524 videtur
1303 1467 1440 1538 quod
1465 1467 1688 1536 e/fccisti
1729 1475 1788 1518 ut
1823 1464 2227 1518 ascenderemus
2265 1483 2362 1520 nos
2392 1483 2420 1521 e
2463 1477 2606 1521 terra
2638 1467 2836 1537 ﬂuente
2871 1466 3009 1521 lacte
3035 1474 3085 1520 et
3115 1466 3291 1530 melle,
3331 1474 3382 1520 et
3425 1465 3668 1520 occidisti
3719 1481 3818 1520 nos

540 1562 594 1616 in
620 1561 868 1616 deserto?
898 1557 1061 1631 [XVL
1088 1555 1198 1628 l5.)
1236 1556 1406 1609 Deum
1435 1558 1487 1607 in
1522 1568 1752 1623 persona
1782 1553 1945 1607 .‘llosis
1973 1553 2400 1616 calumniantur,
2437 1555 2894 1625 deceptionisque
2924 1569 3077 1608 reum
3101 1553 3278 1624 ipsum
3308 1563 3598 1624 peragunt,
3623 1553 3820 1608 dicunt

543 1651 690 1704 enim
731 1667 744 1702 :
787 1646 1010 1700 Diversa
1043 1645 1124 1703 eis
1159 1659 1280 1712 quae
1327 1641 1490 1696 nobis
1523 1641 1824 1710 promisisti
1861 1640 2017 1694 nobis
2069 1641 2346 1694 eveniunt.
2411 1639 2570 1697 Unde
2615 1657 2748 1697 vero
2792 1643 2934 1697 hoc?
2968 1641 3044 1697 Eo
3099 1641 3249 1711 quod
3280 1640 3572 1696 Dominum
3615 1640 3821 1695 animis

541 1735 874 1808 patientibus
907 1749 1018 1787 non
1057 1737 1451 1801 exspectarunt
1483 1727 1947 1798 quemadmodum
1981 1727 2252 1796 scriptum
2281 1737 2366 1780 est
2397 1729 2474 1796 ‘7;
2509 1730 2602 1784 sed
2660 1731 2728 1786 de
2778 1730 3149 1816 promissione
3183 1729 3568 1799 desperarunt.
3623 1728 3820 1784 Merito

542 1831 672 1880 vero
701 1822 882 1877 Moses
913 1828 1104 1890 posset
1143 1818 1332 1873 dicere
1359 1833 1373 1870 :
1409 1835 1427 1867 ‹
1473 1816 1731 1870 Convicia
1778 1816 2209 1870 conviciantium
2241 1822 2293 1868 te
2324 1815 2638 1878 inciderunt
2668 1817 2721 1871 in
2751 1831 2839 1872 me
2887 1817 2955 1872 ⁸⁸.
2997 1834 3018 1869 ι
3042 1815 3204 1873 Tales
3241 1831 3379 1871 sane
3406 1824 3538 1871 sunt
3563 1818 3656 1886 qui
3701 1831 3825 1870 am—

542 1913 858 1985 plectuntur
894 1911 1058 1962 vitam
1092 1912 1416 1977 praesentem
1449 1905 1556 1958 sub
1589 1919 1686 1973 spe
1718 1901 1942 1968 futurae,
1975 1903 2154 1972 qualis
2195 1911 2316 1957 erat
2354 1902 2571 1960 Demas.

613 2023 840 2092 Pr0pter
870 2019 984 2074 haec
1013 2017 1200 2072 furore
1230 2019 1470 2086 percitus
1509 2014 1690 2071 Moses
1723 2032 1736 2070 :
1777 2034 1794 2067 ι
1833 2013 1911 2070 Ne
1947 2015 2126 2084 respi-

2304 2016 2718 2090 Βαρυθυμήσας
2762 2019 2790 2072 ὁ
2815 2020 3081 2090 Μωῦσῆς,
3131 2039 3151 2072 r
3184 2019 3277 2090 Μὴ
3310 2019 3579 2091 πρόσχῃς,
3627 2017 3821 2089 φησὶν,

542 2117 660 2172 cias
707 2115 772 2168 ad
820 2127 1011 2167 eorum
1061 2109 1400 2166 sacrilicimn
1452 2108 1745 2173 cibarium,
1793 2107 2002 2176 inquit,
2060 2123 2128 2161 ne

541 2207 760 2262 asinum
790 2205 1008 2275 quidem
1045 2203 1113 2258 ab
1141 2203 1224 2257 eis
1257 2201 1464 2271 accepi,
1505 2216 1693 2271 neque
1732 2199 1935 2270 injuria
1971 2200 2127 2256 aﬂ‘eci

541 2309 872 2368 quemquam
916 2308 1132 2348 eorum.
1189 2311 1208 2343 ι
1259 2291 1523 2360 Quisquis
1564 2291 1732 2360 igitur
1779 2291 1967 2360 inique
2017 2305 2128 2344 non

541 2389 700 2460 egisti
749 2393 928 2440 macte
980 2385 1060 2440 sis
1111 2383 1321 2446 animo,
1369 2381 1509 2436 sicut
1546 2381 1715 2436 David
1751 2380 1876 2444 fuit,
1911 2379 2006 2450 qui
2042 2379 2130 2434 in-

542 2482 695 2551 quit:
722 2497 740 2530 ε
780 2477 932 2532 Citra
967 2476 1318 2546 iniquitatem
1357 2475 1604 2539 cucurri,
1636 2481 1689 2527 et
1719 2487 1942 2543 gressus
1976 2486 2127 2526 meos

540 2569 824 2642 COlIiPOStti
857 2571 924 2623 ⁸ο.
961 2587 980 2620 ι
1011 2567 1141 2622 item
1173 2585 1188 2620 :
1224 2585 1242 2618 ι
1271 2565 1327 2620 Si
1365 2575 1453 2622 est
1489 2565 1750 2635 iniquitas
1784 2563 1838 2617 in
1871 2563 2128 2619 manibus

543 2665 682 2720 meis
708 2664 791 2728 ,’°.
841 2681 860 2712 ι

615 2755 729 2810 lloc
787 2763 966 2808 autem
1007 2751 1126 2822 ipso
1161 2751 1310 2822 quod
1351 2749 1682 2808 sacriﬁcium
1725 2751 1970 2822 ipsorum
2016 2763 2127 2822 non

541 2849 750 2920 suscipi
784 2848 1014 2917 ﬂagitat,
1046 2845 1315 2914 judicium
1347 2844 1595 2899 divinum
1633 2845 1969 2910 imprecatur
1993 2842 2125 2929 illis,

541 2952 804 3008 tanquam
861 2952 962 3008 pro
1021 2937 1183 2990 unica
1245 2935 1517 2990 seditione
1567 2934 1828 2990 factionis
1881 2933 2023 2988 Core
2071 2942 2128 2990 et

543 3033 754 3086 Datltau
799 3029 1133 3085 sacrificium
1183 3026 1358 3081 ﬁeret.
1415 3025 1717 3098 Subjttngit
1757 3027 1927 3096 igitur
1960 3044 1973 3081 :
2007 3044 2028 3078 ς
2064 3027 2129 3080 Et

543 3133 668 3196 post
709 3123 826 3177 haec
863 3131 1008 3175 terra
1055 3120 1272 3173 divulsa
1317 3119 1594 3188 absorpsit
1632 3133 1826 3173 omnes
1860 3126 2130 3188 quotquot

541 3232 572 3270 a
599 3215 938 3286 parte-Core,
972 3222 1025 3266 et
1056 3226 1085 3264 a
1118 3218 1270 3280 parte
1306 3209 1543 3275 Dathan,
1565 3221 1617 3265 et
1647 3227 1677 3266 a
1707 3219 1865 3282 parte
1898 3211 2126 3275 Abiron,

541 3307 782 3362 Stabant.
816 3322 835 3354 ι
873 3301 1022 3357 Adeo
1047 3317 1176 3355 vero
1209 3301 1449 3372 faustum
1487 3317 1550 3355 ac
1581 3301 1709 3354 felix
1753 3308 1838 3356 est
1870 3299 1980 3356 Deo
2009 3317 2129 3356 sese

541 3393 944 3452 committenda
983 3394 1159 3446 civem
1204 3393 1324 3460 ejus
1359 3408 1503 3448 esse.

618 3508 636 3540 ι
671 3486 982 3542 (loncitavit
1019 3500 1168 3546 vero,
1206 3485 1404 3554 inquit,
1432 3485 1571 3540 Core
1596 3492 1790 3538 contra
1825 3499 1920 3540 eos
1953 3493 2125 3540 tutum
2185 3474 2190 3478 ’

541 3597 701 3637 sumn
743 3590 965 3634 emtum.
1015 3597 1032 3630 ι
1069 3577 1247 3647 Super
1283 3576 1598 3631 hominibus
1635 3592 1783 3646 spem
1819 3593 1974 3633 suam
2011 3580 2128 3633 col-

541 3676 880 3730 locaverunt.
914 3670 1054 3738 Quid
1090 3673 1236 3726 cnim
1293 3670 1647 3724 multitudine
1679 3685 1820 3740 opus
1855 3679 1992 3734 erat,
2037 3671 2127 3725 ubi

541 3766 685 3822 Deus
718 3765 1067 3820 discernebat
1099 3778 1238 3833 quos
1271 3761 1538 3830 probabat
1568 3760 1592 3814 ?

611 3861 948 3928 Scparamini
980 3875 1006 3912 e
1042 3857 1212 3911 ntedt'o
1256 3857 1683 3927 congregationis
1727 3857 1885 3926 hujus
1915 3867 1972 3912 ut
2003 3874 2127 3912 con-

539 3971 747 4009 sumam
779 3970 866 4008 eos
900 3952 1066 4013 illico.
1097 3962 1204 4005 etc.
1230 3947 1372 4022 μή]
1397 3948 1558 4004 Morti
1587 3965 1685 4006 eos
1713 3951 2003 4019 subjacere
2037 3951 2124 4005 itt-

540 4045 706 4100 dicat.
744 4043 964 4098 Dillicile
997 4043 1141 4098 enim
1185 4043 1268 4098 eis
1311 4049 1428 4097 erat
1459 4052 1514 4097 et
1563 4043 1792 4098 interire
1825 4043 2022 4106 simul,
2073 4050 2128 4097 et

537 4139 840 4208 tranquillo
896 4137 1083 4190 animo
1140 4149 1268 4206 erga
1327 4135 1518 4202 duces,
1577 4145 1772 4191 contra
1835 4136 2127 4192 seditiosos

538 4232 751 4287 excitos
792 4244 937 4286 esse.
971 4225 1106 4281 Nam
1153 4227 1319 4281 etiam
1358 4236 1482 4297 post
1531 4227 1864 4297 supplicium
1909 4227 1977 4283 de
2021 4228 2128 4282 illis

540 4332 818 4391 sumptum
862 4318 1254 4386 indignantur.
1292 4331 1356 4370 ac
1390 4317 1644 4372 frendeut
1671 4325 1864 4372 contra
1911 4317 2125 4386 Mosen,

537 4413 693 4482 quasi
733 4412 850 4480 ipse
895 4415 1060 4462 tantm
1093 4407 1270 4462 cladis
1303 4416 1358 4461 et
1409 4407 1671 4463 interitus
1722 4415 1920 4462 auctor
1963 4409 2130 4464 exsti-

538 4504 715 4558 'isset.
756 4501 1025 4566 Quocirca
1075 4497 1336 4554 omnibus
1391 4499 1504 4554 illis
1551 4501 1729 4554 minas
1770 4501 1868 4555 has
1913 4500 2124 4567 objicit,

535 4603 591 4647 et
625 4590 1011 4646 sacerdotibus
1047 4603 1169 4644 sese
1198 4587 1350 4646 omni
1388 4589 1548 4660 culpa
1583 4589 1826 4644 eximere
1861 4592 2127 4660 permittit

2235 2109 2315 2172 είς
2356 2110 2456 2175 τὴν
2503 2110 2698 2164 θυσίαν
2745 2110 2948 2166 αὐτῶν.
2989 2112 3104 2164 Οὐκ
3157 2112 3278 2165 ὄνον
3333 2111 3446 2181 (61)
3479 2109 3596 2174 ἑνὸς
3639 2109 3827 2163 αὐτῶν

2235 2200 2452 2267 ἔλαϐον,
2501 2203 2623 2256 οὐδὲ
2657 2204 2917 2258 ὲκὰκωσα
2960 2204 3152 2258 οὐδένα
3169 2203 3372 2258 αὐτῶν.
3391 2221 3410 2254 ι
3436 2202 3645 2274 Θαρρεῖ
3669 2198 3768 2255 οὖν
3797 2205 3829 2255 ὁ

2239 2293 2314 2364 μὴ
2345 2294 2633 2367 ἀδικήσας,
2661 2295 2736 2360 ὡς
2755 2297 2950 2365 Δαϐίδσ·
2990 2297 3188 2350 «Ἀνευ
3215 2296 3446 2368 ἀνομίας
3465 2295 3699 2368 ἔδραμον
3731 2295 3824 2349 καὶ

2235 2383 2564 2441 κατεύθυνα.
2621 2407 2640 2440 ι
2695 2389 2840 2442 Καί·
2899 2408 2916 2442 ι
2977 2389 3040 2442 Εἰ
3097 2387 3247 2443 ἔστιν
3300 2387 3486 2442 ἀδικία
3546 2390 3605 2443 ὲν
3661 2389 3826 2461 χερσί

2237 2491 2362 2546 μου.
2396 2493 2416 2526 ι

2318 2748 2486 2814 Ἀξιοϊ
2510 2750 2666 2822 παρὰ
2689 2749 2824 2806 Θεοῦ
2854 2753 3110 2822 γενέσθαι
3143 2753 3242 2828 τὴν
3266 2755 3472 2827 κρίσιν,
3507 2756 3584 2830 μὴ
3613 2757 3830 2831 δεχθεῖ-

2237 2856 2338 2912 σης
2357 2845 2454 2914 τῆς
2497 2843 2687 2907 θυσίας
2716 2845 2918 2909 αὐτῶν,
2949 2847 3026 2910 ὼς
3068 2848 3161 2900 ἐπί
3192 2850 3324 2919 μιᾶς
3352 2851 3671 2915 συστάσεως
3721 2853 3830 2923 τὴν

2237 2932 2430 2987 θυσίαν
2453 2935 2562 2988 τῶν
2604 2953 2668 2988 πε
2681 2938 2733 3008 pl.
2763 2937 2906 3008 Κορὲ
2937 2937 3114 3007 λέγων
3143 2935 3283 2993 εἶναι
3319 2941 3428 2996 τῶν
3459 2943 3587 3014 περὶ
3615 2943 3828 3000 Δαθάν.

2235 3025 2377 3094 Φησὶ
2403 3026 2534 3094 γοῦν
2582 3030 2678 3082 καὶ
2716 3033 2854 3100 μετὰ
2876 3031 3049 3084 ταῦτα
3077 3049 3090 3060 ·
3128 3051 3146 3084 t
3171 3031 3427 3102 Ῥαγεϊσα
3464 3036 3498 3104 ἠ
3530 3035 3634 3104 γῆ,
3687 3053 3834 3090 κατ-

2237 3115 2358 3169 έπιε
2397 3118 2606 3184 πάντας
2658 3122 2813 3184 τοὺς·
2840 3123 2980 3192 μετὰ
3027 3124 3212 3195 Κορὲ,
3276 3125 3451 3194 λέγων
3499 3127 3627 3188 τοὺς
3679 3129 3834 3198 μετὰ

2233 3207 2413 3261 Δαθὰν
2439 3211 2535 3263 καὶ
2571 3210 2855 3282 Ἀϐειρὼν.
2889 3231 2908 3265 ι
2944 3213 3100 3267 Οὕτω
3135 3216 3405 3286 μακάριον
3440 3216 3547 3270 ὑπὸ
3577 3216 3703 3288 Θεῷ
3729 3235 3832 3272 πο-

2235 3302 2544 3357 λιτεύεσθαι
2567 3305 2963 3375 ἐπιτρέποντας
2983 3307 3105 3378 Θεῷ
3135 3307 3204 3361 τὰ
3226 3307 3388 3364 Θεοῦ.

2310 3501 2328 3536 t
2363 3485 2814 3558 Ἐπισυνέστησε,
2868 3489 3058 3559 φησιν,
3117 3491 3203 3543 ἐπ’
3255 3491 3455 3556 αὐτοὺς
3512 3494 3660 3565 Κορὲ
3719 3495 3828 3566 τὴν

2234 3578 2413 3630 πᾶσαν
2450 3578 2615 3633 αὑτοῦ
2660 3583 3008 3651 συναγωγήν.
3045 3601 3063 3634 ι
3103 3582 3223 3636 Ἐπ’
3258 3583 3584 3655 ἀνθρώπους
3632 3587 3829 3642 ἔθεντο

2230 3670 2328 3732 τὰς
2361 3669 2602 3734 ἐλπίδας.
2635 3671 2700 3724 Τί
2727 3672 2836 3744 γὰρ
2865 3673 2974 3727 ἔδει
3008 3674 3266 3746 πλήθους,
3285 3676 3422 3729 Θεοῦ
3443 3677 3826 3750 διακρίνοντος

2227 3761 2356 3825 τοὺς
2390 3762 2731 3833 ἀρέσκοντας
2749 3779 2767 3830 ;

2289 3851 2725 3922 Ἀποσχίσθητε
2749 3855 2818 3909 ἐκ
2839 3856 3035 3926 μέσου
3057 3857 3167 3927 τῆς
3189 3861 3548 3932 συναγωγῆς
3570 3864 3826 3932 ταύτης,

2229 3945 2329 3999 καὶ
2369 3945 2736 4015 ἐξαναλῲσω
2773 3949 2996 4016 αὐτοὺς
3027 3951 3307 4017 εἰσάπαξ.
3344 3953 3574 4026 Θανάτῳ
3614 3955 3826 4010 δείκνυ-

2230 4055 2316 4092 σιν
2359 4039 2775 4110 ὑποκειμένους.
2810 4043 2952 4097 Πολὺ
2978 4043 3089 4115 γὰρ
3124 4040 3192 4115 ἦν
3227 4047 3410 4111 αὐτοῖς
3455 4047 3824 4120 συνδιεφθαρ-

2233 4131 2414 4200 μένον,
2442 4131 2535 4185 καὶ
2583 4131 2717 4202 μηδὲ
2753 4137 3204 4203 συναγανακτοῦν
3249 4141 3362 4204 τοῖς
3395 4139 3632 4212 ἡγεμόσι
3671 4145 3824 4195 κατὰ

2228 4221 2338 4275 τῶν
2374 4225 2822 4280 ἐπαναστάντων.
2863 4227 2953 4290 Ὠς
2989 4229 3082 4282 καὶ
3113 4230 3252 4300 μετὰ
3281 4231 3381 4300 τὴν
3411 4233 3692 4303 τιμωρίαν
3722 4235 3824 4286 αὖ-

2229 4313 2338 4366 τῶν
2364 4315 2712 4385 χαλεπαίνειν
2752 4320 2896 4373 κατὰ
2930 4319 3038 4373 τῶν
3064 4322 3194 4392 περὶ
3232 4323 3492 4390 Μωῡσέα,
3517 4324 3592 4387 ὡς
3636 4326 3826 4379 αὐτῶν

2230 4408 2720 4464 κατεσκευακότων
2750 4411 2852 4480 τὴν
2881 4411 2990 4465 τῶν
3019 4414 3299 4468 τοσούτων
3339 4415 3572 4486 φθοράν.
3606 4417 3700 4470 Διὸ
3725 4419 3826 4470 καὶ

2231 4499 2398 4550 πᾶσιν
2443 4500 2630 4566 αὐτοῖς
2669 4503 2906 4570 ἀπειλεῖ,
2948 4505 3269 4577 ἐπιτρέπων
3315 4511 3429 4573 τοῖς
3458 4507 3667 4580 ίερεῦσι
3722 4511 3830 4565 καὶ

2233 4591 2618 4660 παραιτεῖσθαι
2663 4593 2806 4665 ὑπὲρ
2835 4596 3036 4661 αὐτῶν,
3080 4597 3148 4652 δι’
3177 4595 3252 4654 ὧν
3283 4617 3481 4671 φησιν’
3516 4621 3535 4654 t
3559 4603 3828 4675 Ἀποσχί-

539 4683 796 4744 mandato
828 4681 930 4737 hoc
963 4677 1110 4752 quod
1145 4679 1371 4734 tradidit
1406 4699 1417 4733 :
1462 4700 1479 4732 ι
1520 4681 1866 4751 Separamini
1895 4691 1951 4736 et
1991 4698 2127 4737 con-

2240 4679 2417 4751 σθητε,
2453 4682 2546 4734 καὶ
2588 4683 2916 4750 ὲξαναλώσω
2959 4687 3181 4752 αὐτούς.
3225 4708 3243 4742 ι
3281 4690 3369 4756 Ὠς
3400 4692 3469 4747 δι’
3508 4693 3708 4754 αὐτοὺς
3744 4697 3827 4765 μὴ

537 4788 750 4828 sumam
813 4788 934 4839 eos,
969 4791 988 4825 ι
1057 4787 1166 4842 quo
1218 4771 1428 4835 innuit,
1463 4773 1608 4842 quod
1649 4772 1894 4841 ipsorum
1962 4775 2121 4845 culpa

535 4865 762 4934 perituri
805 4880 914 4916 non
967 4863 1099 4916 sint.
1141 4861 1284 4928 Quid
1331 4861 1476 4915 enim
1547 4862 1878 4932 prohibebat
1933 4863 2121 4918 Domi-

536 4971 666 5010 num
697 4956 936 5026 idipsum
971 4969 1132 5023 agere
1191 4953 1338 5022 quod
1370 4953 1716 5007 decreverat?
1761 4952 1974 5008 lndicat
2027 4969 2124 5009 au-

537 5057 644 5101 tem
678 5047 823 5116 quod
860 5045 1002 5099 Deus
1031 5045 1172 5099 bona
1220 5060 1250 5098 a
1277 5059 1334 5099 se
1357 5060 1456 5114 per
1502 5044 1809 5100 familiares
1838 5060 1969 5100 suos
1991 5061 2121 5113 sup-

535 5139 750 5207 pliciter
801 5139 1092 5208 impetrata
1144 5153 1254 5192 non
1303 5139 1424 5193 sine
1480 5139 1692 5192 ratione
1739 5139 2012 5208 aequitatis
2068 5148 2124 5192 et

528 5232 758 5301 justitia:
813 5232 1118 5302 largiatur,
1171 5246 1344 5302 quare
1403 5246 1510 5285 una
1563 5245 1688 5283 cum
1762 5229 1946 5300 impiis
1983 5231 2122 5285 alios

603 5386 645 5418 “
685 5385 830 5441 Psal.
890 5405 1072 5453 xxxw,
1115 5388 1207 5448 1'2.

533 5460 577 5489 (ε’
619 5457 763 5510 Psal.
794 5473 948 5523 ινιιι,
1013 5459 1080 5514 5.
1159 5458 1202 5489 7°
1237 5457 1380 5511 Psal.
1418 5473 1516 5520 vn,
1551 5460 1612 5513 4.

1286 5387 1330 5419 ⁸⁸
1387 5385 1550 5442 Rom.
1605 5402 1704 5451 xu,
1735 5385 1784 5442 7.
1863 5386 1910 5418 ⁸⁸
1948 5387 1965 5440 1
2009 5387 2138 5442 Cor.
2159 5404 2256 5454 vn,
2299 5389 2353 5446 7.

2232 4773 2640 4845 ἀπολουμένων.
2667 4777 2736 4830 T‘t
2767 4777 2877 4850 γὰρ
2907 4775 2976 4851 ἦν
3003 4780 3063 4834 τὸ
3095 4781 3304 4837 κωλύον
3333 4783 3493 4856 εἴπερ
3517 4785 3826 4856 immitem;

2229 4865 2518 4921 Δείκνυσιν
2539 4863 2636 4922 οὖν
2661 4869 2801 4939 μετὰ
2824 4873 2919 4926 τοῦ
2950 4873 3162 4927 δικαίου
3201 4876 3263 4929 τὸ
3289 4877 3514 4945 ἀγαθὸν,
3544 4879 3670 4934 καθ’
3701 4881 3826 4935 εκε-

2231 4955 2352 5010 σίαν
2379 4958 2488 5013 τῶν
2527 4959 2676 5014 ἰδίων
2725 4963 2819 5015 τοῦ
2855 4963 2991 5018 Θεοῦ
3021 4967 3321 5036 διδόμενον.
3370 4969 3536 5024 Ὅθεν
3577 4971 3639 5024 τὸ
3690 4989 3825 5026 συν-

2229 5047 2531 5102 απολέσθαι
2573 5053 2689 5115 τοῖς
2721 5052 2946 5108 ἀσεϐέσι
2982 5056 3110 5120 τοὺς
3163 5058 3358 5122 ἄλλους
3401 5061 3608 5130 ἀνίησι,
3673 5067 3832 5130 τινός

2233 5156 2392 5208 μενον
2439 5141 2636 5207 ἐνίοτε,
2669 5143 2746 5207 ὡς
2787 5146 2880 5197 ἐπὶ
2933 5147 3028 5200 τοῦ
3055 5148 3263 5220 ’Δχαρ,
3317 5151 3711 5221 συμφερόντως
3745 5155 3835 5224 τῷ

2229 5231 2360 5302 λαῷ,
2395 5234 2476 5297 είς
2515 5233 2574 5288 τὸ
2604 5234 2961 5305 χαλεπαίνειν
2987 5243 3100 5305 τοῖς
3143 5242 3356 5304 αἰτίοις.
3393 5243 3555 5297 Ὅθεν
3601 5244 3835 5300 κελεύει

2441 5391 2488 5423 ⁸⁷
2530 5389 2678 5447 Psal.
2711 5409 2916 5463 Lxxvtt,
2945 5395 3038 5464 21,
3063 5397 3154 5454 22.
3233 5399 3278 5431 “
3309 5397 3452 5455 Psal.
3497 5415 3695 5466 uvttt,
3734 5403 3835 5464 1.0.

2057 5546 2298 5605 ΝΟΤᾸΕ.

625 5642 741 5714 (tit)
771 5639 1095 5710 Στιμείωσον
1123 5637 1201 5707 τὸ,
1231 5643 1379 5706 ὄνον,
1417 5641 1538 5697 ἀντὶ
1573 5640 1686 5708 τοῦ,
1712 5643 2066 5715 ἐπιθύμημα,
2104 5643 2245 5698 πάνυ
2285 5645 2626 5719 κατάλληλον
2645 5647 2729 5703 δν.

1637 5640 1662 5652 θ
