4050 6212
315 325 418 388 841
1411 308 1928 373 COMMENTARI]

2031 305 2068 366 δῖ
2097 300 2484 365 NUMEROS.
3473 299 3578 364 842

316 447 432 507 τοῖς
483 439 664 502 ἄλλοις
717 437 1022 508 ἀποστῆναι
1069 435 1178 488 τῶν
1229 432 1602 496 ἀσεϐούντων,
1639 431 1712 501 μή
1771 446 1928 495 πωςγ

2033 438 2210 494 noque
2267 417 2498 475 interire
2550 412 2682 468 sinit
2737 427 3166 481 nonnunquam,
3222 413 3582 483 quemadmo-

323 529 780 601 συναναιρεθῶσιν
831 528 1036 591 αὐτοῖς.
1093 526 1280 589 Οὕτως
1325 521 1664 577 ἐπικίνδυνον
1719 521 1753 588 ἡ
1781 520 1889 572 τῶν

2037 533 2124 574 um
2163 511 2371 568 Acbani
2416 515 2661 576 tempore
2703 518 2813 574 qup
2866 512 3128 557 cunctum
3183 504 3441 572 populum
3471 519 3581 558 non

322 623 507 684 κακῶν
546 620 810 692 ἑταιρεία.

2031 605 2118 658 ine
2164 602 2283 672 ejus
2338 597 2628 654 commodo
2677 603 2733 650 et
2763 594 3035 660 utilitate,
3097 600 3158 648 ut
3215 594 3268 646 in
3327 603 3580 648 auctores

325 717 606 786 inquirere
646 687 702 768 et
750 709 1024 780 indignari
1065 714 1276 780 posset,
1305 705 1556 762 videlicet
1589 704 1642 758 in
1678 701 1981 772 periculum
2028 696 2270 752 adduxit.
2305 692 2445 754 Hinc
2517 690 2712 786 etiam'
2751 689 2888 786 alios
2925 688 2995 742 ab
3069 688 3252 786 impiis
3325 687 3584 744 secedere

318 781 496 880 jubet,
547 821 614 862 ne
658 805 798 860 forte
833 817 958 858 cum
999 802 1108 857 illis
1133 799 1548 856 exscindantur.
1574 795 1710 850 Tam
1747 792 2056 868 periculosa
2083 798 2134 846 et
2167 786 2416 858 lugubris
2465 799 2554 838 res
2598 782 2974 852 improborum
3023 781 3258 880 societas
3301 789 3407 836 est.

391 919 450 973 In
487 917 722 972 medium
768 914 932 986 igitur
962 912 1282 976 deveniunt,
1325 917 1385 964 ut
1420 908 1667 964 omnium
1697 906 1876 962 oculis
1906 909 2092 959 essent
2122 897 2427 986 conspicui,
2463 895 2950 965 spectaculumque
2991 893 3168 963 ipsum
3218 895 3581 951 eruditionem

321 1013 559 1075 pareret.
597 1001 759 1056 Addit
787 983 933 1056 etiim
968 1017 982 1053 :
1023 1017 1041 1050 ι
1076 997 1435 1066 Cognoscetis
1471 995 1618 1068 quod
1653 993 1904 1050 homines
1939 991 2026 1046 isti
2059 989 2344 1043 irritarunt
2379 983 2568 1039 Deum.
2609 1003 2628 1034 ι

393 1139 600 1192 Ἑδεῖτο
630 1136 742 1207 (63)
768 1136 864 1190 καὶ
894 1136 1054 1204 λόγου
1077 1133 1473 1206 προδηλοῦντος
1501 1132 1562 1184 τὸ
1589 1131 1750 1202 ἔργον
1769 1145 1784 1161 ο
1815 1129 1900 1182 ἵνα

2081 1123 2346 1180 Oratione
2372 1122 2516 1176 enim
2546 1134 2764 1190 quoque
2794 1133 2932 1188 opus
2954 1127 3070 1174 erat
3098 1135 3220 1189 qua
3251 1119 3452 1176 factum
3493 1120 3588 1177 Dei

319 1229 597 1300 ὲμφανίζῃ
651 1227 788 1280 Θεοῦ
831 1224 1077 1294 γνώμην,
1119 1227 1216 1280 καὶ
1262 1224 1338 1295 μὴ
1384 1223 1700 1292 συνάντημα
1749 1221 1901 1290 νομί-

2031 1223 2481 1286 nterpretaretur,
2501 1212 2745 1280 adeoque
2774 1211 3065 1266 consilium
3090 1212 3210 1281 ejus
3232 1213 3586 1282 patefaceret,

321 1321 504 1389 ζηται.
2005 1325 2114 1381 quo
2126 1311 2308 1362 minus
2329 1322 2493 1361 casus
2515 1306 2715 1374 aliquis
2737 1303 2997 1358 fortuitus
3011 1320 3135 1359 esse
3153 1305 3588 1361 existimaretur.

291 1439 306 1448 ι
394 1411 784 1474 Ἐπανίσταται
821 1411 854 1479 ἡ
890 1408 1067 1472 κτίσις
1107 1410 1220 1472 τοῖς
1247 1405 1702 1476 ἐπανισταμένοις
1739 1400 1858 1472 Θεῷ
1881 1415 1895 1430 ⁸

2072 1398 2238 1470 ωε
2251 1395 2318 1450 Ει
2341 1395 2576 1462 absorpti
2599 1403 2724 1448 sunt
2741 1410 2774 1446 a
2803 1403 2966 1447 terra.
3007 1393 3170 1464 [XVL
3193 1394 3309 1466 53.]
3329 1396 3590 1450 Commo—

324 1506 418 1558 καλ⁵
450 1505 478 1556 ὁ
508 1504 740 1566 Θάνατος
765 1483 1119 1572 πικρότατος,
1152 1496 1262 1563 οἷος
1291 1502 1319 1553 ὁ
1347 1499 1618 1570 δαιμόνων
1640 1513 1654 1527 ⁸
1681 1495 1731 1549 οἳ
1767 1496 1902 1560 ζῶν-

2031 1497 2092 1543 ποι
2121 1488 2266 1541 enim
2295 1501 2418 1541 sese
2449 1485 2658 1540 fabrica
2702 1493 2891 1538 contra
2924 1500 3020 1540 eos
3061 1485 3155 1554 qui
3193 1497 3382 1540 contra
3421 1486 3590 1542 Deum

323 1611 413 1656 τες
447 1596 524 1654 εἰς
581 1591 709 1662 ᾅδου
750 1590 1176 1661 καταϐήσονται.
1221 1589 1346 1652 Τοῖς
1377 1588 1434 1640 δὲ
1471 1585 1903 1657 προηγουμένοις

2031 1591 2186 1648 psum
2218 1575 2431 1630 fabrum
2475 1575 2792 1644 insurgunt,
2837 1581 3118 1644 morteque
3149 1577 3502 1632 acerbissima
3530 1591 3594 1632 ac

325 1683 643 1735 συνέλκεται
700 1681 768 1732 τὰ
825 1679 1246 1750 άκολουθήματα
1273 1719 1287 1744 ,
1347 1675 1487 1732 οἴκοι
1551 1678 1648 1731 καὶ
1705 1677 1900 1746 κτήνη.

2031 1667 2412 1744 πορθηιοίιυπι
2441 1667 2742 1723 dmmonica
2764 1667 2872 1720 vivi
2903 1666 2970 1721 ad
2997 1667 3206 1722 inferos
3231 1667 3589 1724 descendent.

327 1790 347 1824 ι
373 1770 796 1835 Ἐξελεύσονται,
821 1770 1006 1838 φησὶν,
1025 1735 1318 1836 οιιάγγελοι
1338 1767 1434 1820 κα)⁸
1464 1763 1756 1835 ἀφοριοῦσι
1775 1735 1902 1826 τοὺς

2031 1735 2178 1814 ’orro
2225 1739 2349 1814 cum
2385 1758 2520 1828 ipsis
2551 1757 2872 1827 proceribus
2901 1759 3138 1828 abreptae
3169 1767 3299 1814 sunt
3337 1758 3594 1825 fortuna,

323 1860 540 1924 ἀσεϐεῖς
570 1861 633 1912 ἐκ
663 1861 828 1930 μέσου
847 1858 956 1911 τῶν
973 1859 1214 1922 δικαίων,
1235 1857 1328 1911 καὶ
1359 1855 1682 1909 ἐκϐαλοῦσιν
1708 1854 1908 1917 αὐτοὺς

2031 1850 2206 1905 Iomus
2260 1855 2316 1904 et
2361 1863 2580 1918 pecora,
2612 1847 2756 1902 sicut
2785 1847 3052 1917 scriptum
3078 1856 3162 1904 est
3195 1865 3209 1900 :
3245 1867 3264 1898 ι
3295 1847 3597 1919 Egredien-

323 1954 405 2013 εἰς
433 1950 494 2002 τὺ
530 1950 719 2012 σκότος
758 1949 818 2002 τὸ
868 1948 1154 2016 ἐξώτερον.
1189 1965 1208 2000 ι
1243 1947 1540 2016 Ἕνδειγμα
1589 1945 1695 2016 γὰρ
1731 1945 1906 1998 ταῦτα

2035 1957 2102 1995 ur
2126 1940 2307 2012 angeli
2343 1947 2398 1994 et
2437 1939 2636 2008 impios
2669 1954 2701 1994 ο
2729 1939 2907 1994 medio
2927 1938 3205 2008 justorum
3237 1940 3594 2011 separabunt,

325 2041 419 2095 τοῦ
450 2041 658 2102 τέλους.
2007 2048 2212 2102 eosque
2255 2033 2306 2086 in
2357 2033 2610 2087 tenebras
2643 2031 2940 2086 exteriores
2982 2032 3593 2101 ejicient".iﬂaecenim

2006 2126 2127 2182 finis
2191 2127 2433 2195 exempla
2486 2131 2616 2180 sunt
2699 2165 2714 2188 ,
2826 2133 2880 2179 et
2925 2140 3318 2194 nonnunquam
3356 2127 3594 2184 diversa.

327 2221 459 2277 Nam
495 2222 620 2276 illos
667 2219 758 2290 qui
789 2219 887 2275 abs
919 2233 978 2274 re
1009 2219 1088 2273 ira
1118 2217 1511 2274 ineanduerant
1549 2217 1690 2289 ignis
1719 2213 1976 2271 absumit.
2022 2213 2206 2271 Oziam
2255 2217 2402 2286 lepra
2465 2217 2709 2288 corripit.
2741 2216 2806 2270 At
2853 2216 2946 2286 qui
2988 2231 3172 2286 aequas
3217 2227 3436 2272 exercet
3486 2218 3598 2273 iras

329 2313 472 2364 sicut
501 2309 683 2362 Aaron
723 2315 776 2362 et
805 2307 1037 2377 populus
1062 2304 1210 2370 fecit,
1242 2319 1272 2358 a
1299 2316 1471 2360 morte
1496 2302 1771 2358 eximitur.

399 2442 535 2498 Θεοῦ
569 2438 864 2513 προστάξει
909 2437 978 2492 τά
1011 2435 1120 2490 τῶν
1172 2435 1392 2491 ἀσεϐῶν
1449 2434 1788 2506 Θυμιατήρια
1833 2432 1914 2503 τῷ

2088 2444 2353 2500 Caeterum
2390 2444 2648 2500 mandato
2691 2445 2878 2501 divino
2923 2443 3100 2501 sullita
3148 2459 3342 2500 eorum
3391 2446 3598 2502 circum

329 2535 705 2605 Θυσιαστηρίῳ
743 2531 1150 2602 περιϐάλλεται.
1196 2529 1395 2596 Γέγονε
1433 2528 1540 2598 γὰρ
1571 2528 1701 2596 ἅγια
1731 2525 1820 2578 διά
1851 2524 1912 2577 τὸ

2031 2535 2187 2592 iltare
2216 2544 2512 2607 ponuntur,
2547 2547 2607 2590 ut
2637 2553 2758 2608 quae
2792 2546 2982 2593 sancta
3013 2539 3118 2593 hoc
3151 2539 3270 2609 ipso
3293 2539 3438 2609 quod
3490 2538 3602 2594 Deo

331 2625 764 2697 προσενεχθῆναι
803 2622 946 2692 Θεῷ,
981 2621 1162 2675 καίτοι
1203 2621 1302 2710 τῆς
1337 2619 1704 2710 προσαγωγῆς
1733 2615 1911 2710 αύτῶν

2031 2626 2422 2692 ιποινοιιοηῑυτ,
2473 2628 2664 2693 fuere,
2712 2629 2964 2699 quamvis
3013 2629 3218 2684 oblatio
3262 2645 3449 2686 eorum
3491 2630 3602 2687 Deo

331 2719 396 2770 οὐ
435 2719 574 2770 κατὰ
615 2715 748 2768 Θεὸν
802 2712 1127 2783 γενομένης.
1157 2708 1319 2782 Μέγα
1347 2708 1441 2765 οὖν
1470 2711 1532 2764 τὸ
1577 2709 1911 2782 προσφέρειν

2031 2734 2114 2774 ιεο
2145 2719 2307 2790 digna
2346 2736 2446 2776 nec
2476 2729 2630 2788 grata
2665 2719 2824 2776 foret.
2859 2720 2993 2775 Tam
3025 2721 3344 2792 praeclarum
3375 2737 3505 2779 vero
3537 2738 3602 2778 ac

333 2810 454 2882 Θεῷ
488 2809 566 2880 τῷ
590 2806 734 2862 οὕτω
759 2805 992 2875 τιμῶντι
1020 2805 1088 2858 τὰ
1113 2805 1556 2877 προσφερόμενα.

2031 2813 2280 2868 eximium
2330 2812 2440 2869 Deo
2489 2815 2819 2870 oblationem
2871 2813 3074 2881 facere,
3133 2815 3228 2887 qui
3277 2816 3412 2871 tanti
3459 2817 3602 2872 dona

2021 2902 2208 2956 faciat.

405 2989 481 3042 Τὸ
535 2987 814 3059 ἀλλότριον
859 2985 970 3056 πῦρ
1019 2985 1416 3056 διασπείρεται.
1472 2985 1534 3038 Οἱ
1584 2984 1693 3054 γὰρ
1736 2985 1912 3054 γήϊνοι

2091 2989 2262 3046 Porro
2305 2991 2445 3061 ignis
2495 2989 2708 3048 alienus
2746 2993 3102 3064 dispergitur.
3146 2994 3408 3052 Rationes
3455 2996 3602 3052 enim

336 3082 488 3151 λόγοι
535 3081 644 3134 τῶν
695 3078 1144 3149 ἐπανισταμένων
1196 3077 1698 3150 ἀπορῤιπτοῦνται·
1755 3077 1805 3130 οἱ
1862 3063 1919 3130 δὲ

2031 3087 2316 3135 terrestres
2362 3081 2752 3137 seditiosorum
2804 3063 3173 3154 dissipantur,
3225 3101 3352 3140 cum
3405 3086 3606 3141 divina:

339 3175 471 3228 Θεῖοι
509 3172 788 3245 κρατοῦσι.
819 3191 838 3224 ι
871 3172 988 3243 Πῦρ
1038 3172 1172 3244 γὰρ,
1203 3171 1394 3242 φησὶν,
1421 3167 1586 3241 ἦλθον
1615 3170 1796 3240 βαλεῖν
1826 3171 1918 3224 ἐπὶ

2031 3179 2214 3223 contra
2258 3170 2539 3226 evincent.
2574 3189 2592 3224 ι
2628 3173 2812 3242 Ignem
2846 3175 2991 3228 enim
3025 3175 3080 3228 in
3116 3183 3317 3230 terram
3349 3192 3602 3246 sparsum

336 3265 436 3337 τὴν
463 3266 586 3336 γῆν.
617 3283 638 3318 ι
759 3307 762 3310 λ

2031 3261 2170 3330 veni,
2208 3279 2228 3312 ι
2261 3260 2520 3331 inquit".

407 3400 772 3471 Redarguitur
815 3399 1040 3466 insuper
1071 3399 1267 3470 vulgus
1299 3399 1446 3469 quod
1479 3413 1602 3455 cum
1639 3397 1918 3454 seditiosis
1951 3398 2299 3468 conspiravit
2327 3415 2574 3470 opusque
2623 3401 2867 3456 divinum
2901 3418 3024 3460 esse
3057 3420 3296 3476 negans,
3362 3415 3416 3462 et
3473 3409 3606 3462 artis

339 3491 564 3558 magica:
607 3487 809 3541 Mosem
847 3486 1194 3550 insimulans,
1219 3493 1340 3542 astu
1370 3495 1424 3541 et
1455 3485 1674 3540 insidiis
1715 3486 1887 3555 ipsius
1917 3488 2165 3540 etenisse
2194 3484 2502 3541 aﬂirmavit.
2540 3487 2919 3546 Verumtamen
2953 3489 3130 3547 Moses
3161 3501 3214 3547 et
3247 3494 3428 3549 Aaron
3471 3509 3604 3566 sup-

341 3576 562 3646 pliciter
591 3589 690 3644 pro
717 3575 799 3628 eis
836 3572 1210 3628 intercedunt.

417 3681 712 3750 ’Δρχοντος
743 3681 856 3750 γὰρ
903 3679 965 3732 τὸ
994 3679 1069 3749 μὴ
1113 3678 1468 3733 ἀποσείεσθαι
1496 3679 1608 3750 (64)
1651 3679 1743 3734 τδν
1776 3681 1922 3744 λαὸν,

2101 3684 2376 3756 Principis
2443 3688 2587 3742 enim
2655 3705 2760 3746 non
2833 3701 2917 3748 est
2975 3695 3234 3765 pepulum
3296 3701 3606 3769 protelare,

347 3769 474 3841 μηδ’
494 3769 562 3824 ἂν
595 3769 779 3840 πάσχῃ
807 3768 919 3838 (65)
969 3768 1060 3821 ὑπ’
1109 3769 1299 3822 αὐτοῦ.
1333 3771 1445 3823 Καὶ
1495 3773 1523 3824 ὁ
1569 3769 1778 3841 ἀληθὴς
1825 3771 1928 3842 ἄρ-

2031 3769 2126 3826 sed
2157 3789 2226 3827 ne
2254 3775 2387 3844 quid
2419 3791 2516 3830 sua
2548 3777 2704 3846 culpa
2748 3781 2959 3836 adversi
3006 3785 3264 3852 patiatur,
3297 3768 3511 3846 cavere.
3550 3768 3608 3846 Id

343 3875 476 3930 χων,
507 3861 535 3912 ὁ
567 3857 774 3929 Κύριος
807 3857 985 3928 ἡμῶν,
1025 3875 1044 3909 ι
1085 3859 1302 3929 Πάτερ,
1335 3857 1474 3926 ἄφες
1498 3859 1700 3921 αὐτοῖς.
1721 3877 1740 3909 ι

2031 3861 2176 3928 quod
2210 3864 2324 3917 veri
2352 3864 2620 3934 principis
2653 3869 2902 3938 exemplo
2932 3869 3122 3940 liquet,
3151 3875 3243 3943 qui
3279 3875 3352 3929 ait
3390 3893 3404 3929 :
3437 3895 3456 3929 ι
3501 3877 3606 3933 Pa-

2037 3957 2142 4012 ter,
2169 3949 2382 4006 dimitte
2403 3951 2514 4007 illis
2533 3954 2601 4008 “.
2630 3973 2649 4005 ι

419 4034 746 4107 Διατειχίζει
815 4033 895 4104 τῷ
959 4034 1265 4106 θυμιάματι
1335 4033 1500 4104 μέσον
1557 4032 1772 4098 ζώντων
1832 4038 1926 4091 καὶ

2105 4039 2277 4097 Porro
2321 4041 2677 4112 thymiamate
2721 4057 2941 4117 separat
2983 4065 3134 4107 vivos
3168 4069 3196 4108 a
3233 4057 3467 4114 mortuis
3502 4059 3610 4114 Λει-

347 4130 685 4200 τεθνηκότων
739 4127 1046 4198 ὀἈαρὼν,
1099 4128 1194 4182 καὶ
1251 4127 1526 4182 δείκνυται
1573 4133 1688 4192 τοῖς
1741 4130 1924 4202 ἔργοις

2031 4145 2130 4184 ron
2151 4171 2166 4196 ,
2211 4139 2266 4187 et
2305 4139 2536 4188 testatur
2569 4139 2748 4208 reipsa
2777 4141 2845 4194 ad
2891 4143 3326 4211 propitiationem
3358 4152 3544 4220 populi
3578 4166 3608 4206 a

347 4221 726 4292 ἑξειλεγμένος
763 4219 868 4273 ὑπὸ
897 4217 1036 4273 Θεοῦ
1069 4219 1206 4290 πρὸς
1249 4219 1478 4291 ἱλασμὸν
1511 4219 1606 4274 τοῦ
1633 4219 1785 4276 λαοῦ.

2031 4220 2142 4278 Deo
2172 4239 2232 4280 se
2269 4227 2504 4284 electum
2533 4244 2675 4286 esse.

424 4369 444 4402 ι
479 4351 545 4404 Et
570 4351 981 4418 occubuerunt,
1021 4352 1241 4444 inquit,
1273 4353 1688 4444 quatuordecim
1715 4357 1884 4411 millia
1912 4365 1966 4414 et
1995 4360 2358 4431 septingenti,
2397 4375 2594 4434 praeter
2620 4383 2716 4424 eos
2745 4373 2840 4441 qui
2873 4373 3016 4428 Core
3046 4389 3211 4428 causa
3247 4375 3551 4444 perierunt.
3585 4396 3604 4429 ι
3709 4403 3716 4410 -

352 4437 557 4490 Partim
605 4449 856 4506 pereunt,
891 4438 1094 4506 partim
1143 4438 1384 4495 discunt.
1434 4439 1574 4506 Quin
1613 4443 1770 4499 “Obis
1807 4447 1966 4500 “iam
1997 4450 2304 4520 “emplum
2341 4455 2655 4521 νενιιίὺειιιν
2687 4437 2858 4516 “tum
2889 4471 3026 4518 ιθειθ
3061 4465 3130 4527 ἠ’
3166 4437 3374 4518 ¹¹⁸Ὀ⁰⁰
3412 4470 3613 4535 θεδ³¹¹“

354 4525 588 4578 niat'nus.

354 4539 588 4579 litamus.

421 4653 532 4708 Καὶ
570 4653 715 4707 λάϐε
765 4653 899 4720 παρ’
924 4655 1123 4708 αὐτῶν
1145 4656 1370 4724 ῥάϐδον
1414 4661 1541 4714 κατ’
1576 4663 1786 4730 οἴκους
1822 4679 1928 4720 πα-

2111 4674 2298 4742 Arcipe
2357 4677 2419 4729 ab
2480 4681 2588 4734 illis

353 4745 532 4814 τριῶν
561 4745 780 4799 αὐτῶν.
825 4745 1064 4819 Ἑκάστῃ
1091 4747 1272 4819 ῥάϐδῳ
1300 4749 1514 4803 κελεύει
1551 4753 1928 4824 ἐπιγραφῆναι

352 4838 415 4890 τὸ
442 4836 536 4890 τοῦ
578 4835 839 4907 ἄρχοντος
873 4836 1044 4905 δνομα
1072 4838 1194 4892 ἀντὶ
1242 4839 1342 4910 τῆς
1385 4840 1557 4912 φυλῆς
1591 4843 1832 4915 ἀπάσης,
1861 4843 1929 4918 ἦς

355 4928 534 5000 ἄρχει,
592 4927 729 4998 πρὸς
775 4928 838 4980 τὸ
901 4928 1103 4998 μηδένα
1156 4929 1344 5001 ἓτερον
1388 4933 1784 4989 ἀντιποιεῖσθαι
1829 4938 1930 5007 τῆς

357 5019 682 5093 ἱερωσύνης,
719 5019 858 5090 πλὴν
897 5019 992 5072 τοῦ
1035 5021 1540 5092 ἐπιγεγραμμένου.
1603 5027 1678 5078 Τὸ
1715 5027 1772 5080 δὲ
1819 5029 1928 5081 πᾶν

354 5109 512 5163 τοῦτο
537 5109 624 5163 διὰ
649 5108 744 5179 τὴν
767 5109 862 5162 τοῦ
886 5107 1017 5162 Λευῒ
1038 5109 1230 5180 φυλὴν,
1261 5109 1336 5174 ὡς
1373 5113 1438 5165 ἂν
1459 5117 1486 5166 ό
1513 5115 1716 5187 ταύτης
1739 5119 1925 5189 ἅρχων

369 5199 578 5270 ’Δαρὼν
606 5201 705 5272 ἔχῃ
733 5201 794 5253 τὸ
823 5201 1012 5271 γέρας.

2641 4683 2856 4753 virgam-
2897 4703 2991 4754 per
3050 4690 3289 4760 singulas
3345 4695 3608 4763 familias.

2038 4761 2227 4866 [λγΙῇ
2259 4768 2342 4840 2.]
2379 4768 2688 4844 Unicuique
2713 4777 2878 4846 virga:
2929 4781 3154 4836 mandat
3193 4761 3422 4844 inscribi
3457 4791 3612 4859 prin-

2035 4865 2176 4952 cipis
2215 4873 2434 4926 nomen,
2469 4865 2636 4920 totius
2663 4867 2840 4924 tribus
2867 4872 2955 4924 cui
2985 4882 3182 4941 prwest
3214 4876 3351 4944 vice,
3383 4896 3452 4936 ne
3485 4885 3611 4952 quis

2037 4945 2176 5000 alius
2217 4964 2382 5017 quam
2421 4954 2729 5023 descriptus
2774 4963 3142 5020 sacerdotium
3191 4969 3298 5024 sibi
3345 4945 3610 5030 vindicet.

2037 5035 2190 5103 Quod
2223 5055 2354 5097 sane
2391 5045 2708 5102 universum
2741 5063 2966 5122 propter
2993 5057 3190 5112 tribum
3221 5059 3352 5116 Levi
3405 5063 3608 5119 factum

2035 5138 2139 5274 cit,
2187 5147 2294 5201 quo
2343 5133 2523 5189 Aaron
2571 5139 2822 5211 princeps
2869 5144 3038 5214 ipsius
3089 5149 3248 5204 istam
3285 5152 3610 5224 dignitatem

2035 5235 2063 5272 ο
2105 5221 2320 5274 tineret.

2031 5221 2320 5277 obtineret.

429 5384 473 5418 ⁶⁹
514 5383 844 5453 Μλιιιωιιι,
877 5389 965 5458 l9,
993 5391 1080 5446 50.
1156 5393 1198 5422 ὀ
1235 5393 1368 5448 Luc.
1403 5413 1499 5462 xu,
1533 5398 1620 5452 49.
1698 5401 1740 5430 τί
1777 5403 1908 5459 Luc.

2038 5422 2096 5471 Il,
2133 5407 2222 5460 δι.
2254 5408 2295 5438 τ’
2332 5404 2508 5459 Galat.
2545 5421 2620 5470 vr,
2673 5409 2724 5462 7.

1861 5541 2090 5598 ΝΟΤΛΞ.

427 5611 542 5753 is;
3106 5642 3205 5714 τὴν

687 5781 953 5844 Parant.
991 5783 1108 5871 Gs.
1141 5785 1502 5852 LXXXVII.
3275 5807 3354 5868 27
