4050 6212
364 310 371 342 :
474 282 519 343 ἐ
536 281 592 340 i3
1793 286 1963 347 PROl

2135 286 2143 343 ι
2183 284 2423 344 GAZ/El
3133 234 3140 241 ’
3619 286 3734 353 stt

557 389 730 459 Cujus
760 395 907 444 certe
949 390 1099 460 virga
1132 389 1476 461 amygdalina
1527 390 1650 447 folia
1687 392 1770 465 (ut
1800 410 1899 465 par
1943 395 2084 464 erat)
2119 394 2379 459 extrudit,
2409 403 2462 448 et
2506 391 2744 447 fructum
2778 392 2979 448 reddit.
3016 394 3093 448 Ac
3121 408 3186 449 ea
3234 395 3452 466 quidem
3489 396 3545 452 in
3573 403 3740 457 vasis

490 480 663 535 sacris
701 479 1003 548 reponitur,
1040 479 1197 550 signo
1226 481 1484 536 nimirum
1518 483 1587 539 iis
1616 485 1711 555 qui
1748 486 2085 556 immorigeri
2111 498 2232 540 esse
2261 490 2571 552 pergerent,
2604 495 2672 534 ne
2712 480 2817 550 ipsi
2854 495 3076 550 quoque
3107 480 3400 537 interirent
3421 483 3622 540 denuo.
3666 485 3734 541 Id

490 577 667 621 autem
713 566 856 635 quod
904 576 1102 635 praeter
1144 576 1396 621 naturam
1430 567 1635 623 factum
1680 579 1786 633 est,
1816 572 2074 626 virtutem
2119 585 2182 625 ac
2222 568 2673 637 omnipotentiam
2719 567 2811 620 Dei
2862 567 3063 638 arguit.
3096 565 3366 624 Praeterea
3405 586 3502 626 eos
3530 574 3625 642 qui
3656 576 3737 629 ad

490 652 657 707 Deum
685 667 807 707 sese
835 652 1343 709 conferuntvirtute
1373 654 1495 725 ejus
1521 672 1586 711 ex
1615 659 1900 714 veteribus
1929 674 2099 714 novos
2123 655 2238 712 fieri
2268 654 2530 709 declarat.
2559 653 2724 708 Juxta
2758 654 2887 708 illud
2918 670 2987 708 ex
3018 654 3377 712 innovatione
3406 656 3518 713 Deo
3546 661 3741 715 addu-

491 741 689 794 cimur.
720 736 854 792 Item
876 756 890 792 :
916 737 1060 810 «Ego
1091 755 1236 805 sum,
1263 741 1458 810 inquit,
1487 744 1580 813 qui
1617 753 1807 814 vegeto
1839 745 2041 814 lignum
2072 743 2284 799 aridum
2304 742 2402 797 ⁷³.»
2434 742 2651 795 Davidis
2686 744 2813 797 item
2841 742 2969 795 illud
3007 760 3021 795 :
3058 759 3076 792 ι
3098 741 3276 812 Super
3309 745 3430 815 ipso
3457 748 3735 803 confisum

490 836 577 883 est
608 843 704 881 cor
733 842 939 890 meum,
967 837 1023 881 et
1058 827 1304 883 reﬂoruit
1334 844 1467 884 caro
1500 845 1618 885 mea
1660 831 1730 884 τι.
1765 848 1784 883 ι
1817 832 1897 886 Ad
1927 833 2069 887 hunc
2094 834 2256 887 modo
2289 831 2557 886 Ezechieli
2585 847 2801 901 quoque
2840 832 3172 886 restauratio
3205 834 3414 887 ossium
3451 837 3736 890 aridorum

492 914 902 980 ostendebatur,
942 931 1064 984 qua:
1094 918 1351 986 populum
1382 907 1658 987 captivum
1692 918 1746 971 in
1781 918 2049 985 integrum
2085 919 2395 974 restitutum
2428 917 2492 971 iri
2524 919 2880 987 portendebat
2922 919 2991 971 ’⁸.
3036 916 3209 973 Porro
3243 919 3419 973 forma
3457 922 3737 993 amygdali

492 1003 669 1056 virum
698 1002 900 1057 bonum
932 1002 1241 1058 adumbrat.
1278 1005 1348 1059 Ut
1401 1005 1546 1058 enim
1580 1004 1807 1060 nucleus
1839 1006 2013 1076 ipsius
2042 1016 2126 1062 est
2155 1014 2459 1070 contectus,
2489 1013 2543 1060 et
2574 1007 2627 1058 in
2660 1006 2939 1075 putamine
2984 1004 3135 1070 latet,
3184 1006 3259 1059 ita
3292 1008 3470 1061 virtus
3513 1010 3564 1063 in
3604 1011 3732 1064 ani—

490 1090 563 1143 mi
596 1091 779 1144 habitu
817 1090 1118 1155 recondita,
1151 1107 1260 1145 non
1290 1091 1540 1161 corporis
1562 1099 1648 1147 est
1701 1102 2015 1161 conspectu.
2051 1093 2222 1160 Quam
2250 1090 2396 1149 Deus
2428 1093 2581 1151 solus
2611 1093 2914 1163 cognoscit,
2944 1106 3178 1160 quaeque
3205 1094 3589 1150 sacerdOtibus
3618 1098 3734 1150 im-

487 1176 682 1245 primis
706 1176 990 1245 competit.
1017 1175 1167 1230 Plebi
1200 1192 1330 1231 vero
1368 1177 1505 1232 ficus
1538 1186 1931 1247 comparantur
1956 1221 1972 1245 ,
2003 1188 2272 1250 quatenus
2302 1181 2625 1250 superﬁcies
2659 1194 2849 1234 earum
2891 1166 3179 1247 splendida
3205 1188 3291 1235 est
3324 1180 3596 1237 videlicet.
3633 1183 3736 1237 Li-

487 1271 578 1317 cet
609 1272 790 1316 autem
820 1278 885 1316 ea
917 1262 973 1316 in
1021 1277 1080 1316 re
1126 1262 1419 1332 imaginem
1451 1264 1659 1318 Christi
1706 1279 1955 1332 cernere,
1984 1282 2144 1335 quem
2176 1265 2336 1321 Pater
2375 1281 2653 1321 summum
2697 1266 3039 1321 sacerdotem
3074 1269 3364 1322 constituit
3405 1285 3571 1339 super
3626 1288 3740 1327 nos

487 1350 746 1405 omnibus
778 1350 995 1405 saeculis
1039 1348 1399 1405 sufﬁcientem
1435 1365 1499 1405 ac
1540 1351 1823 1417 idoneum,
1855 1366 1920 1407 ac
1944 1361 2003 1406 ut
2033 1353 2211 1409 verbis
2250 1352 2407 1408 Pauli
2445 1361 2569 1407 utar
2600 1354 2667 1417 ⁷⁸⁸,
2714 1352 3030 1406 ministrum
3083 1366 3394 1419 sacrorum,
3441 1366 3494 1410 et
3543 1358 3736 1413 taber-

485 1437 666 1492 naculi
697 1436 833 1500 veri,
864 1434 1012 1505 quod
1046 1435 1314 1492 Dominus
1344 1435 1488 1500 fixit,
1523 1451 1633 1491 non
1670 1437 1835 1492 homo
1859 1479 1875 1503 ,
1910 1439 1998 1492 cui
2036 1439 2212 1495 modis
2236 1443 2492 1497 omnibus
2547 1440 2806 1497 Israelita:
2839 1440 3108 1510 sanguine
3140 1443 3432 1513 prepinqui
3480 1444 3546 1498 ad
3596 1460 3737 1499 cru-

485 1538 601 1580 cem
649 1537 823 1593 usque
868 1524 1207 1577 restiterunt.
1241 1521 1443 1578 Verum
1488 1524 1643 1590 juxta
1694 1523 1932 1578 formam
1981 1525 2367 1583 revirescentis
2398 1528 2564 1597 hujus
2596 1528 2780 1597 virgae,
2836 1528 3055 1592 revixit,
3090 1529 3459 1599 omnibusque
3508 1531 3736 1601 signum

487 1603 731 1682 praebuit‘
754 1626 785 1664 a
816 1609 926 1664 Deo
967 1626 1027 1665 se
1058 1611 1297 1676 venisse,
1340 1612 1628 1681 ipsumque
1672 1610 1841 1666 Deum
1883 1627 2025 1668 esse.
2058 1612 2327 1678 Qudcirca
2357 1616 2574 1683 signum
2608 1613 2915 1683 petentibus
2951 1628 3060 1669 non
3095 1614 3241 1669 aliud
3272 1632 3435 1686 quam
3471 1614 3621 1671 Jona:
3652 1619 3739 1673 si-

484 1714 650 1769 gnum
703 1698 1058 1768 promittitur.
1103 1699 1161 1753 1n
1207 1700 1328 1770 ipso
1356 1700 1503 1754 enim
1551 1694 1807 1770 tanquam
1860 1700 2220 1770 primogenito
2258 1717 2422 1756 omne
2473 1700 2618 1771 quod
2667 1698 2831 1754 morti
2877 1708 2931 1753 et
2979 1700 3222 1754 interitui
3267 1702 3562 1756 obnoxium
3611 1714 3738 1757 erat

485 1789 609 1843 vita:
642 1790 884 1857 vigorem
915 1793 970 1843 et
998 1788 1234 1843 virorem
1271 1788 1637 1858 recuperavit.
1676 1788 1900 1843 Videtur
1932 1803 2096 1858 porro
2131 1790 2278 1859 virga
2315 1789 2695 1860 amygdalina,
2728 1791 2930 1843 virtute
2958 1789 3191 1858 quadam
3237 1792 3472 1845 naturali
3520 1792 3737 1846 dormi-

487 1876 819 1932 turientibus
864 1891 1006 1946 pone
1060 1884 1226 1946 caput
1272 1879 1448 1947 posita
1477 1916 1493 1941 ,
1547 1892 1798 1954 somnum
1847 1878 2081 1947 eripere,
2118 1876 2569 1946 vigilantiamque
2618 1875 2934 1942 concitare;
2970 1884 3306 1945 quapropter
3341 1877 3407 1931 ad
3437 1875 3736 1932 Jeremiam

488 1969 624 2024 dixit
651 1969 792 2025 Deus
829 1986 844 2023 :
889 1986 909 2020 ς
940 1970 1077 2036 Quid
1109 1977 1167 2023 tu
1214 1968 1364 2024 vides
1385 1969 1410 2021 ’ἐ
1443 1988 1462 2021 ι
1491 1967 1592 2023 Cui
1617 1968 1895 2038 respondit
1928 1970 2017 2023 ille
2045 1984 2064 2022 :
2101 1986 2121 2020 ι
2155 1968 2423 2022 Perticam
2459 1965 2863 2037 amygdalinam
2891 2006 2907 2031 ,
2948 1984 2966 2018 ι
2998 1966 3087 2021 cui
3134 1967 3426 2022 subintulit
3459 1986 3473 2021 :
3506 1961 3526 2019 ἁ
3560 1966 3738 2022 Recte

490 2056 674 2109 Vidiali
716 2070 873 2117 sane,
920 2055 1269 2110 sermonibus
1302 2056 1502 2110 etenim
1536 2056 1691 2120 meis,
1729 2064 1785 2108 ut
1817 2070 1912 2111 eos
1947 2054 2089 2109 eﬂ‘ccl

2145 2070 2196 2108 m
2231 2052 2438 2118 darem,
2476 2052 2752 2121 invigilavi
2800 2053 2901 2105 ⁷⁷.»
2934 2051 3737 2126 Ωιιοιηειιιιιοιιυῐηιοθνρτο

487 2157 518 2195 e
566 2156 760 2197 somno
786 2140 987 2211 aliquis
1018 2142 1264 2211 evigilat,
1296 2141 1378 2195 ita
1402 2158 1431 2194 a
1462 2142 1708 2196 'mortuis
1738 2141 1935 2197 revixit
1966 2140 2238 2196 Christus.
2298 2137 2454 2193 Unde
2505 2139 2561 2193 in
2607 2137 2841 2194 Psalmis
2874 2153 3092 2210 quoque
3119 2140 3253 2195 dicit
3283 2159 3297 2195 :
3335 2159 3354 2192 ι
3391 2140 3503 2211 Ego
3528 2140 3737 2197 cubavi

489 2243 555 2282 ac
598 2228 857 2295 dormivi,
893 2228 1177 2297 evigilavi,
1205 2228 1332 2295 quia
1367 2227 1627 2283 Dominus
1658 2228 1921 2297 suscipiet
1948 2243 2011 2282 ac
2045 2228 2286 2282 tuebitur
2316 2243 2399 2280 me
2446 2226 2513 2280 ⁷⁸.
2557 2244 2575 2276 ι

562 2313 749 2369 Omnis
774 2316 863 2384 qui
887 2314 1123 2384 attigerit
1149 2313 1548 2367 tabernaculum
1575 2314 1867 2367 testimonii
1904 2313 2114 2367 Domini
2138 2315 2409 2369 morietur.
2436 2310 2624 2385 [XVIL
2650 2311 2763 2384 15.]
2792 2310 2944 2369 Malis
2961 2311 3107 2367 enim
3134 2328 3243 2367 non
3268 2322 3413 2384 patet
3446 2313 3629 2372 aditus
3654 2318 3729 2372 ad

491 2402 683 2462 Deum.
715 2403 859 2456 unde
882 2409 1007 2471 post
1030 2411 1209 2455 actum
1247 2400 1515 2470 judicium
1543 2400 1845 2469 ejiciuntur
1870 2400 2124 2471 improbi.
2153 2402 2291 2457 Ante
2332 2401 2601 2469 judicium
2629 2415 2761 2454 vero
2795 2398 3108 2454 hominibus
3132 2401 3225 2470 qui
3265 2402 3319 2456 in
3347 2403 3550 2459 mundo
3582 2413 3722 2460 sunt

490 2489 727 2559 spatium
755 2488 1079 2543 conceditur
1107 2488 1233 2542 vitae
1257 2486 1686 2544 emendationis.
1720 2487 1901 2557 Atque
1933 2487 2003 2543 ad
2025 2486 2305 2544 Christum
2335 2497 2558 2560 propter
2581 2487 2898 2544 affinitatem
2930 2488 3117 2542 carnis
3155 2502 3321 2559 quam
3353 2504 3478 2545 cum
3528 2505 3597 2547 eo
3620 2492 3727 2546 ha-

490 2578 681 2631 bemus
710 2576 926 2645 amplus
956 2590 1216 2630 accessus
1258 2574 1420 2629 nobis
1467 2585 1554 2629 est
1582 2573 1852 2630 tributus.

560 2687 712 2741 Dixit
744 2685 1000 2739 Dominus
1034 2686 1102 2738 ad
1137 2683 1315 2738 Aaron
1342 2699 1360 2736 :
1390 2681 1467 2736 Tu
1496 2692 1545 2737 et
1583 2683 1767 2738 damus
1791 2684 1959 2752 patris
1991 2685 2068 2738 tui
2096 2668 2144 2728 Α

2132 2700 2144 2728 ι
2240 2682 2345 2738 Ital
2375 2684 2505 2738 εἷπε
2542 2685 2757 2753 Κύριος
2793 2684 2941 2753 πρὸς
2980 2684 3225 2753 Ἀαρὼν,
3248 2685 3467 2755 λέγων’
3501 2686 3586 2741 Σὺ
3628 2691 3731 2743 καὶ

491 2790 657 2834 tecum
681 2778 964 2848 portabitis
1000 2777 1336 2848 iniquitatem
1368 2776 1685 2830 sanctuarii.
1732 2775 1945 2847 [XVIIL
1982 2775 2058 2848 1.]

2159 2776 2214 2828 ol
2243 2775 2362 2828 vlo!
2384 2790 2500 2829 σου
2526 2776 2622 2829 καὶ
2654 2779 2688 2830 ὁ
2712 2771 2875 2842 οἴκος
2907 2777 3012 2831 τοῦ
3037 2777 3266 2844 πατρός
3295 2791 3413 2829 σου
3436 2782 3585 2845 μετὰ
3608 2779 3736 2834 σοῦ

491 2871 709 2926 Aditum
770 2871 825 2923 in
882 2868 1145 2923 Sanctum
1184 2875 1496 2923 sanctorum
1548 2868 1803 2924 omnibus
1836 2876 2060 2938 prater-

2160 2866 2436 2934 λήψεσθε
2464 2866 2570 2933 τὰς
2597 2869 2886 2937 ἁμαρτίας
2918 2869 3038 2922 τῶν
3066 2868 3267 2937 ἁγίων.
3313 2869 3384 2922 Σὺ
3419 2869 3513 2922 καὶ
3538 2871 3587 2922 ol
3623 2873 3734 2926 υἱοί

490 2977 652 3033 quam
684 2961 1066 3017 sacerdotibus
1092 2962 1203 3014 imo
1245 2959 1453 3015 Levitis
1478 2960 1643 3014 etiam
1694 2961 2056 3015 interclusum

2163 2975 2258 3010 σου
2303 2960 2395 3011 καὶ
2423 2960 2451 3012 ὁ
2486 2955 2635 3019 οἶκος
2675 2958 2770 3013 τοῦ
2806 2960 3012 3030 πατρός
3052 2976 3145 3013 σου
3185 2959 3593 3030 ωμσαπὰσετε
3630 2964 3732 3033 τὴν

490 3065 613 3105 esse
637 3057 912 3118 oportere,
944 3048 1142 3118 inquit.
1176 3045 1280 3101 Ubi
1329 3047 1717 3102 confusionem
1747 3061 1811 3101 ac
1843 3058 2059 3117 pertur-

2166 3050 2509 3120 παρανομίαν
2536 3050 2633 3103 τοῦ
2681 3051 3044 3120 ἁγιάσματος.
3089 3052 3407 3121 ’Δπρόσιτα,
3442 3051 3581 3122 πλὴν
3620 3054 3732 3105 τῶν

492 3139 770 3194 bationem
796 3140 1048 3193 ordinum
1087 3145 1357 3207 praecavet
1398 3137 1619 3203 iterum,
1656 3145 1709 3193 et
1750 3138 2059 3193 ministeria

2167 3141 2379 3209 ἱερέων,
2419 3141 2487 3195 τὰ
2517 3143 2685 3211 Ἀγια
2711 3142 2824 3196 τῶν
2850 3142 3021 3211 ἁγίων
3047 3144 3159 3205 τοῖς
3178 3142 3428 3205 Δευῖταις
3456 3144 3566 3196 δεῖν
3587 3139 3732 3197 εἷναί

492 3246 591 3301 pro
637 3231 907 3301 cujusque
947 3230 1210 3299 dignitate
1261 3228 1531 3284 discernit
1568 3243 1632 3283 ac
1663 3228 1930 3298 disponit.
1980 3230 2061 3283 Ac

2164 3248 2320 3302 φησι,
2359 3233 2708 3303 προαναιρῶν
2742 3233 2900 3286 πάλιν
2925 3234 3025 3303 τὴν
3053 3233 3301 3298 ἀταξίαν,
3338 3233 3433 3285 καὶ
3470 3232 3570 3296 τὰς
3618 3233 3732 3288 λει-

491 3321 602 3376 Deo
632 3323 848 3392 quidem
879 3320 1193 3375 ministrare
1230 3317 1435 3374 Levitis
1461 3334 1752 3374 commune
1783 3327 1921 3374 erat.
1958 3320 2060 3373 Ac-

2160 3322 2417 3392 τουργίας
2465 3323 2585 3376 κατ’
2615 3322 2771 3387 ἀξίαν
2796 3322 3194 3393 διαιρούμενος.
3231 3322 3302 3374 Τὸ
3337 3322 3436 3391 μὲν
3466 3323 3577 3393 γὰρ
3617 3322 3728 3376 λει-

490 3416 686 3472 cedcre
713 3431 841 3471 vero
880 3414 946 3470 ad
988 3413 1251 3468 Sanctum
1289 3421 1603 3467 sanctorum
1656 3411 1721 3466 ad
1754 3411 1903 3467 solos
1931 3426 2057 3482 per-

2160 3416 2411 3484 τουργείν
2444 3412 2583 3483 Θεῷ,
2619 3413 2801 3467 κοινὸν
2834 3412 3106 3466 Δευῖτῶν·
3137 3413 3196 3466 τὸ
3224 3412 3279 3466 δὲ
3311 3412 3592 3484 προσιέναι
3619 3417 3732 3480 τοῖς

493 3509 698 3563 tinebat
728 3506 1063 3563 sacerdotes.

2160 3505 2268 3557 τῶν
2294 3505 2467 3573 ἁγίων
2510 3506 2735 3574 Ἀγίοις.
2772 3506 2931 3577 μόνον
2955 3507 3165 3577 ἱερέων.

569 3640 585 3672 ι
610 3619 765 3685 Nam,
797 3618 1009 3672 alienus
1036 3631 1064 3669 a
1083 3630 1281 3687 genere
1314 3624 1429 3676 tuo,
1460 3612 1659 3683 inquit,
1695 3626 1804 3665 non
1835 3610 2057 3664 accedet
2079 3614 2463 3669 tecumaErat
2496 3629 2627 3669 vero
2654 3614 2758 3669 hoc
2788 3629 2961 3684 genus
2991 3613 3258 3672 divinum.
3278 3616 3519 3682 Qumstio
3542 3619 3734 3676 obori-

492 3719 582 3765 tur
616 3711 821 3778 itaque,
861 3717 1132 3775 quatenus
1163 3702 1338 3756 sancli
1372 3701 1578 3755 Christi
1610 3697 1815 3753 fratres
1858 3698 2149 3763 exsistant,
2186 3716 2215 3753 a
2251 3702 2453 3772 quibus
2491 3703 2585 3772 qui
2618 3702 2850 3758 dissidet
2895 3702 2963 3757 ad
2994 3702 3274 3758 Christum
3304 3721 3414 3759 non
3458 3710 3733 3774 pervenit,

493 3810 671 3866 neque
715 3793 1079 3847 ministerium
1121 3805 1337 3846 sacrum
1368 3802 1490 3841 cum
1524 3785 1731 3841 sanctis
1761 3798 2048 3839 commune
2087 3785 2265 3840 habet.
2306 3807 2324 3839 ι
2354 3786 2705 3844 Renuntiabo
2735 3805 2934 3844 nomen
2964 3797 3119 3843 tuum
3174 3789 3438 3846 fratribus
3463 3795 3598 3849 meis
3621 3795 3689 3851 τ’.
3711 3815 3731 3849 ι

492 3884 635 3950 Quin
665 3884 826 3936 etiam
859 3890 971 3935 tres
1005 3881 1082 3933 illi
1111 3879 1312 3947 ubique
1359 3874 1581 3931 Christo
1616 3884 1915 3944 prasentes
1959 3880 2135 3936 erant,
2169 3874 2258 3926 alii
2289 3890 2419 3930 vero
2450 3890 2479 3927 a
2531 3876 2751 3931 Christo
2784 3875 2889 3930 sibi
2940 3876 3074 3943 ipsis
3108 3878 3578 3945 relinquebantur.
3618 3879 3734 3934 Ali-

492 3972 713 4042 quando
748 3984 876 4025 vcro
899 3968 1085 4022 cuncti
1115 3965 1406 4021 duodecim
1450 3977 1557 4018 una
1589 3977 1715 4016 cum
1747 3960 1992 4025 Christo,
2019 3959 2180 4029 vulgo
2214 3962 2444 4016 seorsim
2472 3970 2649 4017 erant.
2685 3962 3004 4017 Differentia
3036 3961 3239 4015 ctenim
3273 3977 3468 4033 magna
3504 3964 3562 4019 in
3590 3968 3732 4021 divi-

499 4075 571 4114 na
595 4059 920 4130 cognatione
955 4056 1197 4111 exsistit.
1229 4055 1333 4108 Alii
1367 4052 1512 4107 enim
1540 4050 1738 4105 fratres
1768 4047 1973 4105 Christi
2003 4052 2238 4117 supremi
2275 4058 2403 4104 sunt
2431 4065 2495 4103 ac
2519 4048 2776 4119 proximi,
2809 4048 2898 4101 alii
2932 4058 3057 4119 post
3086 4048 3229 4113 illos,
3254 4048 3347 4101 alii
3380 4064 3446 4104 ac
3473 4052 3736 4122 pleraque

486 4149 656 4203 turba
681 4148 958 4214 deinceps.
988 4144 1066 4199 Ac
1110 4144 1361 4197 multum.
1396 4156 1530 4197 sane
1566 4139 1671 4195 sibi
1721 4138 1854 4201 ipsis
1893 4137 2298 4191 incommodam
2348 4138 2623 4202 homines,
2679 4136 2902 4203 quando
2941 4136 3129 4206 gloria:
3177 4137 3481 4205 cupiditate
3509 4141 3737 4195 ordines

492 4239 839 4309 perturbant.
874 4236 993 4290 Non
1031 4234 1175 4289 enim
1207 4233 1370 4287 aliam
1396 4232 1468 4286 ob
1492 4242 1714 4285 causam
1745 4225 1911 4281 Ozias
1948 4226 2093 4294 lepra
2127 4221 2362 4279 infectus
2387 4233 2493 4289 est,
2519 4238 2683 4294 quam
2708 4222 2853 4294 quod
2885 4236 3197 4292 supremam
3225 4222 3555 4279 oblationem
3581 4227 3739 4282 avide

491 4329 655 4383 nimis
698 4323 1005 4383 usurpavit.

562 4342 655 4383 ιιιις
698 4340 1005 4396 usurpavn.

562 4435 733 4489 Porro
780 4431 833 4485 id
864 4427 1010 4498 quod
1048 4425 1226 4479 dicit:
1262 4441 1279 4473 ι
1318 4421 1543 4476 Peccata
1577 4417 1868 4475 sacerdotii
1898 4414 2065 4472 vestri
2098 4409 2140 4462 Β

2133 4416 2140 4456 ἵ
2238 4420 2311 4473 Τὸ
2325 4421 2431 4487 δὲῃ
2444 4419 2692 4492 Λήψεσθε
2708 4421 2806 4485 τὰς
2824 4418 3099 4490 ἁμαρτίας
3110 4419 3211 4490 τῆς
3231 4419 3504 4490 lepis-refe;
3523 4419 3700 4490 ὑμῶν,
3713 4443 3732 4472 ο

488 4523 858 4582 sustinebitis.
894 4539 913 4570 ι
940 4517 1011 4571 de
1041 4516 1106 4569 iis
1138 4527 1258 4582 qua:
1280 4512 1333 4565 in
1360 4518 1623 4579 apparatu
1644 4508 2062 4563 committuntur

1415 4518 1623 4578 iparatu
1644 4508 2062 4563 committuntur
2140 4508 2265 4583 aa;
2298 4509 2361 4561 ἐκ
2394 4509 2764 4581 παραϐάσεως
2790 4508 3014 4580 δηλαδή.

500 4609 917 4682 intelligendum
947 4613 1052 4662 est.
1403 4630 1416 4644 ι
3282 4610 3305 4691 Ἀ

562 4745 791 4800 Videtur
823 4748 1028 4805 autem,
1058 4736 1239 4798 aiunt,
1271 4733 1346 4788 ibi
1375 4732 1444 4787 de
1488 4731 1709 4785 victima
1755 4731 2088 4800 integritatis
2122 4744 2220 4784 seu
2251 4728 2626 4799 perfectionis,
2659 4726 3120 4798 quemadmodum
3151 4725 3207 4781 in
3252 4724 3442 4780 Exodo
3484 4733 3537 4781 et
3574 4725 3736 4782 Levi~

480 4834 623 4898 νίῗεοζ
658 4831 826 4901 loqui.
856 4829 1063 4884 Caroea
1087 4826 1233 4881 enim
1271 4822 1507 4876 victimae
1551 4818 1717 4889 hujus
1762 4819 1867 4889 ipsi
1914 4816 2229 4874 sacerdotes
2272 4814 2501 4886 perfecti
2551 4814 2937 4870 comedebant.
2993 4811 3337 4868 Sacrificium
3388 4813 3591 4885 quippe
3637 4829 3783 4901 pro,

491 4929 715 4992 peccato
744 4920 1095 4974 sacerdotum
1129 4921 1307 4968 totum
1335 4908 1710 4965 comburitur.
2093 4990 2100 4992 Α
2174 4991 2187 4992 7
2223 4990 2266 4992 __
2420 4989 2435 4992 _
2691 4988 2706 4992 Α
2762 4976 2765 4979 ,

563 5009 631 5063 Ει
657 5007 873 5063 ebibitis
922 5003 1246 5065 ministeria,
1301 4998 1500 5053 donum
1531 4993 1821 5049 sacerdotii
1869 4993 2049 5048 vestri.
2086 4990 2191 5066 [6.]
2221 4989 2534 5046 Notandum
2563 4988 2709 5059 quod
2741 4988 2999 5045 sacerdos
3050 4988 3300 5044 muneris
3345 5002 3410 5043 ac
3460 4988 3590 5044 doni
3618 4988 3742 5043 vice

491 5097 860 5155 ministerium
906 5108 1002 5163 pro
1043 5090 1350 5147 saccrdmio
1399 5102 1509 5157 quo
1559 5100 1588 5138 a
1637 5083 1749 5139 Deo
1784 5083 2082 5153 insignitus
2115 5091 2198 5136 est
2237 5078 2347 5135 Deo
2379 5076 2580 5133 offerre
2619 5075 2858 5163 videtur.
2892 5075 2965 5163 Si?
3007 5074 3134 5144 quis
3162 5074 3330 5163 igitur
3367 5074 3738 5163 ministerium

490 5185 765 5242 cautionis
797 5159 973 5254 gratia
1010 5179 1259 5243 abdicat,
1300 5177 1355 5230 in
1406 5173 1627 5245 gravius
1657 5179 1944 5259 peccatum
1988 5185 2049 5227 se
2078 5167 2347 5233 incidere,
2393 5178 2459 5220 eo
2500 5161 2647 5233 quod
2679 5162 2972 5218 honoranti
3012 5176 3075 5217 se
3106 5161 3341 5231 gratiam
3387 5176 3498 5216 non
3530 5159 3737 5227 refert,

493 5277 733 5327 iunurat.

493 5292 733 5348 ignorat.

564 5385 699 5441 Ecce
749 5378 995 5437 mandari
1045 5374 1186 5430 vobis
1238 5372 1652 5427 observationem
1680 5377 2057 5438 praeceptorum

2237 5360 2395 5418 ἰὃοὺ
2432 5360 2662 5415 δέδωκα
2697 5357 2840 5428 ὑμῖν
2872 5356 2988 5426 τὴν
3015 5355 3374 5427 διατήρησιν
3415 5355 3536 5429 τῶν
3569 5355 3739 5411 crto-

490 5494 749 5536 meorum.
796 5472 899 5549 [8.]
935 5467 1105 5538 Stirpi
1149 5462 1479 5522 sacerdotali
1514 5475 1677 5517 omne
1714 5458 2060 5514 victimarum

2166 5453 2293 5510 λῶν
2316 5472 2457 5525 μου.
2486 5453 2577 5522 Τῷ
2607 5450 2737 5522 ἱερῷ
2760 5450 3035 5519 γέγειπᾶν
3063 5446 3203 5514 εἶδος
3227 5451 3492 5521 ἀπονέμει
3520 5448 3736 5511 θυσίας,

572 5634 738 5687 "lsa.
773 5647 881 5691 Lvi,
921 5628 976 5683 5.
1050 5624 1096 5657 "‘
1129 5617 1276 5678 Psal.
1327 5636 1497 5686 xxvu,
1531 5622 1583 5678 7.
1660 5620 1703 5655 "'
1732 5617 1937 5676 Ezech.
1969 5636 2171 5689 xxxvn,

2165 5661 2172 5687 ,
2212 5623 2234 5675 l
2287 5636 2442 5691 seqq.
2517 5617 2565 5653 "
2594 5615 2760 5673 Hebr.
2811 5630 2946 5682 vin,
3026 5614 3082 5668 9..
3160 5610 3207 5641 "
3244 5606 3445 5665 Jcrem.
3479 5587 3764 5672 i,ll,l2.'

486 5702 687 5761 "Paul.
720 5718 798 5768 ιιι,
845 5700 900 5753 6.
975 5699 1019 5729 "
1046 5694 1191 5753 Psal.
1222 5709 1331 5760 xxI,
1367 5691 1454 5749 95.

3660 5696 3666 5703 4
