4050 6212
380 332 486 397 £45

1441 342 1974 406 COMMENTARII
2017 341 2094 402 IN
2136 311 2523 401 Nummos.

3523 335 3628 397 8:16

380 447 450 500 τὰ
483 443 592 498 ἀπὸ
613 444 1010 516 πλημμελείας,
1043 448 1112 502 τὰ
1147 449 1254 502 ἀπὸ
1277 450 1570 522 ἁμαρτίας.
1603 455 1810 524 Ὅνομα
1845 454 1954 523 γὰρ

2070 465 2226 522 genus
2260 451 2521 514 destinat,
2566 455 2674 502 tam
2707 447 2962 504 delictum
2995 459 3157 518 qttam
3191 457 3494 518 peccatum.
3535 448 3627 502 Vi-

382 538 450 606 τῇ
479 536 622 606 ὑπὲρ
653 537 930 606 ἁμαρτίας
953 539 1140 610 θυσίᾳ,
1173 541 1440 612 ἁμαρτία.
1473 545 1581 598 Καὶ
1610 544 1824 607 Παῦλος
1853 546 1960 611 γὰρ

383 629 582 697 νομικῇ
629 629 978 698 χρησάμενος
1019 630 1186 696 λέξει,
1235 634 1400 704 φησί’
1452 657 1468 685 ι
1501 633 1604 688 Τὸν
1642 636 1716 704 μὴ
1765 634 1963 702 γνόντα

382 717 680 788 ἁμαρτίαν,
715 719 859 792 ὑπὲρ
885 722 1042 792 ἡμῶν
1075 725 1354 794 ἁμαρτίαν
1383 725 1629 795 ἐποίησε.
1669 745 1686 777 ι
1727 725 1962 778 Τέουται

381 811 492 880 γὰρ
522 811 662 882 ὑπὲρ
692 811 802 866 τῶν
845 815 1130 885 ἁμαρτιῶν
1169 817 1348 886 ἡμῶν,
1392 817 1468 880 ὡς
1514 817 1699 889 ἀρνίον
1733 817 1958 871 ἄκακον.

381 900 636 954 Τοιοῦτον
669 903 764 955 καὶ
788 903 866 966 τὸ,
904 923 922 956 ‹
957 905 1254 977 ’Δμαρτίας
1302 907 1432 961 λαοῦ
1489 925 1590 978 μου
1633 909 1950 978 φάγονται.»

2065 544 2231 595 ctima
2264 542 2408 596 enim
2467 555 2563 610 pro
2619 538 2862 610 peccatis
2923 539 3129 609 peccati
3190 554 3389 594 nomen
3437 539 3623 594 habet.
3659 595 3676 608 ,

2065 632 2218 688 Unde
2246 633 2448 689 Paulus
2475 633 2610 703 legis
2639 631 3267 701 dictionem‘usurpans,
3296 631 3370 685 ait
3395 649 3410 686 :
3447 649 3466 682 ι
3490 631 3626 686 Eum

2061 725 2153 793 qui
2197 733 2480 793 peccatum
2517 737 2626 778 non
2671 729 3022 792 cognoverat,
3081 737 3181 792 pro
3227 722 3388 777 nobis
3437 735 3632 793 pecca-

2063 823 2176 868 tum
2225 814 2354 868 fecit
2393 816 2461 867 ⁸³.
2503 833 2520 865 ι
2567 814 2890 869 lmmolatus
2937 815 3084 869 enim
3117 829 3217 884 pro
3253 815 3494 883 peccatis
3531 831 3633 868 no-

2067 905 2229 968 stris,
2277 905 2426 960 velut
2457 919 2630 976 agnus
2678 905 3084 972 immaculatus,
3113 903 3272 961 Jesus
3306 914 3412 961 est.
3465 901 3630 974 Ejus-

381 993 628 1046 τουτέστι
681 999 748 1048 τὰ
781 997 920 1068 ὑπὲρ
957 999 1232 1069 ἁμαρτίας
1279 997 1377 1052 τοῦ
1412 997 1542 1052 λαοῦ
1592 1015 1716 1070 μου,
1753 999 1957 1072 βρῶσις

383 1083 538 1138 ἔσται
564 1087 676 1150 τοῖς
707 1086 932 1160 ἱερεῦσι.

2064 996 2210 1051 modi
2254 1005 2308 1050 et
2362 995 2496 1050 illud
2552 1006 2636 1052 est
2671 1013 2729 1049 τι
2783 995 3018 1052 Peccata
3065 997 3248 1068 p0puli
3305 997 3408 1052 mei
3451 1011 3632 1051 come-

2063 1085 2192 1142 dent
2229 1087 2310 1153 tu;
2349 1105 2366 1138 ι
2405 1087 2508 1140 hoc
2560 1094 2666 1150 est,
2713 1088 2952 1141 victimae
3001 1103 3100 1156 pro
3153 1087 3396 1157 peccatis
3447 1087 3632 1158 populi

2065 1177 2167 1229 mei
2208 1175 2589 1231 sacerdotibus
2619 1177 2674 1230 in
2715 1175 2915 1230 victum
2956 1177 3171 1231 cedent.

461 1312 710 1368 Destinat
747 1313 930 1383 itaque
957 1314 1036 1370 eis
1075 1314 1380 1384 omnigenae
1427 1315 1664 1368 victimae
1713 1311 1976 1382 reliquias
1999 1351 2012 1376 ,
2046 1327 2110 1368 ea
2151 1321 2332 1368 tamen
2377 1313 2494 1384 lege
2535 1321 2596 1367 nt.
2633 1314 2686 1366 in
2723 1313 2841 1368 loco
2873 1320 3084 1366 tantum
3115 1326 3274 1367 sacro
3312 1311 3628 1379 comedam,

385 1407 440 1454 et
469 1407 665 1469 praeter
695 1415 876 1456 mares
907 1415 1090 1455 nemo.
1126 1401 1392 1458 C:eterum
1425 1403 1680 1471 primitiae
1723 1415 1916 1456 omnes
1950 1407 2004 1454 et
2044 1399 2440 1469 redemptionis
2491 1400 2666 1470 pretia
2715 1401 2850 1470 ipsis
2886 1407 2940 1456 et
2973 1400 3228 1454 omnibus
3259 1398 3352 1469 qui
3393 1413 3516 1454 cum
3551 1403 3634 1454 eis

387 1498 516 1548 sunt
559 1500 666 1544 tam
703 1492 950 1546 maribus
989 1507 1152 1561 quam
1197 1493 1416 1549 feminis
1462 1493 1856 1547 attribuuntur.
1889 1491 2054 1544 Sacra
2085 1485 2288 1538 etenim
2335 1485 2402 1539 ad
2438 1477 2759 1540 sacerdotes
2789 1494 2844 1538 et
2872 1499 3062 1540 eorum
3102 1484 3306 1538 liberos
3339 1485 3392 1538 in
3445 1499 3630 1539 sacer-

307 1623 314 1630 .
387 1578 538 1633 dotio
566 1592 918 1632 successores
951 1581 1253 1648 pertinent.
1285 1579 1572 1634 Munerum
1601 1593 1732 1634 vero
1775 1578 2079 1632 oblationes
2115 1574 2342 1628 familiis
2373 1574 2809 1630 sacerdotalibus
2849 1587 3174 1628 communes
3213 1581 3358 1628 sunt.
3398 1572 3634 1628 Verum-

387 1675 570 1721 tamen
601 1681 726 1720 eum
761 1667 856 1734 qui
891 1667 977 1723 his
1003 1669 1304 1738 participat
1337 1667 1606 1722 mundum
1637 1680 1761 1722 esse
1789 1672 2024 1734 oportet,
2059 1675 2164 1714 non
2197 1660 2604 1730 praeputiatum,
2639 1676 2734 1714 seu
2772 1660 3146 1728 peregrinum,
3178 1674 3288 1714 non
3323 1660 3630 1728 leprosum,

389 1769 488 1806 nec
516 1751 908 1808 seminifluum.
939 1754 1340 1810 Abstinendum
1373 1770 1505 1810 vero
1539 1755 1606 1808 ab
1639 1754 1708 1808 iis
1731 1766 1853 1822 qua:
1903 1766 2001 1820 per
2027 1753 2344 1822 allegoriam
2379 1751 2464 1806 his
2513 1751 2766 1820 corporis
2799 1749 3184 1805 aﬂ‘ectionibus
3229 1751 3632 1820 significantur.

389 1837 572 1894 Talem
606 1840 774 1909 igitur
804 1855 930 1895 esse
967 1849 1182 1908 oportet
1217 1841 1454 1906 lidelem,
1483 1841 1657 1910 pium,
1694 1848 1748 1894 et
1785 1839 2082 1895 virtutibus
2125 1839 2392 1894 deditum.
2429 1858 2446 1890 ι
2489 1837 2694 1892 Fmdus
2723 1837 2858 1892 salis
2907 1839 3306 1906 sempiternum
3339 1849 3444 1903 est,
3477 1857 3496 1890 ι
3547 1840 3633 1894 in-

387 1925 530 1996 quit,
561 1935 614 1979 et
645 1927 1070 1982 commonefacit
1102 1929 1224 1998 ejus
1263 1929 1412 1996 quod
1445 1928 1499 1982 in
1535 1927 1780 1982 Levitico
1830 1925 2036 1980 dictum
2069 1929 2152 1978 est
2189 1940 2202 1976 :
2245 1941 2262 1974 ι
2303 1921 2438 1976 Cum
2469 1921 2618 1974 omni
2653 1920 2932 1975 oblatione
2967 1921 3136 1974 salem
3167 1919 3411 1976 ederetis
3449 1921 3634 1976 Domi-

392 2027 462 2066 no
505 2011 615 2068 Deo
645 2023 828 2068 vestro
861 2013 929 2068 ⁸⁸.
970 2033 989 2066 ι
1050 2015 1533 2086 Couspergebatur
1582 2016 1728 2068 enim
1764 2013 1880 2068 sale
1925 2010 2168 2073 victima.
2220 2019 2274 2066 et
2299 2011 2671 2066 adornabatur
2712 2009 3118 2078 quodammodo
3155 2017 3214 2064 ιιι
3245 2009 3544 2080 prudenter
3573 2025 3640 2064 ac

389 2113 514 2154 cum
539 2099 751 2154 ratione
783 2099 948 2172 410
976 2100 1286 2154 offerretur.
1337 2099 1456 2155 Non
1491 2100 1637 2156 enim
1670 2100 1876 2168 absque
1908 2099 2020 2154 sale
2077 2100 2393 2156 comedetur
2429 2099 2610 2169 panis,
2663 2099 2808 2154 sicut
2855 2099 3120 2167 scriptum
3171 2105 3256 2153 est
3307 2097 3374 2151 ⁸³.
3429 2099 3495 2152 Ει
3536 2099 3644 2154 ite-

391 2201 510 2240 rum
543 2203 556 2237 :
596 2203 614 2238 ι
645 2185 752 2240 Vos
790 2188 926 2242 estis
949 2187 1032 2241 sal
1055 2197 1216 2242 terrae
1244 2187 1314 2243 ⁸⁵.
1365 2205 1384 2239 ι
1421 2187 1696 2244 Caeterum
1751 2187 1866 2240 hare
1897 2185 2224 2240 confirmant
2257 2186 2608 2254 pronuntiata
2659 2200 2746 2251 ea,
2811 2183 2956 2253 quod
3007 2183 3204 2256 dignus
3251 2186 3322 2239 sit
3351 2187 3638 2256 operarius

391 2273 644 2330 mercede
695 2289 796 2330 sua
835 2275 904 2329 ⁸⁵.
944 2293 962 2327 ι
1031 2277 1198 2340 Item,
1237 2277 1330 2346 qui
1371 2277 1514 2346 apud
1557 2277 1728 2330 altare
1777 2273 2072 2336 excubant,
2107 2273 2430 2344 participant
2463 2287 2680 2342 quoque
2715 2271 2896 2324 altari.
2931 2270 3100 2324 Porro
3131 2270 3385 2326 Davidem
3420 2287 3640 2344 quoque

395 2360 644 2416 modeste
673 2361 934 2416 sacerdos
965 2363 1270 2432 interrogat
1302 2379 1368 2418 an
1405 2361 1642 2418 mundus
1676 2361 1746 2418 sit
1770 2363 1885 2430 ipse
1916 2369 1970 2414 et
1998 2360 2130 2416 socii
2166 2360 2359 2430 ipsius,
2405 2375 2530 2414 cum
2562 2358 2738 2412 sacris
2769 2357 3100 2428 participare
3139 2357 3362 2423 vellent,
3403 2374 3509 2413 non
3549 2373 3640 2414 sa-

407 2447 676 2502 cerdotali
708 2450 840 2512 ritu,
875 2449 968 2504 sed
1007 2459 1064 2504 ut
1099 2449 1406 2504 necessitas
1434 2449 1696 2512 dictabat,
1727 2463 1878 2502 more
1908 2446 2234 2506 domestico,
2267 2443 2518 2512 quamvis
2547 2457 2714 2512 panes
2751 2443 3141 2512 propositionis
3173 2453 3357 2498 essent
3378 2445 3445 2498 ⁸⁶.
3467 2445 3638 2514 Opor-

393 2541 470 2588 tet
504 2535 691 2604 itaque
723 2535 1102 2604 voluptatibus
1134 2536 1360 2590 minime
1385 2535 1545 2598 allici,
1596 2551 1772 2604 neque
1815 2535 1869 2588 in
1909 2547 2001 2587 eas
2035 2530 2217 2585 animo
2261 2528 2461 2592 delabi,
2504 2543 2602 2582 nec
2631 2529 2792 2583 etiam
2829 2529 2894 2580 ad
2925 2527 3186 2584 cadavera
3237 2537 3290 2584 et
3320 2545 3408 2586 res
3465 2545 3494 2584 a
3526 2529 3642 2584 Deo

393 2620 603 2678 alienas
633 2623 930 2692 respicere.
963 2621 1438 2688 Quemadmodum
1469 2637 1598 2678 vero
1631 2622 1732 2692 ipsi
1765 2619 2019 2692 primitiae
2058 2625 2189 2672 sunt
2232 2617 2458 2686 populi,
2496 2615 2576 2670 sic
2607 2628 2674 2669 ex
2712 2614 2972 2684 primitiis
3023 2623 3423 2672 sustentantur.

463 2753 576 2808 Καὶ
602 2751 726 2810 πᾶν
753 2752 1058 2821 διανοῖγον
1085 2751 1292 2808 πᾶσαν
1317 2754 1556 2822 μήτραν
1597 2751 1716 2806 ἀπὸ
1757 2749 1962 2816 πάσης

2137 2743 2407 2814 Quidquid
2465 2745 2690 2812 primum
2737 2751 2972 2812 erumpet
3028 2760 3054 2795 e
3107 2744 3262 2798 vulva
3311 2759 3470 2814 quam
3507 2745 3638 2815 offe-

391 2845 638 2913 σαρκὸς,
673 2845 790 2898 ὅσα
819 2843 1233 2914 προσφέρουσι
1263 2845 1456 2911 Κυρίῳ
1499 2843 1618 2898 ἀπὸ
1648 2841 1961 2909 ἀνθρώπου

392 2933 504 2998 ἕως
541 2931 826 2999 κτήνους,
853 2933 1168 2986 Galeotae.
1225 2933 1376 2986 Ἀλλ’
1417 2933 1455 3000 ἢ
1494 2933 1788 2999 λύτρωσις
1854 2932 1962 2982 λυ-

397 3021 760 3090 τρωθήσεται
808 3024 878 3076 τὰ
916 3026 1259 3092 πρωτότοκα
1311 3022 1429 3075 τῶν
1475 3021 1834 3089 ἀνθρώπων,
1867 3018 1964 3072 καὶ

395 3115 470 3168 τὰ
539 3117 884 3182 πρωτότοκα
949 3114 1068 3168 τῶν
1133 3113 1372 3182 κτηνῶν
1434 3113 1552 3166 τῶν
1615 3111 1966 3178 ἀκαθάρτων

395 3205 698 3274 λυτρώσῃ.
781 3206 860 3258 Τὰ
921 3206 1022 3276 μὲν
1075 3205 1184 3258 τῶν
1237 3203 1560 3276 ἀνθρωπων,
1626 3203 1712 3256 διὰ
1762 3201 1962 3273 τιμήν-

394 3295 454 3348 οὖ
485 3297 592 3364 γὰρ
626 3295 894 3364 σφακτὲον
943 3295 1010 3349 τὰ
1039 3295 1236 3364 λογικὰ
1291 3295 1348 3348 ὲν
1404 3295 1504 3363 ῐσῳ
1545 3295 1660 3357 τοῖς
1711 3293 1926 3361 ἀλόγοις
1953 3309 1968 3322 ·

395 3387 462 3440 τὰ
517 3387 572 3440 δὲ
627 3387 734 3439 τῶν
787 3387 1020 3460 κτηνῶν,
1081 3387 1147 3440 δι’
1211 3387 1467 3456 ἀτιμίαν,
1523 3387 1604 3438 ὅτι
1648 3383 1964 3450 ἀκάθαρτα,

399 3481 489 3532 καὶ.
527 3479 624 3549 τῆς
655 3481 733 3542 εἰς
763 3479 896 3532 Θεδν
919 3481 1106 3534 ἀνόδου
1159 3477 1268 3530 τῶν
1322 3477 1502 3540 καλῶς
1561 3478 1968 3548 μεθισταμένων

396 3573 581 3640 ψυχῶν
611 3573 708 3622 οὐκ
731 3573 840 3642 ἔχει
875 3571 1162 3640 σύμϐολον.
1203 3569 1278 3622 Τὸ
1301 3571 1356 3622 δὲ
1387 3571 1581 3640 λύτρον
1614 3569 1726 3640 (66)
1773 3569 1847 3639 μὴ
1878 3567 1970 3620 ἐπὶ

401 3661 577 3730 φθορᾷ
627 3661 834 3724 παθῶν,
886 3661 1000 3714 ἀλλ’
1045 3663 1138 3713 ἐπὶ
1180 3661 1292 3730 ζωῇ
1321 3663 1524 3729 κόσμου
1547 3677 1558 3688 ·
1587 3661 1667 3712 ὅτι
1705 3659 1970 3712 πέπονθεν

402 3753 522 3803 ἀντὶ
538 3751 761 3804 δικαίων
790 3753 883 3804 καὶ
917 3751 1140 3814 ἀδίκων,
1175 3751 1432 3819 καθαρῶν
1459 3751 1552 3803 καὶ
1587 3750 1662 3820 μὴ
1690 3747 1968 3818 καθαρῶν.

2069 2845 2192 2890 runt
2243 2836 2488 2900 Domino,
2526 2837 2632 2890 sire
2661 2850 2726 2888 ea;
2773 2836 3070 2889 hominibus
3119 2837 3228 2890 sive
3267 2837 3330 2891 de
3363 2839 3639 2904 pecoribus

2067 2929 2250 2996 fuerit,
2301 2929 2379 2982 tui
2416 2929 2564 2997 juris
2594 2929 2714 2991 erit,
2765 2928 2842 2980 ita
2877 2927 3140 2981 duntaxat
3183 2938 3240 2982 ut
3267 2945 3362 2998 pro
3409 2930 3640 2984 hominis

2067 3021 2418 3090 primogenita
2445 3021 2674 3088 pretium
2707 3019 2962 3084 accipias,
2994 3027 3044 3072 et
3093 3035 3244 3074 omne
3271 3021 3476 3074 animal
3501 3022 3640 3091 quod

2069 3114 2404 3168 immundum
2433 3122 2512 3166 est
2551 3112 2738 3166 redimi
2785 3111 2978 3179 facies.
3013 3110 3148 3184 [15.]
3194 3112 3482 3168 Hominum
3515 3113 3642 3184 qui-

2075 3205 2196 3262 dem
2233 3205 2593 3275 primogenita
2625 3213 2846 3274 propter
2875 3203 3220 3274 dignitatem,
3256 3205 3468 3260 ratione
3495 3207 3642 3260 enim

2075 3297 2306 3367 pradita
2379 3303 2622 3350 mactare
2671 3309 2780 3349 non
2833 3297 3089 3350 Convenit
3141 3297 3282 3351 sicut
3331 3299 3510 3351 bruta.
3545 3295 3644 3351 Pe-

2075 3391 2274 3444 cudum
2305 3401 2431 3443 vero
2467 3397 2692 3458 prepter
2727 3387 3120 3456 ignobilitatem
3161 3389 3290 3459 quia
3333 3389 3640 3450 immunda,

2075 3495 2174 3535 nec
2205 3481 2373 3534 ullum
2407 3479 2618 3548 signum
2669 3477 2872 3534 habent
2902 3495 3165 3534 ascensus
3212 3481 3304 3548 qui
3359 3480 3423 3533 ad
3473 3479 3642 3534 Deum

2076 3573 2144 3625 ab
2197 3571 2395 3625 animis
2448 3571 2583 3625 bene
2655 3571 2936 3624 translatis
2998 3571 3100 3636 fit,
3159 3571 3354 3626 redimi
3415 3571 3642 3641 permit-

2082 3671 2288 3715 tuntur.
2337 3662 2404 3715 At
2465 3675 2595 3716 vero
2631 3661 2879 3718 Christus
2914 3663 3005 3732 qui
3039 3663 3266 3731 pretium
3317 3662 3646 3731 redemptio-

2083 3753 2167 3806 nis
2227 3761 2426 3806 nostra:
2486 3750 2660 3806 factus
2695 3791 2709 3814 ,
2769 3767 2875 3805 non
2937 3767 3034 3822 pro
3077 3753 3344 3816 interitu,
3397 3753 3490 3807 sed
3551 3767 3648 3822 pro

403 3843 510 3898 vita
569 3843 754 3896 mundi
811 3857 1109 3914 passusest.
1143 3845 1248 3899 Pro
1291 3845 1455 3914 justis
1525 3847 1670 3900 enim
1733 3855 1786 3900 et
1843 3847 2080 3916 injustis,
2135 3864 2231 3918 pro
2289 3849 2438 3918 puris
2477 3857 2532 3903 et
2581 3849 2810 3918 impuris
2867 3863 3062 3916 passus
3117 3855 3222 3912 est,
3287 3848 3648 3920 omnibusque

403 3936 738 4008 gratificatus
797 3945 905 4000 est,
949 3937 1114 4006 justis
1175 3939 1394 4008 quidem
1452 3938 1566 4008 (qui
1629 3939 1836 3994 ratione
1886 3941 2050 3994 alium
2118 3951 2243 4010 typo
2285 3941 2676 4012 designantur)
2709 3951 2764 3996 ut
2821 3940 3024 3994 servari
3081 3949 3298 4008 possvnt
3341 3939 3482 4010 quod
3553 3959 3649 4011 per

402 4027 616 4094 seipsos
683 4039 790 4079 non
825 4032 1076 4094 poterant
1127 4042 1142 4079 :
1191 4026 1574 4095 peccatoribus
1627 4040 1757 4080 vero
1799 4027 1915 4094 (per
1944 4027 2101 4080 bruta
2163 4027 2520 4094 adumbratis)
2555 4035 2612 4079 ut
2657 4042 2685 4079 a
2735 4033 2908 4080 morte
2959 4024 3432 4080 transferrentur:
3489 4025 3648 4096 cujus

403 4112 604 4182 indigni
671 4109 888 4166 fuerant
943 4113 1160 4167 etiamsi
1219 4121 1340 4182 post
1405 4113 1858 4168 resurrectionem
1918 4113 2314 4183 judicarentur.
2383 4111 2850 4178 Quemadmodum
2923 4112 3200 4166 hominum
3259 4113 3478 4182 quidem
3533 4117 3646 4184 pri-

403 4199 674 4270 mogenita
711 4199 832 4253 viva
875 4198 984 4253 Deo
1019 4199 1336 4254 ministrare
1369 4215 1474 4252 non
1509 4212 1761 4268 possunt,
1787 4201 2144 4272 primogenita
2187 4216 2315 4254 vero
2369 4200 2686 4254 animalium
2721 4199 3122 4252 immundorum
3173 4213 3346 4268 neque
3379 4200 3446 4254 ad
3475 4203 3648 4256 sacri-

403 4288 582 4342 ficium
637 4303 814 4358 neque
850 4287 916 4342 ad
945 4288 1312 4342 ministerium
1355 4303 1574 4342 sacrum
1605 4296 1728 4359 apta
1755 4296 1904 4344 sunt.
1949 4289 2052 4342 Pro
2081 4287 2298 4342 mundis
2338 4283 2821 4342 vero'animalibus
2865 4301 2970 4338 non
3007 4285 3212 4354 petitur
3249 4286 3644 4358 redemptionis

405 4375 658 4442 pretium,
705 4375 800 4429 sed
833 4375 1072 4428 victima:
1121 4375 1258 4428 fiunt
1308 4391 1406 4446 pro
1445 4377 1704 4445 primitiis
1733 4384 1788 4432 et
1831 4377 1990 4445 epulo
2019 4391 2205 4432 eorum
2243 4376 2332 4445 qui
2371 4375 2816 4429 immolaverunt.
2849 4373 2978 4440 Quae
3009 4390 3142 4430 sane
3175 4375 3402 4444 figuram
3449 4380 3649 4448 prmfen

403 4474 528 4516 runt
575 4463 693 4530 ejus
749 4465 843 4534 qui
891 4480 1082 4519 revera
1127 4466 1366 4522 mundus
1395 4478 1478 4522 est
1511 4482 1576 4522 ac
1627 4465 2064 4536 primogenitus;
2099 4463 2190 4533 qui
2225 4478 2282 4518 se
2323 4478 2432 4516 non
2495 4461 2666 4524 dabit,
2726 4462 3002 4530 inquiens.
3039 4464 3480 4532 propitiationem
3551 4482 3648 4536 pro

405 4549 604 4616 seipse,
636 4559 690 4602 et
729 4551 1392 4622 pretium.redemptionis
1418 4569 1516 4622 pro
1541 4554 1726 4606 anima
1760 4569 1882 4608 sua.
1917 4551 2166 4620 Namque
2193 4551 2305 4604 hinc
2343 4565 2438 4618 pro
2465 4549 2848 4620 primogenitis
2877 4549 3160 4602 hominum
3198 4549 3252 4604 in
3288 4549 3456 4621 figura
3488 4551 3649 4607 Chri-

404 4634 472 4688 sti
501 4635 942 4691 immolabantur.
979 4635 1179 4692 Horum
1223 4641 1470 4710 sanguis,
1501 4640 1595 4710 qui
1629 4640 1925 4694 afTundilur
1952 4639 2130 4702 altari,
2172 4637 2442 4706 cujusque
2485 4637 2660 4690 virtus
2694 4636 2952 4690 consistit
2995 4635 3045 4688 in
3077 4637 3401 4692 ascensione
3443 4639 3646 4694 Christi

402 4721 496 4790 qui
531 4719 722 4790 recipit
753 4721 964 4776 animas
999 4725 1340 4792 sequentium
1383 4741 1462 4790 se,
1497 4726 1872 4782 decessionem
1922 4725 2228 4778 animorum
2278 4733 2594 4778 sanctorum
2632 4721 2998 4792 significabat.
3039 4722 3220 4792 Adeps
3251 4739 3380 4779 vero
3419 4725 3643 4780 uberta-

405 4818 508 4860 tem
541 4803 762 4860 virtutis
797 4805 904 4862 Deo
957 4803 1300 4866 familiarem.
1338 4813 1594 4866 (Iarnium
1653 4813 1889 4882 denique
1941 4813 2058 4882 ejus
2109 4811 2602 4866 sanctificationem
2637 4827 2756 4880 quze
2789 4825 2852 4862 ex
2887 4825 3040 4864 sat-ra
3093 4809 3233 4862 redit
3287 4812 3530 4864 victima.
3575 4812 3648 4868 De

403 4891 518 4946 sale
559 4899 717 4946 antea
751 4891 956 4946 dictum
983 4903 1087 4948 est.

473 5002 538 5056 In
555 5014 696 5058 terra
721 5005 950 5072 ipsorum
977 5023 1078 5060 non
1113 5017 1307 5064 sortem
1325 5011 1557 5066 habebis.
1583 5011 1796 5082 [XVII],
1817 5012 1932 5084 20.]
1956 5011 2274 5082 Separatum
2299 5019 2382 5066 est
2409 5013 2476 5066 ab
2505 5011 2628 5066 aliis
2661 5025 2832 5080 genus
2856 5025 3096 5074 sacrum,
3115 5027 3222 5066 non
3243 5013 3532 5068 ininiSIerii
3559 5030 3646 5068 ra-

402 5089 548 5143 tione
575 5097 786 5142 tantum
837 5099 1018 5144 utrum
1063 5093 1226 5147 etiam
1263 5095 1380 5164 spei
1413 5096 1744 5152 diderentia.
1783 5097 1854 5153 lis
1883 5099 2026 5152 enim
2059 5104 2150 5172 qui
2181 5103 2236 5156 in
2269 5103 2434 5158 rebus
2457 5103 2772 5158 carnalibus
2803 5119 2953 5171 spem
2998 5105 3294 5170 collocant,
3337 5108 3536 5162 merito
3567 5109 3644 5160 di-

401 5183 614 5264 ceret-ur
655 5177 885 5264 utique:
933 5196 950 5230 ι
991 5177 1114 5236 llaec
1145 5190 1230 5236 est
1269 5183 1450 5251 portio
1489 5191 1605 5248 tua,
1637 5184 1752 5239 haec
1799 5199 1922 5239 sors
1968 5195 2081 5242 tua.
2133 5209 2150 5240 ι
2201 5188 2336 5244 Sors
2367 5190 2616 5259 inquam,
2647 5189 2908 5256 quoniam
2957 5191 3090 5245 mihi
3135 5191 3438 5256 diliidistis,
3465 5195 3645 5264 inquit

405 5260 686 5318 Dominus.
729 5261 822 5319 llis
851 5279 980 5320 vero
1020 5270 1114 5320 uui
1139 5283 1270 5336 opes
1305 5271 1358 5322 in
1385 5271 1526 5324 cmlo
1555 5270 1820 5338 condunt,
1863 5272 1988 5340 hoc,
2025 5275 2080 5330 in
2141 5285 2286 5332 terra
2315 5291 2508 5332 eorum
2560 5275 2764 5330 nullam
2797 5277 3100 5346 portionem
3129 5278 3420 5334 obtinebis.
3471 5260 3640 5335 item:

473 5430 520 5460 ¹¹⁰
561 5429 600 5482 ll
643 5430 767 5484 Cor.
803 5449 852 5496 v,
883 5433 974 5486 2|.

405 5433 1052 5528 .a'.°.!lnc‘1r;_".23:__
1085 5433 1130 5470 ⁸³
1163 5440 1298 5494 Osee
1323 5455 1396 5507 ιν,
1435 5441 1488 5492 8.
1565 5438 1614 5470 ⁶¹
1657 5440 1828 5496 Levii.
1865 5455 1900 5492 ιι
1931 5479 1944 5504 ,

2070 5483 2072 5492 .
2153 5439 2196 5470 ³³
2229 5437 2332 5496 Job
2375 5457 2452 5508 vr,
2479 5440 2532 5494 6.
2615 5441 2662 5472 “
2693 5437 2883 5494 Matth.
2913 5457 2964 5506 v,
2997 5441 3084 5494 1'5.

485 5501 500 5552 l
533 5503 662 5570 lteg.
705 5517 816 5566 xxi,
855 5503 888 5555 4
919 5518 1073 5572 seqq.

3161 5443 3204 5472 ⁸⁸
3239 5441 3374 5498 Lu:‘.
3415 5459 3470 5506 χ,
3511 5444 3564 5496 7.

1967 5609 2195 5671 NOTAE.

472 5723 580 5793 (66)
609 5723 838 5796 Χριστὸς
861 5723 916 5779 δὲ
939 5726 999 5781 τὸ
1025 5727 1238 5798 λύτρον.
1299 5727 1354 5780 Ὀ
1389 5730 1488 5798 τῆς
1519 5727 1654 5794 Αὺγ.
1691 5723 1820 5782 κὼδ.
