4050 6212
396 282 520 348 ’857
1748 272 1993 336 PROCO

2091 276 2101 335 [
2140 274 2383 336 GALEI
2821 334 2824 337 λ
3575 281 3690 342 848

492 392 604 463 Ego
630 403 750 445 sum
778 387 1121 459 portio-tua.
1158 393 1210 441 et
1239 385 1532 442 haereditas
1576 394 1697 441 tua.
1742 407 1760 439 ο
1799 386 1984 443 Talem
2035 403 2157 444 esse
2198 387 2367 442 voluit
2395 385 2654 443 Christus
2679 399 2804 442 eum
2838 385 3088 457 quicum
3115 385 3301 444 omnia
3346 385 3490 461 legis
3521 389 3696 451 fecis-

390 489 522 554 εδει,
561 477 850 534 absolutus
883 491 1005 532 esse
1033 476 1226 537 vellet,
1270 489 1394 529 cum
1438 474 1616 545 inquit
1644 492 1657 528 :
1689 494 1707 527 ι
1743 474 1933 529 Vende
1970 474 2258 531 facultates
2292 484 2437 540 tuas,
2485 475 2689 547 largire
2716 474 3074 547 pauperibus,
3101 481 3157 531 et
3183 490 3282 548 age
3310 492 3543 548 sequere
3575 497 3686 546 me,

420 568 761 636 habebisque
786 565 1102 620 thesaurum
1137 565 1191 618 in
1224 564 1386 619 ccelis
1417 564 1722 634 repositum
1752 562 1822 617 ".
1868 582 1887 616 ι
1923 561 2042 617 Tali
2070 562 2203 619 dicit
2235 562 2401 618 David
2437 580 2451 617 :
2485 581 2504 615 ι
2551 562 2763 618 Laetare
2789 562 2845 617 in
2878 561 3134 631 Domino,
3165 570 3222 619 et
3254 579 3416 635 spera
3455 565 3510 621 in
3540 567 3687 638 ipso,

416 657 617 724 ctipse
646 653 809 709 faciet
853 652 920 706 ⁸⁸.
959 671 978 704 ι
1015 650 1097 706 Ad
1143 666 1285 722 quos
1332 650 1513 721 inquit
1567 649 1827 705 Scrvator
1870 668 1884 705 :
1950 669 1968 702 ι
2032 649 2107 707 Νε
2154 652 2278 707 sitis
2311 651 2528 707 solliciti
2580 665 2682 721 pro
2713 650 2895 705 anima
2923 659 3112 706 vestra
3163 653 3296 721 quid
3323 652 3535 708 edendo
3562 670 3690 711 eam

418 742 766 804 sustentetis,
799 755 897 809 pro
925 754 1186 809 corpore;
1218 740 1373 804 item,
1398 737 1676 807 quomodo
1708 740 1886 807 ipsum
1922 739 2215 806 vestiatis;
2251 739 2386 809 quin
2417 753 2648 808 regnum
2676 737 2770 794 Dei
2796 746 2852 793 et
2880 739 3156 808 justitiam
3186 739 3310 810 ejus
3339 741 3577 809 primum
3602 743 3695 795 in-

417 830 639 900 quirite,
674 829 767 882 ﬁet
803 827 948 883 enim
979 836 1038 881 ut
1074 830 1187 903 haec
1220 826 1405 880 omnia
1431 825 1592 879 vobis
1634 834 1984 895 apponantur
2025 825 2093 880 ε’,
2143 844 2162 878 ι
2212 825 2482 882 Caeterum
2523 832 2750 896 peccata
2810 824 3014 881 iterum
3046 833 3209 881 vocat
3264 824 3539 882 sacriﬁcia
3584 842 3692 897 pro

418 918 681 988 peccatis,
713 931 834 987 quae
876 913 1103 985 ﬁguram
1134 913 1342 968 Christi
1377 928 1490 982 prae
1524 926 1585 967 se
1623 910 1830 966 ferunt.

493 1023 627 1079 Cum
658 1024 974 1092 acceperitis
1006 1038 1039 1076 a
1067 1022 1199 1092 ﬁliis
1235 1020 1414 1075 Israel
1461 1021 1697 1075 decimas
1725 1037 1855 1089 quas
1881 1020 2007 1076 dedi
2048 1021 2192 1077 vobis
2220 1022 2491 1091 primitias
2542 1038 2727 1078 eorum
2753 1022 2941 1092 oﬁ‘erte
2970 1020 3225 1078 Domino:
3271 1021 3414 1096 [26.]
3445 1021 3502 1079 Id
3534 1025 3688 1096 quod

419 1113 621 1168 Levita:
653 1112 855 1181 populo
886 1120 1037 1175 sunt,
1087 1108 1296 1165 Levitis
1352 1108 1615 1164 sacerdos
1669 1115 1777 1173 est,
1809 1124 2080 1175 summus,
2134 1109 2381 1180 inquam,
2428 1112 2689 1166 sacerdos
2723 1110 2816 1181 qui
2856 1120 3048 1181 typum
3102 1111 3244 1180 gerit
3272 1110 3503 1167 Christi.
3539 1115 3683 1169 ltem

411 1202 568 1270 juxta
589 1201 844 1264 Paulum,
874 1198 966 1268 qui
999 1198 1240 1253 decimas
1273 1196 1498 1265 accipit,
1530 1194 1773 1250 decimas
1803 1197 2066 1264 persolvit
2090 1197 2157 1250 ’°.
2188 1198 2353 1268 Atqui
2384 1206 2500 1251 tum
2528 1197 2750 1268 quidem
2798 1195 2969 1267 ﬁgura
3015 1196 3082 1252 ad
3119 1196 3517 1254 Melchisedech
3558 1214 3690 1256 sese

416 1289 715 1352 referebat,
746 1296 873 1358 post
900 1302 1032 1342 vero
1064 1287 1229 1341 etiam
1264 1287 1318 1341 in
1361 1286 1480 1357 lege
1510 1286 1654 1340 idem
1685 1287 1907 1342 evenit:
1951 1285 2194 1340 decimas
2224 1285 2371 1339 enim
2405 1285 2651 1355 pendunt
2697 1298 2869 1339 sacrae
2899 1284 3100 1340 domus
3132 1283 3416 1355 praefecto,
3450 1285 3681 1351 Sancto,

416 1380 661 1447 inquam,
687 1385 1005 1431 sanctorum
1046 1381 1253 1430 sanctae
1283 1372 1542 1437 Ecclesiae
1573 1373 1874 1429 secundum
1911 1373 2187 1427 Danielem
2206 1374 2249 1404 ⁹¹
2275 1413 2289 1436 ,
2322 1371 2635 1428 sanctiﬁcat
2676 1373 2821 1427 enim
2853 1378 3099 1426 sanctos.
3126 1370 3256 1426 Item
3286 1370 3398 1427 Deo
3422 1371 3681 1440 deorum,

414 1467 503 1520 cui
534 1466 714 1520 omnis
741 1464 961 1520 fructus
1006 1463 1258 1529 debetur,
1300 1462 1762 1532 quemadmodum
1796 1463 2062 1532 scripturn
2111 1470 2196 1517 est
2235 1464 2318 1529 ",
2368 1464 2634 1531 quoniam
2681 1477 2879 1518 omnes
2924 1462 3285 1533 undiquaque
3313 1463 3486 1533 ipsius
3525 1464 3674 1519 dona

416 1554 615 1609 ferent.
644 1556 987 1622 Quapropter
1012 1552 1057 1606 si
1090 1567 1155 1606 ex
1194 1550 1425 1605 decimis
1453 1549 1771 1604 Levitarnm
1818 1550 2091 1619 primitias
2135 1565 2246 1604 non
2293 1550 2595 1619 acciperet,
2629 1566 2727 1606 eos
2752 1565 2976 1621 quoque
3005 1565 3120 1605 non
3152 1551 3549 1607 sanctiﬁcaret.
3576 1552 3681 1607 At-

416 1660 525 1711 que
553 1644 659 1696 hoc
687 1652 773 1697 est
797 1640 944 1709 quod
996 1639 1196 1708 inquit,
1244 1646 1297 1693 et
1349 1656 1368 1689 ι
1411 1636 1615 1691 Sancta
1650 1637 1886 1691 ﬁliorum
1917 1637 2083 1693 Israel
2114 1652 2181 1693 ne
2211 1638 2468 1708 polluatis
2493 1637 2653 1710 ιιι
2687 1646 2745 1692 ιιι
2770 1654 2879 1693 non
2907 1639 3220 1693 moriemini
3247 1638 3315 1691 “.
3346 1658 3368 1691 ι
3400 1638 3516 1693 Hoc
3544 1655 3685 1696 sane

416 1740 579 1800 pacto
612 1737 883 1797 quotquot
909 1739 1229 1781 sanctorum
1268 1724 1553 1780 Christum
1579 1732 1804 1779 sanctas
1832 1724 2104 1794 primitias
2140 1740 2238 1794 pro
2268 1725 2470 1794 seipsis
2497 1727 2858 1781 constitutum
2899 1741 3045 1790 esse,
3082 1734 3137 1782 et
3168 1735 3391 1796 peccata
3427 1726 3685 1797 bajulare

415 1822 711 1879 noverunt,
738 1820 792 1869 et
825 1814 889 1866 ad
918 1812 1125 1867 Christi
1160 1813 1529 1867 imitationem
1578 1826 1701 1868 sese
1729 1821 2084 1881 componunt,
2118 1811 2392 1881 peregrini
2426 1812 2569 1882 apud
2605 1812 2861 1868 homines
2892 1823 3046 1877 sunt,
3071 1813 3407 1883 minimeque
3428 1814 3680 1884 ipsorum

417 1909 733 1958 consortes.
780 1898 849 1952 Et
881 1897 934 1953 id
965 1899 1113 1969 quod
1143 1898 1279 1968 ipsis
1311 1898 1566 1954 Christus
1605 1908 1710 1963 est,
1737 1897 2058 1955 hominibus
2080 1899 2187 1969 ipsi
2220 1899 2536 1954 exsistunt:
2579 1899 2784 1954 Delecti
2814 1899 3039 1970 quidem
3066 1900 3136 1954 ab
3161 1900 3285 1970 ipso
3308 1901 3363 1955 iu
3400 1902 3680 1972 primitias

419 1990 629 2051 mundi,
658 1988 879 2042 modum
920 2001 1048 2042 vere
1073 1985 1291 2041 vivendi
1335 2000 1502 2057 supra
1529 1984 1674 2055 vulgi
1725 1993 1996 2049 tenentes,
2034 1995 2258 2057 propter
2288 1986 2715 2043 sanctimoniam
2762 2003 2929 2058 quam
2973 2001 3071 2059 per
3096 1988 3377 2045 Christum
3404 1988 3673 2046 oﬁerunt.

417 2078 688 2144 Quocirca
723 2074 978 2129 Christus
1024 2089 1198 2143 panes
1236 2072 1441 2139 quibus
1492 2072 1791 2138 benedicit,
1829 2073 1885 2128 in
1915 2087 2113 2130 manus
2161 2074 2382 2144 accipit,
2432 2081 2487 2130 et
2543 2073 2835 2145 discipulis
2869 2076 3059 2133 tradit.
3111 2075 3299 2147 Neque
3331 2093 3461 2133 vero
3510 2080 3681 2148 vulgo

418 2164 654 2220 naturali
687 2165 900 2216 ratione
930 2161 1197 2217 excellere
1237 2159 1594 2230 cogitandum
1637 2166 1756 2225 est;
1799 2173 1925 2214 nam
1960 2174 2085 2215 cum
2115 2178 2146 2219 e
2181 2164 2387 2219 mundo
2431 2180 2538 2220 non
2567 2166 2657 2231 sit,
2685 2165 2843 2236 juxta
2867 2180 3090 2221 carnem
3123 2180 3154 2220 e
3182 2167 3385 2222 mundo
3408 2180 3513 2236 est,
3544 2183 3677 2224 cum

415 2266 469 2309 ct
499 2252 802 2323 discipulos
851 2266 983 2308 suos
1040 2266 1071 2307 e
1100 2250 1305 2305 mundo
1336 2249 1642 2320 selegisset,
1678 2249 2141 2319 quemadmodum
2196 2266 2447 2307 summus
2492 2252 2741 2323 pontifex
2768 2268 2798 2308 e
2858 2253 3063 2323 populo
3118 2251 3358 2310 Levitas.
3399 2254 3480 2311 Ad
3508 2271 3676 2327 quem

415 2344 619 2397 dictum
655 2349 741 2396 est
777 2358 789 2394 :
831 2359 852 2391 ι
893 2337 1124 2394 Fratres
1150 2348 1274 2395 tuos
1302 2339 1444 2394 ﬁlios
1469 2336 1602 2393 Levi
1632 2336 1815 2393 adduc
1844 2337 1912 2392 ad
1951 2338 2211 2409 teipsum,
2243 2354 2307 2394 ac
2331 2338 2637 2408 jungantur
2666 2340 2787 2404 tibi,
2815 2354 2879 2395 ac
2912 2341 3010 2395 tibi
3039 2341 3375 2397 ministrent.
3413 2359 3432 2393 ι
3475 2340 3679 2399 Posset

418 2448 549 2488 vero
583 2442 771 2503 typum
822 2429 1003 2485 adhuc
1035 2429 1368 2500 argutiorem
1404 2427 1611 2484 Christi
1647 2441 1840 2499 gerere
1865 2426 2098 2499 Moyses,
2127 2427 2220 2497 qui
2266 2440 2296 2480 a
2328 2426 2547 2481 nemine
2591 2427 2874 2482 hominum
2916 2436 3138 2494 unctus,
3173 2427 3444 2484 Aaronem
3491 2431 3675 2499 ungit,

416 2521 661 2576 divinam
690 2527 745 2574 et
778 2518 1111 2574 invisibilem
1140 2517 1457 2572 unctionem
1486 2514 1716 2571 habens.
1758 2512 1879 2569 Non
1923 2515 2068 2569 enim
2103 2514 2218 2570 ﬁeri
2262 2514 2419 2579 solet,
2447 2522 2507 2568 ut
2544 2513 2772 2569 inferior
2814 2515 3128 2571 sanctificat
3164 2517 3527 2586 superiorem,
3569 2519 3673 2573 sed

416 2606 594 2676 major
624 2608 888 2661 unctione
941 2604 1128 2660 divina
1163 2603 1319 2676 ungit
1342 2602 1641 2659 minorem.
1674 2601 2021 2673 Quapropter
2047 2600 2118 2658 de
2166 2602 2351 2672 seipso
2380 2600 2561 2672 inquit
2592 2600 2846 2658 Christus
2874 2621 2887 2657 :
2924 2621 2943 2655 ι
2975 2600 3135 2658 Hunc
3159 2603 3307 2658 enim
3344 2601 3487 2660 Deus
3513 2611 3676 2675 pater

415 2692 809 2765 obsignavit”.
826 2712 861 2746 ιο
2440 2740 2445 2743 ,

489 2789 618 2846 Han:
646 2799 721 2844 est
748 2788 1070 2845 cazremonia
1102 2785 1232 2856 legis
1268 2801 1427 2856 quam
1456 2785 1715 2857 prerupit
1746 2784 2031 2840 Dominus.
2066 2780 2233 2855 [XIX,
2263 2781 2347 2854 2.]
2388 2783 2446 2838 In
2479 2785 2582 2839 hoc
2618 2784 2764 2840 enim
2810 2792 3080 2857 mysterio
3113 2792 3227 2841 tota
3274 2786 3358 2843 vis
3386 2802 3525 2858 tegis
3546 2786 3676 2859 spi-

414 2877 694 2935 ritualiter
716 2884 804 2932 est
834 2875 1122 2932 conclusa.
1163 2871 1300 2927 Nam
1338 2888 1511 2929 vacca
1557 2874 1648 2927 illa
1687 2874 1897 2943 integra
1930 2870 2188 2925 Christus
2237 2879 2342 2925 est.
2373 2869 2434 2924 In
2483 2886 2595 2940 quo
2639 2870 2866 2941 quidem
2913 2873 3052 2927 nihil
3092 2888 3271 2929 causae
3306 2875 3675 2945 deprehendit

415 2966 607 3022 mundi
637 2965 927 3035 princeps.
967 2960 1072 3026 Qui
1107 2958 1314 3015 Iudaeis
1344 2959 1473 3016 item
1510 2960 1653 3015 dixit
1685 2976 1701 3015 :
1734 2979 1753 3012 ι
1787 2958 1924 3027 Quis
1955 2974 2042 3013 me
2065 2958 2278 3029 peccati
2306 2967 2501 3030 arguet
2528 2960 2616 3012 ’³2
2647 2979 2668 3013 ι
2712 2958 2864 3016 ldem
2897 2977 3032 3018 vero
3064 2964 3232 3019 etiam
3260 2965 3486 3033 vitulus,
3518 2965 3672 3021 sicut

420 3057 591 3121 Deus,
621 3055 855 3120 dicitur,
887 3060 942 3109 et
972 3052 1175 3107 ductor
1202 3050 1561 3106 universalis.
1593 3049 1714 3106 Jam
1743 3065 1877 3107 vero
1904 3047 2155 3120 quamvis
2184 3061 2347 3102 vacca
2379 3054 2608 3118 prapter
2633 3062 2853 3103 carnem
2878 3049 3115 3120 imperio
3141 3051 3452 3108 sitsubdita
3477 3062 3530 3107 et
3560 3052 3671 3107 sub

416 3145 535 3214 lege
566 3141 825 3205 exsistat,
869 3154 896 3193 a
924 3138 1060 3210 jugo
1090 3145 1276 3192 tamen
1315 3137 1490 3193 libera
1524 3145 1634 3200 est,
1664 3137 1919 3208 subiacet
1957 3134 2103 3191 enim
2134 3134 2364 3200 nemini,
2395 3135 2527 3203 quin
2560 3136 2748 3204 potius
2786 3135 2836 3190 ei
2870 3137 3079 3193 omnia.
3126 3135 3262 3193 Nam
3298 3142 3418 3209 ipse
3438 3139 3668 3210 quidem

415 3230 678 3300 quamvis
709 3226 816 3282 sub
844 3226 963 3297 lege
987 3226 1085 3291 sit,
1119 3224 1367 3280 omnium
1403 3234 1583 3278 tamen
1615 3233 1701 3280 est
1725 3225 1995 3294 superior,
2033 3221 2287 3293 quamvis
2316 3221 2583 3292 propheta
2611 3223 2707 3289 sit,
2752 3225 3153 3294 prophetarum
3183 3232 3367 3281 tamen
3398 3225 3668 3282 Dominus

415 3324 523 3371 est.
568 3311 719 3367 Rufa
755 3322 937 3365 autem
964 3308 1093 3372 fuit,
1127 3316 1422 3379 propterea
1451 3308 1597 3378 quod
1629 3307 1821 3362 modus
1844 3307 2162 3363 domesticae
2186 3309 2695 3364 administrationis
2719 3310 2992 3379 sanguine
3009 3311 3282 3376 constitit,
3309 3313 3476 3368 simul
3496 3313 3667 3368 etiam

415 3410 644 3472 propter
671 3414 920 3455 carnem.
950 3396 1166 3451 Etenim
1200 3397 1394 3450 Adami
1443 3411 1638 3451 nomen
1671 3395 1893 3451 rubram
1929 3403 2130 3450 terram
2178 3411 2243 3450 ex
2275 3410 2383 3465 qua
2434 3395 2766 3466 desumptus
2808 3406 2893 3453 est
2930 3399 3229 3469 signiﬁcat.
3268 3399 3435 3454 Extra
3483 3410 3670 3457 castra

416 3505 549 3546 vero
583 3487 858 3551 educitur,
880 3485 1139 3556 quoniam
1169 3492 1324 3538 extra
1358 3483 1573 3550 urbem,
1593 3484 1895 3539 secundum
1922 3481 2241 3553 Apesolum,
2269 3496 2467 3552 passus
2497 3490 2582 3538 est
2613 3482 2681 3537 ".
2705 3481 2974 3540 Caeterum
3007 3487 3265 3543 sacerdos
3291 3487 3507 3542 interim
3533 3489 3668 3543 dum

418 3581 758 3631 mactaretur
789 3573 1002 3637 aderat,
1034 3585 1198 3640 quem
1250 3569 1459 3640 alioqui
1491 3570 1782 3625 cadaveris
1824 3570 2143 3640 spectaculo
2179 3570 2348 3641 pollui
2382 3569 2540 3626 nefas
2580 3579 2721 3638 erat,
2762 3577 2824 3625 ut
2857 3573 3237 3628 testimonium
3283 3575 3521 3630 victimae
3546 3591 3671 3646 per-

418 3661 634 3716 biberet
671 3657 1012 3713 munditiei-
1045 3655 1179 3723 Qua:
1224 3657 1375 3711 inter
1407 3671 1601 3711 omnes
1634 3656 1774 3712 alias
1810 3657 2061 3712 victimas
2096 3657 2268 3711 libera
2310 3666 2453 3722 erat,
2496 3673 2679 3729 neque
2719 3658 2911 3713 odiosa
2945 3660 3409 3730 quemadmodum
3440 3677 3517 3718 ea-
3545 3679 3674 3733 qna-

420 3766 520 3821 pro
550 3749 795 3820 peccatis
832 3746 1214 3811 immolantur,
1260 3760 1386 3800 cum
1422 3760 1486 3799 ea
1520 3759 1620 3813 pro
1650 3745 1977 3814 purgatione
2010 3745 2422 3798 immundorum
2450 3752 2506 3798 et
2540 3746 2985 3801 manumissione
3026 3762 3315 3802 servorum
3343 3749 3667 3806 crederetur.

418 3839 689 3892 Caeterum
720 3835 785 3889 in
831 3834 936 3889 hoc
968 3843 1156 3904 typum
1193 3840 1394 3888 sancto
1438 3831 1650 3902 Spiritu
1677 3832 2047 3887 delibutarum
2070 3830 2317 3901 praetulit
2344 3830 2628 3887 sacerdos.
2672 3831 2752 3885 Ad
2788 3831 3082 3890 credentes
3114 3834 3260 3889 enim
3292 3835 3500 3890 dictum
3539 3846 3627 3892 est
3652 3857 3669 3892 :

426 3944 444 3976 ι
479 3923 597 3979 ‘Vos
629 3938 760 3978 vero
786 3922 1254 3993 genusfelectum,
1292 3922 1474 3993 regale
1501 3920 1896 3988 sacerdotium,
1923 3936 2056 3990 gens
2083 3933 2278 3976 sancta
2300 3923 2372 3986 ",
2413 3942 2431 3975 ι
2460 3921 2665 3993 quibus
2701 3938 2730 3976 a
2763 3921 2873 3976 Deo
2908 3921 3071 3977 Patre
3097 3926 3259 3981 datus
3280 3939 3366 3982 est
3387 3925 3666 3993 Christus,

419 4010 813 4072 sanctiﬁcatio,
839 4007 1234 4077 redemptionis
1258 4009 1516 4079 pretium,
1554 4008 1845 4079 sapientia,
1887 4017 2138 4063 servator
2170 4017 2224 4064 et
2251 4008 2494 4079 justitia.
2525 4010 2677 4074 Quos
2704 4016 2925 4078 oportet
2950 4015 3218 4082 consequi
3249 4014 3453 4083 ipsum,
3486 4028 3549 4069 ac
3571 4030 3672 4085 0p-

419 4097 703 4168 probrium
719 4095 862 4166 ejus,
903 4095 1007 4149 hoc
1029 4103 1139 4161 est,
1176 4096 1455 4166 propriam
1482 4110 1703 4150 crucem
1732 4094 1893 4150 ferre.
1930 4112 1949 4145 ι
1987 4093 2043 4148 Si
2077 4093 2203 4163 quis
2221 4095 2366 4147 enim
2399 4109 2485 4147 me
2516 4094 2631 4147 vult
2658 4095 2994 4161 consectari,
3024 4095 3224 4166 inquit,
3253 4100 3485 4169 abneget
3523 4102 3673 4171 seip—

420 4204 568 4252 sum,
597 4193 653 4239 et
677 4184 948 4253 suscipiat
970 4199 1195 4239 erucem
1226 4199 1408 4250 suam,
1439 4193 1494 4239 et
1513 4194 1779 4254 sequatur
1808 4200 1893 4238 me
1916 4183 1986 4236 ".
2022 4200 2042 4235 ι
2076 4180 2230 4246 Quos
2260 4180 2393 4234 utile
2431 4196 2655 4251 quoque
2695 4190 2749 4237 et
2781 4197 3010 4238 necesse
3044 4192 3131 4240 est
3155 4186 3227 4240 ob
3252 4188 3443 4242 oculos
3469 4187 3673 4243 habere

419 4285 698 4329 mortuum
725 4269 1034 4325 Christum.
1060 4269 1308 4340 insuper
1333 4279 1388 4325 et
1422 4272 1555 4327 illud
1590 4271 1963 4343 signiﬁcatum
1989 4276 2074 4321 est
2101 4268 2205 4322 hoc
2235 4268 2383 4337 quod
2410 4269 2674 4324 sacerdos
2701 4271 3027 4326 mactationi
3073 4286 3256 4328 vaccae
3284 4273 3553 4340 interfuit,
3577 4290 3669 4341 ne,

420 4368 482 4415 nt
519 4358 823 4431 Apostolus
856 4357 1266 4426 interpretatur
1313 4358 1415 4411 sibi
1454 4359 1591 4427 ipsis
1637 4358 1874 4427 amplius
1920 4356 2128 4423 vivant,
2165 4360 2258 4414 sed
2287 4361 2336 4414 ei
2369 4360 2461 4430 qui
2515 4376 2614 4431 pro
2652 4361 2790 4430 ipsis
2833 4370 3089 4417 mortuus
3133 4371 3222 4419 est
3253 4371 3308 4419 et
3342 4366 3670 4421 resurrexit.

426 4469 445 4500 ι
482 4445 555 4502 Ut
587 4447 735 4504 enim
762 4442 873 4497 Deo
912 4444 1119 4507 vivam,
1147 4443 1350 4513 inquit,
1374 4459 1498 4498 cum
1537 4444 1765 4498 Christo
1791 4445 2091 4500 crucifixus
2121 4461 2265 4500 sum.
2297 4447 2432 4500 Vivo
2470 4455 2653 4501 autem
2691 4463 2801 4502 non
2836 4464 2938 4516 ego
2961 4449 3226 4519 amplius,
3248 4451 3342 4506 sed
3372 4454 3427 4506 in
3464 4468 3549 4508 me
3586 4454 3670 4506 vi-

419 4536 498 4586 vit
521 4531 867 4595 Christus”,
909 4548 928 4582 ι
965 4531 1058 4599 qui
1092 4531 1319 4600 proprio
1349 4545 1451 4585 suo
1475 4532 1745 4601 sanguine
1767 4528 1950 4586 veram
1976 4532 2278 4586 Ecclesiam
2326 4534 2692 4590 tabernaculo
2715 4537 3100 4591 adumbratam
3154 4539 3475 4608 conspergit
3504 4550 3558 4593 et
3592 4541 3672 4594 ir—

421 4621 566 4689 rigat
600 4632 666 4671 ae
713 4615 935 4673 abunde
966 4616 1323 4688 perfectoque
1376 4620 1728 4679 sanctiﬁcat,
1776 4618 2239 4687 quemadmodum
2270 4635 2387 4696 per
2434 4622 2622 4691 septies
2660 4622 3030 4693 significatum
3076 4632 3185 4680 est.
3231 4625 3505 4682 Caeterum
3546 4637 3672 4696 post

423 4703 817 4759 mactationem
848 4705 974 4775 igne
992 4705 1357 4768 comburitur,
1388 4720 1513 4758 nam
1547 4704 1614 4758 ad
1646 4720 1820 4775 usque
1848 4714 2080 4761 mortem
2113 4694 2370 4763 Christus
2397 4723 2496 4777 pro
2511 4708 2674 4764 nobis
2708 4716 2955 4766 tentatus
2977 4719 3096 4780 est;
3130 4713 3257 4783 igne
3289 4713 3435 4768 enim
3468 4694 3670 4783 proha-

423 4808 514 4851 tur
537 4806 850 4865 argentum,
883 4798 1025 4852 sicut
1055 4796 1221 4852 David
1252 4797 1437 4867 inquit
1470 4812 1483 4847 :
1515 4814 1533 4847 ι
1565 4793 1841 4860 Probasti,
1871 4794 2034 4862 Deus,
2068 4795 2357 4867 periguem
2385 4795 2595 4851 duxisti
2625 4796 2773 4852 sicut
2801 4806 3087 4875 argentum
3107 4798 3331 4855 ducitur
3355 4801 3393 4854 '.
3426 4819 3445 4852 ι
3482 4799 3673 4869 Itaque

421 4901 487 4939 ex
530 4884 1016 4955 lidejustiﬁcatos,
1056 4898 1155 4955 pro
1197 4885 1401 4955 quibus
1444 4894 1696 4939 mortuus
1739 4892 1826 4939 est
1861 4881 2271 4952 quodammodo
2316 4880 2535 4937 aﬁatur.
2565 4880 2631 4936 Et
2664 4897 2761 4953 per
2798 4882 3128 4939 Zachariam
3156 4886 3339 4956 inquit
3370 4893 3435 4940 τι
3477 4886 3673 4945 Cedite

422 4971 735 5029 mercedem
782 4987 960 5027 meam
998 4972 1225 5042 triginta
1261 4973 1453 5029 siclos.
1493 4971 1559 5025 Et
1599 4970 1742 5026 dixit
1773 4970 2047 5027 Dominus
2088 4970 2157 5025 ad
2184 4985 2271 5025 me
2305 4969 2546 5040 :Abjice
2578 4971 2684 5026 hoc
2713 4972 2781 5026 ad
2811 4971 3061 5042 ﬁgulum,
3087 4981 3144 5027 et
3180 4972 3471 5028 considera
3501 4989 3667 5043 quam

422 5059 776 5129 magniﬁcum
803 5060 888 5115 sit
924 5060 1057 5114 illud
1089 5060 1330 5130 pretium
1356 5075 1470 5131 quo
1507 5061 1637 5115 licui
1666 5060 1737 5114 ab
1769 5061 1851 5115 eis
1875 5063 1918 5114 ⁸.
1949 5079 1966 5112 ι
2001 5060 2178 5114 Porro
2210 5058 2265 5111 in
2304 5071 2472 5112 vacca
2500 5059 2642 5112 nihil
2672 5066 2759 5114 est
2785 5058 3139 5128 rejectitinm.
3172 5060 3347 5115 Totus
3373 5062 3517 5115 enim
3542 5076 3673 5116 san-
3774 5057 3778 5061 ⁴

422 5158 547 5200 ctus
573 5153 658 5199 est
686 5143 965 5211 Christus,
991 5154 1046 5200 et
1071 5147 1337 5201 carnibus
1368 5155 1422 5201 et
1453 5147 1771 5217 tergoribus
1796 5157 1904 5200 tam
1921 5145 2158 5200 occultis
2190 5159 2353 5214 quam
2390 5143 2722 5200 manifestis.
2745 5143 2981 5216 Lignum
3012 5159 3145 5200 vero
3172 5145 3457 5201 cedrinum
3489 5148 3672 5201 incor-

423 5231 845 5301 ruptibilitatem
875 5233 1079 5299 innuit,
1106 5233 1562 5304 putrefactionem
1590 5235 1739 5289 enim
1759 5231 1988 5302 refugit,
2015 5248 2113 5289 seu
2144 5240 2207 5287 ut
2233 5233 2584 5303 quorundam
2613 5242 2698 5289 est
2730 5234 3006 5290 sententia
3035 5248 3281 5299 crucem,
3306 5234 3667 5304 quemadmo-

370 5369 389 5385 ,
421 5318 554 5374 dum
579 5319 727 5374 enim
759 5318 894 5374 illud
929 5320 1241 5391 putredinis
1264 5336 1464 5388 expers
1494 5328 1600 5388 est,
1634 5322 1709 5377 ita
1739 5320 1853 5375 haec
1886 5320 2012 5374 vita:
2035 5320 2361 5390 participem
2397 5319 2580 5374 eﬁicit.
2615 5319 2891 5376 Caeterum
2920 5320 3197 5394 hyssopus
3224 5322 3665 5395 puriﬁcationem

422 5407 688 5473 deamat;
715 5406 824 5463 vim
863 5410 1012 5463 enim
1046 5408 1315 5480 purgandi
1342 5423 1473 5463 cum
1503 5409 1724 5473 habeat,
1746 5421 1896 5479 pura
1927 5408 2204 5465 viscerum
2234 5408 2451 5463 emollit
2485 5417 2541 5464 ει
2570 5406 2822 5465 defaecat.

491 5562 535 5631 ξ’
574 5559 769 5615 Matth.
804 5578 919 5626 xu,
951 5559 1043 5615 2|.
1147 5560 1192 5592 "‘
1228 5560 1375 5616 Psal.
1421 5578 1609 5626 xxxvi,
1652 5562 1706 5617 5.
1785 5561 1830 5595 ”
1866 5560 2068 5631 Matth.
2104 5577 2178 5624 vt,
2212 5560 2312 5626 25,
2341 5561 2447 5631 33.7
2493 5563 2540 5594 °°
2571 5560 2738 5622 llcbr.
2772 5578 2868 5626 vn,
2897 5563 2933 5615 2
2971 5578 3127 5631 seqq.
3208 5563 3250 5595 "
3294 5564 3544 5631 Dan.itx,
3569 5563 3661 5619 24.

420 5633 468 5665 ”
499 5630 517 5687 1
548 5632 677 5687 Cor.
713 5650 801 5698 xv,
828 5634 919 5696 ‘26,
955 5631 1047 5685 27.
1145 5632 1192 5665 “
1241 5631 1416 5688 Levit.
1453 5648 1566 5692 xxI,
1604 5633 1694 5687 l2.
1803 5632 1850 5666 "
1886 5630 2046 5686 Joan.
2081 5647 2153 5694 vt,
2179 5633 2269 5686 27.
2347 5632 2393 5664 "
2422 5630 2583 5686 Joan.
2619 5649 2735 5698 vtu,
2769 5631 2852 5688 46,
2936 5634 2983 5665 ’⁸
3027 5630 3192 5688 llebr.
3230 5648 3350 5697 xm,
3402 5630 3492 5687 l2.
3567 5636 3610 5667 ν’
3642 5636 3663 5690 ι

408 5700 574 5759 l'etr.
618 5718 674 5769 ιι,
706 5704 759 5757 9.
876 5704 922 5739 ⁸⁸
950 5700 1146 5760 Matth.
1180 5718 1293 5769 xvt,
1330 5700 1421 5760 24.
1535 5704 1581 5736 ⁹⁹
1612 5702 1791 5758 Calat.
1828 5718 1888 5768 ιι,
1925 5704 2007 5770 t9,

1925 5704 2014 5770 t9,
2059 5701 2149 5758 20.
2231 5703 2247 5733 ¹
2285 5702 2433 5772 Psal,
2467 5718 2604 5778 μιν,
2646 5704 2733 5760 ll).
2813 5704 2832 5734 ⁸
2880 5700 3112 5762 Zachar.
3174 5718 3252 5771 xl,
3309 5703 3518 5771 l2,15.
