4050 6212
404 375 508 438 εις)
1486 377 2016 440 COMMENTARII
2046 379 2126 438 1N
2167 377 2556 438 NUMEROS.
3541 365 3646 428 850

479 487 770 551 ’Υσσωπος
792 487 868 553 δὲ,
891 487 972 542 ὅτι
997 487 1196 559 εὐωδίᾳ
1216 487 1314 559 τὴν
1334 487 1600 543 δυσωδίαν
1629 489 1723 543 τοῦ
1747 489 1978 544 Θανάτου
2011 502 2056 557 Α

2048 533 2056 557 ,
2158 490 2266 545 Seu
2300 490 2450 558 quod
2479 491 2684 559 lignum
2732 485 2917 541 crucis
2945 483 3112 538 odore
3145 481 3307 553 412
3339 495 3438 536 suo
3487 480 3647 536 faeto-

404 579 736 636 κατέπαυσε,
2083 595 2198 634 rem
2240 581 2436 634 mortis
2486 579 2578 649 qui
2611 594 2640 634 e
2677 579 2826 649 ligno
2876 575 3118 632 scientia:
3156 573 3455 644 prodierat,
3500 571 3650 626 miti-
3719 643 3734 654 I

2081 671 2250 740 gavit.

473 797 578 852 Seu
613 799 756 870 quod
791 799 939 855 vitali
972 801 1153 857 calore
1185 799 1538 873 {rigiditatem
1575 818 1697 873 qute
1753 803 1806 856 in
1861 805 2238 861 morte-insita
2287 813 2372 861 est
2411 805 2682 860 dissolvit.
2715 803 2893 858 Filum
2974 817 3105 856 vero
3147 797 3430 855 coccinum
3498 809 3648 850 com-

399 889 707 959 plexionem
759 889 981 946 denotat
1017 894 1247 948 rationis
1279 908 1402 947 cum
1447 908 1629 956 carne,
1655 910 1751 965 per
1774 911 1936 964 quam
1972 911 2068 964 pro
2109 900 2268 953 nobis
2303 915 2503 968 passus
2542 894 2974 953 immortalitatis
3013 894 3192 946 locum
3231 889 3388 965 nobis
3438 901 3653 956 prmpa-

399 979 563 1032 ravit.
615 977 749 1032 Item
805 981 1040 1050 expungi
1093 982 1365 1035 maculam
1421 981 1728 1038 visceribus
1779 983 2016 1036 inustam
2066 993 2120 1037 et
2157 999 2253 1052 per
2283 985 2600 1040 tinctionem
2642 983 2934 1038 salutarem
2975 986 3029 1034 et
3065 994 3160 1050 per
3205 977 3460 1030 virtutem
3506 973 3650 1038 ﬁdei.

401 1085 508 1122 non
548 1069 694 1124 enim
726 1071 913 1126 carnis
949 1072 1220 1140 depositio
1253 1072 1496 1126 sordium
1563 1079 1649 1127 est
1681 1074 1930 1136 remotio,
1969 1071 2164 1140 inquit,
2203 1072 2297 1125 sed
2357 1071 2709 1126 conscientiae
2753 1069 2909 1123 bona:
2951 1063 3304 1132 interrogatio
3352 1077 3448 1130 per
3487 1074 3650 1128 quam

399 1156 725 1210 delictorum
781 1165 866 1212 est
919 1159 1203 1226 remissio;
1244 1159 1516 1228 siquidem
1545 1161 1719 1228 gratia
1750 1175 1873 1214 eum
1917 1162 2286 1231 consequitur,
2319 1161 2411 1230 qui
2444 1176 2564 1216 eatn
2595 1161 2650 1214 in
2683 1158 2786 1212 ﬁde
2819 1163 3190 1211 consectatur.
3224 1151 3366 1216 Quin
3398 1150 3560 1204 etiam
3599 1148 3646 1200 is

401 1243 493 1310 qui
541 1243 813 1298 comburit
875 1251 930 1299 et
965 1246 1014 1298 is
1071 1246 1162 1314 qui
1199 1247 1402 1316 colligit
1440 1247 1674 1312 cineres,
1707 1246 1772 1300 ad
1819 1261 2097 1315 vesperam
2132 1263 2304 1316 usque
2360 1255 2486 1300 sunt
2533 1244 2818 1300 immundi.
2882 1243 3100 1295 Necnon
3142 1237 3399 1293 sacerdos
3438 1249 3656 1304 quoque

401 1329 494 1396 qui
551 1330 766 1384 cineres
821 1331 1114 1385 admiscuit
1161 1323 1448 1388 cedrinum
1489 1332 1694 1404 lignum
1755 1341 1809 1387 et
1851 1333 2164 1403 hyssopum.
2227 1335 2294 1386 At
2347 1334 2397 1388 lii
2436 1333 2651 1403 quidem
2699 1331 2898 1384 ablutis
2945 1325 3284 1382 vestimentis
3328 1323 3488 1377 etiam
3530 1337 3654 1374 cum

407 1415 594 1468 mundi
631 1417 762 1479 sint,
815 1417 1082 1471 immundi
1131 1433 1253 1472 esse
1288 1419 1575 1483 dicuntur;
1615 1420 1702 1472 lex
1758 1419 1900 1472 enim
1929 1420 2178 1474 humana:
2213 1429 2422 1474 naturae.
2459 1418 2885 1474 imbecillitatem
2927 1414 3150 1468 revelat.
3180 1411 3328 1465 Adeo
3355 1417 3412 1462 ut
3443 1418 3658 1462 sancto-

403 1516 522 1554 rum
561 1518 724 1556 nemo
781 1517 810 1555 a
853 1505 1014 1558 sorde
1055 1506 1123 1560 sit
1167 1505 1428 1560 immunis
1459 1505 1499 1558 ³.
1534 1505 1684 1560 Adeo
1733 1516 1786 1560 ut
1821 1504 2126 1561 Servatoris
2169 1506 2473 1561 ministerio
2517 1506 2718 1575 dignus
2763 1504 2835 1558 sit
2883 1516 3060 1566 nemo,
3103 1513 3168 1552 ne
3213 1511 3354 1551 unus
3387 1495 3602 1564 quidem
3638 1535 3653 1558 ,
3701 1506 3710 1514 '

409 1589 520 1642 imo
548 1603 648 1642 nec
674 1599 733 1642 ut
761 1592 1019 1659 mysteria
1050 1590 1168 1660 ejus
1209 1590 1409 1645 delibet
1443 1605 1507 1644 ac
1546 1592 1795 1660 attingat.
1839 1591 2000 1645 Astra
2045 1593 2188 1646 enim
2247 1593 2535 1661 puritatem
2564 1604 2746 1644 coram
2805 1604 2869 1642 eo
2914 1587 3162 1640 obtinere
3201 1589 3496 1652 nequeunt,
3562 1580 3658 1633 ait.

401 1672 618 1740 Quanto
656 1675 840 1731 minus
880 1691 1068 1732 eorum
1125 1677 1322 1747 aliquis
1343 1678 1434 1747 qui
1471 1678 1588 1748 puri
1620 1693 1741 1732 esse
1783 1679 2138 1732 aestimantur.
2189 1679 2347 1746 Atqui
2383 1679 2634 1747 purgatio
2663 1691 2724 1730 ea
2781 1689 2902 1743 qua:
2931 1687 3025 1742 per
3053 1672 3267 1724 cineres
3299 1671 3356 1723 llt
3384 1684 3450 1722 ex
3502 1683 3658 1736 aequo

403 1761 567 1821 servit
603 1759 830 1817 Hebrum
875 1772 929 1818 et
979 1764 1222 1819 advenat.
1273 1764 1540 1830 Quoniam
1595 1773 1649 1820 et
1679 1765 2024 1820 circumcisio
2051 1774 2104 1820 et
2135 1765 2453 1834 praeputium
2481 1779 2546 1818 ex
2580 1763 2684 1817 nde
2713 1761 3066 1829 justilit-atur,
3094 1757 3242 1810 nullo
3270 1753 3520 1808 videlicet
3573 1769 3660 1806 rea

403 1855 594 1914 spectu
632 1847 752 1917 ejus
783 1848 928 1918 quod
981 1857 1179 1903 natura
1217 1859 1398 1904 nostra
1454 1851 1691 1919 peccatis
1749 1865 1856 1904 non
1913 1861 2112 1916 careat,
2157 1852 2359 1904 habito.
2399 1850 2526 1904 Item
2554 1850 2644 1919 qui
2680 1847 2736 1902 in
2767 1847 3070 1900 ministerio
3118 1849 3413 1912 cperantur
3451 1855 3662 1910 purga-

404 1933 539 1987 tioni
567 1935 1006 2001 immundorum,
1038 1949 1160 1990 cum
1221 1951 1408 1992 eorum
1469 1937 1808 1990 immunditia
1839 1937 2187 2006 participant.
2222 1937 2376 2002 Quod
2417 1953 2548 1991 sane
2603 1936 2658 1989 ﬁt
2691 1935 2744 1987 in
2779 1933 2898 2003 ipso
2946 1932 3106 1998 hujus
3137 1930 3260 1982 vitae
3317 1927 3568 1990 articulo,
3606 1925 3660 1978 in

403 2035 513 2090 quo
547 2021 823 2092 principes
874 2038 998 2078 cum
1032 2023 1262 2080 subditis
1309 2025 1698 2094 depravantur,
1746 2024 2199 2093 quemadmodum
2228 2024 2406 2079 Josias
2449 2039 2570 2080 cum
2625 2021 2844 2092 populo.
2878 2021 2933 2074 ln
2970 2033 3077 2090 quo
3121 2025 3465 2086 peccatorum
3525 2027 3664 2082 quot-

403 2121 509 2177 que
542 2109 723 2164 socios
755 2126 814 2167 se
843 2110 1051 2164 faciunt
1093 2125 1488 2182 saepenumero.
1531 2111 1995 2176 Quemadmodum
2021 2111 2198 2167 Most's
2243 2113 2466 2182 perﬁdia
2509 2109 2692 2180 populi
2722 2109 3000 2169 irritatus,
3053 2113 3108 2160 et
3154 2104 3218 2157 ad
3273 2100 3523 2170 loquendi
3555 2101 3666 2153 im-

401 2193 658 2265 pietatem
696 2197 964 2254 adductus
1021 2198 1146 2254 fuit.
1213 2199 1365 2254 Sicut
1409 2209 1462 2253 et
1513 2197 1710 2264 Petro,
1748 2199 1966 2268 quando
2025 2201 2272 2253 homines
2323 2196 2758 2253 circumcisiouis
2821 2194 3119 2256 extimuit,
3179 2190 3506 2259 quandoque
3571 2203 3659 2241 se-

398 2282 582 2350 junxit
611 2299 782 2354 genus
837 2285 1122 2341 Judaicum
1189 2302 1218 2340 a
1251 2288 1458 2356 gentili,
1500 2288 1714 2342 accidit.
1747 2288 1878 2353 Qua:
1905 2303 2037 2346 sane
2079 2303 2185 2340 non
2215 2287 2288 2339 ita
2317 2295 2477 2340 erunt
2533 2285 2590 2338 in
2617 2282 2802 2336 futuro
2839 2280 3065 2351 judicio,
3097 2275 3313 2348 quando
3341 2275 3560 2328 malitia!
3595 2288 3660 2328 ac

408 2371 617 2440 peccati
665 2373 940 2428 vinculum
973 2375 1346 2445 abrumpetur.

473 2499 923 2571 Oportuitautem
963 2504 1304 2582 inquinatum
1343 2521 1481 2576 aqua
1509 2507 1848 2563 lustrationis
1874 2507 2156 2579 conspergi
2181 2522 2276 2562 seu
2312 2507 2456 2561 ablui
2505 2504 2664 2560 tertia
2707 2511 2762 2560 et
2817 2502 3044 2572 septima
3087 2499 3196 2555 die.
3251 2496 3378 2550 Haec
3423 2493 3650 2582 quidem

415 2599 554 2656 aqua
605 2589 880 2658 signiﬁcat
930 2581 1406 2646 restmectionem.
1455 2591 1692 2662 Tempus
1735 2594 1862 2647 item
1925 2594 2280 2648 novissimum
2317 2593 2368 2646 in
2421 2591 2564 2662 quod
2615 2589 2809 2644 incidit
2841 2585 3167 2651 incarnatio,
3204 2584 3257 2636 in
3297 2582 3440 2652 quod
3491 2581 3656 2634 simul

403 2672 665 2730 coincidit
694 2676 946 2746 purgatio
975 2691 1095 2746 qua:
1141 2693 1234 2747 per
1258 2678 1582 2747 baptismum
1614 2685 1847 2745 constat,
1879 2677 2190 2748 Christique
2213 2686 2438 2733 inertem
2463 2677 2663 2739 innuit,
2698 2689 2818 2745 quae
2843 2673 3078 2727 indicata
3105 2685 3321 2740 quoque
3370 2677 3454 2722 est
3507 2680 3658 2736 aqua-

403 2759 684 2816 cineribus
741 2762 992 2830 subacta,
1059 2773 1114 2818 et
1165 2766 1406 2821 maculas
1439 2781 1502 2820 ex
1554 2765 1910 2822 cadaveribus
1975 2773 2284 2820 contractas
2322 2765 2554 2818 eluente.
2599 2761 2771 2816 Porro
2817 2759 3010 2815 domus
3053 2768 3106 2812 et
3143 2772 3272 2812 vasa
3311 2755 3514 2826 polluta
3559 2769 3660 2808 nos

407 2845 606 2902 iterum
641 2863 852 2904 sumus.
903 2850 982 2905 Ac
1009 2851 1206 2907 domus
1243 2851 1462 2922 quidem
1501 2851 1786 2924 Synagoga
1845 2867 2033 2907 eorum
2081 2851 2174 2922 qui
2208 2848 2490 2904 Dominum
2541 2848 2876 2912 occiderunt,
2899 2855 3001 2900 est.
3043 2844 3184 2898 Vasa
3223 2857 3353 2897 vero
3415 2851 3660 2896 nostrum

407 2932 608 3002 singuli
655 2943 784 2990 sunt
809 2945 1079 3006 quotquot
1108 2939 1349 2992 animum
1389 2938 1587 2994 habent
1629 2940 1857 3002 nudum,
1915 2953 1978 2992 ac
2005 2937 2291 3007 quibusvis
2325 2935 2752 3005 inquinamentis
2808 2934 3070 3004 patulum.
3099 2930 3312 2986 Fideles
3351 2943 3482 2982 vero
3533 2927 3654 2979 ani-

409 3033 560 3073 mum
598 3021 795 3077 habent
833 3023 970 3078 bene
1031 3025 1322 3089 munitum,
1356 3032 1410 3078 et
1440 3025 1879 3094 inquinatorihus
1907 3025 2198 3080 lubricum.
2225 3023 2494 3079 Caeterum
2537 3021 2852 3076 immundus
2903 3027 2986 3074 est
3017 3019 3110 3088 qui
3143 3033 3240 3088 per
3281 3029 3474 3085 aquam
3547 3013 3662 3067 lus-

411 3105 666 3164 trationis
707 3119 1006 3180 purgatus,
1040 3111 1132 3181 qui
1159 3114 1404 3166 saucium
1457 3113 1748 3182 contingit,
1805 3127 1930 3166 eum
1968 3113 2175 3166 scilicet
2209 3111 2366 3180 cujus
2411 3124 2507 3164 cor
2568 3107 2879 3162 carnalibus
2909 3105 3284 3160 affectionibus
3320 3103 3662 3156 vulneratum

409 3203 512 3255 est,
545 3195 672 3248 item
693 3211 756 3250 os
773 3198 1147 3257 cadaveris.id
1165 3209 1270 3263 εει,
1303 3198 1640 3268 impuritatis
1657 3199 1940 3269 reliquias,
1965 3206 2058 3252 aut
2079 3205 2490 3252 monumentum
2519 3194 2756 3250 hominis
2791 3191 3082 3253 inhumati,
3107 3191 3160 3245 id
3181 3199 3266 3244 est
3291 3227 3308 3252 ,
3340 3191 3432 3258 qui
3481 3188 3664 3256 aliquo

409 3279 573 3334 modo
591 3280 848 3337 defuncta
866 3284 1176 3354 impuritate
1202 3301 1322 3341 sese
1349 3285 1568 3354 polluit:
1591 3286 1828 3356 quandiu
1849 3286 2064 3341 enimin
2083 3286 2182 3338 hac
2201 3287 2306 3338 vita
2327 3297 2537 3346 sumus,
2566 3283 2680 3336 ﬁeri
2703 3295 2808 3334 non
2835 3287 3030 3348 potest.
3059 3289 3116 3333 ut
3137 3292 3241 3332 non
3265 3277 3458 3345 aliqua:
3493 3277 3676 3343 impu-

409 3367 591 3422 ritatis
623 3359 1634 3442 reliquimnobisinhaereant,quamvis
1661 3390 1692 3428 a
1711 3375 2028 3430 vulneribus
2048 3371 2328 3428 diabolicis
2355 3369 2528 3425 simus
2551 3368 2782 3423 liberati.
2808 3367 2976 3424 Nemo
3014 3367 3159 3420 enim
3195 3365 3264 3419 ab
3286 3363 3664 3418 aﬂ‘ectionibus

409 3453 591 3507 evadit
615 3457 856 3512 omnino.
883 3456 1024 3524 Quin
1047 3459 1146 3514 etsi
1173 3473 1266 3514 cas
1283 3459 1664 3525 devicerimus,
1685 3469 1742 3516 et
1766 3462 2198 3530 sepelivcrimus,
2225 3457 2472 3526 contagio
2495 3463 2676 3510 tamen
2699 3453 2932 3523 quodam
2966 3466 3154 3507 eorum
3195 3451 3504 3518 λίηίίείηδυν·
3532 3445 3664 3502 0""

423 3541 574 3592 nium
616 3557 744 3598 vero
785 3545 982 3598 horum
1039 3546 1288 3614 purgatio
1320 3545 1570 3602 Christus
1615 3557 1718 3603 est.
1767 3549 2036 3602 Cicatrice
2060 3545 2203 3600 enim
2249 3544 2420 3612 ipsius
2457 3557 2558 3596 nos
2595 3557 2784 3596 omnes
2810 3540 2984 3596 sanati
3020 3553 3242 3602 sumus,
3295 3537 3386 3606 qui
3431 3536 3662 3590 advoca.

418 3634 508 3678 tus
557 3637 742 3681 uoster
779 3638 864 3682 est
894 3627 1036 3697 apud
1064 3629 1278 3682 Patrem
1333 3671 1344 3684 .
1387 3651 1402 3680 ι
1439 3630 1548 3687 Nisi
1585 3635 1728 3686 enim
1761 3635 1884 3702 quis
1909 3642 2260 3704 regeneratus
2291 3631 2451 3688 fuerit
2488 3647 2554 3686 ex
2587 3645 2726 3699 aqua
2764 3638 2818 3684 et
2840 3631 3054 3699 spiritu,
3109 3629 3422 3697 neutiquam
3461 3626 3514 3679 in
3581 3641 3664 3678 re-

417 3731 580 3784 gnum
612 3719 874 3772 ewlorum
916 3721 1250 3788 ingredietur
1275 3723 1316 3776 '.
1357 3742 1376 3774 ι
1405 3723 1556 3788 Quod
1609 3725 1766 3778 nobis
1823 3735 2044 3796 tempus
2097 3733 2216 3794 post
2251 3739 2474 3793 vespera
2501 3740 2530 3773 ιι
2565 3731 2620 3774 et
2649 3722 2774 3774 linis
2823 3720 2954 3790 legis
2985 3729 3100 3773 est.
3131 3716 3380 3770 Diluculo
3411 3715 3554 3769 enim
3585 3714 3664 3767 si-

421 3801 566 3856 milis
626 3813 710 3857 est
737 3804 1000 3861 adventus
1043 3805 1272 3872 Christi,
1326 3810 1592 3878 siquidem
1624 3811 1691 3866 iis
1721 3812 1810 3878 qui
1853 3813 1906 3865 in
1958 3812 2197 3867 tenebris
2225 3819 2278 3864 et
2309 3811 2500 3862 umbra
2525 3809 2717 3861 mortis
2737 3806 3016 3868 sedebant,
3053 3802 3254 3858 aﬂ‘ulsit
3278 3802 3372 3856 Ιιιιι
3409 3815 3598 3868 magna
3623 3807 3665 3860 ο,

489 3952 597 4003 Καὶ
629 3947 820 4020 ἦλθον
845 3955 898 4008 οι
923 3955 1036 4008 υἱοί
1071 3955 1312 4024 Ἰσραὴλ
1352 3956 1518 4013 πᾶσα
1569 3959 1606 4026 ἡ
1663 3961 1984 4030 συναγωγὴ
2025 3943 2066 4002 Β

2058 3949 2066 3997 ί
2179 3961 2436 4016 Venerunt
2459 3969 2630 4013 autem
2665 3959 2766 4028 [iiii
2799 3957 2970 4012 Israel
3001 3997 3016 4022 ,
3043 3957 3314 4010 universus
3341 3951 3538 4006 scilicet
3565 3967 3657 4004 ca:-

415 4043 502 4106 εῖς
529 4041 644 4110 τὴν
673 4043 896 4112 ἔρημον
920 4045 1048 4112 Σίν,
1081 4047 1151 4099 ἐν
1175 4047 1254 4112 τῷ
1288 4048 1437 4116 μηνὶ
1467 4047 1544 4112 τῷ
1590 4049 1817 4118 πρώτῳ.
1877 4053 1988 4106 Καὶ

2101 4065 2184 4106 tus
2226 4053 2278 4104 in
2309 4051 2570 4104 desertum
2616 4049 2737 4112 Ζίιι,
2769 4066 2944 4102 "tense
2983 4050 3175 4116 primo.
3205 4045 3346 4116 DLK,
3381 4040 3458 4114 1.]
3505 4041 3661 4094 lude-

414 4133 488 4194 ὡς
515 4132 976 4204 ἀπροσδιορίστως
1011 4135 1218 4207 [ιο-τισὶν,
1251 4137 1320 4190 ἐν
1348 4137 1425 4202 τῷ
1448 4139 1593 4207 μηνί
1629 4139 1708 4205 τῷ
1735 4141 1940 4211 πρώτῳ
1964 4143 1986 4216 ]

2095 4145 2245 4199 {inite
2291 4144 2386 4208 ait,
2423 4159 2600 4196 mense
2649 4143 2846 4209 primo,
2895 4155 2994 4194 nec
3050 4137 3332 4208 apposuit,
3367 4136 3661 4202 Postquam

416 4223 511 4275 καὶ
535 4223 594 4276 οὐ
616 4224 977 4294 προσέθηκεν,
1009 4226 1405 4295 ἐξεληλυθότων
1434 4228 1612 4282 αὐτῶν
1641 4232 1705 4283 ὲκ
1738 4231 1840 4301 γῆς
1885 4234 1984 4286 Αί-

2094 4236 2300 4304 egressi
2328 4234 2554 4289 fuerunt
2588 4249 2650 4287 ex
2687 4243 2830 4287 terra
2873 4231 3116 4302 Aigypti,
3155 4243 3280 4282 cum
3314 4242 3478 4297 supra
3512 4225 3669 4278 dixe-

416 4311 644 4378 γὺπτου.
681 4315 828 4366 Ἀνω
864 4315 992 4386 γὰρ,
1037 4303 1226 4387 φησὶν,
1263 4317 1321 4370 tv
1372 4316 1449 4386 τῷ
1477 4319 1640 4372 πέντε
1695 4321 1789 4373 καὶ
1827 4322 1990 4377 δεκά-

2103 4327 2176 4379 rit
2203 4325 2351 4394 quod
2417 4324 2692 4380 secundus
2728 4324 2964 4378 insmhat
2994 4337 3190 4377 annus.
3239 4319 3340 4374 Hic
3385 4331 3515 4372 vero
3555 4316 3661 4385 prio

417 4415 516 4468 τῳ,
545 4401 636 4452 καὶ
667 4402 724 4453 tv
769 4401 846 4473 τῷ
871 4403 1103 4473 είκοστῷ
1133 4405 1414 4476 κεφαλαίῳ
1446 4405 1580 4477 (67),
1615 4409 1696 4461 ὄτι
1736 4408 1988 4483 δεύτερον

2069 4426 2245 4470 'mum
2274 4416 2406 4470 dicit
2431 4431 2672 4470 mensem
2697 4431 2760 4469 ex
2790 4415 3154 4486 quadraginta
3189 4411 3349 4468 annis
3381 4410 3506 4464 istis
3525 4423 3664 4478 quos

418 4492 720 4563 ἐνειστήκει
765 4493 904 4559 ἔτος.
947 4496 1086 4550 Ἀλλ’
1125 4498 1358 4552 ἐνταῦθα
1388 4497 1534 4569 μῆνα
1582 4500 1798 4571 πρῶτόν
1852 4521 2016 4576 φησι,

2093 4505 2355 4562 Dominus
2385 4522 2480 4562 eos
2511 4508 2564 4559 iu
2589 4507 2808 4561 deserto
2841 4505 2956 4558 fore
2984 4516 3070 4558 est
3114 4505 3379 4558 minatus.
3413 4501 3488 4554 En
3520 4499 3663 4553 enim

417 4581 508 4634 τὸν
540 4583 647 4636 τῶν
677 4588 1084 4660 τεσσαράκοντα
1117 4590 1274 4652 ὲτῶν,
1322 4589 1358 4643 ἃ.
1389 4590 1684 4660 ἠπείλησεν
1736 4595 1932 4660 αὐτοὺς
1961 4601 1990 4651 ὁ

2091 4607 2446 4652 revertuntur
2470 4599 2668 4652 iterum
2703 4599 2758 4651 in
2787 4598 3065 4652 desertum
3089 4595 3210 4650 Zin.
3236 4594 3390 4648 Unde
3420 4607 3514 4648 eos
3545 4605 3662 4644 mo-

418 4669 550 4734 Usbc
577 4671 796 4728 ἔσεσθαι
824 4677 882 4728 tv
918 4679 984 4746 τῇ
1025 4677 1238 4747 ἐρήμῳ,
1274 4679 1332 4730 ὲν
1378 4677 1456 4747 τῷ
1511 4679 1740 4750 εἰκοστῷ
1787 4680 1990 4753 πρώτῳ

2062 4683 2238 4744 ’νὶδεθ
2281 4690 2447 4743 tradit
2473 4699 2528 4744 et
2565 4691 2741 4760 longis
2771 4699 2926 4746 actos
2967 4689 3249 4744 erroribus
3292 4685 3577 4741 advenisse
3607 4683 3661 4736 in

415 4763 696 4833 κεφαλαίῳ
733 4763 868 4835 (68).
905 4766 1034 4819 Ἰδοὺ
1065 4768 1172 4837 γὰρ
1200 4768 1362 4822 πάλιν
1381 4769 1722 4841 ὑπέστρεφον
1768 4772 1848 4836 εἰς
1895 4771 1993 4845 τὴν

2141 4779 2290 4842 ades.
2321 4795 2430 4847 (tuo
2463 4779 2843 4848 exploratores
2872 4787 3003 4832 sunt
3031 4777 3257 4832 reversi.
3709 4755 3735 4818 if

417 4852 623 4923 ἔρημον
670 4855 818 4917 Σινὰ,
849 4855 970 4910 ὅθεν
1012 4858 1173 4926 φησὶν
1214 4861 1522 4929 ἀπηρκὲναι
1565 4862 1783 4926 αὐτοὺς,
1826 4863 1884 4914 tv
1933 4865 2011 4932 τῷ
2080 4869 2308 4939 εἰκοστῷ
2369 4869 2648 4939 κεφαλαίῳ
2695 4867 2804 4938 (69)
2841 4885 2854 4898 ·
2917 4869 3011 4922 καὶ
3065 4867 3237 4920 πολλὰ
3303 4863 3662 4934 πλανηθέντες

419 4945 807 5015 παραγίνονται
837 4948 893 4999 tv
915 4949 1099 5018 Κάδης
1130 4963 1146 4979 ·
1169 4949 1302 5002 ὅπου
1339 4945 1477 5015 ἦσαν
1524 4951 1575 5003 οἱ
1606 4954 1946 5006 κατάσκοποι
2013 4956 2453 5029 ὑποστρέψαντες
2491 4959 2626 5027 πρὸς
2651 4959 2781 5010 Μωῦ
2795 4958 2886 5028 δῆν
2926 4960 3018 5010 καὶ
3075 4959 3171 5027 τὴν
3209 4956 3549 5025 συναγωγὴν,
3599 4955 3678 5003 ἐν’

417 5035 496 5106 τῷ
535 5037 764 5108 είκοστῷ
788 5037 988 5110 πρώτῳ
1012 5040 1292 5111 κεφαλαίῳ
1321 5041 1457 5112 (70).

489 5195 510 5226 ³
535 5192 635 5249 Job
666 5211 774 5259 xw,
800 5197 852 5249 4.
927 5198 950 5226 ⁸
978 5197 1082 5250 lsa.
1137 5211 1253 5260 Lm,
1294 5197 1350 5251 5.
1427 5199 1450 5231 ⁸
1487 5199 1645 5254 Joan.
1687 5218 1766 5268 ιιι,
1795 5205 1854 5260 5.
1931 5176 2084 5259 δἸεο.

1074 5236 1082 5249 .
1137 5211 1253 5260 mu,
1294 5197 1350 5251 5.
1427 5199 1450 5231 ⁸
1487 5199 1645 5254 Joan.
1687 5218 1766 5268 ιιι,
1795 5205 1854 5260 5.
1931 5176 2084 5259 δἸεο.
2128 5220 2204 5262 ιιι.
2231 5205 2308 5272 2;
2353 5205 2488 5260 Luc.
2517 5205 2673 5260 [.79.

1897 5342 2130 5398 NOTAE.

488 5453 604 5531 (Q7)
621 5453 756 5531 Οὐδὲ
777 5451 964 5531 ταςιταῇ
977 5455 1364 5531 τὰᾳιιεφάλαια,
1389 5457 1514 5531 οὑδὲ
1541 5459 1616 5531 cdt
1635 5459 1760 5529 ὲξῆς
1785 5479 1994 5531 μνημο-
2020 5467 2062 5522 C
2097 5462 2195 5531 τῆς
2218 5462 2396 5514 ὲκδόσ.

417 5521 696 5602 νεύόμενα-
714 5527 772 5577 ὲν
796 5521 872 5602 τῷ
904 5525 1002 5593 τῆς
1199 5524 1330 5602 ιεώδ.
1350 5529 1555 5602 Δζεῖταιζ
1595 5521 1860 5602 Ὄὶτὲοδὲ
1879 5521 1986 5599 ian-
2033 5521 2060 5522 ᾗ
2151 5521 2276 5600 ’(69)
2321 5533 2409 5584 Ἐν
2433 5529 2512 5602 τῷ
2548 5530 2614 5602 i2
2643 5530 2719 5586 ὲδ.
2747 5529 2844 5602 τοῦ
2877 5532 2944 5586 10
2977 5550 3100 5602 κεφ.
3129 5533 3239 5586 τῶν
3277 5529 3447 5602 ’Δριθἶ

423 5609 514 5674 ειν
547 5584 604 5674 ἓν
631 5592 708 5674 τῷ
733 5611 751 5674 |_
773 5584 866 5646 τοῦ
898 5609 936 5660 ι,
961 5584 1058 5647 ita!
1085 5584 1144 5646 tv
1175 5596 1252 5666 τῷ
1283 5611 1299 5650 ι
1345 5597 1422 5648 εδ.
1461 5597 1562 5650 τοῦ-
1600 5599 1633 5653 9
1697 5584 1820 5670 κὲφ.
1878 5584 1986 5653 τῶν
2168 5584 2278 5670 (ῗῶ
2316 5602 2406 5655 Ἐν
2427 5584 2504 5669 τῷ
2532 5601 2600 5655 49.
2631 5584 2819 5654 ὲό.-τοῦ
2861 5584 2935 5656 εἴ
3145 5584 3254 5654 τῶν
3314 5584 3494 5667 ‘Apte.
3525 5601 3666 5650 ταῦτ’

454 5661 606 5741 Agendi.
638 5661 840 5741 to:in
894 5734 918 5741 _
961 5735 1010 5741 __
1075 5733 1148 5741 ‘_
1501 5737 1524 5741 μ
1599 5739 1608 5741 _
1723 5738 1734 5741 Α
1775 5661 1786 5670 ⁷
1865 5740 1870 5741 ί
2091 5661 2188 5741 me
2213 5661 2306 5740 τῆς
2339 5661 2514 5724 ἐκδὸἆ.

495 5731 606 5801 (68)
665 5733 750 5788 Ἐν
772 5733 850 5806 τῷ
891 5734 922 5790 8
959 5735 1031 5788 ὲδ.
1059 5733 1150 5788 τοῦ
1199 5735 1262 5789 H
1295 5753 1418 5806 κεῖ).
1457 5737 1564 5790 τῶν
1597 5738 1764 5807 'Apzﬂ.
1827 5740 1984 5808 τῆσδε
