4050 6212
435 278 533 342 851
1763 290 2034 352 ΡΒΟΟΟῙ

2092 292 2113 352 [
2138 292 2383 353 ΘΑΖᾸΞΙ
2931 323 2940 331 -
3579 292 3691 359 852

433 386 606 444 ιὐιτο
627 387 790 460 413
829 405 976 461 aqua:
1001 407 1068 448 ex
1100 404 1252 464 petra
1290 397 1723 464 emanatiouem,
1756 403 1848 457 alii
1873 403 1997 473 qui-
2028 452 2032 463 η

2175 403 2285 475 Τὴν
2322 402 2414 455 τοῦ
2450 401 2642 466 ὕδατος
2663 403 2728 457 ὲκ
2758 403 2856 473 τῆς
2887 401 3095 477 πέτρας
3128 402 3306 475 ῥύσιν,
3332 402 3384 456 οἱ
3436 401 3535 475 μὲν
3584 402 3689 474 τὴν

433 477 553 532 dem
586 482 833 533 eamdem
865 480 933 536 de
958 497 1067 552 qua
1103 482 1161 538 in
1208 482 1399 541 Exodo
1442 501 1567 545 οδες
1610 489 1855 553 tradunt,
1906 492 1999 547 alii

2110 494 2283 566 ᾳῦτὴν
2315 490 2451 549 εἷναί
2481 511 2613 564 φασι
2641 495 2780 564 (70‘)
2805 497 2872 567 τῇ
2905 496 2964 548 ἐν
2991 498 3058 567 τῇ
3100 494 3298 565 Ἐξόδῳ
3331 511 3347 528 ο
3385 497 3433 549 oi
3478 495 3536 549 δὲ
3566 495 3683 567 (Π)

433 582 564 623 vero
585 569 772 635 aliam,
797 572 1067 642 siquidem
1093 582 1342 645 tempora
1366 578 1608 634 variant.
1634 580 2001 639 Nihilominus

2110 588 2325 657 ἑτέραν,
2352 587 2405 639 ετ
2417 603 2479 654 γε
2509 586 2606 639 καὶ
2632 587 2681 638 οἱ
2712 586 2894 657 χρόνοι
2921 587 3192 658 διάφοροι.
3216 586 3365 659 Πλὴν
3394 588 3444 640 ei
3478 587 3552 659 μὴ
3597 587 3689 641 λέ-

435 664 615 715 tamen
652 676 687 732 p
708 663 865 718 iores
898 663 1040 719 hanc
1060 666 1443 733 repetitionem
1475 685 1608 726 esse
1629 672 1893 728 dicerent.

1563 686 1608 726 ie
1629 672 1893 728 dicerent.
2110 694 2260 745 γοιεν
2288 680 2337 731 oi
2365 677 2593 747 πρῶτοι,
2633 677 2970 749 ὲπανάληψιν
3002 674 3162 732 εἶναι.

507 799 611 865 Qui
634 816 765 855 vero
788 802 948 856 aliam
973 818 1097 861 esse
1129 815 1405 870 asserunt,
1437 806 1491 861 id
1527 808 1707 879 ipsum
1728 811 1808 866 sic
1841 821 2118 878 astrnunt,
2140 814 2286 885 quod
2316 812 2585 884 siquidem
2616 814 2858 885 populus
2879 826 3032 869 retro
3058 812 3253 883 pedem
3281 828 3378 883 per
3404 811 3684 868 desertum

432 885 642 952 tulerit,
675 887 765 941 siti
795 890 864 943 ob
894 889 1334 960 desperationem
1377 893 1445 948 de
1470 897 1837 965 promissione
1873 899 2145 956 bonorum
2188 907 2510 970 conceptam
2549 899 2906 957 laboraverit.
2970 900 3243 955 Caeterum
3283 898 3469 955 Moses
3502 899 3687 955 denuo

432 974 573 1045 ipsis
624 973 818 1047 irrigat
861 975 1142 1033 desertum
1177 1020 1192 1046 ,
1231 995 1328 1050 per
1387 991 1621 1050 petram,
1667 999 1732 1039 ac
1781 987 2114 1055 poenitentiae
2156 987 2319 1058 quale
2346 987 2418 1042 sit
2453 987 2783 1058 mysterium
2824 986 3004 1051 docet.
3044 984 3339 1056 Postquam
3394 985 3540 1042 enim
3591 1002 3691 1056 pe.

434 1072 575 1115 tram
607 1062 1057 1133 degustaverant,
1091 1067 1156 1120 ad
1199 1067 1511 1137 voluptates
1542 1066 1896 1141 Egyptiacas
1933 1076 2176 1129 animum
2210 1072 2542 1129 rellexerunt
2572 1076 2795 1128 iterum.
2826 1072 3101 1137 Quocirca
3129 1070 3275 1126 fame
3304 1079 3359 1126 et
3391 1071 3578 1141 inOpia
3604 1086 3692 1125 re-

431 1164 555 1202 rum
595 1150 663 1205 ad
691 1151 855 1205 vitam
890 1152 1105 1206 utilium
1130 1154 1455 1222 puniuntur.
1513 1156 2004 1217 Verumenimvero
2033 1168 2159 1232 post
2196 1170 2375 1216 actam
2411 1160 2792 1230 paenitentiam
2824 1199 2839 1224 ,
2877 1166 3093 1228 petram
3128 1157 3279 1213 illam
3326 1172 3489 1227 quam
3522 1157 3691 1211 dese-

434 1247 663 1290 ruerunt
689 1239 770 1292 eis
801 1238 1048 1294 invenire
1088 1240 1215 1294 licet
1250 1242 1481 1296 iterum.
1525 1241 1592 1297 Et
1618 1243 1731 1300 hmc
1767 1247 1988 1316 quidem
2034 1249 2136 1304 illi.
2180 1248 2344 1319 Atqui
2397 1263 2527 1303 vero
2575 1262 2699 1300 cum
2741 1246 2935 1300 molles
2971 1244 3244 1299 Israelita:
3276 1254 3483 1308 essent,
3514 1259 3689 1314 parvo

434 1322 618 1392 aliquo
657 1324 1007 1379 incommodo
1033 1325 1196 1395 genio
1229 1340 1419 1381 eorum
1462 1326 1697 1394 oil'enso,
1742 1333 2003 1402 magistro
2029 1351 2129 1390 suo
2161 1335 2432 1393 insultant
2463 1335 2753 1397 continuo,
2784 1344 2839 1387 et
2880 1332 3076 1386 beatos
3111 1332 3421 1402 praedicant
3455 1346 3549 1385 eos
3586 1331 3689 1399 qui

366 1472 369 1477 _
435 1416 663 1479 propter
691 1410 1040 1465 coturnicum
1074 1412 1368 1482 ingluviem
1415 1414 1770 1481 interierant,
1798 1433 1899 1472 nec
1930 1423 2279 1491 perpeudunt
2321 1423 2541 1477 interim
2585 1421 2727 1489 quod
2759 1419 2902 1473 dona
2935 1434 3173 1489 qumque
3221 1419 3690 1474 excellentissima

434 1510 463 1549 a
498 1498 783 1553 laboribus
815 1514 1031 1568 semper
1075 1501 1449 1572 excipiuntur.
1476 1502 1831 1577 Quapropter
1857 1505 1942 1561 his
1978 1506 2331 1564 alfectionum
2366 1509 2503 1564 telis
2557 1507 2783 1561 fortiter
2814 1516 3011 1561 contra
3043 1515 3128 1561 est
3160 1505 3432 1563 eundum.
3481 1505 3687 1559 Verum

431 1586 549 1640 haec
582 1600 671 1641 res
704 1585 1042 1653 hominibus,
1079 1587 1183 1643 sub
1212 1588 1329 1660 lege
1362 1589 1541 1645 l‘raudi
1580 1590 1685 1646 fuit
1714 1593 1862 1658 ideo,
1887 1605 1945 1648 ut
1976 1594 2028 1650 hi
2060 1597 2150 1666 qui
2178 1597 2231 1650 in
2261 1594 2484 1651 Christo
2519 1602 2694 1663 agunt
2722 1592 2855 1663 quid
2880 1593 2985 1648 sibi
3012 1599 3268 1665 paratum
3300 1600 3467 1657 esset,
3488 1605 3690 1645 cerne-

432 1681 574 1729 rent.
611 1673 783 1730 Ροκο
803 1689 927 1730 cum
954 1676 1067 1745 jam
1100 1678 1345 1733 novisset
1370 1679 1510 1735 Deus
1561 1695 1726 1750 quam
1761 1684 2002 1751 segniter
2031 1682 2233 1751 egisset
2272 1680 2325 1734 in
2362 1679 2848 1750 Exodo,quatnque
2876 1679 2985 1747 cito
3022 1679 3187 1737 circa
3241 1678 3402 1734 [idem
3427 1678 3689 1747 lapsurus

437 1768 585 1815 esset
614 1759 792 1817 Moses
820 1778 832 1814 :
861 1761 1099 1817 Assume
1119 1803 1133 1825 ,
1169 1765 1365 1834 inquit,
1393 1773 1480 1820 tec
1503 1783 1592 1821 um
1615 1784 1682 1822 ex
1722 1769 2035 1824 senioribus
2063 1767 2243 1839 populi
2272 1767 2520 1836 aliquos;
2555 1767 2763 1835 virgam
2805 1765 2935 1820 item
2971 1780 3080 1836 qua
3104 1764 3306 1819 ﬂumen
3331 1763 3687 1834 percussisti,

443 1860 572 1927 ecce
593 1859 694 1918 ego
715 1847 825 1902 illic
844 1848 1110 1904 consisto.
1134 1850 1332 1906 ibidem
1358 1868 1580 1923 quoque
1601 1852 1870 1927 congrega
1898 1865 2100 1911 ctetum
2133 1865 2189 1908 tu
2209 1867 2258 1909 et
2277 1853 2492 1916 Aaron,
2513 1869 2621 1923 quo
2651 1860 2822 1908 testes
2850 1852 3192 1908 inﬁrmitatis
3223 1852 3399 1906 animi
3428 1851 3684 1922 ipsorum

433 1924 645 2002 pudore
690 1934 989 1999 suli‘undat,
1026 1951 1090 1992 ac
1117 1938 1172 1992 in
1207 1939 1529 1994 memoriam
1568 1924 2117 2010 prioremvvirtutem,
2149 1957 2256 2011 qua
2295 1944 2354 1995 in
2387 1943 2713 2012 sanguinem
2756 1942 3039 1997 convertit
3066 1956 3291 2011 aquam,
3320 1943 3549 1996 reducat
3580 1954 3689 1997 :ac

434 2021 677 2091 denique
706 2022 849 2076 bona
881 2037 979 2093 spe
1007 2038 1131 2079 esse
1174 2025 1499 2080 miraculum
1539 2027 1745 2083 editum
1790 2029 1855 2084 iri
1893 2029 2105 2096 jubeat.
2156 2027 2398 2082 Tandem
2444 2029 2649 2096 itaque,
2687 2029 2847 2097 quasi
2882 2029 2999 2097 ipse
3035 2027 3362 2082 miraculum
3409 2025 3688 2097 perﬁciat,

434 2124 567 2162 num
590 2124 655 2164 ex
683 2117 836 2180 petra
862 2110 964 2165 bac
986 2126 1182 2181 aquam
1214 2112 1370 2169 vobis
1392 2114 1679 2171 eliciemus
1709 2116 1893 2186 inquit
1930 2116 2039 2170 ?Et
2065 2115 2150 2170 bis
2180 2115 2416 2187 percutit
2445 2123 2662 2185 petram
2698 2114 2859 2186 quasi
2884 2114 3019 2169 nihil
3044 2114 3115 2168 sit
3146 2111 3391 2169 futurum
3416 2113 3682 2185 amplius,

433 2212 598 2269 quam
630 2198 774 2268 quod
810 2198 961 2270 virga
991 2214 1090 2254 sua
1134 2208 1461 2271 extorqueat
1493 2202 1567 2267 vi,
1597 2206 1866 2275 quasique
1902 2202 2094 2259 divina
2131 2204 2335 2256 virtute
2364 2202 2417 2256 id
2466 2217 2574 2255 non
2606 2200 2720 2267 ﬁat,
2747 2201 2815 2256 ad
2846 2216 3011 2270 quam
3048 2200 3431 2257 illustrandam
3486 2201 3690 2257 unicus

435 2284 745 2339 suﬂiciebat
778 2286 940 2341 ictus.
975 2286 1237 2358 Largitur
1261 2305 1394 2345 vero
1427 2290 1649 2346 laticem
1678 2293 1822 2348 Deus
1856 2307 1924 2347 ne
1946 2287 2342 2347 imbecillitatis
2371 2289 2811 2343 insimularetur.
2843 2287 3023 2344 Moses
3055 2287 3404 2343 infidelitatis
3442 2303 3668 2357 pennam

435 2372 689 2442 suscipit.
723 2371 975 2429 Diximus
998 2384 1183 2430 atttem
1214 2376 1268 2430 in
1306 2378 1725 2433 commentariis
1762 2394 1929 2449 super
1953 2378 2162 2444 Exodo,
2199 2377 2402 2431 Mosem
2467 2377 2532 2430 ad
2571 2378 2745 2446 legem
2786 2375 2992 2431 assumi
3032 2374 3351 2444 eportuisse
3380 2373 3449 2428 ad
3482 2389 3673 2429 sacer-

435 2457 652 2512 dotium
678 2456 953 2514 Aarouem
988 2477 1003 2526 ;
1030 2460 1097 2515 ad
1131 2462 1341 2516 cultum
1376 2477 1508 2517 vero
1537 2463 1677 2535 legis
1699 2464 1950 2518 Mariam.
1980 2465 2329 2534 Quapropter
2357 2479 2455 2533 per
2491 2465 2815 2533 prophetam
2852 2463 3035 2532 inquit
3062 2461 3204 2531 Deus
3235 2462 3302 2516 ad
3331 2459 3637 2517 Jerusalem
3663 2479 3681 2515 :

445 2563 464 2596 ι
506 2544 673 2599 Emisi
708 2555 838 2601 ante
871 2545 1066 2603 faciem
1105 2558 1253 2603 tuam
1284 2548 1531 2620 Moysem
1568 2560 1623 2605 et
1648 2553 1984 2605 Aaronem'.
2021 2572 2041 2603 ι
2082 2552 2180 2605 Per
2209 2551 2422 2605 cultum
2457 2566 2677 2619 quoque
2712 2550 2953 2619 typicum
2986 2547 3155 2604 Israel
3176 2547 3409 2603 salutem
3438 2553 3524 2602 est
3543 2561 3682 2602 eon-

433 2639 681 2688 seeutus.
720 2630 896 2703 Cujus
929 2635 1106 2705 gratia
1136 2651 1354 2691 carmen
1382 2637 1662 2707 epinicion
1688 2637 1873 2693 condit
1893 2637 2111 2707 quidem
2143 2636 2376 2709 Moyses,
2408 2639 2696 2705 exorditur
2723 2650 2853 2689 vero
2889 2634 3083 2700 Maria,
3112 2650 3233 2705 quae
3262 2634 3389 2690 fatis
3425 2635 3685 2689 concedit

435 2719 615 2787 piuo
645 2735 858 2785 mense,
893 2736 1006 2792 quo
1042 2721 1254 2778 Pascha
1292 2724 1572 2778 immolari
1604 2726 1762 2789 solet,
1809 2741 1920 2795 quo
1961 2725 2123 2781 etiam
2166 2725 2253 2779 siti
2290 2724 2563 2778 laboravit
2600 2725 2857 2794 populus.
2889 2722 3026 2777 Nam
3055 2723 3116 2777 in
3154 2736 3343 2777 mense
3398 2734 3675 2775 novarum

436 2806 654 2878 frugum
699 2809 934 2864 moritur
964 2810 1156 2865 cultus
1187 2812 1284 2880 qui
1318 2812 1373 2865 in
1411 2813 1556 2883 typis
1592 2813 1955 2876 consistebat,
2006 2812 2276 2866 illucescit
2308 2826 2441 2867 vero
2477 2811 2568 2865 Dei
2600 2812 2847 2866 verbum.
2886 2808 3233 2881 Quapropter
3260 2809 3424 2872 dixit,
3455 2825 3475 2858 ι
3525 2807 3684 2876 Ipse-

443 2905 554 2949 met
584 2895 780 2952 adsum
825 2897 920 2967 qui
951 2897 1152 2967 loquor
1196 2908 1459 2968 tanquam
1496 2915 1697 2954 aurora
1739 2901 1793 2954 in
1843 2900 2143 2964 montibus,
2178 2909 2233 2954 et
2270 2900 2414 2953 velut
2445 2900 2499 2953 in
2542 2914 2729 2953 mense
2760 2912 2873 2952 nov
2896 2912 3049 2952 arum
3085 2899 3323 2969 frugum.
3366 2915 3388 2949 ι
3419 2895 3498 2948 Ad
3528 2896 3686 2948 hunc

434 2981 656 3035 modum
691 2997 914 3052 quoque
951 2981 1256 3038 Ecclesiam
1284 2986 1528 3055 gentium
1560 2996 1720 3040 vocat
1757 2986 2014 3056 inquiens
2039 3003 2052 3040 :
2081 3001 2101 3036 ι
2127 2986 2320 3056 Surge.
2349 2999 2582 3055 propera
2610 2985 2787 3038 amica
2811 2998 2954 3048 mea,
2983 2984 3225 3038 formosa
3252 2997 3372 3038 mea
3395 2979 3682 3047 columba,

433 3084 567 3124 ecce
605 3071 750 3125 enim
774 3072 948 3126 hiems
970 3072 1081 3139 jam
1110 3072 1359 3136 transiit,
1392 3082 1447 3128 et
1481 3073 1660 3128 imber
1694 3088 1752 3128 se
1775 3074 2048 3143 recipiens
2082 3072 2217 3126 abiit
2243 3072 2372 3125 sibi.
2408 3070 2593 3126 Flores
2618 3080 2999 3140 apparuerunt
3030 3071 3088 3123 in
3125 3079 3297 3131 terra,
3325 3076 3545 3137 tempus
3577 3081 3685 3135 pu-

426 3142 659 3211 tationis
706 3156 928 3211 advenit
955 3158 996 3209 ⁸.
1031 3177 1050 3208 ι
1082 3157 1457 3214 Reﬂoruimus
1487 3160 1638 3214 enim
1670 3160 1729 3213 in
1763 3142 1985 3215 Christo
2030 3159 2097 3214 ad
2136 3159 2438 3212 novitatem
2500 3159 2647 3218 vitae,
2679 3157 2907 3227 quando
2958 3158 3090 3226 legis
3131 3156 3281 3209 cultu
3312 3164 3573 3209 cessante
3598 3152 3683 3206 si-

437 3244 634 3298 tientes
657 3244 867 3312 potavit
891 3244 1148 3300 Christus
1176 3264 1190 3300 :
1223 3263 1241 3296 ι
1275 3245 1538 3301 Biberunt
1572 3247 1718 3301 enim
1745 3263 1811 3303 ex
1847 3256 2000 3317 petra
2045 3246 2317 3317 spirituali
2355 3260 2481 3313 quae
2522 3257 2712 3300 secuta
2739 3255 2845 3310 est,
2887 3245 3089 3313 inquit,
3121 3251 3274 3314 petra
3318 3258 3451 3297 vero
3480 3240 3683 3295 Chris-

436 3338 529 3383 tus
556 3339 675 3384 erat
712 3330 756 3384 ’.
789 3348 808 3381 ι
848 3329 1009 3385 Petra
1046 3332 1192 3387 enim
1225 3333 1469 3387 divinam
1502 3341 1753 3388 naturam
1779 3333 2061 3403 exprimit,
2082 3340 2310 3402 propter
2353 3332 2670 3385 firmitatem
2702 3346 2768 3384 ac
2798 3330 3157 3386 soliditatem.
3195 3328 3393 3383 Coram
3440 3326 3682 3381 seniori-

440 3419 546 3473 bus
592 3431 724 3472 vero
756 3416 980 3473 lsraelis
1009 3427 1067 3472 et
1104 3421 1291 3488 populi
1329 3421 1412 3476 bis
1446 3420 1571 3477 ferit
1601 3421 1800 3477 Moses.
1832 3423 1941 3477 Ceu
1973 3419 2117 3476 enim
2147 3433 2334 3471 coram
2369 3416 2515 3472 Musa
2543 3416 2765 3470 Christo
2820 3416 3190 3480 oblatrarunt,
3232 3433 3253 3466 ι
3290 3413 3465 3477 Tolle,
3524 3412 3683 3477 tolle,

435 3502 697 3574 cruciﬁge
724 3519 853 3559 eum
875 3505 943 3569 “,
980 3523 998 3557 ι
1032 3504 1197 3575 idque
1229 3522 1336 3561 non
1389 3509 1580 3572 semel,
1614 3509 1698 3565 bis
1728 3509 1873 3565 enim
1905 3506 2243 3578 percutiunt;
2280 3519 2388 3557 non
2423 3504 2566 3556 enim
2608 3503 2932 3556 occiderunt
2955 3502 3155 3567 solum,
3176 3515 3368 3555 verum
3390 3498 3555 3554 etiam
3586 3512 3687 3553 oc-

437 3590 651 3646 cultare
666 3592 1129 3649 resurrectionem
1151 3594 1275 3662 ejus
1297 3594 1726 3662 contenderunt,
1745 3596 2127 3666 stipendiaque
2148 3592 2421 3647 militibus
2449 3593 2568 3660 ejus
2601 3592 2680 3645 rei
2700 3593 2876 3661 gratia
2902 3591 3278 3661 praebuerunt.
3305 3588 3685 3656 Quantumvis

436 3687 619 3733 tamen
651 3678 1047 3736 bacchantibus
1083 3695 1148 3736 ac
1183 3682 1495 3738 furentibus
1526 3682 1684 3754 ipsis,
1712 3683 1878 3738 edidit
1911 3691 2119 3752 petram
2150 3684 2381 3750 ﬂuxum,
2408 3689 2462 3738 et
2492 3689 2694 3736 terram
2730 3680 2886 3751 prius
2918 3678 3220 3745 desertam,
3248 3679 3412 3732 initio
3435 3691 3465 3730 a
3490 3675 3686 3731 Judzea

433 3764 603 3829 ficto,
634 3768 874 3837 operuit.
914 3767 1100 3835 Quare
1130 3784 1235 3839 per
1273 3769 1573 3840 prophetas
1600 3769 1748 3824 dixit
1796 3787 1856 3823 τι
1894 3768 1972 3824 Ειι
2024 3784 2129 3840 ego
2157 3770 2375 3826 decline
2413 3782 2580 3838 super
2613 3781 2709 3821 eos
2770 3766 2915 3822 sicut
2960 3767 3165 3820 ﬂumen
3209 3765 3388 3835 pacis,
3433 3774 3486 3819 et
3527 3764 3679 3819 sicut

435 3853 949 3910 torrensinundans
977 3856 1205 3926 gloriam
1235 3858 1475 3925 gentium
1501 3856 1564 3910 ιι.
1602 3875 1621 3908 ι
1666 3855 1993 3926 Hujusmodi
2031 3858 2289 3930 quiddam
2325 3857 2466 3927 apud
2508 3856 2763 3910 Davidem
2791 3869 3011 3924 quoque
3043 3852 3230 3923 inquit
3265 3870 3280 3905 :
3316 3870 3335 3903 ι
3369 3851 3558 3907 IEstus
3580 3850 3687 3905 llu-

435 3939 508 3993 vii
537 3939 814 3996 laetiﬁcant
858 3942 1047 3997 urbem
1103 3942 1198 3998 Dei
1231 3945 1300 3997 “.
1341 3962 1358 3995 ι
1390 3942 1457 3998 Et
1486 3943 1688 3999 iterum
1723 3945 1854 3999 alibi
1889 3963 1903 4000 :
1948 3966 1966 3997 ε
2000 3945 2065 4001 Ει
2095 3952 2341 4002 torrente
2372 3943 2698 3998 deliciarum
2751 3948 2844 3996 tua
2858 3957 2977 3995 rum
3014 3940 3237 4010 potabis
3264 3954 3369 3994 eos
3396 3939 3458 3992 ".
3498 3957 3517 3990 ι
3551 3935 3688 3991 Per-

435 4027 747 4084 cussionem
780 4043 908 4086 vero
935 4037 1105 4100 petra;
1140 4031 1419 4099 praecessit
1453 4030 1769 4099 inﬁdelitas,
1801 4033 1872 4089 ob
1904 4049 2067 4103 quam
2092 4029 2589 4102 reprehenduntur,
2615 4042 2888 4099 poenaque
2910 4025 3077 4099 414
3103 4027 3399 4097 irrogatur,
3425 4032 3483 4079 ut
3508 4039 3687 4093 popu-

434 4115 547 4169 lum
580 4115 635 4170 iu
654 4123 874 4204 terram
913 4116 1266 4174 introducere
1290 4133 1397 4174 non
1434 4119 1684 4189 possint;
1718 4120 1802 4175 lex
1828 4121 2031 4175 etenim
2057 4135 2179 4190 quae
2206 4120 2349 4190 typis
2381 4132 2445 4171 ac
2482 4116 2671 4189 ﬁguris
2709 4122 2948 4175 constat.
2977 4116 3033 4168 in
3067 4122 3266 4168 terram
3295 4110 3687 4184 promissionis

435 4198 706 4261 adducere
736 4220 843 4261 nos
874 4221 982 4261 non
1016 4208 1238 4278 poterit,
1265 4222 1366 4261 nec
1396 4208 1561 4263 etiam
1595 4207 1892 4262 sacerdotii
1959 4205 2261 4264 secundum
2296 4218 2415 4260 eam
2448 4202 2681 4257 instituti
2716 4200 3087 4265 imbecillitas,
3122 4198 3220 4255 sed
3261 4199 3316 4254 in
3337 4207 3552 4270 patrum
3573 4210 3691 4251 sor-

431 4301 540 4346 tem
611 4307 714 4349 nos
746 4294 998 4364 perducit
1037 4295 1240 4350 ductor
1291 4292 1479 4349 Jesus.

505 4399 594 4456 Sic
609 4404 684 4456 ait
702 4402 871 4472 frater
893 4411 1012 4456 tuus
1031 4400 1376 4473 Israel.[XX.
1394 4403 1462 4456 14
1485 4400 1507 4474 ]
1528 4401 1887 4468 Edom-enim,
1904 4402 2006 4459 hoc
2044 4414 2084 4468 Β

2189 4399 2253 4453 '0
2287 4398 2551 4468 ἀδελφός
2579 4414 2695 4453 σου
2733 4394 3004 4465 Ἰσραήλ.
3044 4394 3109 4449 Ὀ
3138 4394 3247 4465 γὰρ
3297 4392 3492 4464 Ἐδὼμ,
3518 4408 3687 4444 τουτ-

432 4504 534 4557 cst,
566 4494 785 4549 Idumaei
804 4511 869 4549 ex
907 4494 1075 4557 Esau,
1104 4493 1195 4562 qui
1235 4492 1401 4547 Edom
1425 4508 1645 4563 quoque
1668 4493 1991 4549 nominaba-

2106 4491 2253 4546 ἐστιν
2281 4491 2329 4543 οἱ
2371 4490 2630 4556 Ἰουδαῖοι,
2660 4490 2719 4558 ἐξ
2758 4488 2951 4554 Ἠσαῦ,
2994 4488 3053 4553 ὃς
3095 4488 3190 4542 καὶ
3238 4486 3416 4557 Ἐδὼμ
3460 4484 3686 4554 ὠνομά-

432 4592 542 4649 tur,
568 4584 847 4653 propagati
888 4592 1035 4639 sunt.
1093 4581 1285 4637 Frater
1315 4597 1443 4638 vero
1480 4582 1586 4639 iste
1634 4581 1845 4648 Jacobi,
1901 4584 1997 4654 qui

2110 4580 2253 4647 ζετο.
2282 4580 2534 4652 Ἀδελφδς
2559 4582 2616 4636 δὲ
2643 4576 2799 4645 οὗτος
2842 4580 3039 4639 Ἰακὼὸ
3072 4579 3166 4634 τοῦ
3199 4581 3303 4636 καὶ·
3325 4577 3564 4651 Ἰσραήλ.
3586 4576 3687 4629 Οἰ-

506 4760 523 4790 ⁷
550 4758 716 4814 Mich.
739 4774 816 4820 vt,
854 4761 907 4815 4.
984 4762 1008 4795 ⁸
1033 4760 1195 4819 Cant.
1227 4763 1571 4838 ιι,10,11,12.
1647 4762 1669 4794 ³
1709 4763 1727 4816 l
1760 4763 1888 4818 (lor.
1925 4779 1979 4831 x,
2014 4764 2032 4818 l

433 4828 475 4865 ¹³
497 4826 643 4886 Psal.
666 4846 826 4885 xxxv.
859 4831 911 4886 9.

2148 4763 2361 4820 "Joau.
2393 4777 2507 4828 xtx,
2528 4760 2586 4816 6.
2663 4759 2705 4791 “
2735 4758 2840 4816 lsa.
2873 4774 3017 4826 uvr,
3044 4757 3133 4813 i2.
3209 4757 3252 4789 ¹¹
3276 4753 3421 4817 Psal.
3449 4770 3586 4820 va,
3628 4751 3682 4808 5.

1931 4949 2161 5007 ΝΟΤᾹΖ.

500 5063 633 5130 (70')
658 5063 759 5115 Τὸν
794 5059 1101 5130 Ἀλεξανδρ.
1129 5061 1393 5130 Κύριλλον
1432 5062 1564 5125 toto;
1611 5061 1779 5130 λέγει.
1832 5061 2003 5130 Auri»;
2109 5059 2290 5125 αὔτως
2311 5060 2408 5113 καὶ
2447 5058 2723 5130 ἹώσητεεονΔ
2746 5055 2838 5130 (λέν
2855 5056 2982 5130 rip}
3006 5072 3127 5130 neq).
3168 5052 3281 5130 rei
3306 5053 3341 5108 5
3378 5052 3508 5130 περὶ
3548 5051 3685 5105 Ἰου-

435 5123 534 5205 psi
561 5123 671 5207 γᾴρ
706 5133 795 5207 (ἓν
812 5123 954 5207 frit}.
975 5123 1175 5207 Δ1,.ξλιέρ.
1199 5123 1255 5207 ε’,
1278 5131 1392 5186 σεξλ..
1423 5123 1571 5207 διρξ.
1607 5123 1696 5184 τὰ’
1714 5133 1774 5207 ἐν
1796 5129 1874 5207 τῷ
1919 5123 2001 5207 l7,
2108 5123 2600 5207 6ai§._dplatg}0‘{.'
2620 5123 2788 5207 βιὸζζ)
2818 5123 2920 5207 τῆς
2950 5127 3009 5207 ἐν
3050 5123 3323 5207 ’ξαφιδεὶν
3346 5123 3538 5207 μνον..

431 5187 677 5273 3.5.9.65;
705 5187 875 5265 Ἒξόδ.
896 5187 1102 5262 Exest}.
1126 5187 1301 5255 ias-La
1330 5187 1678 5271 προστίθησι.
1714 5199 1825 5253 Καὶ
1844 5187 2007 5253 imi.
2185 5201 2298 5269 (7i)
2316 5187 2393 5253 ’Ὅ
2419 5187 2662 5267 Νύσξτηξ,
2692 5193 2754 5252 οὗ
2775 5187 2782 5189 ”
2805 5187 2915 5250 καῖ’
2937 5195 3008 5248 τὰ
3045 5187 3300 5318 ιςήμξειτειη
3341 5187 3583 5275 δηλονρτι
3612 5191 3683 5274 Et

438 5277 535 5318 ιιὲν
566 5275 624 5318 ἐν
650 5275 716 5318 τῆ
754 5271 949 5318 Ἐξὸδω
978 5272 1037 5318 τὸ
1066 5270 1206 5318 θεῖον
1239 5270 1337 5318 Ean
1380 5269 1783 5318 νοησιιὼὁηιια.
1816 5272 2004 5318 Κατα-
2114 5270 2470 5318 armaretur-ma-
2516 5268 2709 5318 αὐταῖς
2751 5267 2964 5318 λέξεσιν
2988 5268 3016 5318 ὁ
3098 5264 3286 5318 οοκόπ.
3338 5265 3396 5317 ὲν
3454 5280 3532 5318 τω
3580 5279 3683 5318 της

437 5264 535 5344 μὲν
566 5264 717 5342 ἐν’τῇ
754 5264 949 5346 Ἑξὸ-δῳ
978 5272 1037 5322 τὸ
1066 5270 1206 5346 θξῖον
1239 5270 1339 5346 ἔφη
1363 5264 1783 5346 ⁸δςρηςτμιζέὸημᾳ.
1816 5272 2004 5346 Κᾳτα-
2114 5264 2470 5346 πρὸκείμεξνα2
2516 5264 2709 5346 agi-ai;
2751 5267 2964 5346 λέξεεξιν
2988 5268 3016 5319 ὁ
3045 5264 3310 5346 99035613...
3338 5265 3396 5317 ὲν
3454 5264 3532 5333 τῷ
3580 5264 3684 5346 τῆς

439 5333 727 5421 reptante?
762 5333 1076 5421 ξὲὦάπερῇ
1101 5341 1158 5393 ὲν
1211 5333 1339 5421 suis
1362 5333 2005 5421 'é'pt'ﬂpoi;_"et’tp_urspgv
2278 5333 2431 5421 κῶδἰ
2452 5333 2719 5421 ξκτίθηρι.
2763 5333 3206 5421 ’Συνῇᾴδεᾷδξτῷ
3232 5333 3458 5421 Nigaea?
3503 5333 3683 5421 fato

439 5357 727 5412 ιερματιει
762 5357 820 5396 σε
855 5357 1043 5410 ωσπερ
1101 5357 1158 5393 εν
1211 5358 1321 5405 τοις
1367 5357 1641 5410 Ἀριυμοις
1702 5357 1897 5410 ευρυτε
1939 5357 2005 5394 αν

433 5416 734 5486 σφήγησιν,
759 5414 845 5485 ἦν,
886 5429 973 5466 κτ.
1021 5410 1115 5463 Ἐκ
1140 5410 1344 5463 τούτων
1364 5407 1457 5464 οὖν
1487 5411 1583 5462 καὶ
1634 5413 1700 5467 ἐκ
1743 5410 1852 5464 τῶν
1876 5357 2006 5481 ἑξῆς

432 5486 610 5543 δῆλον.
637 5486 718 5538 ὅτι
754 5484 881 5551 μίαν
911 5482 1005 5535 καὶ
1025 5481 1124 5547 τὴν
1145 5480 1315 5550 αὐτὴν
1350 5476 1488 5534 εῖναι
1525 5480 1776 5551 podiam:
1802 5480 1917 5551 τὴν
1940 5483 2006 5534 ἐκ

2184 5359 2244 5409 ιγ.
2278 5357 2409 5395 κωο.
2452 5357 2719 5408 εκτιῠησι.
2778 5357 3003 5406 ἆυνᾳοει
3041 5357 3098 5388 οε
3126 5357 3206 5404 τῳ
3232 5357 3458 5403 uuam];
3511 5357 3605 5386 και
3650 5357 3683 5386 ο

2186 5412 2391 5479 σύχιοε,
2414 5410 2590 5478 λέγων
2618 5409 2699 5475 (ἐν
2728 5409 2792 5477 τῇ
2831 5407 2942 5460 τῶν
2976 5407 3120 5459 Ψαλ.
3161 5406 3374 5476 σειρᾷ)’
3417 5404 3685 5471 Δεύτερον
3770 5430 3783 5441 ι

2184 5484 2290 5541 τοῖς
2336 5479 2495 5551 ὕδωρ
2521 5479 2587 5532 ὲκ
2621 5477 2846 5551 -τεέτρσες
2893 5475 3153 5551 ὁΑΜΑωᾳῆς
3184 5470 3687 5551 ἑξήΥᾳγξν.-ξᾼξιαξ

432 5501 610 5543 σηιον.
637 5502 718 5538 οτι
754 5501 881 5554 μιαν
911 5501 1005 5535 και
1025 5501 1124 5547 την
1145 5501 1315 5550 αυτην
1350 5501 1488 5534 ειναι
1525 5501 1776 5548 ρουΑεται
1802 5501 1904 5550 την
1940 5501 2006 5534 εκ
2106 5501 2290 5541 αυτοις
2336 5501 2477 5551 υοωρ
2521 5501 2587 5532 εκ
2640 5501 2846 5548 πετρας
2893 5501 2922 5531 ο
2950 5501 3152 5547 tuqu
3184 5501 3472 5545 ιςηγαγιν.
3524 5501 3680 5536 (usus

431 5554 767 5637 θεεπέξρειε
801 5554 972 5637 926:?-
1052 5551 1344 5637 ‘Niﬁrér
1369 5552 1460 5632 ἐαι
1507 5549 1718 5637 me"?
1746 5552 1825 5637 (ἓν
1964 5566 2002 5611 ιο
2109 5550 2280 5637 eivs"
2306 5552 2376 5637 ea
2407 5545 3242 5637 έρῄμφέωρήξξζεέλδξὲῖὶρον
3284 5545 3363 5611 δέ»
3388 5546 3447 5599 έν
3472 5538 3680 5612 Wm-

436 5615 565 5702 πέρὶ
596 5615 968 5702 Μιδῦςίβιϐλ.
1004 5620 1113 5675 uel.
1152 5615 1294 5702 5335)
1315 5615 1443 5702 ⁷.τ.ἧς
1476 5620 1625 5702 μετὰ..
1643 5615 2002 5702 τῆν’ὀρτυξο-
2111 5615 2277 5675 Ἔνθα
2306 5615 2536 5690 Μὰρίὰῇ
2565 5615 2742 5690 ἐτάφή
2779 5615 3174 5702 salsamenta.

442 5690 657 5771 μήτραν
693 5690 850 5767 μόνον
892 5690 1296 5765 μνημονεύοντα
1324 5690 1529 5758 (Nam;
1573 5690 1804 5764 εὕρομεν
1833 5708 1845 5720 ο
1896 5690 2003 5743 ὡπ-
