4050 6212
414 326 524 391 εδει
1466 331 1991 394 COMMENTARI]

2096 334 2123 396 Ἱ
2154 334 2546 396 NUMEROS.
3557 322 3660 391 854

414 436 539 489 κεία
575 434 634 489 δὲ
682 435 780 489 καὶ
822 434 1130 508 συγγενικὴ
1167 435 1304 509 πρὸς
1330 435 1394 491 τὺ
1428 437 1693 508 πείθεινή
1727 438 1987 510 προσφώ-

2096 447 2146 496 et
2179 440 2352 497 Israel
2377 440 2565 496 dictus
2585 445 2692 505 est,
2725 437 2849 492 fuit.
2877 435 3137 492 Adhibita
3158 439 3245 490 est
3270 440 3477 493 autem
3504 432 3662 486 fami-

411 543 588 583 νησις.

445 544 588 599 ησις.
2094 544 2180 586 hat
2199 544 2623 604 cognationtsqu

2095 619 2272 675 Bionis
2300 618 2623 675 elﬁcaciam.

481 723 1032 784 Commiserattonem
1088 728 1217 784 item
1244 736 1455 800 captat,
1486 729 1628 784 mala
1679 729 1914 784 antehac
1958 734 2229 789 exantlata
2272 735 2459 790 verbis
2478 732 2811 804 obiiciendo,
2864 731 3154 800 innuitque
3189 726 3434 782 divinum
3453 739 3580 797 erga
3602 739 3660 778 se

417 812 689 881 studium,
740 830 805 870 ac
870 817 1155 872 virtutem.
1182 836 1202 870 ι
1241 816 1690 873 Exclamavimus
1744 819 1888 873 enim
1919 818 1985 872 ad

2096 822 2334 883 uniuum,
2362 821 2563 890 inquit,
2611 835 2673 874 ac
2709 819 2922 873 audivit
2975 833 3095 880 nos,
3131 817 3412 881 missaque
3470 812 3660 864 nuntio

412 900 606 953 eduxit
640 915 741 957 nos
765 917 829 957 ex
865 900 1108 974 Egypto
1140 903 1207 957 ’⁸.
1253 923 1273 957 ο
1313 904 1485 970 Quale
1513 905 1647 959 illud
1679 920 1899 975 quoque
1928 913 2014 960 est
2042 906 2186 976 quod
2219 908 2446 961 verbum
2489 905 2708 961 Domini
2754 907 2889 960 citat
2920 904 3163 958 dicentis
3198 921 3211 956 :
3251 921 3268 951 ι
3304 898 3569 954 Descentli
3592 898 3657 950 ad

413 989 755 1059 eripiendum
788 1007 884 1049 eos
912 995 978 1058 ⁸⁵,
1021 1014 1040 1047 ι
1077 995 1222 1066 quod
1250 1011 1347 1065 per
1380 997 1632 1067 angelum
1665 977 1788 1052 esse
1815 996 2019 1051 factum
2053 997 2231 1053 Moses
2260 1000 2432 1053 novit.
2469 998 2574 1052 Sed
2613 999 2873 1069 quoniam
2923 997 3266 1052 exercituum
3306 991 3659 1046 transitiones

419 1074 748 1146 perniciosae
769 1089 920 1147 sunt,
947 1097 1007 1138 se
1036 1098 1136 1139 nec
1164 1099 1262 1153 per
1293 1098 1479 1153 agros,
1505 1100 1607 1141 nec
1633 1085 1816 1140 vineta
1838 1084 2216 1154 profecturum
2236 1102 2357 1142 esse
2386 1096 2730 1157 prwocupat.

499 1190 654 1245 Ἐπεὶ
680 1193 756 1264 μὴ
813 1193 956 1266 ὕδωρ
987 1192 1133 1266 εἶχον
1159 1198 1223 1251 ἐκ
1266 1197 1518 1268 φρεάτων
1565 1198 1875 1260 ἀνελλιπὲς,
1912 1197 2021 1271 Οὐ-

412 1279 679 1351 πιόμεθα,
713 1286 902 1355 φησὶν,
954 1288 1020 1340 ἐκ
1040 1286 1248 1341 λάκκου
1302 1306 1419 1353 σου,
1472 1293 1676 1361 προῖκα
1721 1289 1985 1360 δηλονότι.

415 1370 590 1425 Τοῦτο
618 1374 727 1445 γὰρ
758 1376 1063 1446 ἐπήνεγκεν
1088 1377 1335 1449 ὕστερον.

2166 1202 2232 1255 Et
2260 1201 2523 1271 quoniam
2543 1215 2738 1267 aquam
2772 1214 2880 1253 non
2914 1197 3207 1258 habebant,
3233 1210 3296 1246 ex
3343 1191 3522 1261 puteis
3553 1186 3662 1240 tuis

2094 1301 2146 1348 et
2182 1292 2412 1347 lacubus
2450 1306 2560 1346 non
2610 1290 2884 1354 bibemus,
2921 1288 3122 1356 inquit,
3157 1285 3331 1355 gratis
3386 1280 3660 1338 videlicet,

2095 1398 2221 1438 nam
2259 1383 2576 1453 hocipsum
2610 1391 2796 1451 postea
2839 1379 3151 1436 subintulit.

487 1486 689 1542 Verum
734 1490 824 1544 ille
853 1490 986 1545 nihil
1019 1493 1102 1545 eis
1129 1494 1562 1559 obsecundatur,
1592 1493 1905 1563 bellumque
1930 1496 2169 1550 minatur
2193 1513 2209 1561 ;
2239 1494 2285 1549 si
2314 1510 2446 1549 vero
2474 1496 2579 1550 illis
2608 1494 2909 1556 diffidebat,
2937 1490 3309 1563 jurejurando
3336 1503 3431 1543 eos
3466 1488 3662 1541 adacto

415 1589 558 1645 opus
575 1585 717 1631 erat.
752 1575 859 1632 Sed
881 1580 1011 1649 quid
1039 1582 1222 1635 verbis
1244 1593 1327 1638 est
1347 1598 1508 1652 opus,
1537 1597 1738 1652 pravus
1769 1592 1908 1649 erat,
1936 1596 2040 1638 nec
2057 1582 2341 1636 dissimilis
2363 1581 2630 1635 invidenti
2662 1581 2850 1652 gloriae
2868 1596 3080 1634 eorum.
3103 1578 3237 1631 Nam
3291 1592 3385 1631 seu
3434 1573 3662 1628 conscio

415 1661 591 1717 dicit:
626 1683 644 1715 ι
686 1663 766 1718 Τυ
809 1667 1086 1736 cognitum
1114 1668 1281 1724 babes
1312 1670 1554 1725 laborem
1578 1678 1633 1722 et
1685 1685 1960 1725 aerumnas
1988 1684 2112 1739 quze
2159 1684 2258 1723 nos
2294 1668 2798 1723 circumvenerunt.
2832 1686 2851 1718 ι
2882 1667 3053 1720 Porro
3085 1666 3188 1736 ipsi
3225 1666 3422 1716 iterum
3482 1661 3661 1714 dicant

417 1758 554 1804 cunt
579 1768 592 1805 :
616 1770 634 1803 ι
662 1749 768 1808 Per
790 1756 1042 1809 semitam
1073 1758 1261 1811 tritam
1300 1757 1692 1823 ascendemns,
1725 1772 1825 1811 nec
1847 1772 1944 1828 per
1981 1770 2163 1827 agros,
2192 1756 2488 1810 innuentes
2522 1756 2863 1824 viam‘qttam
2910 1753 3117 1821 regiam
3148 1758 3366 1813 vocant,
3413 1768 3430 1798 ι
3479 1747 3661 1816 publi-

418 1854 515 1895 seu
574 1841 867 1896 militarem
929 1845 1332 1915 signiﬁcantes.
1372 1864 1392 1897 ι
1424 1845 1497 1900 De
1550 1861 1690 1915 aqua
1738 1846 1868 1899 item
1909 1853 1999 1898 tua
2057 1860 2163 1897 non
2182 1842 2453 1905 bibemus,
2492 1860 2510 1891 ι
2543 1841 2741 1908 inquit,
2769 1855 2893 1896 cum
2927 1854 3067 1909 aqua
3105 1854 3167 1892 ea
3199 1852 3321 1905 qua:
3351 1835 3403 1888 iu
3436 1834 3663 1887 lacubus

416 1936 499 1981 est
523 1927 747 1997 propria
773 1930 847 1984 sit
889 1930 1281 1985 laborantium.
1304 1933 1703 2003 lmpunitatem
1733 1946 1865 1987 vero
1902 1931 2136 1987 transitu
2184 1931 2546 1994 indicaturus,
2590 1947 2606 1977 ι
2643 1926 2808 1981 Juxta
2844 1936 3082 1981 montem
3126 1922 3605 1994 pertransibitnns,
3641 1938 3658 1969 ι

414 2012 614 2083 inquit.
645 2015 913 2071 Caeterum
937 2017 1105 2073 Israel
1127 2019 1351 2074 deﬂexit
1376 2021 1444 2074 ab
1487 2034 1572 2083 eo.

485 2150 561 2205 Τὸ
616 2153 773 2221 γένος
827 2155 980 2224 τιμᾷ,
1029 2155 1234 2225 καὶμὴ
1294 2154 1628 2226 τιμώμενος.
1674 2155 1845 2208 Τοῦτο
1886 2153 1991 2225 γὰρ

2096 2159 2151 2204 et
2174 2166 2345 2221 genus
2375 2158 2459 2205 est
2506 2149 2794 2213 reveritus,
2821 2147 2890 2202 ab
2925 2162 2992 2202 eo
3046 2144 3249 2200 nullam
3300 2142 3665 2198 reverentiam

2094 532 2180 586 liae
2199 534 2663 604 cognationisque
2679 528 3029 602 compellatio
3046 528 3114 584 ad
3142 526 3407 597 majorem
3433 540 3660 594 persua-
3737 600 3757 615 Ι

414 2240 593 2296 ἐδόκει
641 2242 763 2314 Θεῷ
805 2243 942 2314 (71⁸)
977 2262 993 2278 ο
1025 2245 1147 2315 μηδ’
1176 2246 1266 2299 ὅτε
1297 2244 1545 2298 δοκοῦσιν
1578 2247 1626 2299 οί
1672 2245 1807 2316 πρὸς
1834 2244 1991 2314 γένος

413 2333 697 2403 ἀρνεῖσθαι
714 2336 814 2405 τὴν
838 2335 1020 2404 φιλίαν
1041 2337 1139 2407 τὴν
1153 2336 1262 2390 ἀπὸ
1285 2336 1380 2389 τοῦ
1409 2336 1621 2404 γένους.

2101 2248 2438 2296 consecutus
2471 2239 2621 2295 licet.
2684 2239 2780 2293 Dei
2839 2238 2983 2292 enim
3021 2236 3281 2288 voluntas
3322 2240 3427 2292 est.
3487 2246 3679 2300 genus

2105 2348 2216 2386 non
2254 2333 2528 2402 abnegare
2569 2329 2671 2384 etsi
2704 2328 2958 2398 iujuriam
2996 2324 3180 2380 iaciat.
3209 2323 3475 2389 Quoniam
3502 2322 3667 2391 igitur

414 2439 562 2479 nunc
597 2439 792 2481 omnes
816 2441 1008 2482 sumus
1032 2426 1232 2483 fratres
1256 2426 1593 2491 dilectionis,
1614 2425 2064 2495 magnanimitate
2095 2424 2420 2493 injuriarum
2451 2421 2881 2477 recordationem
2919 2417 3140 2472 vincere
3170 2414 3451 2470 debemus.

484 2550 871 2619 Hpoarsrhjro)
884 2553 1111 2619 Ἀαρὼν
1121 2550 1263 2618 πρὸς
1282 2549 1550 2603 τὸνλαόν
1568 2548 1777 2602 αὑτοῦ.
1794 2548 1921 2601 Ἀπέ
1929 2566 1992 2619 ρ-

412 2657 618 2711 χονται,
646 2641 707 2694 τὸ
735 2641 923 2704 ἀτελὲς
972 2640 1152 2694 αὐτῶν
1199 2639 1517 2708 ἐπιγνόντες
1562 2640 1610 2691 οἱ
1659 2638 1776 2705 Θεῷ
1825 2638 1991 2708 φίλοι.

412 2731 488 2783 Τὸ
513 2730 622 2803 γὰρ
656 2730 1018 2801 μεγαλαυχεῖν
1046 2728 1121 2794 ὡς
1150 2730 1239 2783 ἐπὶ
1263 2729 1599 2799 κατορθώσει
1620 2727 1829 2789 τελείας
1859 2730 1989 2799 ἀρε-

412 2821 530 2891 τῆς,
568 2821 839 2892 Ἑλλήνων
874 2824 1098 2890 σοφίας·
1126 2821 1301 2876 καίτοι
1340 2822 1475 2892 μηδέ
1506 2820 1716 2875 τελείαν
1738 2821 1771 2892 ἦ
1791 2820 1989 2876 ἄπται-

415 2927 541 2965 στον
596 2912 930 2982 ἐσχηκότων,
988 2912 1054 2983 ἢν
1105 2912 1291 2980 ἔδοξαν
1321 2912 1644 2984 κατορθοῦν.
1680 2913 1755 2966 Οὐ
1791 2912 1899 2983 γὰρ
1924 2913 1988 2966 ἐκ
2034 2960 2039 2967 ,

414 3005 632 3074 φίισεως
661 3005 725 3058 τὸ
757 3005 880 3058 κατ’
921 3004 1123 3076 ἀρετὴν
1180 3005 1450 3073 ὀφείλεται
1494 3004 1721 3069 τέλειον,
1771 3004 1893 3057 οὐδὲ
1929 3003 1991 3056 τὸ

423 3094 497 3164 μὴ
520 3094 890 3167 δυσχεραίνειν
912 3096 1002 3148 ἐπὶ
1020 3095 1251 3165 θανάτῳ.
1279 3096 1454 3164 Ὅπερ
1470 3094 1648 3147 αὐτῶν
1676 3094 1726 3147 οἱ
1753 3093 1991 3163 μαθηταὶ

404 3189 529 3249 »τοῖς
580 3185 915 3249 διδασκάλοις
966 3184 1305 3257 χαρίζονται,
1360 3185 1493 3257 μηδὲ
1552 3184 1612 3239 τὸ
1656 3184 1799 3239 κατά
1829 3184 1988 3252 φύσιν

415 3276 655 3348 πληροῦν
709 3277 1208 3348 δυναμένοις.-Θεὸς
1250 3278 1307 3331 δὲ
1350 3277 1595 3347 βούλεται
1638 3278 1732 3330 καὶ
1777 3275 1987 3341 ζῶντας

2166 2551 2464 2621 Colligatur
2487 2549 2665 2601 Aaron
2686 2544 2754 2597 ad
2769 2542 2984 2613 populos
3011 2557 3157 2596 suos.
3182 2538 3323 2612 ΠΧ,
3349 2536 3464 2610 24.]
3496 2535 3659 2589 Decc-

2101 2642 2239 2696 dunt
2255 2639 2413 2693 amici
2436 2638 2526 2692 Dei
2551 2653 2648 2691 sua
2667 2633 3079 2703 imperfectioue
3096 2632 3337 2699 cognita;
3358 2644 3480 2681 nam
3499 2626 3667 2694 glori-

2110 2732 2191 2784 ari
2219 2736 2364 2781 recte
2384 2742 2449 2780 ac
2479 2720 2777 2780 secundum
2804 2719 3028 2773 virtutis
3061 2716 3453 2787 perfectionem
3489 2712 3666 2767 facto-

2092 2834 2212 2873 rum
2231 2832 2293 2871 ex
2316 2815 2626 2869 Graecorum
2651 2810 2916 2880 sapientia
2938 2807 3396 2873 est,Gr;ecoru.n,
3416 2805 3665 2874 inquam,

2093 2909 2187 2980 qui
2227 2923 2346 2962 eam
2378 2907 2633 2960 virtutem
2666 2900 2971 2958 secundum
3008 2914 3175 2971 quam
3208 2907 3358 2952 recte
3396 2910 3560 2966 agere
3582 2911 3666 2947 vr-

2094 3002 2390 3066 debantur,
2436 3013 2545 3054 non
2603 2994 2906 3067 perfectam
2947 3001 3043 3047 aut
3099 3006 3292 3061 puram
3331 2990 3661 3044 habuerunt.

2093 3092 2211 3148 Non
2258 3094 2403 3147 enim
2438 3097 2648 3143 natura:
2690 3093 2978 3156 acceptum
3017 3083 3212 3139 referri
3243 3081 3401 3137 debet
3428 3081 3575 3150 quod
3609 3082 3669 3134 ﬁt

2094 3183 2397 3241 secundum
2439 3183 2726 3245 virtutem,
2777 3176 3238 3248 quemadmodum
3274 3189 3379 3230 nec
3430 3172 3589 3235 illud,
3620 3173 3667 3228 si

2094 3277 2221 3347 quis
2251 3274 2444 3330 mortis
2468 3283 2619 3328 metu
2646 3287 2753 3326 non
2779 3269 3067 3333 afficiatur,
3095 3266 3241 3338 quod
3271 3281 3464 3321 eorum
3498 3264 3669 3320 disci-

417 3370 510 3422 καὶ
530 3368 791 3432 ἀπιόντας
821 3370 1120 3438 ἐπιγνῶναι
1159 3368 1218 3422 τὸ
1251 3369 1460 3423 ἑαυτῶν
1482 3368 1683 3433 ἐνδεὲς,
1722 3366 1990 3422 αίτείσθαι

2096 3367 2221 3437 puli.
2258 3380 2491 3422 suorum
2528 3362 2919 3433 magistrorum
2974 3360 3164 3432 gratim
3196 3358 3495 3414 dederunt.
3529 3356 3666 3411 Cum

415 3459 472 3511 δὲ
502 3460 632 3528 παρ’
658 3459 821 3513 αὑτοῦ
854 3461 955 3530 τὴν
987 3460 1288 3514 τελείωσιν.
1324 3459 1545 3529 Ἀτελὴς
1570 3459 1681 3530 γάρ
1731 3459 1765 3528 ὴ
1828 3458 1988 3527 φύσις

419 3550 475 3598 ἐν
506 3546 585 3615 τῷ
616 3547 817 3617 πρώτῳ
850 3548 1126 3619 ἀνθρώπῳ
1160 3547 1450 3618 γενομένη,
1505 3549 1601 3602 καὶ
1652 3546 1846 3618 ἀτελὴς
1894 3546 1985 3617 ζῇ,

419 3635 514 3689 καὶ
533 3634 728 3704 ἀτελὴς
763 3636 1083 3705 καταλήγει,
1111 3637 1478 3707 προσδεομένη
1527 3636 1621 3690 τοῦ
1674 3636 1986 3692 τελειωτοῦ.

426 3727 522 3778 Ὃν
552 3725 645 3777 καὶ
667 3727 714 3777 oi
744 3726 800 3777 ἐν
826 3726 954 3796 ᾇδου
983 3726 1235 3791 ἐπόθουν,
1260 3728 1310 3779 οί
1348 3728 1443 3779 καὶ
1490 3727 1590 3798 τὴν
1630 3727 1890 3799 τελευτὴν
1933 3730 1991 3781 ἐν

419 3815 709 3883 ἐπιγνώσει
731 3816 830 3884 τῆς
872 3815 1006 3879 ἰδίας
1030 3816 1237 3877 ἐνδείας
1258 3816 1669 3884 ὑπομείναντες.
1703 3816 1823 3870 Ἐπ’
1853 3817 1995 3886 ὠφε-

418 3906 537 3977 λείᾳ
558 3905 652 3959 οὖν
677 3906 737 3959 τὸ
758 3905 991 3961 ἀκοῦσαι
1023 3907 1091 3960 δι’
1114 3909 1179 3977 ἣν
1204 3907 1386 3960 αἰτίαν
1413 3908 1512 3960 οὐκ
1535 3907 1877 3977 ἐφικνοῦνται
1897 3907 1989 3961 τοῦ

419 3997 782 4068 προκειμένου
807 3997 1036 4054 σκοποῦ.
1074 3998 1164 4063 Ὠς
1204 3999 1297 4053 καὶ
1329 3998 1541 4062 Παῦλος
1562 3999 1722 4067 ἔγνω,
1751 4016 1991 4053 καταπο-

417 4083 676 4154 νούμενος
720 4085 858 4157 ὑπὲρ
884 4084 977 4138 τοῦ
1032 4086 1108 4159 μὴ
1146 4087 1533 4157 μεγαλαυχεῖν.
1576 4086 1737 4158 Δηλοῖ
1781 4087 1838 4141 δὲ
1885 4085 1994 4140 τῶν

416 4172 601 4245 ψυχῶν
620 4176 680 4229 τὸ
696 4175 964 4230 ἀθάνατον
995 4177 1074 4242 τὸ,
1117 4197 1136 4230 ι
1170 4179 1533 4251 Προστεθήτω
1564 4179 1701 4250 πρὸς
1743 4179 1835 4234 τὸν
1866 4178 1993 4233 λαὸν

417 4263 604 4321 αὑτοῦ.
640 4286 659 4320 ι
678 4269 819 4322 Λαδν
842 4268 951 4341 γάρ
984 4264 1123 4324 εἶναι
1153 4271 1247 4323 καὶ
1281 4270 1480 4334 αὐτῶν,
1511 4269 1587 4334 ὡς
1615 4269 1725 4324 τῶν
1747 4270 1986 4336 ζώντων.

418 4357 554 4410 Κατ’
577 4358 886 4430 οἰκειότητα
906 4358 963 4412 δὲ
986 4360 1204 4431 τρόπων
1227 4360 1259 4431 ὴ
1294 4358 1567 4424 σύνταξις.
1598 4360 1711 4412 Καὶ
1739 4359 1989 4431 Λάζαρος

417 4448 527 4518 γὰρ
565 4447 622 4499 ἐν
652 4448 870 4513 κόλποις
908 4449 1187 4521 Ἀϐραάμ·
1223 4451 1251 4503 ὁ
1275 4450 1332 4504 δὲ
1355 4450 1603 4515 πλούσιος
1647 4452 1837 4522 χωρὶς,
1863 4452 1987 4505 καί-

416 4551 501 4588 τοι
540 4536 762 4608 Πατέρα
797 4538 980 4591 καλῶν
1004 4540 1095 4593 τὸν
1130 4540 1403 4612 Ἀϐραάμ.

2093 3466 2288 3512 natura
2310 3458 2428 3526 ipsa
2455 3461 2557 3510 hoc
2585 3456 2805 3526 explere
2837 3470 2944 3509 non
2973 3456 3305 3524 potuissent.
3333 3450 3496 3520 Atqui
3525 3448 3679 3503 Deus

2094 3550 2236 3611 vult,
2268 3558 2328 3603 ut
2382 3558 2497 3602 tam
2538 3548 2648 3602 vivi
2692 3562 2854 3619 quant
2910 3546 3161 3601 morituri
3207 3558 3361 3599 suam
3425 3544 3668 3613 ipset-um

2092 3643 2413 3696 tenuitatem
2437 3648 2763 3710 agnoscant,
2788 3638 2856 3692 ab
2875 3638 2993 3708 ipso
3013 3652 3142 3692 vero
3168 3634 3557 3705 perfectionem
3580 3647 3670 3701 pe-

2091 3741 2231 3785 tant.
2267 3731 2458 3785 Manca
2484 3730 2687 3784 etenim
2714 3744 2778 3782 ac
2805 3728 3130 3797 imperfecta
3159 3726 3214 3779 in
3242 3726 3419 3793 primo
3443 3723 3669 3776 homine

2096 3824 2239 3876 facta
2269 3831 2355 3875 est
2386 3831 2608 3885 natura,
2635 3819 3069 3891 imper-rectaque
3098 3818 3254 3881 vivit,
3281 3827 3333 3869 et
3362 3830 3485 3869 esse
3522 3814 3669 3867 desi-

2092 3914 2193 3972 nit,
2233 3928 2297 3966 ac
2333 3912 2457 3981 ejus
2486 3912 2582 3981 qui
2617 3910 2902 3981 perfectus
2929 3919 3013 3965 est
3034 3925 3138 3979 Ope
3162 3907 3393 3977 indiget,
3426 3920 3585 3975 quem
3610 3904 3664 3957 lti

2097 4003 2194 4073 qui
2229 4003 2374 4074 apud
2410 4002 2619 4059 inferos
2651 4002 2903 4066 fuerunt,
2936 4000 3349 4071 expetiverunt,
3378 3999 3471 4068 qui
3498 3997 3668 4051 etiam

2093 4092 2238 4147 diem
2265 4107 2427 4148 suum
2463 4091 2518 4147 in
2552 4091 2835 4163 agnitione
2878 4105 2991 4146 suae
3037 4088 3358 4159 indigentiae
3388 4087 3665 4142 obierunt.

2095 4181 2442 4252 Quapropter
2469 4182 2604 4237 utile
2638 4188 2723 4238 est
2753 4180 2946 4236 audire
2987 4196 3152 4252 quam
3180 4181 3253 4234 oh
3277 4194 3506 4235 causam
3540 4192 3669 4231 scu-

2095 4288 2222 4345 pum
2242 4272 2522 4343 praefixum
2542 4288 2648 4328 non
2662 4269 3517 4343 assequantur,quemadmodum
3532 4268 3670 4323 Pau-

2096 4365 2183 4420 lus
2206 4380 2422 4436 quoque
2439 4364 2755 4431 confitetur,
2783 4380 2908 4420 cttm
2940 4363 3149 4433 inquit,
3180 4377 3240 4418 se
3273 4363 3328 4416 in
3350 4361 3453 4415 hoc
3492 4368 3669 4414 totum

2096 4470 2221 4512 esse
2256 4465 2316 4510 ut
2357 4457 2746 4527 gloriationem
2784 4456 2869 4510 sui
2919 4461 3261 4525 compescat.
3285 4450 3405 4506 Prae
3461 4465 3520 4506 se
3564 4448 3670 4503 fert

2117 4556 2298 4603 autem
2343 4550 2650 4602 animorum
2688 4547 3153 4601 immortalitatem
3199 4546 3302 4601 hoc
3326 4545 3471 4614 quod
3504 4542 3664 4598 dixit:

424 4645 443 4678 ι
480 4626 784 4699 Colligatur
822 4630 891 4684 ad
929 4632 1188 4701 populum
1221 4647 1406 4689 suum.
1459 4650 1478 4684 ι
1526 4632 1795 4704 Populum
1848 4634 1994 4689 enim
2032 4652 2156 4693 esse
2198 4655 2263 4694 ac
2298 4655 2421 4694 eum
2452 4656 2517 4694 ex
2545 4639 2856 4694 viventibus
2895 4647 3152 4693 constare
3225 4638 3395 4708 ﬁgura
3464 4637 3670 4690 oratio-

418 4722 506 4779 nis
541 4721 838 4793 Scriptura:
863 4723 1119 4778 familiari
1154 4724 1454 4779 indicatur.
1509 4725 1647 4780 Nam
1715 4734 1769 4781 et
1822 4724 2063 4784 Lazarus
2104 4729 2158 4782 in
2185 4731 2309 4785 sinu
2343 4730 2570 4786 Abrahae
2589 4746 2713 4786 esse
2743 4728 2972 4784 dicitur.
2992 4728 3154 4785 Dives
3183 4743 3311 4784 vero
3336 4737 3491 4784 extra
3518 4743 3666 4793 eum,

418 4817 769 4886 quantumvis
797 4822 1007 4886 patrem
1042 4815 1323 4873 invocaret
1354 4817 1653 4873 Abraham.

485 4929 577 5001 Τῷ
605 4928 959 5002 πρεσϐυτέρῳ
973 4928 1067 4983 τοῦ
1086 4929 1279 4998 γένους
1318 4931 1647 5002 παρέπεμψε
1675 4932 1773 5004 τὴν
1812 4932 1989 4987 διαδο-

2166 4931 2434 4987 Caeterum
2469 4932 2675 4987 seniori
2720 4931 2942 5004 generis
2994 4934 3403 4987 successionem
3441 4931 3669 4985 commi-

417 5021 540 5092 χήν.
569 5019 910 5092 Τιμιώτερον
939 5021 1050 5092 γάρ
1080 5021 1242 5089 φύσει
1270 5021 1333 5075 τὸ
1362 5022 1753 5094 πρεσῶῦτερον,
1799 5024 1849 5078 ει
1906 5025 1982 5096 μή

415 5124 468 5160 τι
497 5107 594 5177 τὴν
623 5108 688 5160 ἐκ
712 5107 927 5176 φύσεως
956 5108 1235 5182 ἐμποδίζοι
1263 5108 1451 5180 τιμὴν,
1470 5110 1545 5174 ὡς
1563 5112 1654 5165 ἐπὶ
1679 5111 1770 5166 τοῦ
1813 5112 1982 5167 Ἡσαῦ

418 5197 630 5251 καὶτοῦ
659 5199 947 5269 Μανασσῆ.
994 5199 1111 5269 Ἐφ’
1157 5192 1232 5257 ὧν
1269 5199 1364 5253 καὶ⁸
1404 5201 1451 5253 οἱ
1483 5199 1643 5254 τύποι
1679 5202 1786 5255 τῶν
1842 5203 1985 5256 λαῶν

416 5288 628 5355 οἰκείως
689 5291 1111 5347 ὑποτυποῦνται.
1152 5292 1216 5346 Εἰ
1264 5291 1321 5346 δὲ
1345 5294 1643 5365 προαχθείη
1686 5312 1738 5349 τι
1776 5295 1864 5350 διὰ
1924 5296 1985 5348 τὸ

489 5470 533 5500 ¹⁸
559 5467 881 5536 Deut.xxvr,
914 5472 969 5538 7,
995 5471 1048 5526 8.
1128 5474 1170 5505 ¹⁸
1198 5472 1370 5528 Exod.
1404 5489 1482 5538 Ill,
1517 5474 1569 5530 8.

2098 5027 2191 5089 sit,
2217 5034 2409 5079 natura
2435 5024 2578 5078 enim
2615 5026 2991 5094 praestantius,
3018 5023 3163 5095 quod
3189 5032 3346 5080 mtate
3366 5023 3542 5093 majus
3558 5036 3667 5089 est,

2092 5117 2137 5172 si
2156 5132 2262 5171 non
2282 5113 2485 5185 aliquid
2515 5116 2817 5170 naturalem
2846 5116 3163 5185 dignitatem
3183 5116 3663 5186 impediat,quem-

2092 5205 2381 5260 admodum
2435 5218 2599 5272 super
2639 5201 2778 5258 Esau
2838 5215 2891 5260 et
2928 5207 3182 5260 Manasse
3220 5205 3509 5268 accitlit,in
3542 5207 3663 5276 qui-

2094 5298 2195 5353 bus
2246 5296 2356 5367 typi
2390 5295 2713 5365 populorqu
2747 5312 2852 5351 usu
2882 5296 3136 5353 familiari
3160 5297 3483 5354 redduntur.
3504 5296 3663 5364 Quod

1897 5606 2102 5664 NOTxE
2115 5650 2128 5663 .

496 5724 628 5793 (71')
671 5724 814 5779 Ἀντί.
855 5726 958 5779 τῶν
1000 5723 1304 5795 ὲπομ.τάδε
1340 5724 1449 5795 ἔχει
1476 5724 1617 5795 ὁτῆς
1664 5725 1798 5794 Λῦγ.
1849 5724 1977 5778 κώδ.
2017 5742 2029 5754 ·
2076 5723 2148 5794 μὴ
2174 5724 2227 5778 τὸ
2261 5725 2414 5793 γένος
2456 5727 2754 5797 ἀρνεῖσθαι,
2781 5728 2880 5781 xiv
2907 5728 3085 5796 ἀδικῇ.
