4050 6212
479 267 584 330 855
1799 267 2149 328 PROCOPII
2186 267 2430 329 GAZLEI
3610 271 3737 339 856

478 380 524 434 si
551 387 732 432 autem
763 376 895 446 quid
927 375 1258 446 productum
1306 375 1472 431 fuerit
1524 376 1648 447 ejus
1695 378 1869 447 gratia
1900 382 2034 447 quod

2154 379 2345 450 μέλλον
2369 380 2609 445 ἔσεσθαι,
2636 380 2711 444 ὡς
2739 382 2768 435 ὀ
2793 380 2993 452 κόσμος
3030 379 3137 452 πρὸ
3185 379 3476 452 ἀνθρώπου
3521 382 3619 436 καὶ
3648 383 3738 434 τὰ

481 477 665 539 postea
698 467 944 523 futurum
975 479 1115 536 erat,
1145 485 1276 523 nunt
1301 469 1653 541 praestantius
1681 482 1901 540 quoque
1930 467 2034 523 fue-

2153 468 2343 539 ἄλογα,
2371 471 2432 525 οὐ
2460 473 2831 544 προτιμότερα
2849 471 3024 527 ταῦτα
3050 471 3162 527 τῶν
3197 473 3266 526 δι’
3294 471 3332 526 α
3375 475 3587 541 γέγονε.
3612 471 3747 524 Φύ-

479 562 602 615 rit?
631 562 794 616 veluti
828 563 1067 617 mundus
1101 572 1157 618 et
1182 562 1341 617 bruta
1375 576 1499 633 quae
1535 562 1763 617 homine
1820 559 2034 617 luerunt

2152 578 2233 616 σει
2260 564 2370 636 γὰρ
2399 563 2571 618 ταῦτα
2599 565 2924 636 τιμιώτερα,
2947 567 2998 619 εί
3035 567 3130 620 καὶ
3149 565 3396 635 δεύτερα.

478 655 660 725 priora
689 654 714 709 ?
742 653 982 719 Minime,
1025 670 1136 710 non
1173 656 1320 710 enim
1354 655 1748 711 excellentiora
1795 671 1858 711 ea
1907 664 2034 710 sunt
2073 654 2142 711 iis
2171 666 2393 727 propter
2435 674 2557 729 quae
2581 667 2711 715 sunt
2740 657 2907 725 facta,
2961 658 3095 729 quin
3124 659 3520 716 venerabiliora
3584 666 3734 714 sunt

475 751 594 805 haec
632 758 830 805 natura
869 750 974 806 etsi
1012 750 1341 821 posteriora.

551 888 717 943 Porro
729 903 876 943 mors
901 887 1205 945 sacerdotis
1227 886 1389 960 415
1416 903 1522 944 non
1551 896 1636 945 est
1659 890 1917 951 obscura,
1936 884 2390 957 quemadmodum
2419 899 2517 940 nec
2559 898 2627 940 ao
2653 884 3029 941 sacerdotium
3049 887 3420 958 tnauguratio.
3439 884 3725 941 Preclara

475 977 623 1032 enim
654 984 707 1030 et
736 976 1097 1046 suspicienda
1129 991 1217 1032 res
1249 976 1618 1032 sacerdotium
1648 986 1754 1041 est,
1784 977 1840 1031 in
1863 991 1972 1046 quo
2011 971 2193 1029 omnia
2219 972 2455 1026 illustrat
2485 969 2656 1034 Deus.
2696 981 2751 1026 et
2782 972 3113 1041 principium
3140 1015 3156 1038 ,
3189 982 3243 1026 et
3271 972 3432 1027 ﬁnem
3455 1016 3471 1040 ,
3500 982 3558 1027 et
3582 987 3726 1027 suc-

475 1078 714 1118 cessum.
742 1064 881 1117 Dicit
909 1063 1053 1119 enim
1087 1081 1101 1116 :
1141 1084 1159 1116 ι
1188 1063 1358 1119 Nemo
1379 1064 1631 1120 accendit
1651 1065 1928 1119 lucernam
1960 1072 2015 1117 et
2042 1062 2110 1116 in'
2131 1059 2455 1116 abscondito
2481 1060 2655 1130 ipsam
2691 1060 2950 1123 collocat,
2982 1061 3078 1116 sed
3106 1075 3272 1130 super
3294 1061 3718 1126 candelabrum.

476 1167 585 1220 quo
614 1163 804 1205 omnes
828 1158 1099 1221 quotquot
1133 1150 1515 1221 ingrediuntur
1540 1152 1720 1205 lumen
1749 1151 1995 1220 aspicere
2019 1158 2220 1220 queant
2245 1149 2331 1202 "‘.
2357 1166 2376 1200 ι
2406 1148 2562 1217 Apud
2586 1146 2783 1202 Isaiam
2811 1148 2942 1203 item
2968 1148 3147 1218 inquit
3175 1166 3191 1203 :
3228 1166 3247 1199 ι
3282 1147 3460 1212 Super
3474 1159 3722 1202 montem

475 1239 751 1293 excelsum
782 1238 1087 1294 conscende
1115 1246 1173 1292 tu
1200 1238 1293 1309 qui
1326 1239 1475 1293 Sioni
1504 1240 1625 1295 laeta
1656 1237 1951 1294 denuntias
1984 1238 2050 1290 ¹⁶.
2094 1255 2114 1288 ι
2159 1235 2235 1290 Ita
2277 1234 2444 1290 etiam
2483 1233 2749 1289 Dominus
2782 1233 2934 1290 solus
2969 1234 3085 1303 ipse
3120 1248 3307 1289 secum
3334 1234 3468 1305 egit,
3496 1224 3734 1304 quando

475 1327 729 1398 spiritum
761 1342 789 1380 a
821 1341 1054 1396 corpore
1091 1340 1350 1397 separare
1386 1326 1656 1381 voluerat.

545 1468 713 1525 Porro
752 1483 878 1525 cum
931 1468 1293 1538 praerogativa
1352 1467 1572 1536 generis
1625 1467 1682 1522 in
1706 1467 1825 1538 lege
1853 1466 2034 1521 carnis

2207 1461 2317 1531 Τῆς
2342 1460 2399 1513 δὲ
2422 1459 2564 1513 κατὰ
2591 1460 2747 1526 γένος
2766 1459 2931 1530 τιμῆς
2962 1457 3253 1529 ίσχυοὺσης
3282 1458 3375 1511 ἐπὶ
3422 1456 3517 1511 τοῦ
3573 1474 3715 1529 σαρ-

472 1564 670 1625 valeat,
704 1560 933 1631 spiritus
976 1574 1195 1630 quoque
1229 1560 1283 1615 in
1339 1560 1613 1630 spirituali
1655 1560 1809 1614 cultu
1853 1558 2034 1626 valet;

2142 1550 2299 1604 κικοῦ
2332 1550 2519 1621 νόμου,
2551 1550 2586 1620 ἡ
2615 1553 2757 1601 κατὰ
2791 1549 3007 1631 πνειῖμα
3052 1546 3144 1599 ἐπὶ
3192 1547 3292 1615 τῆς
3335 1547 3718 1616 πνευματικῆς

475 1667 689 1708 morum
735 1651 880 1707 enim
931 1649 1237 1705 similitudo
1296 1650 1349 1704 in
1408 1665 1607 1721 genere
1640 1643 2034 1720 quodammodo

2143 1642 2450 1706 θεοσεϐείας
2483 1641 2679 1712 ίσχύει,
2712 1639 2902 1711 ὥσπερ
2924 1640 3114 1708 γένους
3143 1639 3294 1703 ὄντος
3337 1640 3437 1707 τῆς
3478 1638 3714 1707 ὁμοτροα

473 1753 577 1811 cst,
601 1747 744 1799 sicut
771 1743 891 1812 ejus
919 1742 997 1796 rei
1024 1741 1249 1813 ﬁguram
1280 1742 1421 1812 gerit
1447 1742 1579 1797 illud
1603 1741 1748 1811 quod
1764 1741 2034 1800 Abraham

2143 1733 2295 1797 πίας.
2362 1732 2449 1795 Ὦς
2488 1727 2629 1785 εἶναι
2679 1729 2870 1783 τούτου
2898 1728 3069 1782 τύπον
3118 1730 3313 1791 ἐκεῖνο,
3366 1726 3502 1781 καθὸ
3529 1726 3717 1796 πατὴρ

477 1844 633 1905 pater
660 1843 851 1891 noster
882 1833 1007 1889 ﬁdei
1033 1834 1391 1891 similitudine
1415 1834 1652 1890 exsistit.

2142 1826 2301 1899 ἡμῶν
2336 1823 2588 1896 Ἀϐραάμ
2620 1824 2863 1884 πίστεως
2912 1821 3216 1891 ὁμοιότητι.
3285 1821 3394 1874 Καὶ
3439 1818 3596 1871 τοῦτο
3637 1818 3717 1871 δι-

2141 1917 2421 1988 καιότερόν
2454 1933 2513 1970 τε
2540 1917 2634 1969 καὶ
2666 1915 3033 1986 ίσχυρότερον,
3057 1912 3133 1976 ὡς
3180 1914 3274 1966 καὶ
3296 1911 3476 1982 ψυχῆς
3507 1912 3712 1980 ὑγίεια,

2142 2007 2460 2078 σωματικῆς
2485 2007 2834 2078 τιμιώτερον.

546 2093 688 2161 Quin
727 2095 893 2150 etiam
914 2094 1051 2151 stola
1075 2093 1382 2165 spiritualis
1401 2093 1610 2149 carnali
1641 2102 1825 2160 exuta,
1844 2094 2034 2151 anima:

2210 2098 2378 2170 Στολὴ
2409 2097 2793 2168 πνευματικὴ,
2826 2099 2928 2167 τῆς
2965 2096 3285 2168 σωματικῆς
3329 2094 3711 2166 ἀφῃρημένης.

474 2187 729 2257 congruit
757 2201 789 2240 a
839 2202 1071 2258 corpore
1115 2197 1166 2242 et
1193 2187 1575 2257 corporalibus
1617 2185 1925 2244 defectibus
1956 2204 2034 2244 se-

2141 2194 2370 2265 ἁρμόξει
2399 2193 2545 2265 ψυχῇ
2574 2192 2917 2265 χωριζομένη
2942 2192 3039 2246 τοῦ
3077 2191 3346 2263 σώματος,
3371 2191 3466 2243 καὶ
3489 2190 3598 2244 τῶν
3631 2190 3720 2241 ὲν-

470 2279 695 2348 ]ιιιιιιιαδ,
753 2285 1088 2349 quapropter
1147 2278 1398 2333 terrestri
1463 2280 1702 2334 tentorio
1752 2274 2034 2335 diruto’in

2141 2284 2330 2340 τεῦθεν
2360 2285 2780 2355 ἐλαττωμάτων.
2821 2284 2913 2338 Διὸ
2960 2284 3055 2339 καὶ
3109 2284 3265 2338 ποθεῖ
3307 2282 3370 2337 τὸ
3400 2283 3717 2353 οἰκητήριον

474 2367 698 2422 cceleste
722 2367 1062 2422 domicilium
1096 2366 1283 2422 subire
1326 2381 1548 2438 quoque
1584 2366 1883 2424 desiderat.
1914 2370 2034 2425 Non

2144 2376 2612 2432 ὲπενδύσασθαιτὸ
2634 2376 2694 2443 ἐξ
2731 2376 2986 2449 οὐρανοῦ,
3020 2375 3290 2447 λυομένης
3325 2375 3424 2444 τῆς
3471 2374 3715 2441 ἐπιγείου

472 2458 694 2528 quidem
724 2465 783 2512 ut
808 2472 1045 2529 corpore
1087 2457 1348 2513 reddatur
1385 2459 1554 2525 nuda,
1590 2473 1694 2514 nec
1724 2461 1871 2514 enim
1900 2459 2034 2515 Pau-

2145 2468 2381 2537 σκηνῆς·
2417 2469 2516 2539 οὐχ
2570 2468 2708 2522 ὥστε
2748 2467 2932 2539 γυμνὴ
2956 2466 3208 2537 σώματος
3235 2465 3511 2536 γενέσθαι,
3570 2463 3718 2518 καθά

473 2552 562 2606 lus
622 2550 763 2607 idem
803 2551 995 2616 sentit,
1033 2550 1128 2607 sed
1164 2558 1223 2606 ut
1252 2551 1501 2622 corporis
1527 2565 1696 2606 onere
1731 2551 2034 2620 liberetur;

2143 2560 2221 2630 τῷ
2241 2559 2440 2632 Παύλῳ
2462 2560 2629 2625 δοκεῖ,
2670 2561 2805 2616 ἀλλὰ
2818 2560 2913 2615 τοῦ
2932 2558 3245 2633 βαροῦντος.
3287 2558 3377 2613 Διὸ
3401 2559 3495 2611 καὶ
3524 2557 3718 2611 στενά-

472 2650 693 2714 propter
722 2657 864 2699 onus
894 2642 1041 2699 enim
1067 2642 1356 2715 gemimus,
1387 2643 1565 2713 inquit
1591 2645 1656 2701 ιτ.

2146 2647 2312 2721 ζομεν
2337 2649 2417 2722 τῷ
2448 2649 2628 2722 βάρει.

541 2775 806 2832 Caeterum
837 2776 891 2830 in
922 2780 1109 2830 monte
1137 2773 1446 2828 moriuntur
1470 2772 1650 2829 Moses
1679 2784 1733 2829 et
1763 2774 1966 2838 Aaron.
2000 2790 2067 2832 ac
2094 2778 2149 2833 in
2176 2780 2357 2851 ﬁgura
2391 2796 2491 2839 ceu
2518 2784 2735 2838 animas
2759 2783 2814 2839 in
2853 2783 3026 2838 altum
3051 2782 3287 2839 subduci
3318 2781 3582 2837 indicant.
3616 2780 3717 2837 Est

471 2880 602 2920 vero
641 2865 949 2919 diﬁcrentia
1011 2864 1066 2918 in
1126 2862 1252 2928 hoc,
1305 2862 1452 2932 quod
1487 2863 1627 2917 alter
1671 2864 2049 2935 longinquius,
2113 2869 2271 2924 alter
2328 2873 2558 2941 propius
2594 2880 2754 2928 terrae
2801 2881 3001 2927 sanctae
3053 2872 3308 2927 moritur.
3335 2870 3514 2926 ﬂoses
3564 2871 3715 2924 enim

471 2954 665 3008 virtuti
697 2951 803 3006 fuit
833 2951 1052 3006 vicinus
1084 2950 1280 3020 magis.
1324 2948 1921 3019 quamvis'dillldentiae
1965 2968 2130 3022 super
2173 2968 2314 3024 aqua
2359 2958 2675 3015 commissae
2702 2960 2864 3031 culpa
2906 2959 3200 3015 amborum
3243 2974 3340 3029 par
3364 2958 3553 3014 fuerit.
3589 2955 3713 3012 Non

470 3041 621 3094 enim
653 3038 955 3094 secundum
997 3047 1229 3107 partem,
1257 3036 1352 3092 sed
1384 3033 1687 3092 secundum
1716 3042 1891 3091 totum
1914 3036 2174 3100 iudicium
2208 3042 2332 3099 ﬁeri
2379 3046 2563 3101 debet.

543 3149 818 3223 lnjudicii
878 3163 1007 3204 vero
1074 3155 1280 3203 sortem
1328 3155 1545 3218 tempus
1596 3162 1817 3217 quoque
1869 3149 2034 3213 cadit,

2211 3154 2463 3223 Κρίσεως
2486 3159 2578 3211 καὶ
2607 3160 2635 3211 ὀ
2666 3159 2879 3231 χρόνος,
2908 3160 3049 3213 κατὰ
3080 3158 3181 3229 τὴν
3226 3159 3383 3225 ἀξίαν
3429 3161 3712 3231 ἐπαγομι-

472 3246 634 3315 cujus
667 3242 881 3298 ratione
912 3254 1012 3310 pro
1044 3239 1314 3310 dignitate
1361 3238 1634 3310 cujusque
1665 3253 1812 3293 mors
1841 3246 1925 3293 est
1954 3240 2034 3293 in-

2149 3258 2239 3295 νου
2267 3242 2496 3296 θανάτου
2517 3245 2711 3319 πρώτῃ
2757 3248 2854 3318 μὲν
2883 3251 2950 3319 τῇ
2985 3248 3237 3320 Μαριὰμ,
3268 3249 3504 3321 δευτέρῳ
3546 3250 3605 3303 δὲ
3634 3250 3718 3321 τῷ

472 3344 650 3402 vecta,
688 3335 864 3407 primo
900 3331 1119 3405 quidem
1150 3329 1353 3389 Mariae.
1385 3328 1630 3384 secundo
1655 3343 1787 3384 vero
1812 3328 2034 3397 Aaroni,

2164 3331 2393 3403 Ἀαρὼν,
2419 3336 2588 3406 τρίτῳ
2614 3337 2689 3390 ⁸δὲ
2717 3338 2793 3408 τῷ
2821 3339 3063 3393 Μωῦσεῖ.
3104 3340 3321 3413 Ἐπειδὴ
3366 3343 3458 3395 καὶ
3503 3358 3717 3412 μακρο-

463 3430 635 3488 tertio
686 3429 919 3498 denique
971 3423 1167 3496 Moysi.
1223 3422 1495 3492 siquidem
1553 3421 1768 3476 dierum
1821 3437 2034 3492 quoque

2148 3423 2353 3494 ημερία
2389 3425 2578 3493 μισθὸς
2611 3428 2811 3498 ἀρετῆς
2826 3428 3004 3482 ἔκειτο
3027 3431 3165 3484 κατὰ
3184 3431 3276 3484 τὸν
3306 3433 3490 3501 νόμον.
3517 3432 3716 3504 Πρώτη
3756 3503 3762 3507 η

474 3521 757 3594 longitudo
788 3519 1071 3592 praemium
1107 3517 1335 3573 virtutis
1373 3517 1427 3570 in
1461 3515 1578 3585 lege
1605 3524 1691 3571 est
1712 3517 2034 3579 constituta.

2146 3511 2239 3564 οὖν
2279 3513 2510 3586 τελευτᾷ
2566 3517 2600 3586 ἡ
2647 3518 3030 3589 ὲπιτιμηθεῖσα
3080 3520 3280 3591 μᾶλλον
3322 3521 3408 3591 ἐφ’
3450 3514 3531 3586 οἷς
3570 3524 3719 3575 κατὰ

475 3617 656 3671 Primo
711 3615 879 3685 igitur
903 3611 1035 3668 fatis
1067 3609 1395 3681 defungitur
1428 3623 1492 3664 ea
1533 3624 1653 3678 qua:
1691 3608 1817 3679 plus
1846 3624 2034 3678 reprae-

2141 3602 2417 3665 Μωῦσέως
2442 3606 2732 3677 ἐτόλμησε.
2773 3607 2997 3662 Γυναικὶ⁵
3028 3611 3137 3679 γὰρ
3166 3611 3364 3678 μᾶλλον
3388 3612 3530 3682 ῆπερ
3553 3611 3717 3682 ἀνδρὶ

474 3711 755 3766 liensionis
777 3709 1064 3773 habuerat,
1088 3720 1154 3761 eo
1170 3702 1317 3776 quod
1345 3714 1536 3758 contra
1566 3702 1750 3757 Mosen
1781 3702 2034 3772 quiddam

2141 3694 2199 3747 τὸ
2225 3697 2433 3764 σιωπᾷν
2462 3714 2520 3750 τε
2539 3698 2634 3752 καὶ
2669 3698 2984 3772 μετριάζειν
3021 3705 3310 3774 προσήκει.
3358 3703 3628 3757 Ἐλάττων
3656 3704 3716 3757 δὲ

471 3817 603 3857 ausa
628 3800 830 3856 fuerat.
869 3797 1039 3868 Magis
1064 3797 1209 3852 enim
1234 3805 1439 3859 tacere,
1473 3809 1538 3849 ac
1564 3792 1850 3849 moderate
1880 3807 2034 3862 agere

2141 3785 2420 3858 προδήλως
2441 3787 2534 3842 τοῦ
2558 3789 2834 3854 Μωῦσέως
2862 3793 2891 3845 ὁ
2934 3791 3174 3864 ’Δαρὼν.

469 3895 729 3951 feminam
759 3906 922 3964 quam
964 3889 1141 3944 virum
1172 3890 1348 3946 decet.
1386 3887 1560 3944 Porro
1598 3885 1828 3940 inferior
1858 3886 2036 3954 palam

470 3989 617 4045 Mose
643 3989 823 4042 Aaron
854 3983 978 4049 fuit,
1038 3997 1212 4053 quare
1268 3980 1511 4036 secundo
1537 3977 1736 4033 merito
1775 3976 2033 4033 moritur.

542 4077 608 4133 Et
641 4076 842 4131 audivit
887 4072 1219 4129 Chananeus
1255 4085 1348 4124 rex
1394 4067 1566 4134 Arad,
1604 4076 1713 4122 etc.
1767 4065 2034 4138 [XXLL]

2214 4070 2325 4124 Kal
2390 4069 2658 4140 ἤκουσεν
2697 4077 2730 4128 ὀ
2778 4076 3114 4143 Χαναναῖος
3154 4078 3450 4147 ,βασιλεὺς
3504 4082 3707 4150 Ἀρὰδ.

468 4171 644 4228 Eccur
666 4185 795 4225 vero
814 4167 1049 4240 populus
1074 4166 1164 4221 ille
1185 4164 1277 4236 qui
1298 4160 1634 4234 profectione
1657 4168 1849 4214 contra
1867 4158 2034 4214 Deum

2146 4159 2269 4224 Πῶς
2294 4163 2322 4214 ὁ
2346 4164 2410 4233 τῇ
2464 4163 2606 4217 κατὰ
2633 4164 2765 4218 Θεὸν
2792 4167 3199 4239 ἐναντιούμενος
3222 4172 3415 4242 πορείᾳ
3434 4174 3530 4225 καὶ
3548 4174 3711 4226 πολε-

468 4264 683 4323 nititur.
742 4268 796 4316 et
858 4257 1157 4330 prmliatur,
1211 4267 1263 4310 et
1299 4253 1486 4324 praelio
1529 4249 2033 4316 vincit?Quoniam

2146 4254 2239 4320 μετ
2261 4253 2354 4305 καὶ
2373 4254 2538 4324 νικᾷς
2569 4254 2799 4310 Ὀτιὸιὰ
2841 4257 3019 4312 πόνων
3071 4260 3128 4312 αἱ
3173 4260 3564 4331 κατορθώσεις
3612 4267 3709 4319 καὶ

466 4354 684 4411 vexatio
732 4352 813 4420 (ut
844 4350 1026 4421 vulgo)
1078 4347 1171 4401 dat
1224 4346 1584 4409 intellectum,
1633 4352 1687 4399 et
1714 4342 2034 4398 amictiones

2142 4341 2277 4415 πρὸς
2302 4343 2433 4398 Θεὸν
2460 4345 2781 4416 ἐπιστρέφει
2801 4348 2859 4401 τὸ
2890 4350 3119 4419 πάσχειν
3141 4351 3353 4415 κακῶς.

467 4448 534 4502 ad
560 4447 729 4501 Deum
755 4447 1101 4502 convertunt,
1125 4438 1580 4508 quemadmodum
1609 4438 1711 4491 hoc
1733 4435 1877 4506 quod
1900 4445 2027 4490 vota
2064 4434 2172 4489 Deo
2198 4444 2534 4506 nuncupant,
2587 4446 2750 4507 patet.
2791 4441 3042 4510 quodque
3081 4443 3187 4497 voti
3241 4442 3376 4495 ﬁunt
3402 4453 3703 4511 compotes,

468 4534 614 4605 quod
644 4532 847 4587 factum
888 4544 954 4584 eo
990 4527 1135 4599 quod
1155 4526 1352 4594 impios
1381 4527 1554 4580 solum
1591 4525 1809 4580 vincere
1838 4523 2058 4587 vellent,
2087 4523 2408 4594 lucrumque
2436 4542 2541 4581 non
2575 4536 2874 4597 captarent.
2933 4524 3103 4584 Porr‘o
3134 4532 3453 4586 vocabulum
3494 4532 3705 4591 Ηωνεηι

468 4622 755 4676 donarium
778 4618 883 4673 hoc
915 4631 1010 4672 seu
1037 4614 1320 4672 anathema
1348 4622 1621 4683 perpetuae
1651 4613 1928 4691 memoria:
1958 4619 2267 4668 consecrat.
2298 4609 2393 4668 Est
2413 4612 2540 4668 item
2572 4614 2788 4684 signum
2826 4615 3048 4686 iustitiae
3075 4617 3268 4674 divina:
3296 4627 3459 4687 atque
3512 4632 3707 4690 puten-

471 4710 577 4773 tiae,
605 4716 659 4764 et
685 4706 902 4776 pietatis
930 4718 1116 4760 eorum
1149 4703 1241 4773 qui
1274 4700 1520 4757 fecerunt
1552 4712 1759 4755 votum.

538 4838 608 4895 Et
638 4838 856 4896 immisit
888 4834 1142 4890 Dominus
1172 4834 1224 4887 in
1246 4832 1498 4904 populum
1552 4840 1834 4901 serpentes.
1864 4830 1966 4905 [6.]
2000 4832 2118 4888 Non
2151 4833 2390 4903 amplius
2424 4834 2494 4889 ad
2534 4842 2737 4915 terram
2772 4845 3020 4892 sanctam
3064 4840 3426 4904 contendunt.
3482 4854 3699 4916 propter

468 4924 821 4984 dilﬁdentiam
849 4924 1010 4994 cujus
1042 4923 1261 4978 nomine
1280 4930 1409 4977 sunt
1437 4920 1808 4984 condemnati,
1836 4935 2026 4975 verum
2064 4935 2095 4975 a
2126 4928 2283 4990 tergo
2346 4920 2646 4975 Idumaeam
2680 4923 2960 4992 regionem
3016 4938 3326 4994 pererrant.
3383 4929 3707 4987 Dilabuntur

467 5015 613 5070 enim
640 5027 732 5070 res
760 5027 954 5068 omnes
983 5027 1106 5083 quae
1133 5012 1274 5066 citra
1300 5011 1469 5065 Deum
1524 5009 1912 5071 instituuntur.
1965 5006 2430 5079 quemadmodum
2483 5007 2591 5060 vita
2643 5021 2861 5077 quoque
2901 5008 3018 5077 ipsa
3075 5021 3299 5083 propter
3347 5014 3698 5071 diﬁidentiam

470 5101 785 5158 resolvitur.
817 5101 896 5155 Ac
919 5100 972 5153 hi
996 5100 1089 5172 qui
1116 5098 1258 5153 bona
1292 5097 1655 5168 capessebant
1686 5098 1860 5166 prius,
1894 5096 2060 5151 animi
2088 5096 2407 5151 inﬁrmitate
2437 5095 2681 5163 superati
2710 5109 2984 5153 aerumnas
3014 5098 3317 5167 perferunt.
3343 5105 3704 5167 Quemadmo-

468 5188 598 5242 dum
624 5186 797 5242 Adam
824 5200 1064 5271 quoqite,
1090 5199 1214 5238 cum
1251 5182 1569 5236 mandatum
1596 5183 1979 5252 prmt'eriisset,
2014 5197 2080 5237 ex
2115 5184 2398 5253 voluptate
2439 5183 2493 5236 in
2517 5182 2758 5238 laborem
2781 5192 2866 5239 est
2901 5187 3224 5242 translatus.
3256 5189 3418 5257 Atqui
3453 5189 3700 5259 improbe

470 5282 695 5345 agentes
716 5266 1224 5343 deprimi’necesse
1250 5277 1336 5325 est
1364 5285 1379 5334 ;
1420 5284 1546 5325 cum
1581 5269 1726 5323 enim
1760 5266 1871 5324 Deo
1893 5270 2252 5339 ogganniunt,
2296 5270 2400 5327 sibi
2429 5270 2563 5340 ipsis
2586 5271 2914 5341 supplicium
2954 5282 3270 5329 accersunt.
3306 5274 3472 5344 ldqtte
3504 5276 3551 5328 si
3583 5277 3704 5343 quis

466 5361 535 5418 ad
566 5362 650 5417 sui
672 5359 1038 5416 eruditionem
1066 5357 1293 5426 arripiat
1319 5357 1464 5413 bono
1502 5372 1628 5412 esse
1679 5366 1882 5424 potest,
1913 5367 1971 5410 ut
2002 5359 2056 5411 in
2089 5359 2271 5428 seipso
2301 5372 2522 5412 omnem
2568 5358 2810 5427 culpam.
2839 5358 3007 5430 inque
3062 5360 3173 5417 Deo
3214 5361 3421 5416 nullam
3454 5362 3705 5418 residere

471 5455 733 5521 agnoscat
760 5447 1011 5502 videlicet
1037 5461 1051 5498 :
1077 5446 1154 5499 Ac
1184 5443 1351 5500 Deum
1376 5445 1600 5515 quidem
1627 5444 1756 5499 mali
1784 5459 1897 5500 non
1921 5456 2223 5515 auctorem,
2250 5447 2348 5507 sed
2394 5446 2577 5503 omnis
2599 5447 2863 5504 bonitatis
2887 5464 3008 5506 esse
3035 5450 3265 5509 fontem.
3295 5451 3475 5523 Atque
3496 5466 3562 5507 ea
3602 5451 3711 5507 illis

531 5662 605 5695 “'
633 5660 770 5719 Luc.
804 5675 879 5727 ιι,
910 5659 999 5715 35.
1078 5660 1121 5691 ¹⁶
1145 5657 1247 5713 lsa.
1278 5674 1363 5724 ιι,
1394 5658 1446 5713 9.
1524 5659 1566 5692 "
1602 5658 1645 5715 ll
1670 5658 1859 5716 (Ζοτμν
1887 5697 1901 5724 ,
1940 5658 1995 5712 2-
