4050 6212
304 326 406 394 85Ί
1362 329 1892 392 COMMENTARII
1935 329 2016 390 IN
2053 328 2440 391 NUMEROS.
3462 331 3570 395 858

306 447 674 510 obvenerunt,
692 445 842 515 quod
869 453 993 516 post
1015 453 1097 500 tot
1127 445 1520 503 beneﬁciorum
1545 446 1923 516 experimenta
1941 442 2248 513 divinaeque
2271 441 2541 498 alimonia:
2563 441 2946 512 perceptiones
2975 447 3292 494 terrestrem
3311 443 3576 511 quaesita-

309 538 460 585 runt.
493 530 592 586 His
621 533 832 588 similes
855 542 981 588 sunt
1011 548 1206 590 omnes
1231 534 1324 603 qui
1345 531 1814 600 concupiscentiis
1846 530 2148 593 ducuntur,
2183 545 2382 600 resque
2398 545 2520 599 qua!
2550 527 2654 584 sub
2681 527 3018 582 intellectum
3045 527 3248 582 cadunt
3283 543 3454 598 nugas
3479 544 3570 584 vo-

313 627 461 680 cant,
494 632 676 686 quare‘
697 620 1030 689 supplicium
1060 635 1153 689 per
1181 629 1463 689 serpentes
1493 619 1603 673 illis
1631 619 1927 688 irrogatur.
1957 615 2052 671 Sic
2076 616 2246 670 Adam
2285 631 2508 685 quoque
2537 631 2602 668 ex
2631 615 2949 670 arctissitna
2979 613 3380 670 consuetudine
3407 629 3569 684 quam

313 719 438 758 cum
465 703 576 760 Deo
605 705 818 771 habuit,
843 715 1070 777 propter
1103 721 1332 777 parvam
1399 722 1463 760 ac
1505 705 1668 760 vilem
1707 703 2214 773 concupiscentiam
2251 703 2491 757 consilio
2532 703 2810 771 serpentis
2855 701 2908 755 in
2943 708 3174 756 mortem
3209 710 3295 756 est
3327 701 3568 760 delatus.

313 791 508 860 Itaque
535 806 752 847 morsus
787 793 1062 857 serpentis
1095 807 1245 848 mors
1280 793 1369 860 qui
1400 793 1455 846 in
1493 793 1762 846 Adamum
1795 790 1990 845 incidit
2019 791 2215 844 merito
2242 789 2526 844 diceretur
2559 789 2752 859 utique
2797 789 2892 859 qui
2942 788 3177 859 indiguit
3207 789 3572 844 conversione

315 880 505 934 multis
524 877 694 950 416
724 879 1006 935 laboribus
1035 881 1330 949 acquisita.
1369 867 1850 945 Quemadmodum
1887 877 2124 948 populus
2145 891 2368 946 quoque
2408 877 2473 931 de
2505 891 2613 946 quo
2641 877 2696 930 in
2725 877 3005 944 praesenti,
3028 877 3094 927 ad
3135 875 3372 943 legatum
3403 875 3569 930 istum

314 975 508 1020 contra
541 981 703 1032 quem
731 975 1172 1030 murmurarunt,
1206 965 1462 1022 meliores
1489 975 1615 1036 post
1645 966 1856 1020 cladem
1889 963 2042 1029 facti,
2071 963 2466 1028 advolvuntur,
2499 973 2556 1018 et
2591 962 2922 1018 medicinam
2963 971 3404 1031 consequuntur,
3429 977 3572 1017 aereo

317 1061 575 1122 serpente
604 1051 714 1108 illis
744 1063 950 1107 erecto.
985 1053 1189 1124 Figura
1223 1063 1405 1108 autem
1439 1054 1553 1107 haec
1586 1067 1768 1106 rerum
1795 1067 1918 1121 qua:
1941 1052 2008 1105 ad
2036 1066 2137 1105 nos
2168 1041 2317 1104 sunt.
2363 1049 2836 1116 Quemadmodum
2891 1051 3036 1104 enim
3079 1049 3152 1102 illi
3200 1049 3342 1102 bona
3369 1050 3572 1118 quibus

317 1155 346 1191 a
375 1139 482 1194 Deo
508 1137 686 1194 affecti
715 1150 876 1194 erant
897 1149 1249 1210 spreverunt,
1277 1155 1342 1195 ac
1381 1140 1571 1195 carnis
1601 1139 1977 1210 voluptatibus
2013 1139 2171 1207 longe
2196 1145 2320 1208 post
2353 1138 2686 1196 habuerunt,
2711 1137 2786 1188 ita
2819 1137 2982 1204 vulgo
3014 1149 3206 1188 omnes
3235 1134 3288 1188 in
3321 1134 3572 1205 opiﬁcem

319 1235 576 1280 nostrum
616 1226 965 1296 impegimus,
1001 1236 1057 1280 et
1081 1227 1184 1281 sub
1217 1241 1438 1281 morsus
1465 1225 1804 1296 serpentium
1843 1225 2214 1295 spiritualium
2267 1224 2592 1288 cecidimus,
2627 1223 2831 1277 nostris
2872 1237 2902 1274 a
2949 1220 3055 1276 Deo
3089 1222 3266 1277 relicti
3307 1223 3573 1291 concupi-

319 1311 574 1379 scentiis,
595 1327 623 1364 a
660 1313 864 1382 quibus
894 1311 1096 1367 animis
1142 1313 1414 1367 vulnerati
1440 1328 1605 1382 opera
1633 1313 1900 1381 principis
1923 1322 2240 1382 serpentum
2269 1311 2532 1365 draconis
2555 1310 2952 1380 apostatee,qui
2976 1308 3248 1362 Adamum
3274 1308 3574 1371 interemit,

319 1415 515 1454 sumus
541 1399 744 1453 necati.
783 1398 898 1453 Hoc
930 1414 1060 1454 vero
1089 1400 1288 1460 malum
1347 1401 1400 1452 in
1453 1399 1577 1467 ejus
1637 1399 1882 1455 sobolem
1936 1411 2196 1469 tanquam
2222 1415 2287 1454 ex
2329 1400 2515 1452 radice
2568 1397 2906 1452 demanavit.
2941 1394 3142 1450 Verum
3187 1395 3579 1465 conspeximus

323 1496 659 1555 serpentem,
695 1485 798 1540 hoc
829 1493 936 1548 est,
977 1485 1282 1542 Christum.
1319 1487 1606 1552 Quomodo
1631 1502 1758 1541 vero
1793 1488 1840 1540 is
1868 1488 1960 1556 qui
1986 1495 2183 1541 natura
2208 1502 2306 1541 sua
2340 1485 2490 1555 (nam
2525 1483 2666 1538 Deus
2703 1487 2834 1552 est).
2859 1484 3040 1537 bonus
3063 1499 3186 1537 cum
3223 1483 3314 1545 sit,
3349 1497 3579 1552 serpens

323 1575 430 1628 dici
461 1575 656 1643 possit.
691 1574 965 1640 Quoniam
994 1573 1176 1628 factus
1207 1582 1290 1628 est
1320 1575 1515 1628 similis
1563 1574 1766 1639 nostri,
1827 1590 1934 1628 non
1995 1582 2192 1628 natura
2231 1573 2528 1633 malorum,
2589 1571 2686 1626 sed
2715 1585 2908 1624 eorum
2950 1572 3038 1638 qui
3093 1572 3380 1624 voluntate
3423 1569 3578 1638 pravi

323 1667 676 1728 exstiterunt,
705 1673 762 1717 ut
789 1663 1006 1718 dicatur
1030 1663 1098 1716 ad
1129 1677 1261 1718 nos:
1295 1662 1354 1716 Si
1379 1662 1550 1732 igitur
1574 1677 1672 1717 vos
1697 1663 1788 1732 qui
1820 1663 1972 1731 pravi
2007 1663 2164 1727 estis,
2195 1669 2250 1715 et
2278 1675 2399 1730 quae
2426 1660 2711 1728 deinceps.
2747 1657 2988 1727 Serpens
3007 1658 3172 1727 igitur
3200 1667 3284 1712 est
3305 1665 3581 1726 quatenus

325 1755 611 1826 pravitatis
635 1754 1054 1810 similitudinem
1085 1754 1303 1817 attinet,
1335 1769 1499 1823 quam
1531 1755 1976 1820 assumpsitcum
2017 1751 2193 1806 factus
2227 1759 2380 1816 esset,
2417 1751 2601 1804 homo.
2635 1747 2836 1804 Verum
2875 1751 2920 1804 si
2959 1749 3083 1818 quis
3109 1764 3234 1803 eum
3269 1757 3450 1802 mente
3483 1763 3582 1802 sua

325 1840 751 1910 contempletur,
787 1841 855 1894 ab
887 1839 1114 1894 interitu
1149 1840 1290 1916 liber
1320 1841 1445 1894 erit.
1475 1839 1865 1909 Spectabimus
1903 1854 2032 1894 vero
2053 1838 2368 1902 Christum,
2411 1840 2456 1893 si
2491 1837 2814 1908 mysterium
2840 1835 2988 1907 quod
3020 1837 3074 1890 in
3111 1837 3230 1905 ipso
3259 1833 3584 1889 continetur

327 1936 475 1983 recte
498 1927 952 1990 intellexerimus,
988 1927 1134 1997 quod
1166 1937 1361 1980 natura
1391 1941 1518 1980 cum
1559 1933 1711 1982 esset
1759 1925 1924 1991 Deus,
1957 1927 2120 1981 homo
2159 1926 2338 1982 iactus
2363 1935 2470 1988 est,
2506 1927 2656 1978 salva
2697 1925 2946 1979 bonitate
2981 1939 3080 1980 sua
3109 1939 3276 1990 quam
3319 1922 3582 1975 habebat:

329 2030 624 2088 pravorum
657 2017 806 2068 enim
835 2015 1073 2083 sumpsit
1105 2015 1376 2080 habitum,
1409 2029 1518 2068 non
1578 2023 1638 2068 ut
1689 2014 1808 2083 ipse
1845 2029 2047 2084 pravus
2076 2011 2252 2078 ﬁeret,
2297 2013 2392 2068 sed
2421 2021 2478 2066 ut
2513 2029 2614 2067 uos
2647 2013 2822 2066 bonos
2840 2011 3103 2066 efﬁceret.
3139 2013 3217 2064 Ac
3247 2010 3420 2079 ipsius
3449 2023 3588 2064 sane

328 2106 547 2170 signum
575 2118 806 2172 serpens
839 2103 966 2157 l'uit.
1001 2101 1291 2157 Exaltatus
1317 2109 1402 2156 est
1431 2103 1576 2157 enim
1613 2101 1870 2155 Christus
1904 2115 2071 2170 super
2090 2115 2276 2166 cruce,
2303 2099 2764 2169 quemadmodum
2789 2097 3281 2188 Judaeis\pra:dixit
3301 2114 3313 2149 :
3337 2115 3354 2146 ι
3385 2096 3590 2161 Quent-

330 2190 623 2244 admodum
649 2189 794 2245 enim
821 2187 1002 2246 Moses
1040 2189 1303 2244 exaltavit
1339 2195 1652 2257 serpentem
1707 2187 1760 2240 in
1813 2187 2057 2253 deserto,
2093 2189 2167 2241 ita
2201 2189 2429 2242 exaltari
2472 2195 2692 2256 oportet
2724 2185 2922 2239 Filium
2962 2185 3226 2248 heminis,
3251 2191 3304 2236 et
3343 2191 3456 2236 tum
3489 2197 3588 2236 co-

331 2277 610 2346 gnoscetis
634 2275 780 2346 quod
801 2291 902 2348 ego
927 2291 1048 2332 sum
1077 2275 1141 2330 η.
1183 2295 1202 2327 ι
1244 2275 1518 2330 Caeterum
1548 2289 1776 2343 serpens
1800 2288 1984 2329 aeneus
2004 2273 2128 2340 fuit,
2163 2285 2390 2344 propter
2413 2273 2824 2344 pradicationis
2848 2271 3180 2341 evangelica:
3213 2269 3589 2322 vocalitatem.

331 2366 493 2435 Atqui
530 2379 678 2420 mors
705 2381 827 2434 quae
857 2379 924 2420 ex
951 2364 1230 2418 morsibus
1261 2363 1476 2416 redibat
1537 2370 1766 2414 curatur
1812 2370 2050 2426 tantum,
2101 2364 2344 2432 ipsaeque
2382 2361 2572 2414 bestia:
2617 2373 2728 2413 non
2776 2359 3050 2422 delentur,
3101 2372 3198 2428 per
3227 2357 3434 2411 bestias
3463 2369 3592 2408 vero

332 2455 820 2526 concupiscentias
855 2454 1001 2508 dico.
1022 2441 1382 2509 Peccatorum
1415 2451 1560 2505 enim
1577 2450 1672 2519 qui
1702 2461 1922 2504 crucem
1947 2450 2251 2516 intuentur,
2283 2463 2430 2505 mors
2450 2447 2810 2519 quantumvis
2843 2461 3009 2517 prava
3044 2445 3248 2499 nullam
3271 2445 3378 2497 vim
3401 2443 3592 2496 habet.

245 2617 248 2620 ι
329 2547 528 2604 Carnis
577 2561 708 2602 vero
761 2545 1222 2615 concupiscentia
1279 2558 1403 2613 quae
1463 2541 1684 2610 spiritui
1729 2540 2058 2594 adversatur
2116 2538 2338 2607 penitus
2394 2551 2501 2589 non
2551 2541 2637 2589 est
2695 2532 2874 2588 deleta
2923 2541 2978 2586 et
3041 2532 3336 2587 exstincta.
3365 2529 3426 2584 In
3459 2529 3592 2583 ﬁde-

336 2635 478 2694 libus
507 2636 716 2696 etenim
771 2649 991 2690 morsus
1045 2633 1512 2702 concupiscentia:
1561 2645 1684 2686 sese
1719 2639 1938 2684 movent
1972 2625 2196 2695 saepius,
2231 2623 2326 2680 sed
2357 2621 2580 2694 quando
2611 2619 2872 2675 cruciﬁxi
2919 2619 3286 2674 recordantur
3317 2631 3594 2672 venenum

335 2726 580 2782 diluunt.

415 2813 544 2865 Ὅτε
565 2811 872 2882 ἐγόγγυσαν
889 2809 1202 2880 ἀπάραντες
1225 2806 1284 2874 ἐξ
1307 2809 1407 2880 Ὢρ
1425 2807 1520 2860 τοῦ
1554 2807 1714 2878 ὅρους
1765 2820 1918 2873 περι·
1945 2855 1949 2864 ,

2090 2802 2260 2858 Porro
2301 2801 2656 2856 manifestum
2684 2805 2770 2854 est
2817 2807 3014 2866 quater
3037 2813 3132 2866 per
3174 2803 3434 2852 cunctum
3494 2795 3598 2849 iter

341 2904 721 2966 κυκλώσαντες
745 2904 848 2972 τὴν
869 2903 974 2972 γῆν
1007 2900 1184 2971 Ἐδὼμ
1209 2901 1265 2954 ὲν
1285 2899 1363 2970 τῷ
1394 2898 1501 2970 πρὸ
1525 2895 1714 2951 τούτου
1747 2911 1920 2962 κεφα-

2056 2911 2190 2965 uper
2217 2910 2359 2965 aqua
2393 2903 2924 2948 commurmurasse.
2950 2889 3089 2944 Olim
3151 2903 3276 2942 cum
3315 2888 3598 2942 venissent

341 2997 478 3067 λαίῳ
501 2995 634 3067 (72).
677 2996 762 3058 Ὠς
783 2993 1040 3066 τετράκις
1073 2992 1185 3062 (73)
1213 2991 1497 3059 φαίνονται
1547 2985 1920 3057 γογγύσαντες

2056 3001 2079 3037 il
2115 2983 2371 3048 Merram,
2399 2980 2858 3051 quemadmodum
2891 2988 2974 3034 est
3003 2979 3059 3032 in
3087 2977 3299 3032 Exodo.
3347 2976 3601 3030 Secundo

344 3089 430 3158 ἐφ’
457 3087 607 3142 ὕδατι
637 3088 693 3140 ὲν
715 3085 862 3157 πάσῃ
895 3088 962 3156 τῇ
993 3084 1128 3154 ὀδῷσ
1158 3081 1327 3147 ἅπαξ,
1351 3082 1431 3142 είς
1457 3078 1702 3150 Μερῥὰν,
1737 3077 1812 3139 ὡς
1863 3075 1921 3130 ὲν

2056 3091 2078 3129 [ι
2111 3073 2426 3144 Raphidim,
2461 3074 2606 3128 sicut
2667 3073 2782 3127 illic
2837 3074 3034 3126 iterum
3083 3079 3287 3127 exstat.
3323 3068 3514 3124 Tertio
3545 3069 3602 3121 in

343 3181 421 3250 τῷ
473 3177 705 3248 εἰκοστῷ
755 3177 968 3248 ἑϐδόμῳ
1028 3174 1312 3245 κεφαλαίῳ
1359 3173 1458 3242 τῆς
1503 3169 1718 3236 Ἐξάδου
1759 3168 1870 3238 (74)
1903 3181 1916 3196 ⁶

2056 3175 2246 3223 .eserto
2303 3166 2398 3221 Sin
2449 3165 2654 3228 Cades,
2701 3175 2761 3219 ut
2803 3165 2858 3218 in
2903 3164 3181 3218 Numeris.
3199 3161 3354 3228 Quod
3377 3160 3600 3231 quidem

343 3272 615 3342 δεύτερον,
646 3259 708 3322 ἐν’
737 3269 1001 3338 Ῥαφιδὶν,
1034 3268 1110 3330 ὡς
1169 3268 1228 3319 ὲν
1271 3263 1350 3335 τῷ
1399 3259 1708 3331 τριακοστῷ
1743 3257 1924 3311 δευτέ-

351 3380 428 3434 ρῳ
467 3363 580 3432 (75)
617 3377 630 3393 ·
675 3361 879 3431 τρίτον,
913 3363 970 3413 ὲν
1006 3361 1072 3430 τῇ
1119 3359 1315 3427 ἐρήμῳ
1355 3358 1414 3408 ὲν
1445 3354 1650 3424 Κὰδης,
1672 3351 1746 3413 ὡς
1768 3352 1824 3401 ὲν
1845 3347 1924 3418 τῷ

2031 3273 2172 3330 aqua
2199 3267 2284 3314 est
2309 3257 2856 3313 obmurmuratiouis.
2895 3256 3104 3322 Quarto
3148 3269 3312 3324 super
3351 3252 3604 3323 praesenti

2031 3358 2218 3420 puteo.

350 3433 658 3522 τριακοστῷ
686 3451 920 3521 δευτέρῳ
938 3449 1047 3504 τῶν
1086 3447 1358 3520 ’Δριθμῶν
1383 3445 1497 3516 (76)
1523 3461 1537 3476 ·
1587 3445 1726 3512 ὅπερ
1779 3440 1926 3495 ἐστὶν
1963 3437 2108 3511 ὕδωρ
2133 3439 2446 3508 ἀντιλογίας
2473 3456 2487 3470 ο
2536 3439 2794 3512 τέταρτον
2833 3439 2928 3494 ἐπὶ
2979 3438 3074 3494 τοῦ
3117 3439 3380 3506 παρόντος
3437 3433 3606 3506 φρέα-

351 3563 462 3609 τος.

423 3636 580 3701 Quod
611 3635 830 3704 quidem
864 3631 1086 3686 crimini
1119 3631 1230 3685 illis
1257 3629 1488 3698 objicit:
1529 3648 1546 3681 ι
1581 3631 1658 3683 Ac
1693 3636 1977 3682 moventes
2032 3625 2162 3680 inde
2196 3621 2582 3678 castrametati
2635 3629 2766 3676 sunt
2814 3621 2868 3674 in
2898 3619 3101 3675 Oboth.
3142 3639 3160 3672 ι
3209 3618 3303 3672 His
3328 3617 3612 3687 subjungit

357 3723 753 3793 profectionem
781 3735 944 3790 quam
976 3718 1228 3773 fecerunt
1251 3719 1306 3771 in
1339 3727 1542 3771 terram
1577 3731 1752 3784 usque
1813 3715 2286 3769 Amorrhmorum.
2321 3709 2492 3778 Cujus
2535 3709 2835 3762 terminum
2869 3723 2994 3763 esse
3021 3707 3156 3761 dicit
3195 3709 3473 3759 Arnouem
3515 3705 3612 3773 qui

357 3825 477 3866 eam
514 3823 543 3862 a
579 3806 874 3863 Moabitide
932 3804 1248 3873 distinguit.
1313 3802 1461 3857 Nihil
1517 3803 1662 3856 enim
1697 3817 1890 3856 eorum
1916 3817 2040 3871 quae
2072 3798 2340 3852 divinitus
2381 3795 2515 3849 ﬁunt
2561 3803 2769 3849 temere
2799 3795 3124 3849 narratione
3153 3809 3310 3847 sacra
3340 3793 3612 3861 proditur.

360 3898 633 3952 Divinitus
658 3909 790 3950 vero
821 3895 924 3950 ista
959 3889 1232 3963 proiectio
1282 3899 1424 3949 erat.
1477 3904 1585 3944 non
1637 3890 1818 3943 minus
1846 3901 2011 3957 quam
2071 3884 2450 3953 apostolorqu
2483 3882 2691 3950 quibus
2739 3881 3066 3934 monstravit
3100 3879 3340 3950 Spiritus
3373 3892 3610 3947 quanam

357 3985 594 4042 eundum
623 3991 794 4046 esset,
823 3981 992 4050 etqui
1024 3977 1334 4034 erudiendi.
1375 3973 1560 4030 luuuit
1627 3985 1812 4029 autem
1849 3971 2276 4040 descriptionem
2325 3968 2597 4022 bellorum
2651 3969 2707 4022 in
2741 3967 2935 4022 Bibliis
3003 3975 3119 4020 tum
3180 3967 3446 4034 temporis
3493 3979 3618 4020 esse

361 4055 584 4139 factam,
614 4070 805 4124 dicens
834 4087 846 4123 :
875 4085 891 4118 ι
925 4067 1222 4135 Pmpterea
1254 4065 1428 4118 fertur
1463 4065 1518 4116 in
1551 4062 1694 4116 libro
1729 4061 1994 4115 bellorum
2029 4057 2266 4112 Domini.
2296 4074 2316 4106 ι
2349 4054 2622 4108 Caeterum
2659 4053 2876 4107 Domini
2911 4055 3045 4107 bella
3069 4052 3350 4118 dicuntur,
3371 4069 3467 4122 per
3496 4067 3619 4120 qua:

358 4167 553 4230 gentes
588 4155 770 4226 impiae
795 4152 1221 4216 exscinduntur,
1242 4151 1504 4220 quoniam
1529 4148 1702 4202 divini
1741 4147 1792 4202 id
1823 4155 1910 4202 est
1950 4144 2168 4215 judicii.
2203 4141 2305 4208 Qui
2339 4141 2814 4230 adAbrahamum
2859 4141 3000 4195 dixit
3036 4141 3102 4206 ⁸⁸,
3130 4141 3374 4198 nonduin
3405 4141 3620 4212 expleta

361 4228 486 4302 esse
517 4251 743 4316 pet-cata
781 4241 1258 4303 Amorrhaeorum,
1299 4251 1356 4292 ut
1392 4238 1443 4291 in
1481 4251 1672 4292 eorum
1706 4235 1867 4291 sedes
1901 4233 2154 4290 lsraelem
2199 4229 2380 4300 possit
2414 4228 2730 4284 instituere.

431 4314 760 4403 Συῷάγαγε,
795 4333 948 4401 φησὶ,
983 4329 1091 4384 τὸν
1137 4329 1312 4394 λαὸν,
1356 4327 1452 4381 καὶ
1513 4327 1687 4380 δώσω
1734 4325 1937 4392 αὐτοῖς

2109 4318 2307 4386 Collige
2323 4332 2462 4379 vero,
2491 4317 2690 4385 inquit,
2715 4314 2987 4382 populum,
3009 4325 3056 4368 et
3087 4315 3224 4368 dabo
3240 4315 3314 4368 eis
3338 4331 3532 4386 aquam
3551 4315 3622 4368 ad

364 4430 520 4495 ὕδωρ
557 4426 737 4480 πιεῖν.
795 4423 1056 4478 Βούλεται
1111 4421 1219 4492 γὰρ
1267 4420 1399 4483 Θεὸς
1449 4419 1546 4482 τὰς
1600 4417 1942 4486 θαυμασίους

364 4518 646 4590 ἐνεργείας
668 4517 834 4571 αὐτοῦ
864 4513 1300 4588 μνημονεύεσθαι
1328 4527 1342 4542 ’
1380 4511 1456 4574 ὡς
1491 4509 1817 4579 ὡφελεῖσθαι
1867 4508 1944 4579 μὴ

371 4613 530 4684 μόνον
553 4611 677 4672 τοὺς
711 4607 983 4680 παρόντας
1010 4610 1076 4678 τῇ
1097 4606 1218 4677 θέᾳ,
1250 4605 1384 4658 ἀλλὰ
1413 4605 1506 4658 καὶ
1537 4605 1663 4666 τοὺς
1717 4603 1944 4672 ὕστερον

367 4705 527 4773 ἀκοῇ.
581 4701 668 4764 Ὠς
698 4701 793 4752 xui.
831 4698 1107 4768 Ἰωάννης,
1139 4715 1158 4747 ι
1188 4697 1396 4758 Ταῦτα,
1426 4696 1581 4765 φησὶ,
1605 4695 1938 4765 γέγραπται,

371 4795 460 4848 ἵνα
514 4791 864 4860 πιστεύσητε,
919 4790 1000 4841 ὅτι
1059 4787 1264 4857 Ἰησοῦς
1287 4790 1434 4840 ἐστιν
1463 4786 1490 4838 ὁ
1519 4783 1774 4854 Χριστός.
1811 4803 1828 4833 ι
1867 4781 1941 4835 Οὐ

369 4885 479 4955 γὰρ
507 4883 668 4952 κενῆς
695 4880 936 4950 ἱστορίας
959 4879 1180 4947 μνήμην
1213 4879 1240 4930 ὁ
1263 4877 1416 4940 Θεὸς,
1442 4875 1578 4928 ἀλλὰ
1608 4875 1705 4942 τὴν
1755 4872 1815 4937 ἐξ
1841 4872 1941 4924 αὐ-

370 4978 468 5047 τῆς
493 4975 761 5044 ὠφέλειαν
781 4971 1082 5042 χαρίζεται.
1129 4968 1221 5022 Διὸ
1263 4969 1356 5022 καὶ
1388 4967 1614 5037 μάταιον
1649 4965 1711 5016 τὸ
1741 4965 1944 5034 σημεῖα

373 5069 553 5140 ζητεῖν
583 5067 690 5128 ἀεὶ,
725 5064 820 5118 καὶ
854 5062 1000 5132 παρὰ
1031 5061 1257 5131 γνώμην
1289 5059 1446 5112 τοῦτο
1480 5055 1638 5110 Θεοῦ.
1691 5057 1786 5118 Ὃς
1815 5053 1942 5123 βού-

2050 4410 2328 4464 bibendum
2352 4408 2519 4481 LXXI,
2549 4406 2661 4478 16.]
2692 4406 2818 4461 Vult
2848 4409 2993 4462 enim
3023 4406 3164 4462 Deus
3203 4407 3624 4477 mirilicaipsius

2050 4503 2314 4558 beneﬁcia
2349 4501 2644 4565 celebrari,
2683 4509 2742 4555 ut
2773 4485 2896 4553 non
2943 4509 3152 4553 tantum
3211 4509 3509 4569 praesentes
3539 4501 3624 4555 sui

2049 4595 2512 4664 contemplatione
2554 4594 2768 4662 juveut,
2811 4593 2908 4646 sed
2963 4601 3015 4646 et
3049 4602 3302 4662 posteros
3345 4593 3627 4648 auditione

2051 4701 2113 4740 ac
2147 4685 2314 4739 fatua.
2368 4685 2843 4750 Quemadmodum
2875 4683 3116 4739 Joannes
3154 4701 3168 4736 :
3208 4704 3224 4735 ι
3267 4684 3390 4738 ΗίΒο
3425 4689 3627 4754 scripta

2048 4787 2197 4840 sunt,
2221 4777 2419 4846 inquit,
2442 4785 2498 4829 ut
2518 4777 2776 4831 credatur
2801 4775 2945 4844 quod
2973 4773 3132 4829 .Iesus
3151 4775 3222 4828 sit
3241 4773 3496 4827 Christus
3524 4774 3622 4826 ⁸ο.»

2047 4868 2166 4922 Νοιι
2193 4870 2340 4923 enim
2379 4869 2562 4922 inanis
2592 4867 2930 4923 narrationis
2963 4869 3320 4932 mentionem,
3349 4865 3443 4920 sed
3481 4867 3628 4920 utili-

2049 4973 2215 5020 tatem
2247 4979 2310 5018 ex
2355 4978 2418 5018 ea
2479 4965 2738 5017 haustam
2783 4961 2927 5017 Deus
2984 4972 3322 5018 remunerat.
3358 4963 3632 5030 Quocirca

2056 5055 2212 5125 signa
2253 5068 2468 5124 semper
2510 5069 2760 5124 quaerere
2819 5070 3018 5110 vanum
3077 5063 3186 5122 est,
3217 5071 3281 5110 ac
3319 5057 3484 5110 menti
3541 5053 3634 5110 Dei

448 5248 490 5280 “‘
518 5245 678 5302 Joau.
713 5263 796 5308 Ill,
835 5246 920 5300 14.
1001 5247 1042 5278 ¹⁹
1074 5241 1210 5298 Gen.
1267 5259 1356 5308 xv,
1395 5242 1486 5296 16.
1564 5241 1608 5271 ²⁰
1637 5239 1802 5294 Joan.
1841 5253 1932 5303 xx,
1963 5237 2055 5291 5i.

1893 5356 2126 5412 ΝΟΤᾸΕ.

451 5459 564 5530 (72)
600 5457 788 5531 Ἀλλη,
817 5457 892 5518 ὡς
917 5457 1081 5522 ἔοικε,
1113 5456 1232 5511 κατ’
1257 5455 1418 5509 αὑτὸν
1439 5453 1604 5526 ἡτῶν
1634 5449 1949 5522 κεφαλαίων

378 5531 659 5598 διαίρεσις.

447 5601 561 5725 (Ἱὸζ
581 5601 848 5690 Τέτράκξς
993 5598 1053 5686 ’ρ
1087 5597 1188 5682 τῇς
1385 5593 1515 5682 κιῦδ.
1585 5664 1595 5676 Ι
1719 5663 1730 5676 ⁹

451 5671 540 5725 (74
635 5673 704 5724 Iw
751 5688 826 5725 τω
877 5671 960 5725 io.
1054 5671 1094 5720 0
1124 5669 1182 5719 οὲ
1235 5684 1329 5725 τη,
1368 5669 1500 5725 Any.
1531 5663 1660 5718 κωδ.
1703 5681 1730 5715 u

394 5663 561 5792 Tir}?
619 5663 704 5724 Ἦν
751 5669 826 5741 τῷ
877 5671 960 5725 15.
1037 5668 1094 5720 '0
1124 5663 1182 5719 δὲ
1235 5667 1332 5737 τῆς
1368 5668 1500 5734 Λύγ.
1531 5663 1660 5718 κώδ.
1703 5663 1776 5725 ὡς
1805 5663 1861 5716 ὲν
1890 5663 1956 5730 τῇ

429 5759 510 5806 ,ςι
543 5760 605 5806 ῳ.

2121 5449 2244 5536 L75)
2312 5450 2398 5501 Ἐν
2433 5447 2512 5516 τῷ
2558 5447 2643 5500 i7.
2699 5447 2759 5502 '0
2809 5449 2866 5502 δὲ
2911 5451 3007 5522 τῆς
3049 5449 3185 5520 Αὑγ.
3240 5445 3368 5498 κὼδ.
3406 5445 3478 5511 ὠς
3522 5445 3640 5500 sate?

2285 5589 2372 5643 Ἑν
2393 5589 2580 5664 1:312!)-
2629 5588 2688 5645 ὐ
2721 5591 2774 5645 δὲ
2806 5593 2900 5664 τῆς
2945 5593 3078 5660 Αὐγ.
3121 5591 3247 5646 κὼδ.
3289 5590 3365 5652 ὡς
3397 5589 3452 5640 ἑν
3491 5585 3644 5656 Ἀρι·

2065 5661 2093 5714 0
2103 5666 2216 5735 μοῖς
2229 5701 2242 5715 .
