4050 6212
450 264 561 330 859

1769 279 2113 340 PBOCOPII
2171 282 2414 343 GAZ/EI

3606 283 3715 346 8&0

460 377 773 443 adversum,
803 375 899 447 qui
930 392 1113 433 rerum
1136 376 1303 437 semel
1320 387 1599 453 gestarum
1630 387 1898 442 memoria
1928 402 2030 443 nos

2136 390 2284 445 λεται
2342 394 2411 462 τῇ
2470 391 2661 464 μνήμῃ
2697 389 2806 444 τῶν
2836 390 2917 453 εἰς
2964 389 3113 455 ἀπαξ
3140 390 3448 459 γεγονότων
3478 389 3715 458 ὠφελεῖ-

451 469 633 539 juvari
663 470 799 524 vult.

2131 481 2274 536 σθαι.

533 579 765 647 Quidam
799 597 932 639 vero
958 586 1025 640 ad
1057 584 1431 657 derbgandum
1483 588 1649 644 rebus
1697 589 1870 644 semel
1922 589 2096 660 gestis
2137 590 2275 649 alias
2321 607 2541 665 semper
2567 594 2880 665 requirunt.
2930 592 3088 651 Unde
3141 595 3275 651 illud
3308 606 3394 652 est
3432 613 3445 649 :
3480 616 3499 650 ι
3531 596 3711 654 Prava

455 669 743 738 progenies
777 670 994 740 signum
1056 674 1307 744 requirit,
1349 673 1444 729 sed
1469 675 1688 744 signum
1715 690 1823 729 non
1848 674 2072 732 dabitur
2100 681 2148 735 ei
2182 683 2250 739 “.
2294 702 2311 734 ι

523 778 809 836 Cautionis
836 796 966 836 vero
996 797 1118 851 quae
1175 797 1340 851 super
1388 798 1529 853 aqua
1572 783 1717 838 edita
1770 794 1873 850 est,
1904 800 2030 841 cum

456 871 747 926 meminit:
788 887 1013 928 serenas
1075 873 1283 944 gratias
1383 889 1483 945 pro
1553 875 1833 930 beneﬁciis
1888 876 2033 932 refe-

461 965 661 1018 rendas
681 978 804 1019 esse
825 964 1053 1018 indicat.
1083 965 1367 1020 Canticum
1395 981 1522 1021 vero
1546 966 1719 1021 istud:
1742 985 1760 1020 ι
1789 965 2036 1026 Ascende

455 1063 510 1109 et
537 1052 693 1120 Beer,
724 1073 742 1105 ι
779 1064 833 1111 et
859 1071 978 1125 quae
1008 1054 1290 1127 deinceps.

526 1184 750 1239 Arduus
776 1183 919 1238 enim
956 1183 1112 1239 labor
1163 1190 1352 1251 puteos
1411 1186 1596 1242 fodere
1624 1195 1731 1253 est,
1770 1187 1865 1243 Dei
1894 1202 2026 1243 vero

456 1277 709 1333 voluntas
742 1292 866 1332 cum
897 1277 1109 1332 accedit
1143 1278 1315 1333 levior
1370 1278 1655 1334 laboribus
1706 1278 2028 1349 lapicidina-

455 1369 554 1423 riis
610 1367 709 1424 ﬁt-
747 1369 1041 1424 Fossarum
1121 1370 1518 1425 circumductio
1586 1386 1705 1440 quae
1769 1370 1932 1441 417
1997 1384 2028 1423 a

454 1466 660 1518 sanctis
720 1478 844 1517 cum
896 1447 1143 1518 baculis.
1171 1462 1249 1527 iit,
1285 1478 1349 1517 ea
1379 1473 1484 1529 est,
1516 1478 1639 1534 qua:
1674 1476 1838 1518 omne
1884 1476 2024 1534 opus

452 1552 682 1622 perlicit.

524 1644 628 1697 Pro
655 1658 721 1698 eo
751 1657 880 1697 vero
914 1644 1060 1713 quod
1093 1643 1297 1699 dicitur
1333 1664 1351 1696 ι
1387 1645 1441 1699 in
1480 1659 1648 1714 regno
1694 1645 1963 1715 ipsorum,
1998 1664 2017 1698 ι

2206 789 2486 861 ’ᾼσματος
2518 789 2865 864 μεμνημένος
2892 790 2988 845 τοῦ
3009 790 3104 844 ἐπὶ
3124 754 3228 846 τοῦ
3265 791 3480 860 ὕδατος,
3500 794 3713 850 δείκνυ-

2132 895 2238 945 σιν,
2278 882 2361 934 ὂτι
2385 880 2466 933 δεῖ
2491 881 2725 953 φαιδρᾶς
2772 881 3122 955 εὐχαριστίας
3148 883 3244 938 ἐπὶ
3304 886 3426 950 ταῖς
3484 886 3711 958 εὐεργε-

2135 970 2279 1034 σίαις
2310 970 2629 1039 ἀνάγεσθαι.

2210 1189 2385 1253 Πολὺς
2418 1192 2516 1259 μέν
2542 1193 2570 1245 ὁ
2596 1191 2757 1257 πόνος
2779 1194 2874 1247 ἐπι
2912 1196 3034 1257 ταῖς
3069 1194 3459 1267 φρεωρυχίαις,
3494 1194 3627 1250 Θεοῦ
3647 1197 3709 1251 δὲ

2136 1280 2386 1351 βουλήσει
2425 1282 2520 1335 καὶ
2556 1283 2824 1354 λατομίας
2858 1284 3117 1338 ἐπιπόνου
3168 1282 3282 1356 (77)
3338 1282 3709 1357 δυνατώτερον

2135 1372 2498 1444 περιχάραξις
2530 1376 2587 1427 ὲν
2611 1374 2937 1445 βακτηρίαις
2976 1376 3081 1428 ύπδ
3128 1375 3237 1429 τῶν
3276 1375 3449 1444 ἁγίων
3489 1376 3713 1444 γινομέ-

2142 1480 2207 1535 νη
2234 1463 2366 1535 (78),
2403 1464 2667 1537 λατομίας
2687 1467 2783 1520 καὶ
2807 1466 3044 1539 ὀρύξεως
3076 1466 3305 1538 δύναμιν
3329 1464 3708 1538 ἐκπληροῦσα.

2215 1642 2365 1696 Ἀντὶ
2420 1641 2539 1709 τοῦ,
2603 1662 2621 1695 ι
2678 1644 2765 1696 Ἐν
2812 1646 2876 1715 τῇ
2921 1642 3170 1718 βασιλείᾳ
3203 1642 3383 1697 αὐτῶν
3411 1683 3425 1709 ,
3466 1661 3485 1694 ι
3538 1642 3568 1696 δ
3609 1641 3715 1713 μὲν

453 1732 678 1801 Aquilas
728 1733 827 1797 ait,
878 1708 1087 1787 bucula.
1152 1733 1501 1791 Theodotion
1544 1708 1815 1801 verm-In
1866 1708 2028 1807 virgis

2143 1736 2375 1800 Ἀκύλας
2406 1737 2594 1807 φησὶν,
2619 1736 2724 1790 Ἐν
2760 1735 2836 1804 τῇ
2851 1708 3185 1805 βακτηρία·
3213 1737 3242 1788 ὁ
3286 1734 3344 1787 δὲ
3392 1708 3711 1798 Θεοδοτίων,

450 1840 653 1879 eorum.

522 1913 602 1967 Ab
626 1913 839 1969 Δίηοηε
887 1915 956 1969 ad
1005 1914 1173 1969 Iacob
1231 1933 1394 1987 usque
1425 1927 1474 1972 et
1503 1918 1572 1971 ad
1601 1919 1747 1988 ﬁlios
1780 1918 2026 1974 Ammon.

455 2004 596 2079 [24.]
623 2006 792 2062 Jacob
822 2023 943 2079 quae
971 2008 1072 2061 Am
1088 2009 1424 2063 monitarum
1479 2019 1619 2073 erat,
1650 2011 1875 2080 excipit.
1902 2010 2031 2065 Erat

451 2100 594 2153 enim
650 2115 840 2155 eorum
888 2100 979 2171 qui
1009 2116 1040 2156 e
1072 2098 1169 2155 Lot
1198 2102 1550 2157 exstiterunt.
1619 2101 1836 2172 Ubique
1883 2103 2030 2157 enim

454 2192 596 2247 bella
665 2192 922 2248 intestina
969 2194 1204 2265 attingit.
1274 2194 1408 2249 Erat
1454 2210 1587 2249 vero
1636 2210 1698 2248 ea
1759 2195 2030 2249 terminus

455 2284 900 2340 Amorrhaaorum
930 2286 1299 2356 captivorum.
1325 2284 1487 2341 Jazer
1517 2301 1650 2340 vero
1680 2301 1744 2339 ea
1776 2294 1881 2351 est,
1907 2300 2031 2356 qua:

452 2391 577 2430 cum
604 2385 760 2431 terra:
794 2375 1160 2431 Moabitarum
1198 2385 1346 2433 esset
1368 2378 1439 2431 ab
1473 2377 1650 2441 initio,
1682 2388 1867 2447 postea
1902 2376 2022 2433 Seo-

452 2467 543 2521 nis
580 2474 666 2522 est
723 2467 888 2522 facta.
948 2465 1226 2523 Cmterum
1271 2482 1392 2523 eam
1435 2468 1617 2522 levant
1656 2467 1908 2538 tyrannis
1967 2482 2033 2522 ac

451 2556 708 2611 violentis
742 2557 1059 2612 hominibus
1093 2557 1374 2622 Israelita,
1419 2558 1597 2629 iisque
1626 2559 1719 2628 qui
1761 2558 2029 2627 pristinos

450 2648 659 2704 incolas
694 2647 1034 2703 ademerant.

520 2734 592 2790 Eu
621 2753 750 2793 vero
775 2747 858 2794 est
908 2735 1121 2794 Esebon
1185 2738 1319 2794 urbs
1356 2737 1573 2807 Seonis,
1616 2740 1671 2796 id
1700 2752 1784 2798 est
1826 2750 2030 2800 metro-

453 2826 616 2893 polis.

526 2919 569 2974 ll
578 2920 661 2975 inc
679 2923 739 2992 ﬁt
759 2931 815 2976 ut
832 2924 922 2993 qui
945 2925 1232 2994 proverbiis
1249 2932 1490 2988 utuntur,
1508 2925 1707 2979 dicunt.
1732 2924 1899 2997 [XXL
1914 2924 2030 2998 27.]

455 3012 690 3066 Constat
749 3015 857 3069 sibi
912 3014 1006 3071 Dei
1061 3016 1282 3085 justitia
1338 3031 1461 3085 qua:
1494 3031 1591 3086 per
1615 3018 2101 3106 successionemc

456 3102 789 3158 faudliarum
825 3104 1087 3174 deinceps
1118 3104 1330 3159 reddita
1382 3112 1487 3169 est,
1526 3104 1595 3158 ad
1634 3114 1838 3159 terram
1877 3120 2031 3160 ever-
2070 3102 2073 3141 ῖ

453 3192 681 3245 tendum
706 3209 869 3263 quam
897 3195 1210 3250 Amorrhaai
1246 3194 1468 3265 lugubri
1497 3196 1857 3266 quassatione
1883 3195 2031 3251 edita

448 3283 659 3354 injuste
686 3295 1048 3355 occuparunt.
1070 3286 1222 3342 Adeo
1260 3296 1316 3341 ut
1343 3287 1628 3341 hominum
1685 3287 2030 3345 sermonibus

448 3376 761 3432 combustio
790 3377 1038 3446 priorum
1087 3379 1394 3435 incolarum
1432 3379 1838 3434 decantaretur.
1869 3377 2033 3435 Mise-

461 3468 727 3521 rationem
787 3468 992 3522 etenim
1050 3478 1360 3526 commovet
1414 3489 1484 3526 ε(
1527 3469 1613 3525 Va:
1679 3469 1778 3523 tibi
1833 3470 2029 3537 Moab,

445 3558 691 3627 ,periisti,
728 3577 747 3611 ι
792 3569 844 3613 et
870 3574 994 3629 quae
1025 3560 1311 3631 deinceps.
1337 3560 1662 3616 Devastatos
1686 3559 1833 3615 enim
1860 3559 2035 3618 fuisse

449 3649 724 3704 'Moabitas
770 3649 998 3717 indicat,
1032 3651 1425 3722 dispersosque
1448 3651 1682 3720 juvenes
1727 3658 1782 3705 et
1836 3651 2034 3721 juven-

461 3742 636 3807 culas,
669 3758 810 3813 quos
846 3741 988 3798 Deus
1049 3757 1198 3797 nunc
1221 3750 1307 3798 est
1342 3743 1514 3800 ultus.
1551 3741 1688 3797 Nam
1735 3743 2034 3812 impietatis

458 3844 515 3891 et
541 3835 879 3905 impuritatis
910 3849 1079 3889 causa
1136 3834 1204 3890 ad
1265 3834 1624 3890 evertcndum
1656 3842 1848 3905 gentes
1880 3834 2035 3889 inco-

456 3929 538 3981 las
566 3925 837 3982 lsraelitis
865 3927 1092 3981 omnino
1124 3924 1268 3981 Deus
1302 3924 1548 3980 tradidit.

532 4103 599 4158 Et
633 4104 891 4159 habitavit
940 4102 1115 4158 Israel
1161 4103 1216 4158 in
1254 4102 1495 4157 omnibus
1558 4102 1777 4157 urbibus
1839 4102 2033 4157 Amor-

457 4196 720 4251 rhaorum
760 4194 853 4268 [52
880 4193 901 4268 ]
925 4194 1270 4266 Quapropter
1300 4194 1470 4249 David
1503 4195 1557 4249 in
1613 4192 1872 4264 l’salmis,
1907 4209 2034 4250 cum

458 4289 717 4359 potentia:
748 4298 802 4343 et
823 4288 1058 4357 justitiaa
1081 4289 1299 4344 nomine
1326 4287 1498 4343 Deum
1540 4288 1893 4353 celebrasset,
1951 4288 2034 4342 in-

456 4379 579 4448 quit
631 4394 645 4431 :

450 4469 625 4526 Jsrael
653 4470 724 4523 “.
764 4486 784 4518 ι
820 4466 957 4521 Cum
1011 4468 1159 4523 enim
1215 4467 1283 4522 de
1313 4475 1558 4523 extrema
1607 4466 1831 4522 civitate
1875 4464 2034 4523 Jaser

446 4558 631 4613 dicit:
680 4577 697 4609 ι
735 4557 1013 4626 Ceperunt
1072 4572 1190 4612 eam
1247 4565 1301 4612 et
1348 4559 1505 4613 vicos
1552 4558 1711 4626 ejus,
1740 4558 1940 4628 inquit,
1979 4566 2035 4613 et

447 4651 739 4717 4-jecerunt
788 4650 1167 4704 Amorrliarum
1243 4650 1366 4720 ejus
1432 4651 1540 4705 loci
1585 4651 1843 4705 incolam:
1905 4669 1924 4702 ι
1976 4650 2036 4705 Id

450 4741 636 4810 ipsum
672 4757 798 4796 cum
826 4743 879 4797 in
919 4757 1026 4796 una
1050 4756 1114 4796 ac
1137 4743 1306 4798 altera
1335 4753 1493 4811 gente
1519 4744 1623 4798 sub
1653 4743 1803 4799 Mose
1830 4742 2035 4798 factum

2146 1829 2250 1881 Ἐν
2274 1827 2402 1893 ταῖς
2429 1826 2678 1895 ῥάϐδοις
2705 1825 2930 1881 αὐτῶν.

2219 1916 2363 1970 Ἀπὸ
2413 1915 2637 1985 Ἀρνῶν’
2674 1917 2788 1984 ἕως
2831 1917 3050 1984 Ἰαόὼκ,
3092 1918 3203 1985 ἕως
3260 1916 3410 1973 υἱῶν
3462 1915 3711 1986 Ἀμμάν.

2131 2008 2241 2079 Τὴν
2283 2006 2479 2061 Ἰαϐὼκ
2506 2007 2601 2061 τοῦ
2629 2008 2846 2078 ’Δμμάν
2867 2004 3052 2072 οὖσαν,
3073 2008 3303 2080 ἐξαιρεῖ.
3326 2004 3435 2061 Ἶίν
3458 2006 3567 2077 γὰρ
3599 2007 3714 2059 τῶν

2131 2100 2196 2152 ἐκ
2225 2096 2318 2151 τοῦ
2362 2096 2488 2153 Λὼτ
2510 2098 2833 2166 γεγονότων.
2871 2096 3152 2168 Πανταχοῦ
3205 2098 3314 2169 γὰρ
3360 2098 3488 2162 τοὺς
3542 2095 3712 2150 πολέ-

2134 2207 2269 2261 μους
2292 2189 2415 2252 τοὺς
2450 2190 2805 2258 συγγενικοὺς
2826 2206 2893 2242 πε
2904 2190 3197 2262 ριίσταται.
3226 2190 3379 2261 Αὕτη
3395 2190 3453 2244 δὲ
3468 2191 3616 2260 ὄριον
3639 2184 3716 2260 ἦν

2130 2278 2240 2331 τῶν
2295 2278 2640 2350 Ἀμορραίων
2695 2278 2803 2333 τῶν
2853 2278 3166 2350 ἡλωκότων.
3226 2280 3413 2351 Ἰαζὴρ
3446 2279 3714 2350 ἐτύγχανε

2134 2369 2233 2441 μὲν
2270 2366 2363 2423 οὖν
2418 2370 2518 2440 τῆς
2547 2370 2856 2425 Μωαϐιτῶν
2905 2366 3042 2426 οὖσα
3069 2371 3175 2441 γῆς
3219 2371 3280 2437 ἐξ
3299 2371 3502 2442 ἀρχῆς,
3529 2372 3564 2441 ὴ
3615 2370 3715 2425 τοῦ

2132 2458 2273 2512 Σιὼν
2291 2459 2560 2529 γενομένη
2587 2457 2834 2530 ὔστερον.
2887 2458 3279 2531 ’Δφαιροῦνται
3309 2460 3369 2514 δὲ
3400 2460 3570 2531 αὐτὴν
3598 2460 3716 2514 τῶν

2131 2549 2509 2621 ἀδικησάντων
2553 2552 2602 2604 οι
2628 2551 3001 2624 Ἰσραηλῖται,
3044 2551 3154 2607 τῶν
3200 2551 3550 2624 ἀφελομένων
3582 2551 3718 2616 τοὺς

2132 2639 2400 2712 πρότερον
2430 2639 2794 2704 ἐνοικοῦντας.

2214 2731 2403 2783 Ἔστιν
2454 2731 2690 2785 Ἐσεϐὼν
2726 2732 2883 2797 πόλις
2923 2733 3099 2800 Σιὼν,
3136 2734 3386 2789 τουτέστι
3434 2733 3719 2806 μητρόπο⁶

2133 2822 2238 2885 λις.

2204 2910 2307 2964 Διὰ
2328 2909 2509 2965 τοῦτο
2539 2910 2789 2980 ἐροῦσιν
2824 2914 2880 2967 οἱ
2919 2915 3379 2984 αὶνιγματισταί.
3409 2914 3508 2969 Διά
3550 2913 3720 2971 τοῦτο

2133 3000 2319 3071 ἔλεγον
2360 3005 2411 3057 οἱ
2446 3005 2975 3076 παροιμιαζόμενον
3004 3005 3332 3078 Δικαιοσύνη
3387 3006 3717 3061 συνίσταται

2136 3092 2272 3148 Θεοῦ
2301 3093 2443 3150 κατὰ
2468 3095 2720 3168 διαδοχὴν
2750 3098 2956 3167 γενεῶν
3005 3098 3234 3171 ὕστερον
3283 3099 3723 3154 ἀνταποδοθεῖσα

2137 3185 2217 3247 είς
2270 3185 2564 3256 ἀφαίρεσιν
2611 3188 2710 3257 τῆς
2742 3192 2868 3260 γῆς,
2925 3189 2994 3262 ἢν
3025 3190 3087 3243 ού
3126 3189 3353 3254 δικαίως
3397 3190 3724 3262 Ἀμορραἰοι

2138 3274 2468 3343 κατέλαϐον,
2542 3279 2768 3350 οἰκτρὰν
2823 3281 3199 3353 ἐργασάμενοι
3241 3280 3340 3353 τὴν
3407 3280 3724 3336 Μωαϐιτῶν

2139 3368 2452 3440 πόρθησιν·
2511 3370 2589 3434 ὡς
2618 3371 2712 3426 καὶ
2759 3373 2818 3426 ἐν
2856 3374 3185 3444 παροιμίαις
3229 3372 3540 3444 ἀνθρώπων
3592 3373 3724 3444 ᾄδε-

2140 3458 2374 3532 σθαιτὴν
2402 3461 2742 3516 κατάκαυσιν
2761 3463 2873 3516 τῶν
2905 3465 3440 3535 προενοικησάντων.
3473 3465 3586 3519 Καὶ
3607 3465 3723 3537 γὰρ

2136 3552 2232 3606 καὶ
2259 3553 2494 3624 ὀδυρμὺν
2525 3556 2721 3624 ἐπάγει
2746 3571 2762 3588 σ
2793 3574 2812 3606 ι
2854 3555 2993 3609 Ούαί
3025 3572 3108 3609 σοι
3144 3597 3158 3620 ,
3183 3556 3382 3623 Μωάϐ,
3412 3557 3654 3623 ἀπώλου,
3696 3577 3716 3609 ι

2139 3642 2228 3695 καὶ
2250 3643 2318 3695 τὰ
2357 3643 2504 3712 ἑξῆς.
2536 3644 2898 3710 ’Δναστάτους
2915 3647 3024 3718 γάρ
3044 3646 3199 3717 δηλοί
3221 3648 3549 3719 γεγενῆσθαι
3587 3649 3720 3722 τοὺς

2134 3732 2430 3798 Μωαϐίτας
2455 3736 2551 3788 καὶ
2578 3735 3069 3801 διασκεδασθέντας
3095 3737 3250 3802 νέους
3298 3755 3362 3793 τε
3424 3740 3521 3793 καὶ
3562 3740 3720 3804 νέας,

2134 3823 2229 3884 οὒς
2241 3823 2338 3879 νῦν
2367 3826 2500 3890 Θεὸς
2527 3826 2845 3898 ἐξεδίκησεν
2869 3843 2884 3858 ’
2919 3828 3108 3901 ἐπειδὴ
3149 3829 3289 3894 ὅλως
3320 3830 3577 3892 ἀσεϐείας
3620 3830 3723 3884 καὶ

2134 3917 2479 3990 ἀκαθαρσίας
2510 3918 2677 3974 ἕνεκα
2700 3919 2771 3974 τὰ
2799 3918 2927 3991 ἔθνη
2971 3919 3043 3975 τὰ
3076 3923 3437 3994 ἐνοικήσαντα
3484 3921 3723 3977 δέδωκεν

2135 4008 2340 4076 ἐξελεῖν
2366 4011 2481 4073 τοῖς
2509 4010 2901 4084 Ἰσραηλίταις.

2207 4099 2318 4155 Kal
2343 4099 2699 4169 κατῴκησεν
2726 4102 2964 4170 Ἰσραὴλ
2986 4102 3057 4156 ἐν·
3091 4104 3318 4170 πάσαις
3342 4104 3471 4170 ταῖς
3499 4106 3720 4160 πόλεσι

2135 4190 2256 4246 τῶν
2299 4193 2682 4263 Ἀμορῤαἰων.
2708 4194 2911 4266 Διόπερ
2938 4195 2969 4246 ό
2991 4195 3154 4249 Δαϐὶδ
3187 4199 3247 4249 ἐν
3268 4196 3475 4266 ὕμνοις,
3519 4215 3539 4248 ί
3566 4198 3721 4251 Κατ-

2139 4285 2438 4356 εσκήνωσε,
2480 4286 2665 4357 φησὶν,
2699 4287 2759 4339 ἐν
2806 4289 2927 4351 ταῖς
2982 4287 3179 4356 φυλαῖς
3216 4287 3397 4342 αὐτῶν
3422 4288 3519 4353 τὰς
3546 4289 3722 4357 φυλὰς

720 4398 737 4429 ι
793 4377 1042 4431 Instituit
1095 4377 1153 4431 in
1242 4377 1495 4433 tentoriis
1558 4377 1800 4447 ipsorum
1856 4376 2034 4432 tribus

2139 4373 2235 4427 τοῦ
2281 4375 2518 4447 Ἰσραὴλ,
2558 4394 2577 4427 ι
2621 4376 2715 4429 ἐπὶ
2747 4376 2976 4447 δυνάμει
3008 4379 3105 4432 καὶ
3134 4378 3450 4449 δικαιοσύνῃ
3479 4379 3571 4431 τὸν
3586 4379 3722 4434 Θεὸν

2140 4465 2418 4535 ἁνυμνῶν.
2450 4466 2638 4534 Λέγων
2684 4468 2793 4537 γὰρ
2819 4469 2947 4540 περὶ
2965 4470 3331 4541 τῆς.ἐσχάτης
3380 4470 3589 4535 πόλεως
3619 4471 3721 4540 τῆς

2154 4554 2357 4628 ’1αζὴρ.
2404 4575 2424 4610 ι
2460 4558 2858 4624 Κατελάϐοντο,
2892 4561 3082 4630 φησὶν,
3119 4560 3326 4633 αύτὴνε
3368 4563 3581 4626 καὶτὰς
3612 4562 3724 4615 κώ-

2147 4665 2253 4718 μας
2285 4649 2474 4721 αὐτῆς,
2507 4649 2602 4703 καὶ
2649 4650 2902 4717 ἐξέϐαλον
2941 4652 3033 4705 τὸν
3070 4653 3400 4725 ’Δμορῤαϊον
3454 4653 3548 4706 τὸν
3592 4670 3722 4707 κατ·

2142 4740 2399 4795 οικοῦντα
2423 4741 2556 4796 ἐκεῖ.
2596 4760 2615 4795 ι
2651 4742 2823 4796 Τοῦτο
2850 4743 2937 4811 ἐφ’
2952 4743 3071 4807 ἐνὸς
3102 4744 3290 4808 ἔθνους
3329 4744 3423 4798 καὶ
3460 4744 3718 4816 δευτέρου

452 4834 528 4887 sit
579 4842 819 4901 tantum,
877 4838 946 4895 de
993 4839 1303 4896 vastatione
1332 4836 1518 4892 futura
1562 4835 1832 4891 universa:
1877 4842 2035 4891 terra:

2144 4832 2434 4902 γενόμενον
2466 4831 2571 4886 ὑπὸ
2593 4832 2896 4899 Μωῦσέως,
2926 4834 3027 4905 τὴν
3054 4834 3180 4887 καθ’
3203 4835 3333 4904 ὅλης
3357 4835 3463 4905 γῆς
3494 4851 3721 4907 γενησο·

468 4927 784 4998 impiorum,
808 4945 872 4986 ac
901 4932 1115 4987 colonia
1138 4932 1412 5002 justorum
1445 4929 1803 4985 vaticinatur.
1842 4947 1860 4980 ι
1897 4926 2035 4983 Βοιιί

452 5019 606 5074 enim
640 5028 843 5076 terram
908 5023 1287 5094 possidebunt,
1337 5021 1539 5094 inquit,
1592 5030 1647 5076 et
1678 5019 1854 5074 sancti
1888 5018 1943 5072 in
1970 5033 2034 5072 ea

462 5112 819 5181 residebunt;
850 5114 1022 5186 iniqui
1056 5129 1184 5171 vero
1218 5130 1283 5171 ex
1325 5130 1388 5170 ea
1418 5114 1878 5185 exstirpabuntur
1905 5108 2033 5165 fitn-

451 5204 606 5261 ditus
633 5206 697 5261 ".
713 5225 732 5257 ι

2134 4922 2575 4995 μένηνπόρθησιν
2601 4924 2833 4993 ἀσεϐῶν,
2865 4924 2961 4979 καὶ
2986 4924 3309 4997 κατοίκησιν
3336 4926 3445 4980 ὑπὸ
3467 4926 3715 4990 δικαίων,

2142 5016 2498 5087 προφητεύει.
2533 5034 2553 5067 ι
2588 5017 2832 5088 Χρηστοὶ
2858 5018 2987 5089 γὰρ,
3029 5017 3230 5089 φησιν,
3256 5017 3473 5071 ἔσονται
3498 5017 3718 5089 οίκήτο-

2144 5125 2235 5178 ρες
2262 5109 2385 5179 γῆς,
2412 5108 2508 5162 καὶ
2535 5110 2675 5162 ὅσιοι
2709 5108 3202 5179 ὑπολειφθήσονται
3243 5109 3303 5160 ἐν
3341 5108 3504 5179 αὐτῇ.
3551 5109 3615 5161 Ol
3662 5107 3723 5163 δὲ

2141 5203 2445 5272 παράνομοι
2481 5201 3025 5273 ἐξολοθρευθητονται
3063 5201 3123 5270 ἐξ
3157 5199 3349 5271 αὐτῆς.
3394 5221 3413 5254 ι

528 5384 572 5415 ²¹
611 5382 802 5451 Matth,
823 5396 919 5447 xu,
951 5380 1038 5437 59.
1115 5381 1159 5412 ³³
1185 5378 1329 5461 Psal‘.
1363 5395 1467 5434 tu
1485 5395 1582 5445 vn,
1610 5377 1699 5433 55.
1782 5376 1828 5408 ’³
1860 5375 2008 5431 Psal.

2140 5391 2252 5440 nt,
2288 5373 2380 5442 58.

1972 5491 2179 5549 NOTAE
2190 5532 2203 5546 .

531 5621 645 5686 (1'7)
667 5616 740 5670 τὸ
772 5618 880 5670 πᾶν
915 5616 1074 5686 ἔργον
1101 5616 1359 5669 ἁνύουσα.
1380 5615 1561 5668 Ταῦτα
1593 5616 1712 5668 ἀντὶ
1738 5614 1844 5667 τῶν
1870 5616 2032 5682 ἐπομ.
2090 5610 2146 5666 '0
2186 5614 2307 5667 αὐτ.

526 5685 643 5758 (78)
668 5688 788 5744 Τῶν
811 5691 869 5742 ἐν
894 5685 1178 5758 λατομίαις
1214 5686 1408 5739 πόνων.
1450 5687 1504 5739 ’0
1538 5685 1660 5738 αὐτ.
