4050 6212
274 341 379 408 361

1358 348 1893 412 COMMENTARII
1928 348 2009 409 ΙΝ
2044 346 2433 410 NUMEROS.

3413 333 3518 396 862

351 456 614 525 Δεύτερος
647 457 748 525 Ὠγ
772 458 802 510 ὅ
827 458 926 528 τῆς
959 457 1167 521 Βασὰν,
1244 461 1302 525 ὃς
1337 460 1523 526 δεδιὼς
1551 463 1715 533 ὅμοια
1739 479 1848 514 πα-

2021 462 2174 514 Alter
2203 467 2289 514 est
2322 458 2402 528 0g
2428 472 2523 511 rex
2560 455 2761 515 Basan,
2795 452 2888 522 qui
2924 466 2992 506 ne
3034 449 3224 505 eadem
3261 448 3364 503 sibi
3395 462 3521 502 eve-

279 548 415 610 θεῖν,
450 546 572 599 οὐδὲ
600 547 900 618 πρεσϐείαν
925 549 1196 620 ἀνέμεινε.
1221 550 1429 622 Θαῤῥεῖ
1459 552 1556 622 μὲν
1575 552 1671 606 οὖν
1693 551 1851 605 δυνά-

284 656 395 709 μει.
431 636 565 701 Θεὸς
586 638 644 691 δὲ
675 638 916 703 καὶτοὺς
942 641 1199 711 ίσχυροὺς
1226 641 1255 696 ὕ
1266 641 1528 696 ποτάσσει
1551 645 1668 706 τοῖς
1691 640 1850 696 ἀσθεο

281 727 448 791 victv,
479 726 557 789 ὡς
600 729 659 779 ἐν
692 728 1095 799 Δευτερονομίῳ
1116 731 1299 800 φησὶν,
1337 732 1421 784 ὅτι
1442 731 1608 799 Ἐθνη
1642 732 1850 801 μεγάλα

281 820 375 871 καὶ⁵
412 818 735 888 ίσχυρότερα
764 819 973 872 ἑαυτῶν
1008 819 1203 874 ἔλαϐον
1243 821 1393 891 παρὰ
1421 820 1579 875 Θεοῦ.
1604 822 1714 875 Καὶ
1738 821 1850 889 εῐγε

278 911 373 963 τὸν
404 911 588 978 νόμον,
616 909 703 978 ἐφ’
731 901 776 976 ᾧ
816 909 1235 980 κατῳκίσθησαν
1257 952 1272 975 ,
1343 912 1634 981 ἐφύλαξαν,
1674 915 1853 982 ἐμφα-

280 1003 368 1063 νὲς
395 1000 457 1052 τὸ
482 1003 584 1071 τῆς
623 999 836 1068 ἀγαθῆς
876 1001 1139 1071 Προνοίας
1188 1002 1389 1071 ἐγίνετ’
1444 1002 1533 1064 ἂν,
1584 1001 1853 1071 αἰσχύνων

277 1095 410 1159 τοὺς
426 1093 519 1145 ἐπὶ
539 1096 650 1156 τοῖς
677 1093 935 1163 πολέμοις
954 1093 1049 1146 τὸν
1072 1097 1144 1164 Δη
1155 1095 1414 1165 μιουργδν
1436 1094 1849 1157 διαϐάλλοντας.

278 1183 417 1237 θεοῦ
450 1183 561 1254 γὰρ
590 1183 738 1248 ἄξιον
780 1184 839 1236 τὺ
873 1184 1150 1237 πολιτείαν
1183 1185 1393 1255 ἀγαθὴν
1439 1185 1560 1238 ἀντὶ
1614 1185 1856 1253 πονηρᾶς

280 1275 521 1343 εἰσάγειν
545 1276 788 1346 ζωῆς.”0
804 1276 898 1328 καὶ
927 1274 994 1328 δι’
1025 1277 1191 1345 εὐχῆς
1210 1277 1321 1338 τοῖς
1355 1275 1533 1342 ἁγίοις
1583 1275 1853 1341 λέγουσιν,

287 1385 307 1419 ι
347 1366 654 1419 Ἐκλίποιεν
680 1365 993 1437 ἁμαρτωλοὶ
1036 1367 1142 1419 ἀπὸ
1186 1367 1284 1438 τῆς
1328 1367 1431 1436 γῆς
1479 1367 1574 1418 καὶ
1643 1366 1856 1435 ἄνομοι,

283 1456 425 1509 ὥστε
460 1457 536 1526 μὴ
566 1455 834 1525 ὑπάρχειν
860 1454 1077 1519 αὐτούς.
1121 1474 1137 1505 ι
1173 1454 1297 1517 Πῶς
1333 1454 1390 1507 δὲ
1434 1454 1529 1507 καὶ
1571 1456 1633 1506 οὐ
1676 1455 1854 1524 σωτή-

288 1564 404 1619 ριον
432 1546 510 1616 τῷ
542 1546 735 1616 κόσμῳ
760 1546 821 1598 τὸ
844 1545 1208 1614 γινώσκεσθαι
1237 1546 1373 1599 Θεόν
1406 1565 1420 1612 ;
1448 1547 1476 1599 ὃ
1508 1544 1773 1616 πρόδηλον
1796 1545 1861 1598 ἐκ

280 1640 382 1708 τῆς
411 1638 801 1723 τῶν-πονηρῶν
825 1638 1155 1709 ἐξαιρέσεως
1184 1626 1426 1706 γίνεται.

354 1904 541 1961 Διττδν
570 1906 723 1970 ἔθνος
746 1906 1109 1977 ταράττεται,
1144 1908 1205 1961 τό
1251 1924 1308 1960 τε
1365 1905 1712 1961 Μωαϐιτικδν
1765 1904 1860 1957 καὶ

281 2001 346 2053 τὸ
372 1998 783 2053 Μαδιανιτικὸν.
812 1999 920 2051 Καὶ
944 1999 1274 2062 ἀπειπόντες
1313 1998 1403 2052 τὸν
1448 1998 1707 2068 πόλεμον,
1769 1995 1861 2048 ἐπὶ
1903 1986 1913 1992 ’

282 2093 386 2165 τὴν
419 2091 656 2162 μαγείαν
688 2091 1011 2161 ἐτράποντο.

357 2272 573 2326 Διαλύει
607 2272 702 2335 τὰς
727 2271 905 2326 αὐτῶν
928 2271 1152 2335 ἐλπίδας
1184 2271 1337 2336 Θεὸς,
1364 2273 1486 2342 μηδ’
1527 2273 1649 2324 ὅσον
1696 2269 1862 2340 φθέγ·

289 2362 480 2428 ξασθαι
537 2363 897 2432 συγχωρήσας
942 2361 1020 2431 τῷ
1057 2361 1303 2431 Βαλαάμ.
1344 2362 1455 2430 Οὐχ
1509 2361 1590 2413 ὅτι
1647 2359 1865 2429 κατάρα

290 2454 368 2522 μὴ
417 2452 605 2504 δικαία
653 2451 977 2521 λυμαίνεται
1016 2451 1181 2520 (κατὰ
1232 2450 1341 2522 γὰρ
1379 2452 1469 2504 τδν
1521 2449 1864 2519 Σολομῶνταν

294 2564 315 2597 ε
363 2544 498 2615 Ἀρὰ
538 2544 741 2615 ματαία
764 2545 863 2597 οὐκ
913 2543 1263 2595 ἐπελεύσεται
1315 2542 1531 2595 οὐδενὶ»
1570 2542 1613 2615 ),
1660 2542 1757 2614 τὴν
1809 2542 1868 2596 δὲ

292 2638 427 2692 ἰδίαν
456 2637 773 2707 ἐπικουρίαν
803 2638 1020 2705 ἐμφανῆ
1055 2635 1133 2705 τῷ
1155 2634 1269 2705 λαῷ
1303 2636 1643 2706 καταστῆσαι
1680 2633 1868 2705 βουλό-

293 2746 475 2800 μενος,
502 2729 577 2793 ὡς
605 2728 672 2782 ἂν
706 2728 779 2799 μὴ
800 2729 897 2798 τῆς
924 2728 1207 2785 εὐσεϐείας
1243 2726 1599 2789 σαλεύωνται.
1637 2727 1732 2780 καὶ
1780 2727 1867 2779 ῐνα

291 2824 390 2875 καὶ
409 2821 477 2874 τὰ
513 2820 673 2873 λοιπᾶ
706 2820 832 2889 ἔθνη
858 2818 1122 2887 ἑπιγνῶσι
1161 2818 1250 2870 τὸν
1296 2818 1450 2882 Θεὸν,
1493 2817 1630 2872 καθά
1679 2837 1810 2889 φησι
1848 2838 1862 2852 ·

298 2930 318 2964 ι
355 2912 468 2966 Καὶ
493 2910 752 2981 διαγγελῇ
788 2910 846 2963 τὸ
868 2908 1040 2979 δνομά
1071 2927 1170 2978 μου
1197 2910 1256 2961 ὲν
1290 2908 1440 2981 πάσῃ
1464 2912 1528 2980 τῇ
1557 2912 1647 2979 γῇ.
1686 2929 1703 2960 ι
1762 2913 1870 2965 Καὶ

293 3005 361 3058 τὰ
385 3005 589 3072 σημεῖα
631 3001 742 3073 γὰρ
766 3001 938 3054 ὲποίει
970 3001 1063 3052 καὶ
1088 2999 1177 3052 διὰ
1224 2998 1316 3051 τὸν
1357 3001 1592 3069 Ἰσραὴλ,
1650 3002 1741 3054 καὶ
1785 3003 1871 3056 διὰ

295 3097 363 3148 τὰ
403 3094 551 3164 ἔθνη,
578 3094 652 3157 ὠς
671 3093 737 3147 ἂν
767 3091 1151 3164 ἐπιστραφείη.
1180 3090 1358 3144 Πολλὰ
1392 3091 1647 3161 γὰρΘεοῢ
1670 3110 1869 3165 κατορ-

298 3184 481 3238 θοῦσιν
533 3184 875 3253 οἰκονομίαι,
933 3180 1191 3236 δοκοῦσαι
1245 3181 1407 3251 μόνον
1479 3182 1596 3246 ὲνδς
1650 3182 1870 3254 ἔγεσθαι

298 3275 650 3346 πράγματος.

1954 552 2139 606 nirent
2168 552 2397 613 veritus,
2429 561 2527 604 sua
2563 545 2801 616 potentia
2855 542 3030 597 fretus
3058 541 3272 594 obviam
3313 553 3372 593 se
3408 538 3518 591 illis

1956 644 2140 708 vertit,
2174 642 2612 712 legationemque
2631 651 2824 691 eorum
2858 633 3169 689 antevertit.
3194 630 3356 698 Atqui
3381 628 3522 683 Deus

1957 735 2214 788 robustos
2236 747 2452 801 quoque
2485 728 2761 785 debilibus
2789 725 3033 795 subiicit,
3062 719 3520 792 quemadmodum

1959 822 2013 874 in
2050 817 2472 874 Deuteronomio
2500 816 2636 871 dicit
2665 815 2752 879 ἐς
2788 829 2912 866 nam
2947 812 3178 881 populos
3222 810 3524 875 longema-

1955 914 2104 982 jores
2134 927 2196 965 ac
2226 911 2487 966 fortiores
2536 926 2596 965 se
2644 908 2740 963 Dei
2798 922 2902 977 ope
2959 911 3250 974 ceperunt.
3275 901 3454 969 Atque
3477 899 3522 952 si

1961 1006 2129 1074 legem
2151 1017 2257 1073 qua
2284 1013 2441 1056 terra:
2470 1000 2706 1055 instituti
2735 1006 2864 1054 sunt
2893 999 3300 1059 observassent,
3340 989 3525 1044 divina

1961 1092 2301 1163 providentia
2332 1089 2624 1145 manifeste
2658 1104 2779 1145 sese
2809 1086 3144 1142 exseruisset
3178 1085 3386 1151 utique.
3411 1078 3529 1133 Cae-

1961 1193 2139 1238 terum
2206 1182 2415 1252 pudore
2477 1180 2780 1235 affecerunt
2818 1176 3036 1230 landum
3072 1171 3528 1239 helliearumopi-

1962 1274 2079 1328 ﬁcis
2107 1273 2524 1327 obtrectatores.
2596 1269 2765 1323 Deum
2828 1268 2973 1321 enim
3045 1266 3201 1319 decet
3252 1265 3305 1317 in
3344 1263 3526 1315 locum

1962 1380 2142 1437 prava:
2165 1364 2289 1418 vita:
2309 1364 2509 1417 bonum
2541 1360 2755 1416 vivendi
2786 1337 3030 1413 ordit‘m
3071 1357 3345 1409 invehere.
3372 1353 3528 1419 Quod

1965 1457 2137 1512 sancti
2169 1457 2222 1511 in
2258 1456 2412 1511 novis
2447 1454 2715 1524 imprimis
2746 1453 2970 1516 habent,
3005 1467 3067 1504 ac
3102 1449 3292 1502 dicunt
3324 1465 3336 1500 ε
3374 1464 3391 1495 ι
3423 1445 3530 1498 Ex-

1963 1552 2147 1605 cidunt
2205 1558 2521 1618 peccatores
2578 1555 2747 1611 terra,
2792 1554 2846 1598 et
2909 1543 3102 1612 iniqui,
3156 1539 3288 1595 adeo
3319 1546 3378 1591 ut
3422 1550 3529 1590 non

1966 1640 2236 1711 supersint
2270 1638 2506 1707 amplius
2539 1639 2604 1691 ’⁸.
2646 1657 2663 1688 ι
2702 1635 2908 1704 quuid
2936 1650 3066 1687 vero
3096 1632 3188 1687 Dei
3224 1629 3532 1698 cognitione

1967 1730 2243 1787 salubrius
2276 1728 2482 1781 mundo
2525 1741 2647 1780 esse
2679 1724 2905 1795 potest?
2955 1724 3006 1777 id
3039 1722 3183 1792 quod
3214 1722 3423 1773 clarum
3464 1732 3531 1771 ex

1897 1812 1937 1865 Β
1969 1837 2257 1894 pravorum
2290 1818 2568 1875 exeisione
2604 1818 2680 1871 ﬁt.

2033 1911 2229 1965 Verum
2285 1917 2406 1978 post
2456 1908 2553 1960 hos
2605 1906 2854 1976 geminus
2917 1903 3173 1957 turbantur
3261 1896 3530 1968 populus.

1962 2000 2291 2056 Moabitieus
2327 2007 2379 2053 et
2419 1997 2823 2052 Madianiticus.
2862 1994 3115 2061 Quicum
3147 1990 3287 2046 bello
3329 2002 3534 2042 renun-

1965 2096 2224 2157 liassmt,
2276 2091 2343 2145 ad
2401 2091 2759 2161 imposturam
2798 2086 3110 2142 Satanieam
3158 2097 3277 2139 sese
3316 2093 3536 2149 recepe-

1964 2194 2113 2238 runt.

2037 2274 2144 2328 Sed
2186 2272 2578 2343 spesipsorum
2642 2268 2932 2323 labefactat
2980 2264 3142 2327 Deus,
3168 2277 3290 2316 cum
3323 2276 3388 2315 ne
3414 2268 3537 2312 tan-

1963 2369 2143 2422 tillum
2190 2366 2411 2436 quidem
2460 2362 2641 2431 eloqui
2702 2360 2960 2412 Balaamo
3013 2352 3371 2425 permisisset,
3429 2366 3535 2402 non

1965 2458 2182 2531 quidem
2214 2456 2358 2526 quod
2393 2453 2700 2509 exsecratio
2727 2450 2928 2518 injusta
2953 2446 3108 2501 lmdat
3134 2464 3149 2513 ;
3177 2445 3337 2516 juxta
3371 2444 3534 2496 Salo-

1966 2567 2181 2607 tnonem
2215 2550 2383 2613 enim,
2426 2566 2444 2597 ι
2480 2538 2803 2598 Exsecratio
2852 2554 2990 2593 vana
3041 2553 3152 2591 non
3190 2533 3539 2606 superveniet

1968 2642 2221 2711 cuiquam
2247 2640 2313 2704 ",
2358 2656 2377 2688 ι
2424 2651 2610 2689 verum
2681 2643 2740 2684 ut
2786 2629 3104 2701 praesidium
3157 2639 3314 2680 suum
3355 2621 3540 2675 declav

1970 2740 2114 2788 raret
2147 2729 2366 2800 pepnlo,
2397 2742 2460 2781 ac
2519 2724 2756 2778 efﬁceret
2787 2736 2853 2775 ne
2897 2735 2926 2772 a
2969 2719 3176 2789 pietate
3202 2713 3538 2771 deciderent,

1968 2824 2324 2893 reliquiaeque
2356 2816 2543 2890 populi
2574 2815 2740 2868 Deum
2768 2814 3156 2882 agnoscerent.
3187 2803 3543 2875 quemadmo-

1975 2916 2103 2972 dum
2139 2913 2318 2982 inquit
2356 2926 2369 2961 :
2407 2928 2425 2960 ι
2465 2907 2526 2961 Et
2554 2903 2856 2973 divulgabit
2888 2913 3070 2953 meum
3114 2910 3314 2951 nomen
3346 2894 3401 2946 in
3433 2898 3541 2945 tota

1975 3006 2207 3061 terra".
2281 3021 2299 3053 ι
2359 3000 2501 3066 Quin
2587 2995 2750 3051 etiam
2816 2992 2969 3062 signa
3030 2988 3201 3042 edidit
3255 2999 3378 3039 cum
3447 2996 3547 3051 per

1977 3094 2228 3150 lsraelem
2257 3101 2372 3145 tttm
2408 3090 2570 3143 etiam
2601 3099 2695 3155 per
2721 3093 2943 3153 gentes;
2963 3088 3021 3133 ut
3072 3079 3138 3130 ad
3173 3091 3231 3130 se
3258 3080 3546 3127 converte-

1976 3197 2080 3242 ret.
2110 3186 2278 3239 Multa
2312 3181 2459 3238 enim
2490 3177 2753 3247 praeclare
2805 3172 2898 3227 Dei
2936 3167 3336 3237 gubernatione
3387 3166 3544 3223 ﬁunt,

1977 3291 2098 3347 quae
2122 3276 2189 3327 ab
2215 3287 2322 3325 uno
2353 3279 2563 3323 tantum
2597 3265 2818 3335 negotio
2852 3261 3089 3328 pendere
3112 3257 3396 3310 videntur.
3486 3278 3495 3287 -

370 3367 636 3422 Caeterum
678 3366 851 3430 signis
877 3365 1014 3419 nihil
1040 3374 1220 3420 motus
1248 3362 1415 3419 Baiae
1466 3363 1761 3418 accersivit
1811 3344 2129 3419 Balaamuzu
2186 3373 2446 3430 tauquam
2489 3355 2877 3426 peletttiorcm.
2922 3349 3008 3404 ουί
3045 3345 3255 3400 indic”
3289 3344 3451 3400 θευεν
3491 3348 3550 3392 ¹¹ι

301 3455 556 3522 quamvis
588 3452 841 3506 hostilem
882 3452 1079 3504 habeat
1120 3453 1386 3515 animant,
1423 3459 1702 3521 quatenus
1725 3460 1901 3507 tamen
1934 3452 2231 3507 familiaris
2261 3425 2354 3513 sit,
2401 3425 2678 3513 siquidem
2718 3438 2997 3508 oiiﬁcium
3029 3433 3175 3502 ejus,
3206 3430 3369 3486 etiam
3400 3425 3543 3479 invi-

303 3550 394 3596 tus
426 3544 705 3595 contraiia
735 3539 901 3592 dicat.
948 3538 1105 3605 Atqui
1141 3536 1314 3590 Israel
1346 3512 1660 3608 intelligens
1690 3540 1833 3606 quod
1873 3542 2059 3609 ipsum
2094 3553 2195 3593 suo
2222 3512 2397 3605 ipsius
2430 3532 2617 3602 gladio
2652 3526 2959 3596 jugularet,
2997 3520 3260 3588 majorem
3292 3512 3550 3582 concrpit

304 3625 583 3677 ﬁduciam.
642 3621 865 3676 Necnon
903 3623 1009 3691 ipsi
1037 3603 1239 3675 l3alaae
1284 3636 1505 3691 quoque
1531 3603 1813 3678 vostetidit
1878 3603 2018 3694 quos
2049 3603 2314 3693 impedire
2344 3625 2598 3679 conetur,
2632 3627 2729 3667 eos
2769 3624 2967 3678 nempe
2996 3622 3061 3663 ex
3094 3606 3300 3675 quibus
3338 3603 3552 3655 oritura

304 3721 457 3781 esset
490 3710 648 3763 stella
683 3724 808 3776 quae
841 3717 1030 3777 gentes
1070 3717 1217 3763 esset
1244 3719 1553 3763 servatura.

379 3778 525 3849 Nam
554 3796 662 3849 scio
687 3772 825 3863 quod
846 3772 1037 3863 quibus
1058 3793 1408 3858 benedixeris,
1442 3797 1510 3849 iis
1548 3794 1878 3849 benedictum
1901 3796 1990 3848 sit.
2024 3791 2214 3864 [ΧλίΙ.
2254 3789 2335 3859 6.]
2380 3787 2473 3843 Vis
2508 3786 2817 3840 daemonum
2845 3782 2900 3834 in
2931 3776 3183 3834 subditos
3212 3772 3405 3828 efﬁcax
3442 3779 3551 3830 est,

308 3902 431 3956 (111³)
451 3886 496 3941 εί
538 3886 682 3939 Deus
715 3884 948 3937 COIISiliO
981 3897 1082 3936 suo
1112 3898 1216 3952 pro
1253 3884 1360 3952 pits
1403 3899 1462 3939 se
1495 3893 1759 3952 opponat,
1813 3889 2128 3942 enervatur,
2175 3873 2634 3949 quemadmodum
2671 3885 2796 3925 cum
2828 3867 2964 3922 Mosi
2994 3866 3342 3919 adversatum
3402 3867 3554 3913 esset

310 3947 494 4047 liquet.
528 3975 690 4045 Atqui
725 3974 909 4042 aliquo
939 3947 1200 4042 nsquevse
1220 3947 1473 4029 extendit
1506 3947 1683 4028 virtus
1706 3975 1822 4039 illa,
1850 3947 2308 4042 quemadmodum
2336 3965 2404 4019 de
2443 3962 2633 4032 aspide
2671 3960 2854 4029 inquit
2889 3957 3087 4012 David:
3119 3974 3139 4006 ι
3172 3952 3396 4009 Veneno
3432 3947 3555 4002 inﬁ-

306 4066 462 4120 ciens
502 4078 531 4116 a
570 4062 815 4128 sapiente
846 4058 1088 4114 inﬁcitur
1119 4060 1188 4113 ’⁸.
1229 4078 1248 4111 ι

377 4150 545 4223 418
574 4120 648 4203 Εί
672 4148 890 4202 reddam
923 4146 1065 4201 vobis
1093 4147 1248 4201 verba
1286 4163 1404 4216 quia
1468 4146 1677 4200 locutus
1712 4146 1877 4215 fuerit
1914 4143 2169 4198 Dominus
2194 4139 2299 4213 [8.]
2350 4136 2760 4193 Divinationem
2795 4148 2892 4203 per
2926 4130 3201 4186 insomnia
3245 4120 3555 4197 proﬁtetur,

311 4252 472 4308 quam
496 4236 715 4305 quidem
750 4249 856 4288 non
884 4250 914 4287 a
940 4233 1050 4290 Deo
1075 4246 1208 4289 vero
1229 4214 1491 4303 reqttirit.
1522 4234 1776 4303 quamvis
1848 4231 2137 4287 Dominum
2194 4229 2460 4308 nominet,
2494 4224 2588 4280 sed
2634 4238 2663 4276 a
2705 4224 2952 4276 daemone
2994 4219 3098 4274 sibi
3144 4214 3423 4279 familiari,
3455 4220 3559 4266 eta

312 4326 451 4395 ίθιειο
476 4325 637 4380 ἀίθῑίε
666 4324 797 4389 diis.
826 4324 919 4393 qui
960 4338 1109 4379 nunc
1130 4337 1229 4392 per
1259 4300 1557 4378 insomnia.
1588 4334 1736 4374 nunc
1803 4334 1900 4389 per
1929 4317 2180 4388 auguria,
2224 4329 2372 4369 nunc
2421 4302 2530 4366 alio
2563 4320 2728 4378 atque
2760 4309 2867 4362 alio
2895 4306 3070 4361 “modo
3106 4319 3205 4359 sua
3248 4300 3569 4353 hominibus

315 4415 576 4491 produnt.
639 4411 792 4467 Unde
848 4387 1423 4481 deinceps-sequitur
1454 4426 1468 4460 :
1502 4427 1520 4459 ι
1557 4387 1815 4462 Ροειιιιιοί
1857 4420 1964 4460 non
2009 4387 2288 4473 profectus
2345 4414 2429 4456 est
2473 4396 2686 4451 Balaam
2723 4410 2872 4449 more
2904 4408 3005 4469 suo
3035 4391 3249 4446 obviam
3279 4387 3497 4449 avibus,
3534 4404 3550 4434 ι

317 4486 540 4572 quando
568 4499 708 4554 vidit
735 4508 970 4554 conatus
997 4512 1130 4555 suos
1154 4512 1279 4554 esse
1308 4496 1518 4559 irritos,
1544 4502 1598 4548 et
1623 4495 1869 4559 linguam
1906 4507 2063 4547 suam
2091 4490 2269 4543 menti
2304 4486 2641 4557 respondere
2672 4499 2780 4536 non
2815 4496 3001 4550 posse.

396 4586 549 4641 Venit
570 4595 746 4639 autem
775 4584 912 4639 Deus
938 4585 1007 4638 ad
1044 4585 1298 4645 Balaam,
1324 4591 1373 4636 et
1395 4583 1532 4635 dixit
1556 4582 1626 4635 ei.
1844 4579 2148 4634 Adventum
2181 4576 2357 4646 angeli
2387 4574 2682 4643 signiﬁcat,
2711 4565 3179 4638 quemadmodum
3218 4561 3309 4615 Dei
3340 4558 3562 4613 nomine

318 4676 543 4747 angelos
570 4671 883 4742 signiﬁcare
914 4670 1202 4741 Scriptura
1230 4669 1540 4725 consuevit.
1573 4665 1750 4721 Veluti
1776 4681 1902 4719 cum
1926 4666 2131 4720 dicitur
2164 4666 2545 4732 comparuisse
2576 4658 2717 4728 apud
2769 4655 3050 4709 Labanum
3080 4659 3138 4704 nt
3174 4663 3407 4721 pugnam
3437 4660 3567 4699 cum.

321 4734 493 4818 Jaeob
521 4769 916 4816 remoraretur.
978 4734 1112 4812 item
1173 4756 1528 4811 Abimeleeho
1575 4769 1671 4824 per
1704 4752 2097 4806 Abrahamum.
2138 4749 2274 4805 Cum
2317 4764 2447 4803 vero
2489 4745 2762 4803 secundos
2803 4742 3026 4796 nuntios
3077 4738 3318 4791 misisset
3368 4734 3564 4788 Balaac

325 4864 629 4918 aureosque
662 4854 877 4901 montes
909 4846 1219 4915 pollicendo
1248 4820 1593 4907 invitasset;
1617 4854 1782 4907 super
1828 4838 1933 4891 hoc
1981 4838 2198 4906 negotio
2232 4850 2363 4889 suos
2390 4833 2674 4888 danuones
2729 4830 2928 4882 iterum
2959 4822 3221 4890 consulit,
3259 4820 3403 4889 quod
3434 4832 3571 4888 erga

328 4935 495 4990 Deum
536 4904 594 4991 se
618 4935 799 4990 facere
854 4904 1013 4986 dicit.
1071 4931 1311 5002 Angelus
1355 4930 1521 4998 igitur
1550 4904 2075 4995 cum—apparuisset,
2115 4925 2327 4977 veniam
2383 4921 2608 4975 nuntio;
2638 4910 3011 4971 consectandi
3043 4909 3316 4964 concedit.
3352 4904 3559 4960 Verum

327 5024 430 5077 iter
459 5023 637 5093 ipsum
673 5032 894 5091 propter
923 5018 1347 5089 permissionem
1392 5016 1541 5070 illam
1571 4994 1749 5067 nihilo
1780 4994 1977 5067 melius
2034 5019 2151 5076 est;
2205 5027 2329 5065 nam
2374 5025 2497 5064 cum
2544 5007 2708 5062 rebus
2737 5018 2876 5073 quas
2913 5000 3071 5070 prius
3103 4996 3352 5051 audierat
3406 4994 3567 5047 Iidem

324 5080 640 5182 derogaret.
673 5080 1040 5176 interrogavit
1073 5107 1298 5169 iterum,
1331 5104 1537 5173 opibus
1567 5101 1796 5156 interim
1830 5099 2066 5162 inhians,
2103 5113 2272 5167 quare
2320 5097 2497 5167 ipsum
2549 5110 2653 5148 suo
2684 5089 2940 5161 permisit
2978 5083 3218 5155 ingenio.
3250 5080 3557 5136 Confestim

326 5201 494 5271 igltur
514 5199 708 5253 stravit
734 5197 970 5261 asinam,
1004 5209 1070 5249 ne
1096 5209 1127 5246 a
1155 5193 1263 5248 Deo
1293 5202 1649 5246 revocaretur
1701 5189 1933 5243 veritus.
2010 5186 2282 5252 Quocirca
2342 5185 2392 5238 ei
2440 5192 2699 5252 tanquam
2756 5175 3004 5230 maleﬁco
3041 5172 3356 5242 indignatur
3377 5167 3575 5229 etiam.

325 5286 577 5358 quamvis
611 5299 720 5340 non
752 5292 987 5342 avertat,
1014 5296 1082 5336 ne
1107 5281 1214 5335 vim
1249 5279 1328 5335 illi
1359 5278 1542 5333 facere
1598 5277 1866 5331 videatur.
1908 5273 2028 5343 lpse
2062 5287 2193 5328 vero
2217 5280 2302 5327 est
2324 5272 2417 5341 qui
2440 5265 2919 5338 comprehendens
2947 5263 3116 5315 vineit
3191 5259 3468 5326 sapientes
3512 5254 3577 5307 in

326 5344 530 5432 astutia
559 5391 659 5431 sua
689 5376 755 5428 ’⁸.
795 5373 929 5427 Nam
962 5374 1160 5443 linguae
1183 5387 1311 5425 eum
1357 5371 1426 5425 sit
1456 5370 1576 5439 ipse
1608 5367 1815 5439 opifex,
1845 5381 1963 5422 eam
1994 5376 2093 5433 pro
2114 5358 2344 5415 arbitrio
2393 5371 2495 5412 suo
2522 5356 2686 5423 regit,
2711 5352 2880 5407 etiam
2911 5365 3035 5402 eum
3061 5348 3109 5401 ei
3138 5360 3245 5400 non
3267 5344 3400 5398 utile
3425 5347 3578 5397 esset

233 5491 245 5505 -
327 5465 502 5527 abire,
536 5480 660 5520 cum
701 5463 897 5519 Balaac
921 5437 1069 5519 enini
1096 5460 1257 5532 perit,
1283 5437 1519 5529 eumque
1549 5437 1809 5527 populum
1841 5456 1905 5508 de
1934 5452 2107 5523 ipsius
2129 5446 2466 5519 providentia
2534 5439 2866 5514 persuadere
2896 5437 3078 5491 vellet.

402 5518 471 5605 ἐι
491 5518 636 5607 stetin
657 5551 875 5623 angelus
896 5518 952 5605 ut
986 5518 1259 5619 impediret
1291 5518 1467 5602 illam.
1531 5518 1669 5616 [ᾖξ’]
1701 5543 1835 5597 Cum
1886 5518 2065 5595 verbis
2090 5518 2215 5593 eum
2257 5534 2606 5605 castigasset,
2651 5530 3007 5595 animumque
3051 5520 3119 5575 ad
3161 5518 3401 5573 divinam
3442 5527 3571 5584 pro-

407 5696 451 5727 "
478 5694 631 5747 Deut.
658 5708 731 5751 tv.
764 5692 858 5747 58.
932 5690 975 5722 "
998 5687 1139 5744 Psal.
1170 5700 1285 5750 cnt,
1322 5684 1416 5740 55.
1490 5682 1534 5714 ²⁶
1566 5680 1726 5737 Prov.
1761 5694 1861 5734 xxv

340 5766 505 5822 iter.
541 5780 625 5822 tu.
661 5764 742 5817 l9.

1965 5676 1997 5730 ί.
2076 5675 2119 5708 ³⁷
2155 5671 2325 5727 Exod.
2358 5686 2434 5737 tr,
2467 5669 2551 5724 l6.
2627 5668 2673 5701 ³⁸
2700 5666 2860 5722 Prov.
2893 5654 3109 5726 παιδί.
3160 5655 3201 5687 ⁸³
3234 5650 3335 5706 Joh
3369 5666 3425 5713 ν.
3460 5648 3573 5712 l3;

425 5781 505 5820 or.
541 5780 625 5829 tu,
661 5780 742 5817 ιν.
