4050 6212
495 303 604 367 863
1829 307 2185 369 PROCOPII
2220 308 2465 370 eam
3663 295 3771 359 861

497 413 740 486 pbetiam
792 410 1215 482 suscipiendum
1258 417 1405 467 metu
1462 411 1846 477 instruxisset,
1881 413 2086 470 factum
2112 416 2429 471 subintulit.
2471 416 2592 482 Quo
2627 427 2696 468 eo
2726 413 2848 482 ipso
2888 424 3106 480 quoque
3131 408 3372 478 quantus
3400 401 3458 455 in
3487 401 3766 461 immensa

498 503 591 556 Dei
627 500 976 572 providentia
1003 499 1305 555 thesaurus
1340 506 1489 555 esset
1518 500 1799 570 repositus
1831 500 2098 559 lsraelita:
2135 502 2536 572 intelligerent,
2575 515 2800 572 quoque
2842 498 2911 554 de
2954 496 3177 553 Christo
3226 488 3487 547 vaticinia
3518 505 3631 547 non
3670 507 3767 547 so-

497 590 608 647 'um
642 589 697 643 in
723 585 927 643 lsraeie
957 594 1290 641 tererentur.
1321 584 1457 639 Nam
1491 596 1672 643 metus
1702 603 1733 642 a
1766 588 1993 658 magica:
2058 589 2246 644 studio
2280 588 2536 649 abduxit.
2595 596 2651 643 et
2696 588 2751 641 in
2795 585 3035 657 gratiam
3082 582 3248 637 Baiae
3296 580 3407 637 Deo
3435 579 3763 646 rebellaret,

497 674 700 732 eﬁecit.
732 673 1206 742 Quemadmodum
1238 671 1378 727 Mosi
1413 689 1637 743 quoque
1663 674 1858 730 eodem
1893 674 2080 731 habitu
2107 678 2385 747 apparuit,
2421 684 2481 730 nt
2503 676 2555 732 ei
2587 684 2790 731 metum
2814 674 3103 736 eximeret,
3136 687 3205 726 ne
3238 671 3579 726 Pharaonem
3602 670 3763 725 exti-

498 769 789 825 mesceret,
828 760 1053 831 Deoque
1112 758 1439 814 inobediens
1489 768 1660 818 easet.
1708 759 1939 816 instruit
1989 777 2119 818 vero
2160 779 2286 818 eum
2316 765 2384 819 ad
2427 764 2678 819 divinent
2709 762 3065 817 vaticinium.
3102 759 3235 814 Nam
3264 759 3541 829 apparitio
3569 758 3761 829 angeli

498 858 703 904 metum
734 848 891 910 fecit,
926 862 1088 917 quem
1117 847 1325 905 indicat
1358 846 1527 901 etiam
1563 848 1666 901 hoc
1686 847 1834 917 quod
1869 846 2038 904 Deum
2066 851 2209 906 dixit
2242 867 2341 922 pro
2381 852 2599 922 angelo,
2649 850 2972 921 angelorum
3023 850 3227 918 quippe
3261 856 3591 915 conspectus
3613 847 3759 900 ami-

497 956 528 993 c
554 954 579 991 s
606 952 699 993 res
721 936 1128 1006 iucundissima
1151 949 1274 989 esse
1304 935 1468 996 solet,
1500 935 1757 991 hostibus
1783 951 1916 991 vero
1943 937 2223 995 horrenda
2260 941 2445 996 valde.
2479 940 2755 995 Ca'tcrum
2787 940 2941 994 asina
2972 936 3216 1006 ipsorum
3265 935 3504 1006 ineptias
3533 934 3757 1005 prospi-

501 1027 679 1089 ciens,
709 1040 806 1080 eas
828 1024 1132 1092 redarguit,
1171 1022 1373 1076 malum
1403 1023 1549 1076 enim
1579 1037 1777 1078 cavere
1807 1024 1983 1080 satius
2017 1033 2103 1080 est
2132 1043 2297 1097 quam
2351 1028 2684 1092 admittere;
2731 1025 3008 1093 simulque
3062 1023 3296 1087 indicat,
3327 1021 3476 1092 quod
3523 1020 3578 1078 si
3619 1020 3756 1092 quis

499 1114 612 1168 Deo
640 1115 714 1167 sit
736 1111 1060 1167 inobediens
1089 1111 1318 1178 angelus
1347 1124 1453 1163 non
1495 1108 1668 1163 aliter
1698 1124 1814 1165 rem
1845 1111 2098 1179 mstimet,
2145 1116 2469 1186 aequiusque
2508 1113 2653 1169 ferat
2684 1127 2849 1184 quam
2878 1112 2924 1168 si
2964 1110 3084 1181 ipse
3121 1116 3478 1180 contemptus
3505 1117 3651 1164 esset
3682 1123 3753 1164 ac

498 1202 800 1272 neglectus.
832 1200 969 1256 illud
1000 1214 1130 1253 vero
1150 1197 1301 1268 quod
1330 1205 1612 1268 spectatur
1638 1198 1878 1267 speciem
1908 1200 2208 1269 quamdam
2254 1217 2441 1259 rerum
2469 1201 2655 1265 habet,
2688 1213 2882 1255 revera
2922 1205 3111 1252 tamen
3142 1196 3416 1261 nihilost,
3450 1210 3562 1252 non
3596 1195 3750 1251 enim

492 1288 709 1357 gladius
734 1287 945 1357 angelis
978 1292 1221 1351 estynec
1250 1285 1453 1340 ferrum
1486 1284 1541 1338 in
1573 1286 1714 1340 caelo
1744 1303 1760 1352 ;
1794 1287 1979 1339 omnia
2008 1301 2138 1344 vero
2174 1288 2336 1358 plena
2370 1287 2605 1344 terroris
2639 1274 2774 1342 sunt
2800 1285 2850 1340 ei
2884 1285 2979 1355 qui
3010 1292 3160 1339 metu
3189 1283 3421 1355 indiget,
3446 1284 3608 1338 etiam
3636 1297 3748 1338 vox

495 1375 608 1443 ipsa
641 1373 806 1429 asini.
835 1371 1008 1428 Porro
1035 1372 1151 1441 ipsa
1179 1372 1323 1426 visio
1353 1371 1637 1425 auditione
1669 1372 1844 1426 multo
1902 1372 2225 1428 horribilior
2265 1375 2546 1445 irrogatur
2577 1373 2629 1429 ei
2656 1373 2750 1442 qui
2787 1378 3143 1442 spectaturus
3172 1377 3289 1426 erat
3327 1370 3604 1440 angelum,
3631 1384 3747 1426 non

484 1474 557 1516 eo
590 1458 717 1522 ﬁne,
750 1465 808 1512 ut
833 1465 982 1514 metu
1047 1456 1133 1513 sui
1184 1458 1293 1512 iter
1340 1456 1757 1526 intercluderet,
1802 1473 1928 1513 cum
1974 1460 2154 1529 ipsum
2189 1461 2239 1517 ei
2267 1472 2415 1519 esset
2459 1474 2824 1526 concessum,
2873 1473 3067 1515 verum
3116 1466 3176 1513 ut
3213 1458 3283 1514 ab
3314 1457 3530 1513 insidiis
3551 1464 3750 1514 contra

490 1562 877 1618 quemcunque
908 1555 1234 1618 praetextum
1259 1546 1627 1601 abstraheret.

559 1657 825 1728 Angeium
874 1670 1007 1712 vero
1062 1655 1215 1710 illum
1269 1654 1589 1710 Miciiaeiem
1651 1667 1776 1710 esse
1821 1654 2068 1719 tradunt,

2239 1658 2344 1711 Τὸν
2388 1654 2619 1727 ἄγγελόν
2689 1673 2823 1726 φασι
2876 1654 3098 1725 Μιχαὴλ
3154 1650 3296 1708 εἶναι
3363 1653 3453 1709 τὸν
3499 1655 3752 1723 ἐγκεχει-

492 1763 613 1801 eum
641 1746 894 1802 videlicet
917 1747 1011 1817 qui
1040 1747 1296 1802 israclem
1329 1753 1414 1800 est
1441 1744 1688 1799 adortus.
1709 1743 2069 1801 liehraismus

2178 1751 2431 1822 ρισμένον
2453 1751 2544 1805 τὸν
2567 1748 2808 1821 Ἰσραήλ.
2825 1747 2900 1801 Τὸ
2910 1746 2989 1815 δὲ,
3008 1746 3301 1812 διαϐαλεῖν,
3321 1747 3381 1801 τὸ
3405 1746 3504 1817 μὲν
3528 1744 3752 1816 Ἐϐραῖ-

492 1833 708 1905 quidem
737 1834 1011 1902 impedire.
1043 1834 1270 1904 Aquilas
1291 1849 1418 1889 vero
1450 1833 1619 1889 Satan
1666 1834 1848 1890 habet.
1900 1833 2075 1891 Theo-

2177 1842 2271 1896 κδν
2296 1843 2389 1896 καὶ⁵
2403 1841 2654 1909 Ἀκύλας,
2678 1838 2899 1902 Σατὰν,
2917 1836 3032 1908 ἔχει
3051 1854 3066 1869 ·
3101 1839 3130 1891 6
3159 1837 3219 1892 δὲ
3241 1837 3560 1902 Θεοδοτεων,
3586 1837 3751 1891 ἀντιρ-

489 1926 677 1980 dotion
709 1923 941 1980 obstare.

564 2016 810 2071 Etsi‘non
824 2017 1139 2072 declinasse!
1156 2032 1335 2071 coram
1352 2032 1452 2071 me.
1470 2014 1660 2088 [XXIL
1674 2015 1793 2090 33.]
1803 2015 2070 2073 Obedien-
2134 2062 2144 2069 .

492 2112 566 2163 tia
603 2109 725 2178 ejus
758 2109 857 2163 tibi
888 2107 1051 2163 saluti
1083 2107 1204 2163 fuit.
1236 2107 1316 2162 Ita
1355 2107 1494 2177 perit
1526 2106 1781 2163 videlicet
1800 2107 2072 2178 quidquid

498 2198 606 2253 Deo
666 2208 752 2254 est
809 2199 1136 2265 adversum,
1206 2197 1671 2270 quemadmodum
1735 2199 1974 2255 tenebra:
2040 2214 2073 2254 a

495 2294 635 2346 luce.

564 2382 829 2449 Quoniam
881 2400 985 2438 non
1036 2383 1155 2438 novi
1193 2384 1333 2455 quod
1404 2390 1459 2435 tu
1499 2391 1686 2436 contra
1739 2398 1821 2436 me
1876 2391 2069 2437 stares.

492 2471 633 2545 |5t.]
659 2474 815 2540 Quod
841 2475 885 2531 si
909 2490 1095 2531 verum
1128 2474 1331 2530 fatetur
1379 2488 1504 2529 cum
1547 2472 1799 2528 veritatis
1829 2471 2072 2527 indictus

490 2574 637 2619 esset
661 2565 855 2631 hostis,
896 2572 958 2623 se
992 2581 1058 2622 ex
1104 2566 1266 2622 nudis
1300 2564 1484 2621 verbis
1537 2564 1604 2619 ad
1653 2579 1716 2620 se
1761 2562 1919 2618 iactis
1960 2576 2070 2616 non

489 2659 782 2727 agnovisse
829 2657 999 2714 Deum
1062 2665 1317 2722 testatur,
1354 2663 1693 2728 quapropter
1726 2655 1899 2726 angeli
1930 2654 2071 2710 visio

491 2749 805 2804 necessaria
835 2760 974 2805 erat.
1834 2756 1848 2770 '

2177 1932 2430 1988 κεῖσθαι.

2248 2024 2355 2078 Καὶ
2383 2022 2501 2078 νῦν
2525 2025 2579 2077 ει
2600 2024 2687 2094 μὴ
2712 2024 3025 2090 ἐξέκλινεν
3052 2020 3154 2077 ἀπ’
3177 2019 3344 2093 ἐμοῦ.
3372 2019 3446 2073 Τὸ
3499 2018 3751 2085 εὐπειθὲς

2177 2113 2397 2182 ἐκείνης
2443 2113 2634 2182 γέγονέ
2674 2130 2757 2167 σοι
2820 2113 3106 2185 σωτήριον.
3162 2109 3351 2173 Οὕτως
3385 2108 3649 2164 ἀπόλλυσι
3681 2109 3749 2162 τὸ

2176 2202 2315 2273 πρὸς
2346 2201 2481 2255 Θεὸν
2530 2202 2865 2276 ἐναντίωμα,
2924 2202 3176 2274 καθάπερ
3221 2200 3523 2256 ἀπόλλυται
3557 2199 3748 2265 σκότος

2175 2295 2281 2349 ὑπὸ
2313 2295 2510 2365 φωτός.

2249 2386 2332 2439 Οὐ
2353 2384 2464 2455 γὰρ
2490 2385 2861 2456 ἠπιστάμην,
2893 2385 2983 2440 ὅτι
3009 2386 3091 2441 σύ
3119 2403 3215 2455 μοι
3247 2384 3646 2452 ἁνθέστηκας.
3684 2384 3747 2437 ει

2176 2477 2251 2548 μὴ
2276 2476 2533 2547 ψεύδεται
2570 2477 2645 2542 ὡς
2670 2478 2931 2548 ἀλήθείας
2965 2478 3178 2550 ἐχθρὸς,
3223 2477 3383 2549 δῆλός
3442 2477 3611 2541 ἔστιν,
3673 2475 3752 2538 ὡς

2171 2570 2268 2639 οὔχ
2296 2567 2468 2633 οὕτως
2491 2570 2599 2622 ἀπὸ
2629 2570 2738 2623 τῶν
2766 2571 3073 2642 εἰρημένων
3101 2570 3276 2639 λόγων
3321 2567 3552 2638 ἐγνώκει
3591 2567 3752 2624 Θεόν.

2173 2661 2338 2716 Ὅθεν
2367 2663 2663 2731 ἀναγκαῖον
2692 2663 2788 2716 τοῦ
2816 2663 3051 2732 ἀγγέλου
3077 2663 3139 2716 τδ
3165 2662 3368 2732 θέαμα.

564 2840 829 2895 Subduxit
855 2859 973 2896 eum
1003 2844 1057 2895 in
1084 2843 1293 2896 excelsa
1344 2840 1503 2895 Bnal.
1556 2839 1699 2912 [4L]
1744 2840 2039 2911 Impiorum
2084 2840 2488 2895 sacriﬁciorum
2517 2843 2673 2897 locus
2716 2841 3226 2898 machinationibus
3262 2848 3463 2897 contra
3489 2839 3757 2897 istaelem

489 2928 824 2993 destinatur,
855 2939 1187 3000 argumento
1225 2929 1628 2982 imbecillitatis
1676 2927 2011 2990 daemonum,
2074 2929 2451 2986 multitudinis
2483 2931 2859 2995 victimarum,
2895 2939 2950 2985 et
2997 2930 3211 2987 technm
3266 2928 3515 2984 Balaami
3538 2928 3636 2999 qui
3671 2934 3758 2984 tot

490 3024 755 3084 tantaque
786 3024 1055 3084 gesserat.
1084 3015 1237 3071 Nulla
1268 3016 1413 3068 enim
1450 3015 1533 3093 vis
1564 3023 1759 3069 contra
1794 3014 2111 3071 Dominum.
2155 3012 2301 3081 Quin
2328 3026 2384 3071 et
2414 3016 2591 3073 sacris
2622 3033 2682 3074 se
2707 3019 2893 3090 jungit
2918 3017 3140 3087 Baiaae,
3165 3016 3445 3087 simulque
3470 3023 3756 3086 operatur,

491 3118 602 3172 quo
631 3103 927 3158 inﬁrmitas
957 3117 1021 3156 ea
1064 3104 1137 3157 sit
1168 3101 1503 3156 evidentior.

565 3188 679 3259 Ego
710 3188 901 3244 tradam
927 3191 975 3243 si
1007 3189 1144 3258 forte
1172 3188 1431 3243 Dominus
1464 3188 1596 3241 mihi
1617 3187 1821 3242 obviam
1851 3190 1970 3257 ﬁat.
2005 3187 2223 3260 [XXliL
2266 3186 2345 3261 5.]
2375 3189 2663 3245 Dmmones
2703 3190 2806 3245 sibi
2863 3190 3169 3246 iariiiares
3200 3188 3464 3253 consulit,
3493 3203 3523 3243 a
3544 3191 3760 3260 uguriis

492 3276 638 3329 enim
673 3275 750 3329 uti
777 3286 1164 3331 consueverat.
1212 3274 1412 3328 Verum
1445 3290 1639 3330 eorum
1680 3277 1812 3328 nulli
1849 3291 2179 3346 comparere
2233 3285 2320 3332 est
2377 3280 2732 3348 permissum.
2787 3277 2951 3334 Venit
2977 3278 3143 3356 419
3170 3286 3354 3334 autem
3395 3278 3626 3333 nuntius
3660 3276 3761 3334 Dei

496 3364 590 3432 qui
622 3363 755 3416 nihil
778 3361 998 3431 quidem
1033 3363 1200 3426 dixit,
1238 3363 1335 3417 sed
1380 3361 1438 3416 in
1466 3377 1532 3417 eo
1555 3377 1679 3431 quae
1704 3360 1959 3418 dicturus
1984 3372 2131 3419 esset
2151 3372 2417 3434 operatus
2438 3374 2546 3421 est.

566 3475 715 3529 Dixit
747 3477 938 3546 igitur,
962 3493 1057 3548 pro
1081 3486 1332 3547 operatus
1361 3486 1460 3544 est,
1486 3479 1746 3548 ponitur;
1783 3493 1891 3534 non
1917 3479 2064 3535 enim

2240 3483 2335 3549 Τὸ,
2362 3483 2553 3547 εἶπεν,
2583 3482 2706 3536 ἀντὶ
2735 3482 2853 3549 τοῦ,
2885 3483 3245 3551 ἐνήργησεν.
3290 3485 3366 3539 Οὐ
3409 3486 3517 3556 γὰρ
3556 3481 3761 3556 ἐρρέθη

495 3566 658 3620 verba
693 3567 768 3621 illi
828 3567 974 3623 facta
1028 3580 1178 3636 sunt,
1219 3570 1313 3625 sed
1367 3570 1587 3625 animus
1626 3579 1925 3642 apparatus
1961 3580 2065 3628 est.

495 3654 668 3711 Porro
700 3656 829 3725 quid
861 3659 1329 3715 incommoditatis
1357 3661 1464 3715 erit
1494 3662 1700 3715 sentire
1720 3663 1866 3733 quod
1897 3677 2074 3734 augu-

494 3746 594 3799 riis
628 3759 734 3799 non
772 3746 937 3801 solito
968 3762 1119 3802 more
1147 3762 1283 3805 usus
1319 3748 1413 3813 sit,
1450 3763 1685 3819 sperans
1706 3751 1964 3804 nimirum
1991 3752 2071 3805 iu-

494 3842 678 3889 turum
708 3835 812 3891 sibi
861 3836 1080 3891 obviam
1112 3852 1238 3892 eum
1273 3838 1367 3907 qui
1407 3837 1646 3906 dixerat,
1701 3840 2075 3911 quodcunque

492 3943 594 3996 ego
625 3926 724 3981 tibi
751 3927 1036 3984 dictavero
1073 3918 1343 3999 loqueris.

2169 3576 2413 3644 ῥήματα,
2447 3574 2584 3627 ἀλλά
2606 3574 3031 3644 παρεσκευάσθη
3058 3575 3093 3643 ἡ
3111 3574 3284 3647 ψυχή.
3308 3575 3608 3657 Μᾶλλονοᾶ
3629 3590 3761 3644 νοη-

2167 3668 2309 3729 τέον,
2342 3666 2419 3729 ὡς
2456 3664 2556 3718 οὐκ
2579 3666 2857 3735 ἐχρήσατο
2887 3664 3139 3735 συνήθως
3170 3667 3285 3728 τοῖς
3323 3668 3564 3727 οἰωνοῖς,
3618 3663 3762 3734 θαρ-

2172 3756 2280 3823 ῥῶν
2299 3754 2448 3823 αὐτῷ
2479 3754 2912 3825 συναντήσεσθαι
2941 3753 3033 3807 τὸν
3057 3752 3305 3818 εἰπόντα,
3324 3754 3408 3807 ὅτι
3432 3755 3499 3807 Ὃ
3523 3753 3592 3807 ἂν
3620 3752 3764 3805 εἴπω

2174 3862 2277 3911 σοι,
2311 3846 2593 3915 λαλήσεις.

568 4017 636 4071 Et
675 4018 778 4088 fuit
809 4020 1027 4088 spiritus
1054 3996 1160 4077 Dei
1187 4024 1241 4076 in
1272 4022 1410 4093 ipso.
1449 4020 1591 4076 Metu
1622 4022 1766 4077 enim
1793 4023 2196 4092 apparitionum
2231 4021 2537 4076 adornatus
2573 4019 2773 4085 fuerat,
2800 4033 2901 4074 nec
2932 4018 3137 4073 mirum
3173 4031 3496 4084 sane,gcum
3527 4027 3581 4072 et
3600 3996 3763 4074 asina

494 4107 722 4176 spiritus
758 4107 909 4163 illius
930 4108 1227 4164 eﬁicaeiam
1260 4109 1584 4178 recepisset,
1619 4112 1877 4178 quamvis
1909 4112 2186 4181 ignoraret
2224 4123 2346 4176 qua:
2385 4108 2727 4164 dicerentur.
2777 4105 2920 4162 Deus
2949 4105 3095 4162 enim
3127 4121 3196 4161 ex
3230 4104 3502 4176 lapidibus
3535 4121 3764 4175 quoque

494 4210 683 4252 vocem
717 4197 971 4262 suscitat,
996 4197 1153 4265 juxta
1185 4198 1318 4253 illud
1349 4215 1363 4250 :
1400 4216 1419 4249 ι
1458 4196 1620 4279 Quod
1641 4198 1690 4254 si
1722 4199 2005 4253 tacuerint
2046 4196 2149 4261 iiii,
2188 4195 2403 4265 lapides
2436 4194 2891 4249 vociferabuntur
2925 4196 2992 4248 ιι.
3034 4212 3053 4245 ι

568 4304 633 4360 Et
663 4316 934 4372 assumpta
961 4306 1221 4376 parabola
1263 4306 1364 4378 [7.]
1406 4306 1521 4363 Hoc
1565 4308 1729 4361 modo
1759 4307 2066 4376 sapientem

494 4414 804 4455 sermonem
857 4413 1054 4453 vocare
1109 4397 1393 4469 Scriptura
1454 4401 1616 4464 solet,
1663 4398 1819 4467 juxta
1879 4399 2064 4452 illud:

499 4510 518 4543 ι
554 4491 809 4561 Aperiam
849 4489 904 4543 in
930 4488 1184 4558 parahoia
1212 4504 1274 4544 os
1303 4505 1484 4544 meum
1519 4491 1585 4543 ".
1631 4508 1650 4540 ι

2246 4302 2355 4358 Καὶ
2381 4302 2703 4357 ἀναλαϐὼν
2731 4302 2847 4369 τὴν
2886 4302 3245 4371 παραϐολὴν
3270 4302 3475 4360 αὐτοῦ.
3515 4302 3764 4373 Παραδο-

2174 4394 2294 4465 λὴν,
2335 4392 2429 4446 τὸν
2469 4393 2631 4463 σοφὸν
2659 4392 2816 4461 λόγον
2841 4392 3033 4447 εῐωθεν
3065 4395 3098 4465 ἡ
3130 4393 3323 4466 Γραφὴ
3368 4392 3549 4462 λέγειν
3568 4434 3584 4459 ,
3620 4393 3762 4446 κατά

2174 4486 2254 4551 τὸ,
2294 4503 2313 4537 ι
2362 4483 2587 4549 Ἀνοίξω
2623 4485 2681 4539 ἐν
2716 4483 3006 4556 παραϐολῇ
3037 4484 3098 4537 τὸ
3127 4484 3304 4555 στόμα
3334 4501 3458 4555 μου.
3494 4504 3515 4537 r

567 4602 707 4658 Dicit
737 4613 917 4656 autem
948 4616 1011 4655 ea
1042 4616 1166 4670 qua:
1193 4601 1559 4655 lsraeiitarum
1594 4602 1787 4657 audire
1817 4602 2054 4657 maxime
2083 4602 2367 4665 intererat,
2395 4613 2515 4668 quae
2547 4599 2602 4652 in
2635 4599 2991 4669 proverbium
3020 4605 3177 4652 erant
3204 4599 3443 4661 abitura;
3473 4598 3765 4655 israelem-

494 4707 601 4758 que
633 4689 859 4745 miriﬁce
887 4705 1015 4760 erga
1053 4688 1220 4744 Deum
1249 4686 1530 4743 aﬁ'ectnra.
1564 4687 1807 4754 Quorum
1842 4689 2093 4745 lsraeictn
2126 4705 2191 4741 co
2217 4685 2555 4742 utnonel‘acit
2589 4701 2808 4756 quoque
2852 4700 2947 4755 per
2978 4684 3259 4740 Michazam
3291 4687 3457 4751 Deus,
3497 4702 3625 4741 cum
3666 4687 3758 4741 in-

496 4781 615 4844 qttit
652 4797 665 4832 :
705 4796 723 4830 ι
761 4776 962 4847 Popule
987 4778 1081 4843 mi,
1116 4776 1248 4847 quid
1276 4776 1380 4831 feci
1409 4776 1508 4831 tibi
1542 4777 1640 4839 ⁸³.»
1671 4785 1724 4832 et
1754 4792 1873 4847 quae
1903 4777 2183 4845 deinceps.
2213 4776 2367 4843 Quod
2392 4778 2537 4830 enim
2564 4776 2902 4845 benignitate
2934 4773 3027 4828 Dei
3056 4774 3261 4830 factum
3291 4785 3399 4842 est,
3429 4775 3762 4831 condemna-

498 4865 631 4919 lioni
666 4865 811 4921 cedit
864 4864 1195 4931 inﬁdelibus,
1230 4865 1431 4935 quibus
1478 4864 1726 4921 dicitur:
1763 4884 1782 4918 ι
1838 4864 1962 4920 ilznc
2019 4864 2251 4921 Domino
2311 4864 2556 4919 vicissim
2615 4861 2846 4918 redditis
2886 4862 2952 4916 “.
2998 4880 3017 4914 ι
3059 4860 3213 4918 Unde
3246 4863 3314 4918 ad
3368 4862 3762 4933 Deum'inquit

499 4952 665 5008 David
699 4971 713 5008 :
759 4970 778 5004 ι
826 4952 891 5007 Ut
915 4953 1235 5022 justiiieeris
1266 4955 1320 5008 in
1348 4953 1532 5009 verbis
1569 4955 1679 5008 tuis
1710 4953 1776 5008 ⁸³.
1823 4973 1840 5005 ι

570 5060 692 5117 Νοη
727 5071 785 5116 ut
815 5062 968 5116 homo
1002 5062 1143 5117 Deus
1182 5064 1449 5133 perforari
1472 5074 1667 5133 potest.
1706 5063 1848 5135 “9.”,
1875 5064 2070 5118 Castori

500 5162 557 5207 ut
587 5154 906 5215 mentiatur,
936 5152 1316 5216 reddiderunt,
1345 5153 1564 5222 quidam
1590 5168 1721 5207 vero
1752 5161 1808 5206 ut
1833 5168 2069 5221 suspen-

499 5245 661 5300 datur
686 5254 741 5300 et
769 5244 1126 5314 despiciatur,
1158 5254 1554 5315 exposuerunt.
1584 5244 1818 5300 Tantum
1847 5245 2070 5313 adjutus

2245 5065 2367 5132 Οὐχ
2392 5062 2473 5129 ὡς
2499 5061 2813 5129 ἅνθρωπος
2840 5063 2872 5115 ό
2912 5058 3059 5126 Θεὸς
3076 5056 3487 5128 διατρηθῆναι.
3505 5056 3569 5113 Οἱ
3584 5056 3759 5112 λοιποὶ

2170 5155 2490 5221 ὲξὲδωκαν,‹
2530 5152 2618 5206 ἵνα
2656 5150 2983 5222 ψεύσηται.»
3018 5151 3176 5214 Τινὲς
3197 5151 3275 5214 δὲ,
3303 5170 3322 5202 ι
3349 5148 3754 5219 ὑπερτεθῆναι»

2153 5245 2278 5302 καει
2297 5244 2663 5315 παροφθῆναι,
2679 5263 2697 5294 ι
2717 5243 3075 5313 ἐξηγήσαντο.
3098 5240 3285 5304 Οὕτως
3301 5240 3583 5309 ὠφέλησεν
3598 5239 3761 5293 αὐτὸν

498 5347 585 5392 est
641 5335 804 5392 minis
857 5337 1056 5405 angeli.
1105 5336 1373 5391 Ca'icrunt
1417 5338 1600 5407 pravis
1644 5348 1698 5389 et
1753 5334 2070 5390 inﬁdelibus

2177 5340 2206 5407 ἡ
2238 5335 2436 5407 ἀπειλὴ
2472 5334 2566 5387 τοῦ
2602 5334 2860 5403 ἀγγέλου.
2891 5334 3002 5388 Καὶ
3028 5334 3286 5403 πονηροῖς
3307 5332 3365 5385 δὲ
3388 5331 3485 5384 καὶ
3506 5329 3757 5392 ἀπίστοις

505 5426 688 5481 divina
739 5425 1087 5481 ordinatione
1138 5427 1319 5480 futura
1359 5427 1691 5489 revelantur,
1716 5425 2065 5495 quemadmo-

501 5519 629 5574 dum
661 5517 960 5588 Pharaoni,
988 5518 1514 5574 Nabuchodonozori
1542 5527 1596 5574 et
1627 5518 1735 5575 ﬁlio
1775 5519 1968 5588 ipsius.

2174 5431 2243 5482 6t‘
2274 5428 2593 5499 οἰκονομίαν
2619 5426 2680 5478 τὸ
2716 5426 2910 5496 μέλλον
2942 5423 3419 5503 ἀετνςοιιαλύτνεσεεταιι
3440 5422 3518 5486 ὡς
3549 5421 3648 5476 καὶ
3683 5420 3760 5491 τῷ

2180 5520 2404 5590 Φαραὼ,
2439 5519 2534 5573 καὶ
2571 5516 3067 5589 Ναϐουχοδονόσορ,
3101 5516 3198 5570 καὶ
3224 5515 3302 5587 τῷ
3332 5514 3525 5569 τούτου
3559 5513 3732 5567 παιδί.

588 5697 631 5729 ³·
659 5699 794 5757 Luc.
829 5712 939 5764 xIx,
986 5703 1069 5763 40.
1147 5703 1191 5734 ³²
1236 5701 1371 5759 Psal,
1412 5704 1692 5769 Lxxvn,2.
1749 5703 1813 5755 ,³³
1846 5703 2007 5759 Mich.
2036 5718 2075 5758 v1

2177 5744 2190 5759 .
2274 5703 2317 5737 ³⁸
2353 5662 2507 5761 Deut.
2542 5720 2714 5770 χχιιι,
2748 5704 2801 5759 6.
2882 5703 2925 5737 ³⁸
2951 5700 3096 5758 Psai.
3128 5715 3181 5768 1.,
3206 5694 3257 5752 ii.
