4050 6212
275 341 386 410 835
771 319 822 336 ”’
1323 336 1854 401 COMMENTARII
1895 340 1978 403 IN
2011 339 2404 403 NUMEROS.
3423 341 3529 404 sos

351 455 412 510 Et
434 451 542 520 fuit
567 465 724 521 super
743 465 802 506 eo
828 449 1060 520 Spiritus
1087 449 1209 506 Dei.
1237 449 1452 523 [XXII],
1471 451 1550 523 8.]
1575 451 1766 508 Nullus
1791 452 1934 507 enim
1965 451 2346 521 potestdicere
2361 449 2625 505 Dominus
2642 448 2750 506 nisi
2773 449 2826 504 iu
2854 449 3062 520 Spiritu
3102 449 3219 519 Dei,
3239 459 3293 510 et
3317 451 3420 508 hac
3443 470 3529 508 ra-

273 545 428 600 tione
479 539 755 608 Caiaphas
817 553 1038 608 quoque
1070 539 1420 592 vaticinatur.
1479 537 1686 594 Lumen
1728 540 1874 594 enim
1911 539 1964 592 in
1997 539 2238 593 tenebris
2283 539 2452 602 lucet,
2487 551 2548 590 ac
2589 537 2830 590 tenebas
2863 536 3044 605 ipsum
3075 551 3182 590 non
3216 539 3532 606 apprehen-

272 634 434 690 dunt.
460 634 582 696 Quo
612 628 796 681 minus
831 642 960 682 vero
1000 627 1384 682 admirationis
1418 627 1578 682 nobis
1609 634 1823 697 pareret
1854 623 1994 680 asini
2023 622 2248 687 factum,
2284 633 2474 692 utpote
2513 621 2656 690 quod
2691 620 2867 688 majus
2899 629 3040 684 erat,
3079 622 3274 676 divina
3311 623 3535 675 ordina-

275 722 420 775 tione
451 725 578 770 aute
613 714 902 784 praevisum
927 722 1068 768 erat.
1097 713 1202 769 Per
1233 715 1346 768 haec
1372 714 1520 769 enim
1575 716 1724 768 velut
1773 728 1869 784 per
1896 712 2205 781 jumentutn
2255 710 2394 764 Deus
2438 717 2522 764 est
2573 710 2812 763 loculus.
2847 709 3116 764 Caeterum
3149 723 3273 762 cum
3309 707 3530 762 Balaam

271 803 640 862 differentiam
690 803 954 857 sensisset
1003 802 1246 856 animum
1295 801 1362 854 ad
1407 800 1460 854 id
1483 800 1628 869 quod
1666 815 1796 855 vere
1829 815 1931 854 nec
1959 806 2020 852 ut
2048 799 2212 868 paulo
2247 807 2373 852 ante
2405 798 2747 867 praestigiose
2779 797 2998 850 videbat
3025 797 3249 865 adjecit.
3287 794 3442 850 [lude
3479 804 3534 849 et

272 892 406 946 illud
441 907 456 942 :
493 910 510 942 ι
542 888 782 942 Revelati
823 897 950 940 sunt
971 888 1118 942 oculi
1163 871 1282 956 ejus
1321 895 1586 955 tanquam
1634 886 1952 955 perspicilli.
2012 904 2030 936 ι
2075 885 2310 951 Quidam
2355 901 2483 939 vero
2534 887 2758 938 tradunt
2790 883 2935 952 quod
2973 899 3068 952 per
3095 883 3336 938 ruditum
3365 883 3534 938 asina:

269 979 338 1032 de
374 976 557 1030 studio
584 975 690 1030 sibi
717 975 998 1043 proposito
1025 975 1094 1028 sit
1125 973 1355 1028 edoctus
1393 988 1500 1026 non
1527 973 1684 1026 aliter
1705 988 1866 1042 quam
1895 990 1990 1044 per
2019 975 2200 1028 aviqu
2226 985 2423 1030 cantus
2451 983 2545 1028 aut
2569 975 2830 1044 gat-ritus,
2858 973 3089 1041 ejusque
3115 987 3310 1026 sonum
3336 988 3531 1040 quem-

271 1061 566 1118 admodum
600 1061 884 1114 brutorum
919 1060 1237 1113 animalium
1282 1074 1446 1114 voces
1491 1069 1878 1122 consueverat,
1909 1061 2112 1116 virtute
2146 1063 2384 1131 quadam
2435 1077 2498 1116 ac
2539 1063 2786 1133 potentia
2814 1061 3145 1114 dauuouiaca
3172 1057 3534 1122 consuluerit,

271 1149 734 1222 quemadmodum
769 1147 1078 1202 luculenter
1113 1146 1398 1215 Scriptura
1433 1147 1735 1200 enarravit.
1764 1145 1963 1202 Verum
1987 1163 2086 1218 per
2111 1163 2173 1202 ea
2208 1163 2329 1217 quae
2353 1148 2428 1201 illi
2473 1148 2652 1201 fraudi
2687 1147 2910 1201 fuerunt
2948 1146 3170 1200 virtutis
3202 1146 3404 1199 divina:
3439 1145 3534 1197 Iir—

273 1239 522 1292 mitatem
557 1233 768 1289 didicit.
813 1234 890 1288 Ac
924 1234 1091 1288 simili
1117 1249 1250 1288 sane
1285 1233 1448 1287 modo
1486 1233 1626 1302 legio
1676 1233 1729 1288 in
1773 1235 2084 1304 Evangeliis
2129 1236 2389 1304 potentias
2430 1233 2628 1287 divinae
2658 1234 2724 1285 ad
2774 1233 3143 1286 resistendum
3181 1241 3367 1301 parata
3393 1239 3532 1291 erat.

273 1339 398 1379 cum
443 1331 624 1377 autem
653 1322 906 1376 cominus
928 1321 1171 1376 venisset
1227 1321 1317 1376 ille
1365 1321 1526 1390 cujus
1565 1322 1839 1391 majestati
1893 1337 1958 1376 ac
1985 1323 2215 1380 imperio
2265 1325 2448 1376 omnia
2490 1320 2802 1390 subiacent,
2838 1321 3007 1374 Deum
3037 1335 3160 1374 esse
3182 1319 3532 1382 exclamavit,

269 1411 628 1482 judicetuque
655 1408 772 1462 fore
802 1417 886 1462 est
913 1407 1224 1462 confessus.

342 1497 514 1566 Atque
538 1495 603 1549 de
630 1495 856 1548 collibus
889 1495 1101 1548 intueor
1132 1509 1272 1548 eum.
1297 1491 1404 1565 [9.]
1431 1493 1512 1548 Ab
1546 1495 1780 1550 excelsis
1801 1499 1948 1552 enim
1978 1497 2108 1552 Baal
2152 1499 2388 1555 vertices
2421 1499 2602 1569 populi
2636 1497 3030 1568 prospiciebat.

347 1585 482 1638 Ecce
499 1586 722 1652 populus
756 1584 985 1638 seorsim
1013 1581 1304 1636 habitabit.
1347 1581 1414 1634 Et
1452 1581 1663 1652 legibus
1691 1584 1836 1638 enim
1875 1594 1929 1640 et
1975 1587 2098 1640 loco
2141 1585 2406 1655 disjuncti
2455 1595 2634 1640 erant.
2673 1585 2844 1640 Nobis
2879 1599 3012 1638 vero
3047 1583 3302 1652 spiritus,
3335 1580 3390 1635 id
3425 1589 3532 1641 est,

272 1671 418 1742 quod
447 1673 580 1742 ipsis
603 1671 755 1726 locus
781 1677 924 1734 erat,
950 1683 1146 1738 parum
1175 1669 1322 1722 enim
1354 1667 1618 1722 momenti
1645 1669 1799 1724 locus
1825 1671 1890 1725 ad
1920 1673 2120 1728 mentis
2142 1673 2474 1728 divisionem
2524 1667 2708 1736 affert,
2737 1689 2860 1742 quae
2889 1672 3056 1726 etiam
3077 1669 3534 1726 consuetudinem

275 1760 552 1814 innoxiam
590 1757 790 1813 reddit.
822 1756 938 1810 Non
973 1757 1120 1810 enim
1145 1755 1322 1810 studia
1353 1755 1596 1824 gentium
1625 1757 1971 1824 aamulamur,
2001 1760 2128 1814 licet
2148 1775 2272 1815 cum
2302 1761 2411 1814 illis
2439 1775 2745 1814 versemur.
2777 1759 2844 1812 Et
2865 1758 2992 1828 quis
3023 1768 3272 1814 numeret
3304 1756 3538 1828 populos

271 1845 460 1902 Israel.
500 1845 796 1916 Utriusque
831 1844 1052 1900 nomine
1084 1843 1260 1897 honor
1309 1841 1378 1896 ad
1411 1857 1507 1897 eos
1537 1842 1720 1906 redit,
1751 1852 1806 1897 et
1837 1845 2065 1912 privatae
2094 1847 2266 1912 sedis,
2307 1855 2361 1901 et
2391 1847 2584 1915 amplae
2616 1846 3016 1902 multitudinis.

246 1981 256 1990 -
345 1957 619 2012 Moriatur
645 1954 857 2008 animus
887 1967 1034 2006 meus
1067 1960 1234 2005 morte
1252 1950 1548 2018 justoram,
1581 1957 1631 2003 et
1661 1950 1796 2018 ﬁant
1824 1959 2060 2007 extrema
2089 1971 2207 2009 mea
2245 1956 2294 2008 ei
2323 1955 2545 2010 similia.
2585 1953 2722 2026 [10.]
2757 1955 2860 2022 Qui
2891 1953 3216 2009 insidiarum
3242 1967 3411 2008 causa
3447 1969 3539 2008 ve—
3639 2019 3642 2022 ,

270 2055 432 2105 uerat
466 2046 786 2102 societatem
817 2041 1014 2094 horum
1058 2039 1342 2093 hominum
1369 2038 1632 2107 consequi
1667 2048 1944 2110 precatur.
1981 2039 2131 2095 Adeo
2173 2041 2338 2095 Deum
2379 2043 2735 2112 diligentibus
2763 2044 2952 2096 omnia
3000 2042 3144 2095 bono
3185 2039 3405 2094 cedunt.
3437 2039 3538 2094 Hic

273 2138 420 2193 enim
450 2136 500 2190 id
527 2133 673 2204 quod
696 2137 886 2185 contra
919 2127 1179 2197 populum
1211 2125 1562 2184 machinatus
1593 2133 1716 2182 erat
1767 2126 1835 2181 ad
1887 2125 1978 2182 Dei
2028 2127 2257 2198 gloriam
2308 2129 2748 2199 cognoscendam
2803 2130 2904 2182 iter
2931 2129 3190 2196 praebuit,
3223 2127 3534 2180 daemonum

275 2223 590 2280 inﬁrmitate
617 2235 686 2274 ne
715 2218 868 2272 hiare
901 2213 1124 2284 quidem
1153 2220 1351 2268 contra
1383 2214 1475 2268 Dei
1504 2213 1796 2269 consilium
1820 2213 2058 2270 valente.
2090 2213 2276 2281 Quare
2327 2217 2431 2271 etsi
2477 2217 2624 2288 quod
2664 2215 2897 2282 faciunt,
2936 2231 3043 2268 non
3080 2215 3298 2284 prepria
3332 2215 3384 2268 id
3418 2216 3526 2268 vir-

277 2319 396 2366 tute
425 2307 654 2370 faciunt,
683 2305 778 2360 sed
803 2303 960 2358 venia
991 2301 1106 2365 Dei,
1143 2301 1232 2370 qui
1263 2301 1385 2370 pios
1419 2301 1771 2382 suicultores
1811 2316 2026 2370 semper
2050 2301 2307 2372 protegit,
2336 2301 2493 2370 juxta
2524 2303 2656 2357 illud
2693 2320 2706 2354 :
2743 2321 2761 2354 ι
2799 2303 2902 2368 Qui
2936 2317 3030 2358 vos
3071 2302 3316 2371 attingit,
3353 2303 3533 2370 pupil-

197 2385 210 2396 ’
247 2397 383 2453 .Iatn
412 2395 556 2450 oculi
591 2393 694 2447 mei
725 2389 993 2458 contingit
1017 2387 1082 2439 ³⁸.
1121 2405 1138 2437 ι

352 2500 542 2554 Annon
576 2498 855 2553 observare
877 2497 1038 2552 debeo
1067 2511 1184 2566 qua:
1211 2495 1346 2549 Deus
1369 2495 1622 2550 indiderit
1649 2498 1674 2550 2³
1704 2495 1844 2569 [ιλ]
1871 2496 1984 2554 IIoc
2015 2508 2122 2563 est,
2144 2497 2264 2556 Non
2295 2515 2520 2571 possum
2547 2511 2665 2556 arte
2687 2516 2806 2556 mea
2833 2501 2938 2556 hoc
2967 2498 3180 2556 edicere
3219 2501 3364 2570 quod
3387 2500 3534 2556 sole-

167 2601 180 2612 '
275 2588 424 2644 bam.
459 2586 596 2640 Iluic
623 2601 755 2640 sane
781 2583 1194 2652 suﬂ‘ragabitur,
1223 2590 1276 2636 et
1301 2581 1616 2652 obsignabit
1644 2598 1810 2640 omne
1831 2599 1894 2640 os
1917 2599 2110 2640 eorum
2163 2587 2258 2656 qui
2300 2588 2487 2658 inique
2541 2587 2864 2656 loquuntur.
2893 2587 3164 2642 Caeterum
3197 2587 3358 2642 Balac
3383 2586 3530 2642 arbi-

276 2683 476 2736 tratur,
503 2675 619 2727 loco
655 2678 866 2725 mutato
899 2677 1238 2724 mutaturum
1277 2668 1524 2722 animum
1565 2685 1786 2740 quoque
1824 2672 2094 2728 divinum.

361 2783 614 2840 Verticem
650 2783 822 2838 collis.
851 2780 988 2853 [14.]
1035 2781 1216 2834 Alium
1249 2795 1399 2834 nunc
1423 2793 1534 2835 non
1576 2782 1762 2852 minus
1797 2786 1966 2839 altum
2001 2788 2307 2856 exploravit
2341 2789 2542 2845 locum.
2577 2787 2870 2857 Superbia
2913 2787 3059 2842 enim
3096 2787 3390 2842 simulacra
3421 2784 3536 2840 col-

275 2873 523 2926 locantes
549 2885 706 2926 sacra
731 2869 1006 2924 faciebant
1035 2869 1136 2924 eis.
1168 2868 1474 2924 Consilium
1503 2885 1636 2925 vero
1667 2885 1858 2925 eorum
1893 2881 1976 2927 est
2013 2875 2337 2930 idololatriae
2373 2875 2539 2946 420
2579 2875 2942 2929 humilitatem
2979 2877 3224 2930 locorum
3277 2873 3534 2928 sublimi-

285 2966 397 3013 tate
423 2959 733 3013 suhlevarr.
769 2953 1070 3010 Procubuit
1099 2956 1244 3009 enim
1278 2955 1462 3020 homo,
1494 2965 1550 3011 et
1584 2971 1707 3012 sese
1742 2959 1940 3028 abjecit
1970 2961 2074 3026 vir,
2105 2963 2282 3033 inquit
2311 2967 2579 3032 prapheta
2603 3001 2618 3026 ,
2647 2963 2871 3032 quando
2901 2961 2968 3016 de
3009 2961 3278 3014 idolorum
3309 2959 3536 3013 cultori-

283 3043 388 3098 bus
411 3043 570 3098 verba
596 3041 745 3096 facit.
775 3041 938 3112 Atqui
991 3040 1136 3096 Deus
1187 3049 1406 3112 propter
1439 3041 1692 3098 lsraelem
1721 3045 1855 3099 nihil
1887 3061 1996 3101 non
2039 3047 2194 3113 facit,
2227 3051 2394 3104 etiam
2427 3063 2554 3104 cum
2607 3063 2704 3118 per
2739 3063 2958 3118 magum
2991 3047 3269 3116 loquatur.
3309 3047 3538 3115 Propter

283 3145 444 3200 quem
485 3131 662 3201 Cyrus
688 3129 854 3184 etiam
887 3129 1242 3199 quantumvis
1279 3129 1539 3199 indignus
1574 3129 1862 3199 imperium
1902 3142 1983 3188 ter
2017 3137 2310 3190 maximum
2342 3137 2690 3206 adipiscitur,
2723 3151 2837 3206 quo
2871 3135 3124 3191 lsraelem
3157 3135 3354 3189 liberet
3381 3135 3535 3188 vide-

284 3217 432 3281 licet,
465 3215 534 3271 ad
566 3231 730 3287 quem
762 3216 902 3272 dixit
943 3232 956 3268 :
995 3233 1014 3268 ι
1054 3214 1284 3286 Propter
1317 3215 1576 3270 lsraelem
1603 3231 1826 3271 servum
1863 3237 2039 3275 nicum
2073 3231 2125 3277 te
2153 3225 2372 3279 nomine
2408 3233 2502 3278 tuo
2536 3221 2743 3278 vocabo
2773 3223 2838 3275 ³⁷.
2876 3241 2895 3272 ι

229 3397 244 3410 Ἰ
359 3325 436 3380 Τὰ
461 3323 682 3388 ἔνδοξα
706 3325 1014 3393 ἀρχόντων·
1047 3324 1119 3376 ἐν
1153 3321 1335 3387 αὐτῷ.
1396 3322 1650 3387 Ἀκύλας,
1695 3324 1859 3378 Ἀλα-
1889 3319 1908 3372 1

1897 3317 1934 3373 Α
2033 3329 2278 3402 Insignia
2329 3334 2622 3400 principum
2669 3333 2720 3385 t'n
2771 3349 2849 3386 eo.
2921 3331 3059 3404 [17.]
3095 3332 3312 3401 Aquila,
3366 3331 3538 3386 ιωηιι

284 3417 516 3485 λατμὸς
556 3414 857 3480 βασιλέως
904 3415 973 3468 ἐν
1000 3413 1182 3479 αὐτῷ.
1212 3413 1527 3484 Σύμμαχρς,
1562 3416 1853 3483 σημασιά.

1956 3425 2155 3478 clamor
2193 3427 2487 3494 principum
2520 3428 2571 3479 in
2595 3443 2678 3480 eo.
2709 3426 3074 3496 Symmachus
3108 3425 3275 3478 habet
3307 3425 3535 3494 signum.

279 3507 600 3570 ’Θεοδοτίων,
627 3505 994 3574 σαλπισμός.
1022 3506 1270 3557 Δείκνυσι
1297 3505 1376 3566 δὲ,
1406 3505 1482 3568 ὡς
1512 3505 1652 3575 πρὸς
1683 3505 1760 3576 τῷ
1787 3507 1860 3576 μὴ

1960 3515 2297 3571 Theodotion
2327 3522 2472 3570 tuba.
2510 3517 2724 3571 Iudicat
2753 3529 2933 3570 autem
2965 3517 3110 3587 quod
3148 3516 3214 3570 ad
3243 3517 3540 3586 impunita-

287 3598 490 3668 βλάψαι
521 3595 876 3666 νικηθήσεται
909 3597 938 3648 ὁ
967 3595 1172 3658 Βαλὰκ,
1207 3597 1436 3664 πάσχων
1467 3595 1503 3650 ὃ.
1539 3599 1711 3650 ποιεῖν
1771 3599 1860 3648 ὲν-

1962 3615 2066 3660 tem
2104 3608 2212 3661 illis
2247 3609 2660 3662 concedendam
2696 3609 2762 3662 ad
2795 3621 2977 3663 actum
3007 3611 3078 3663 sit
3119 3609 3324 3672 iturus,
3365 3601 3420 3662 ni
3447 3625 3540 3663 ea-

288 3689 478 3756 ενὸησε
502 3703 517 3718 ·
551 3683 847 3740 καίτοιτοῦ
897 3686 1032 3738 Θεοῦ
1063 3686 1386 3750 είπόντος,.‹
1429 3686 1521 3756 Μὴ
1551 3686 1866 3756 ἐχθραίνετε

1963 3696 2086 3750 dem
2115 3699 2222 3766 pati
2263 3700 2390 3752 velit
2421 3716 2541 3767 qua:
2571 3702 2681 3753 illis
2714 3701 2919 3756 inferre
2954 3701 3233 3770 Cogitavit.
3281 3701 3541 3766 Quamvis

287 3779 401 3842 τοῖς
419 3778 756 3841 Μωαϐίταις,
787 3796 806 3830 ι
844 3777 1031 3848 ἐπειδὴ
1050 3781 1163 3841 τοῖς
1189 3779 1325 3841 υἱοῖς
1354 3777 1476 3832 Λὼτ
1509 3779 1710 3833 δέδωκε
1731 3780 1866 3832 ταύ-

1971 3805 2100 3843 vero
2134 3789 2276 3844 Deus
2311 3791 2560 3844 dixerat:
2603 3791 2912 3848 «Moabitas
2949 3793 3212 3847 infestare
3247 3793 3419 3846 nolite
3439 3793 3537 3858 ³⁸,ι

286 3883 390 3938 την
416 3867 514 3937 τὴν
559 3867 682 3937 γῆν.
742 3867 835 3918 Ἐκ
889 3865 990 3936 μὲν
1036 3860 1128 3918 οὖν
1155 3865 1251 3917 τοῦ
1292 3867 1482 3934 γένους
1512 3867 1671 3937 ἔσχον
1699 3869 1762 3921 τὸ
1791 3869 1865 3938 μὴ

1971 3878 2230 3946 quoniam
2289 3879 2416 3933 Iiliis
2471 3879 2574 3934 Lot
2607 3895 2726 3934 eam
2768 3891 2970 3935 terram
3018 3881 3267 3944 dederat,
3300 3882 3542 3952 adeoque

287 3960 580 4014 ἀνάστατοι
611 3957 897 4026 γενέσθαι·
928 3956 1023 4010 καὶ
1057 3957 1324 4027 ἄρξαντες
1354 3957 1411 4010 δὲ
1443 3958 1679 4022 ἀδικίας,
1711 3961 1876 4012 ἀντι-ν

1971 3968 2188 4036 generis
2236 3971 2593 4038 praerogativa
2629 3971 2836 4025 vastari
2891 3987 3001 4026 non
3052 3973 3394 4040 debuerant;
3437 3976 3540 4043 ipsi

287 4050 594 4104 πεπόνθασι
617 4048 1037 4119 κατακριθέντες
1061 4049 1166 4101 ὑπὸ
1208 4048 1342 4102 Θεοῦ
1369 4047 1464 4102 τοῦ
1493 4049 1726 4113 διδόντος
1767 4050 1867 4112 τὰς

1971 4064 2152 4110 tamen
2174 4058 2505 4126 iujuriarum
2529 4061 2690 4129 primi
2721 4077 2845 4114 cum
2883 4063 2996 4116 sint
3021 4071 3300 4127 auctores,
3321 4065 3540 4118 easdem

288 4141 506 4204 ἀδικίας
535 4142 782 4195 ἑκάστων
814 4141 896 4203 είς
925 4140 1024 4202 τὰς
1065 4139 1308 4209 κεφαλὰς
1345 4141 1545 4195 αὐτῶν.
1579 4140 1864 4210 Σημασίας

1971 4147 2217 4203 vicissim
2253 4159 2389 4202 sunt
2424 4152 2670 4220 perpessi
2700 4151 2855 4218 justo
2898 4151 2991 4206 Dei
3023 4152 3256 4221 judicio,
3297 4154 3390 4223 qui
3424 4156 3542 4208 uui-

287 4232 345 4283 δὲ
373 4231 470 4293 τὰς
503 4229 810 4298 σάλπιγγας
837 4229 1058 4300 νοητέον
1080 4230 1177 4292 τὰς
1204 4231 1296 4284 ἐπὶ
1322 4229 1537 4300 σημείῳ
1565 4228 1658 4282 τοῦ
1692 4231 1863 4302 οὐρα-

1968 4236 2169 4306 cuique
2198 4237 2543 4308 iniquitatem
2577 4255 2742 4308 super
2769 4253 2931 4310 caput
2953 4257 3112 4296 suum
3149 4241 3348 4297 reddit.
3375 4242 3542 4314 Signa

288 4323 402 4375 νίου
435 4322 698 4391 βασιλέως
739 4321 1060 4392 αἰρομένας.
1104 4322 1201 4383 Ὃς
1260 4319 1402 4390 μετὰ
1441 4321 1762 4390 σαλπίγγων
1803 4324 1863 4390 ἐξ

1969 4337 2099 4376 vero
2125 4337 2188 4378 ea
2217 4325 2378 4380 tubas
2411 4325 2582 4382 fuisse
2623 4331 2978 4398 cogitandum
3002 4339 3106 4395 est,
3149 4332 3349 4401 quibus
3385 4335 3438 4386 in
3467 4335 3543 4386 si-

289 4411 519 4483 οὐρανοῦ
553 4414 840 4484 παρέσται,
869 4410 1248 4475 ἅποκαθιστὰς
1293 4413 1395 4483 τὴν
1431 4413 1789 4482 ἐπαγγελίαν.

1969 4427 2134 4481 gnum
2151 4420 2203 4466 et
2217 4416 2534 4468 memoriam
2555 4417 2796 4474 caelestis
2815 4421 2958 4490 regis
2976 4421 3298 4488 cauebatur,
3314 4423 3404 4490 qui
3427 4437 3546 4491 pro-

1897 4501 1940 4556 B
1969 4504 2232 4560 missione
2263 4521 2365 4561 sua
2397 4517 2706 4562 restaurata
2739 4526 2866 4564 cum
2903 4513 3048 4566 tubis
3079 4513 3304 4566 coalitus
3343 4512 3539 4568 aderit.

361 4611 582 4681 Aliquid
640 4612 802 4681 igitur
849 4611 1114 4667 molestiae
1146 4627 1174 4665 a
1215 4611 1376 4667 Balac
1409 4611 1490 4667 eis
1523 4613 1626 4666 fuit
1656 4613 1988 4682 injunctum.
2021 4614 2160 4669 Illud
2191 4631 2322 4671 vero
2347 4617 2492 4688 quod
2524 4618 2654 4674 dicit
2691 4638 2704 4673 :
2745 4620 3068 4676 Benedicam
3106 4623 3178 4687 ei,
3221 4637 3322 4676 nec
3353 4637 3546 4677 recan-

295 4709 445 4771 tahn,
479 4707 750 4760 luculenta
791 4705 858 4760 de
895 4708 1100 4762 sanctis
1131 4707 1452 4764 christianis
1482 4709 1770 4779 prophetia
1803 4717 1908 4765 est.

367 4798 522 4854 Altus
554 4799 653 4850 erit
682 4811 770 4886 rex
796 4798 1003 4886 ejus—ab
1040 4800 1208 4886 Agag,
1242 4799 1772 4869 magniﬁcabiturque
1819 4817 2036 4871 regnum
2075 4803 2213 4870 ejus.
2251 4802 2462 4874 [XXIV,
2503 4808 2582 4880 7.]
2622 4809 2740 4863 Hoc
2770 4817 2880 4872 est,
2929 4823 3096 4879 supra
3140 4823 3367 4881 regnum
3401 4812 3536 4886 Gog.

298 4881 390 4936 Sic
421 4885 786 4958 Symmarhus
810 4891 862 4936 t-t
887 4883 1230 4938 Theodotion
1257 4896 1650 4953 exposuerunt.

293 5059 328 5115 ἀ
367 4973 506 5070 Dect;
529 4971 708 5025 eduxit
739 4986 855 5024 eum
881 4985 945 5024 ea:
967 4969 1224 5040 ngypto.
1261 4969 1364 5042 [8.]
1399 4969 1518 5026 Non
1548 4973 1871 5040 humanum,
1905 4973 2104 5045 inquit,
2137 4976 2237 5033 hoc
2266 4978 2369 5034 iter
2399 4989 2504 5048 est,
2533 4997 2632 5037 nec
2657 4984 2959 5040 collabetur
2985 4986 3148 5041 etiam
3177 5004 3193 5054 ;
3225 4986 3367 5044 Deus
3393 4991 3536 5043 enim

337 5075 406 5114 ιιι
439 5075 559 5115 eius
580 5069 680 5112 est.

337 5075 406 5114 ιιι
439 5069 559 5114 eius
580 5069 680 5112 ρει.

365 5075 406 5113 ιι
439 5075 468 5113 e
495 5075 559 5114 us
580 5075 680 5112 esu.

365 5075 536 5199 Roblor
557 5146 672 5214 ejus
700 5155 752 5197 ut
779 5143 1144 5198 monocerotis.
1189 5141 1508 5199 Monoceros
1547 5145 1747 5200 animal
1779 5155 1864 5202 est
1897 5145 2037 5218 quod
2063 5145 2229 5202 nullis
2267 5149 2542 5204 hominum
2587 5153 2797 5211 viribus
2829 5156 2883 5211 in
2925 5159 3207 5214 servitium
3245 5159 3414 5230 redigi
3441 5174 3540 5230 po-

294 5243 423 5290 test.
443 5234 520 5288 Eo
550 5235 711 5302 igitur
742 5247 840 5286 ceu
861 5231 1108 5300 exemplo
1140 5231 1402 5285 indomita
1429 5233 1610 5300 populi
1645 5234 1727 5290 vis
1753 5234 2042 5290 indicatur.

374 5343 658 5414 Ὠμολόγει
705 5342 933 5410 Βαλαὰμ
980 5341 1076 5403 τὰς
1124 5338 1320 5394 ἑαυτοῦ
1370 5341 1563 5410 τέχνας
1599 5344 1864 5412 ἡττῆσθαι

2037 5347 2245 5403 Interea
2274 5364 2401 5405 vero
2433 5354 2802 5410 conﬁtebatur
2829 5358 3046 5413 Balaam
3083 5368 3231 5414 artes
3254 5375 3384 5415 suas
3412 5375 3534 5414 esse

295 5435 402 5491 ὑπὸ
453 5434 562 5487 τῶν
601 5433 674 5504 μὴ
702 5432 1003 5501 χρωμένων
1042 5433 1253 5494 αὑταῖς.
1305 5431 1444 5484 Ἀλλ’
1477 5433 1578 5486 οὐκ
1623 5433 1855 5504 ἕρημος,

1964 5447 2251 5507 snperatas
2297 5441 2366 5495 ab
2413 5441 2482 5498 iis
2527 5447 2618 5515 qui
2672 5464 2765 5502 eas
2821 5465 2928 5504 non
2987 5459 3308 5507 tractarent.
3342 5450 3535 5504 Verum

292 5529 450 5598 φησὶ,
491 5525 576 5578 διὰ
613 5523 770 5576 τοῦτο
799 5523 1098 5592 μελλόντων
1121 5521 1486 5592 προγνώσεως
1507 5539 1518 5553 ·
1561 5524 1696 5578 ἀλλὰ
1727 5526 1862 5596 πρὸς

1969 5545 2152 5586 rerum
2186 5529 2493 5590 futurarum
2544 5541 2857 5608 cognitione
2899 5551 3186 5614 propterea
3224 5561 3330 5598 non
3363 5543 3530 5598 tlrsti-

365 5725 411 5757 ³⁸
434 5722 660 5775 Zachar.
693 5737 751 5786 ιι,
785 5720 844 5773 8.
922 5721 964 5752 ³⁷
991 5719 1100 5774 lsa.
1137 5735 1256 5784 xcv,
1293 5719 1342 5774 i.
1417 5719 1460 5750 "
1495 5719 1648 5775 Deut.
1688 5735 1745 5786 ll,
1772 5723 1824 5776 9.
