4050 6212
561 316 668 383 867
1256 303 1263 313 '
1432 302 1449 321 ί
1522 304 1526 311 ’
1896 327 2247 391 PROCOPII
2282 327 2528 391 GAzst
3728 331 3835 393 ses

565 435 808 494 tuuntur,
849 427 1064 500 inquit;
1099 429 1320 486 audient
1349 431 1495 487 enim
1525 430 1710 487 futura
1734 447 1845 488 non
1883 437 2007 492 sine
2034 436 2142 491 uti-

2243 435 2304 490 τδ
2322 437 2597 507 χρήσιμον
2621 431 2949 488 ἀκούσονται
2983 433 3050 487 τὰ
3079 433 3361 506 μέλλοντα.
3391 450 3411 486 t
3436 435 3594 490 Κατὰ
3618 439 3839 507 καιρὸν.

564 519 715 573 litate
745 532 843 572 sua
870 534 889 569 ι
935 517 1208 589 Tempore
1265 535 1388 586 suo,
1422 519 1621 590 inquit,
1652 521 1873 578 dicetur
1902 523 1984 578 eis
2015 523 2148 594 quid

2248 528 2405 598 φησι,
2442 526 2744 599 ῥηθήσεται
2769 527 2826 579 τί
2853 528 3156 580 ἐπιτελέσει
3185 529 3215 580 ὁ
3238 527 3394 591 Θεός.
3427 546 3447 580 ι
3480 527 3562 581 Τὰ
3591 528 3704 599 γὰρ
3730 528 3847 581 δαι-

565 609 812 664 facturus
839 610 913 664 sit
954 609 1121 665 Deus.
1157 631 1176 664 ι
1221 610 1495 667 Vaticinia
1527 615 1671 669 enim
1701 614 2012 669 daemonum
2037 632 2144 670 non

2251 621 2431 691 μόνων
2466 619 2527 672 οὐ
2559 618 2697 690 πρὸς
2750 618 2813 671 τὸ
2868 618 3159 689 χρήσιμσν.
3211 617 3275 671 '0
3322 618 3423 687 μὲν
3467 616 3577 689 γὰρ
3629 619 3846 687 Ἀχαὰε)

564 703 631 757 ad
670 702 966 756 utilitatem
1000 710 1275 772 spectant.
1318 703 1508 759 Achab
1546 705 1749 760 etenim
1788 705 2148 761 divinationi-

2250 710 2534 781 μαντείαις
2573 708 2971 781 ἀπατώμενος,
3030 709 3135 780 τῆς
3187 708 3424 780 ἀληθοῦς
3455 709 3553 764 τοῦ
3593 710 3846 780 Μιχαία»

566 793 669 849 bus
702 794 959 863 deceptus
983 808 1126 848 vera:
1157 793 1441 851 Michaicae
1470 798 1770 867 prophetiae
1808 799 1965 854 bonis
1994 797 2145 853 exci-

2252 805 2594 874 προφητείας
2632 800 2957 873 ἑξεκρούετο
2976 818 2990 833 ·
3027 801 3057 855 ὁ
3084 802 3142 856 δὲ
3171 802 3335 856 dum
3363 802 3693 873 προακούων
3732 802 3845 855 τῶν

563 886 662 939 tlit.
700 884 871 940 David
908 902 1036 941 vero
1057 902 1181 941 cum
1212 887 1480 943 bellorum
1512 891 1693 945 exitus
1713 889 1869 961 prius
1902 889 2146 946 audivis-

2254 895 2509 965 πολέμων
2528 895 2597 948 τὰ
2625 895 2753 964 τέλη
2789 894 2884 949 καὶ
2912 895 3012 965 τὴν
3040 893 3370 965 πρόρῤησιν,
3404 896 3658 948 ἐκινεῖτο.
3680 894 3847 949 οὕτω

564 985 649 1032 set
684 975 752 1031 ad
791 977 1117 1031 vaticinium
1148 992 1270 1034 sese
1299 981 1757 1035 accommodavit.
1780 979 1855 1034 Ita
1879 980 2149 1052 Josaphat

2255 985 2352 1038 καὶ
2394 984 2657 1054 Ἰωσαφὰτ
2689 985 2909 1052 ἐλεγενο
2948 1002 2967 1036 t
3018 983 3456 1054 Ἐμπιστεύσατε
3478 982 3559 1055 τῷ
3586 983 3710 1055 Θεῷ
3749 987 3846 1037 καὶ

563 1085 783 1142 quoque
812 1069 949 1123 dixit
988 1087 1002 1123 :
1040 1088 1059 1121 ι
1095 1069 1315 1124 Credite
1343 1069 1454 1124 Deo
1479 1078 1532 1124 et
1568 1072 1846 1142 prophetat
1868 1072 1989 1141 ejus
2016 1073 2082 1126 ⁸⁹.
2123 1092 2142 1125 ι

1293 1087 1315 1124 e
1343 1069 1454 1124 Deo
1479 1078 1532 1124 et
1568 1072 1846 1142 prophetae
1868 1072 1989 1141 ejus
2016 1073 2082 1126 ⁸⁹.
2123 1092 2142 1125 ι
2255 1075 2334 1147 τῷ
2356 1076 2617 1149 προφήτῃ
2648 1074 2837 1127 αὑτοῦ.
2875 1093 2892 1126 ι

632 1180 910 1236 Accubans
926 1180 1173 1234 dormivit
1202 1190 1257 1234 ut
1285 1181 1388 1235 leo.
1404 1179 1617 1252 [XXlV,
1635 1180 1713 1253 9.]
1732 1182 1890 1248 Quod
1907 1182 2052 1237 enim
2083 1197 2111 1235 a
2129 1192 2325 1241 natura
2349 1202 2449 1244 sua
2476 1189 2564 1243 leo
2587 1185 2777 1249 habet,
2797 1183 2851 1240 id
2872 1199 2938 1240 ex
2961 1182 3072 1241 Deo
3090 1181 3279 1241 Israel.
3306 1182 3516 1251 Quibus
3542 1186 3843 1242 confitetur

560 1266 808 1334 Balaam,
833 1284 893 1324 se
926 1283 1036 1323 non
1061 1283 1128 1322 ex
1161 1268 1327 1322 animi
1353 1269 1557 1339 pietate
1582 1310 1597 1335 ,
1630 1269 1724 1325 sed
1750 1269 1981 1324 invitum
2010 1284 2075 1323 ac
2108 1273 2383 1329 nolentem
2416 1274 2520 1329 ista
2542 1272 2746 1328 dicere.

633 1374 695 1431 Si
718 1375 943 1444 placebit
975 1375 1109 1440 Deo,
1140 1375 1458 1446 Hieronym.
1493 1392 1509 1430 :
1538 1375 1630 1430 sed
1662 1374 1920 1430 Dominus
1952 1386 2002 1429 te
2037 1378 2153 1446 pri-

2322 1382 2390 1434 Et
2416 1380 2623 1449 ἁρέσει
2650 1377 2731 1445 τῷ
2755 1378 2896 1444 Θεῷ.
2917 1378 2992 1433 Οὐ
3015 1377 3150 1433 Θεὸν
3177 1378 3290 1449 (79)
3312 1377 3439 1432 οὐδὲ
3462 1377 3638 1443 οὕτως
3660 1379 3841 1442 εἰδώς·

561 1469 701 1522 pauit
746 1468 961 1522 honore.
1018 1466 1173 1539 [IL]
1228 1467 1349 1522 Non
1402 1468 1548 1537 quod
1608 1466 1778 1523 Deum
1831 1470 2157 1539 cognoverit

2258 1474 2320 1527 οὐ
2353 1474 2464 1543 γὰρ
2510 1473 2576 1528 ἂν
2628 1473 2813 1528 indie:
2842 1472 2937 1525 τὸν
2995 1473 3194 1543 μάγον,
3244 1471 3367 1525 οὐδὲ
3399 1470 3489 1526 διὰ
3512 1470 3704 1525 τούτου
3740 1471 3846 1543 τὴν

563 1558 760 1623 Balae,
800 1560 1007 1629 alioqui
1062 1560 1209 1614 enim
1247 1574 1356 1614 non
1405 1559 1736 1615 accersisset
1786 1568 1986 1615 vatem.
2044 1560 2153 1615 Lo-

2261 1564 2515 1636 βυήθειαν
2564 1564 2872 1634 προσεδόκα
2906 1563 3042 1635 (80).
3102 1562 3241 1615 Ἀλλ’
3269 1562 3510 1626 ὶκεὶνσυς
3551 1564 3654 1631 μὲν
3699 1557 3845 1615 εἶναι

564 1652 751 1721 quitur
782 1659 965 1704 autem
1009 1651 1074 1704 ad
1110 1665 1316 1705 morem
1348 1650 1669 1706 Graecorum
1695 1688 1712 1715 ,
1753 1650 1849 1721 qui
1889 1650 2140 1707 dicuntm

2259 1654 2564 1725 ἡγούμενος
2594 1654 2720 1716 τοὺς
2743 1653 2871 1723 παρ’
2905 1653 3135 1723 Ἕλλησι
3167 1652 3619 1723 νενομισμένους,
3662 1653 3710 1707 οἳ
3740 1652 3842 1707 θυ-

565 1741 855 1797 sacriilciis
888 1740 1201 1811 transponi.

2261 1744 2405 1806 σιαις
2429 1743 2815 1813 μετατίθεσθαι
2845 1743 2956 1815 (81)
2987 1742 3239 1811 λέγονται
3268 1742 3402 1814 παρ’
3435 1744 3642 1807 αὑτοῖς.

636 1832 867 1886 Revelati
923 1833 1066 1887 oculi
1123 1833 1260 1901 ejus.
1293 1831 1435 1905 [15.]
1484 1832 1700 1904 Reliqui
1740 1839 2140 1903 exposuerunt,
2179 1815 2227 1874 Β

2323 1835 2904 1903 Ἀποκεκωιυμμένοι
2933 1838 2988 1889 ot
3025 1835 3320 1904 ὀφθαλμοὶ
3361 1834 3573 1890 αὑτοῦ.
3622 1835 3687 1889 οι
3721 1835 3837 1889 λοι-

570 1943 592 1977 (
624 1932 885 1993 tanquam
924 1938 1119 1979 somno
1148 1924 1413 1992 obturati,
1444 1942 1464 1976 ι
1496 1924 1591 1980 sed
1623 1932 1904 1994 utcttnque
1934 1924 2154 1978 clausos

2253 1926 2346 1979 ποῖ
2374 1925 2668 1991 ἐξέδωκαν,
2682 1925 3171 1997 σὲμπεφραγμένοι
3188 1926 3265 1990 ὡς
3291 1928 3349 1980 ὲν
3370 1925 3575 1994 ὕπνῳ.»
3593 1925 3835 1997 δηλονότι

566 2016 739 2073 fuisse
770 2025 1008 2079 constat,
1045 2016 1182 2072 adeo
1209 2026 1268 2071 ut
1295 2031 1496 2072 sensus
1524 2025 1780 2086 expertes
1815 2026 2024 2072 essent.
2048 2015 2153 2071 Per

2250 2017 2635 2087 κεκλεισμένα
2658 2032 2674 2048 ⁸
2699 2017 2836 2089 ὅπερ
2859 2017 2959 2071 οὐκ
2985 2016 3274 2090 αἰσθητὴν,
3300 2016 3639 2090 προφητικὴν
3660 2016 3713 2071 δδ
3732 2034 3836 2087 ση-

564 2108 957 2162 revelationem
1007 2120 1141 2161 vero
1195 2121 1386 2162 eorum
1442 2107 1714 2163 visionem
1772 2106 2151 2178 propheticam

1207 2121 1386 2162 eorum
1442 2107 1714 2163 visionem
1772 2106 2151 2178 propheticam
2254 2110 2435 2181 μαίνει
2468 2108 2569 2181 τὴν
2593 2110 2806 2180 ὅρασιν.

564 2200 766 2256 innuit.

636 2312 809 2378 Quam
837 2321 1071 2366 venustae
1112 2322 1234 2367 sunt
1267 2312 1458 2366 domus
1488 2320 1613 2377 tum,
1641 2310 1833 2368 Iacob.
1867 2312 1973 2386 [5.]
2017 2313 2313 2369 Fortunam
2350 2307 2564 2365 lsraelis
2593 2307 2836 2364 celebrat
2857 2310 3117 2365 vaticinia
3142 2311 3205 2367 de
3233 2326 3300 2368 eo
3323 2314 3415 2384 qui
3446 2327 3512 2370 ex
3534 2313 3616 2369 eis
3646 2313 3825 2370 oriun-

565 2400 669 2455 dus
692 2408 855 2453 esset.
892 2398 1025 2453 Nam
1045 2401 1199 2469 juxta
1222 2399 1451 2454 Paulum
1482 2418 1501 2451 ι
1533 2399 1697 2455 Salus
1729 2417 1796 2455 ex
1832 2401 2033 2458 Iudaeis
2062 2409 2145 2457 est
2181 2400 2283 2455 ".i
2318 2396 2521 2452 Eadem
2551 2410 2679 2450 vero
2707 2395 2991 2466 prophetia
3014 2397 3146 2466 quid
3177 2400 3472 2467 postremis
3501 2400 3823 2471 temporibus

565 2499 665 2555 per
693 2486 971 2539 Christum
1001 2484 1300 2554 gerendum
1327 2493 1492 2552 esset,
1525 2486 1792 2557 praedicit.
1832 2487 1967 2542 Item
1997 2492 2118 2541 mox
2148 2485 2265 2541 lore
2296 2495 2355 2539 ut
2396 2482 2616 2537 lsraells
2646 2481 2877 2553 p0putus
2910 2483 2965 2538 in
2988 2483 3093 2539 hoc
3123 2483 3319 2542 itinere
3340 2488 3648 2557 amplietur,
3677 2498 3730 2543 et
3768 2488 3820 2543 in

566 2574 779 2627 caelesti
806 2587 931 2640 rege
960 2588 1024 2625 ex
1066 2573 1197 2640 ipsis
1231 2574 1466 2629 oriundo
1496 2580 1759 2644 tanquam
1794 2574 2053 2645 irrigatus
2086 2580 2294 2641 surgat.
2317 2571 2395 2626 Ac
2425 2577 2486 2625 ut
2511 2570 3006 2626 luculentissimum
3041 2569 3200 2628 linem
3230 2573 3386 2629 bellis
3413 2573 3629 2646 Gogicis
3646 2574 3818 2638 iaciat,

565 2659 670 2727 Qui
701 2657 817 2729 Gog
852 2659 1049 2714 ultimo
1084 2660 1283 2714 insultu
1321 2670 1510 2714 contra
1535 2670 1759 2716 sanctos
1790 2660 1885 2717 Dei
1918 2662 2061 2717 facto
2113 2660 2236 2730 igne
2280 2658 2493 2714 ctelesti
2535 2672 2600 2713 ac
2651 2657 2839 2712 divino
2875 2672 2999 2713 cum
3051 2660 3294 2715 exercitu
3324 2676 3451 2717 .suo
3493 2662 3818 2725 absumetur,

562 2757 718 2824 juxta
754 2746 1057 2804 Ezechielis
1117 2749 1458 2817 prophetiam
1492 2748 1560 2803 “.
1614 2750 1747 2818 Ejus
1780 2765 1906 2804 vero
1938 2749 2059 2804 loco
2089 2747 2237 2819 quod
2274 2746 2499 2811 dicitur,
2538 2764 2558 2797 ι
2599 2746 2664 2800 Et
2692 2744 2934 2814 prodibit
2963 2745 3149 2811 homo,
3188 2763 3208 2798 ι
3248 2748 3424 2817 posuit
3475 2746 3819 2819 Symmachus

565 2850 731 2903 aquas
760 2835 995 2902 rigantes
1039 2842 1088 2888 et
1134 2835 1517 2888 incrementum
1563 2834 1902 2905 adjuvantes.
1967 2834 2368 2891 Descensurum
2425 2832 2623 2887 etenim
2662 2832 2837 2888 instar
2887 2833 3087 2903 pluviae
3128 2848 3295 2904 super
3325 2835 3520 2900 vellus.
3538 2836 3817 2907 Dominum

564 2922 697 2975 dicit
731 2917 899 2973 David
931 2919 998 2974 “.
1028 2920 1240 2985 Quibus
1259 2920 1550 2991 subjungit
1573 2923 1718 2977 vires
1762 2921 1968 2992 pepuli,
2018 2921 2220 2991 quibus
2271 2930 2515 2990 tempore
2566 2919 2895 2975 brevissimo
2937 2930 3127 2975 contra
3155 2930 3346 2992 gentes
3379 2925 3452 2978 sit
3483 2923 3813 2980 invaliturus.

561 3005 683 3061 Jam
713 3021 840 3061 vero
871 3007 984 3061 llaec
1011 3009 1196 3062 omnia
1243 3008 1311 3062 de
1368 3007 1592 3062 Christo
1640 3008 1824 3077 aptius
1855 3008 2251 3077 intelligentur.
2282 3007 2455 3073 Quem
2506 3008 2651 3061 enim
2710 3006 2878 3063 lsaias
2923 3006 3221 3080 Egyptum
3273 3009 3579 3081 ingressum
3603 3012 3815 3067 tentoria

564 3094 784 3165 Egypti
832 3110 1231 3152 concussurum
1285 3096 1420 3151 dicit
1485 3096 1553 3157 ⁸³.
1584 3095 1745 3167 421
1803 3112 1929 3152 eum
1977 3096 2067 3151 hic
2108 3110 2253 3151 nunc
2299 3096 2509 3151 indicat
2537 3111 2602 3151 ex
2638 3110 2701 3151 ea
2734 3098 2931 3152 redire.
2969 3097 3127 3152 Sicut
3168 3097 3371 3153 factum
3399 3114 3522 3157 esse
3549 3100 3816 3172 Evangelia

566 3187 856 3238 testantur.
881 3180 1161 3237 Namcum
1208 3182 1434 3253 fugisset
1457 3198 1582 3238 cum
1615 3184 1933 3252 parentibus
1959 3184 2075 3238 suis
2108 3197 2138 3236 a
2167 3183 2382 3238 Herode
2413 3182 2667 3239 Christus
2707 3182 2986 3251 profectus
3019 3195 3105 3240 est
3131 3183 3185 3239 in
3218 3184 3544 3257 Egyptum;
3578 3186 3815 3243 defuncto

564 3278 747 3324 autem
782 3285 869 3337 eo,
897 3275 1094 3326 iterum
1126 3280 1209 3325 est
1232 3285 1506 3326 reversus.
1538 3269 1644 3336 Qui
1683 3271 1850 3326 etiam
1884 3270 2033 3325 solus
2061 3286 2129 3325 ex
2157 3272 2367 3326 semine
2387 3270 2602 3326 lsraetis
2636 3272 2935 3326 multarum
2958 3273 3200 3343 gentium
3229 3273 3408 3329 tactus
3430 3284 3517 3331 est
3550 3275 3811 3340 Dominus,

567 3358 702 3412 adeo
737 3367 793 3411 ut
835 3366 1032 3429 praeter
1077 3358 1255 3427 ipsum
1288 3372 1450 3413 nemo
1482 3356 1624 3412 alius
1662 3357 1767 3411 hac.
1813 3357 2097 3429 prophetia
2148 3357 2488 3429 designetur.
2525 3356 2639 3413 Sub
2689 3359 2849 3429 cujus
2883 3359 3110 3430 imperio
3137 3361 3302 3417 etiam
3333 3376 3560 3434 regnum
3593 3362 3701 3433 Gog
3724 3361 3824 3418 ﬁo!

568 3445 695 3507 ruit,
729 3445 877 3514 quod
909 3445 1066 3511 juxta
1094 3444 1348 3499 Hebraeos
1382 3443 1672 3514 imperium
1701 3444 2077 3498 Romanorum
2131 3444 2427 3515 signiﬁcat,
2483 3442 2588 3500 sub
2635 3461 2744 3515 quo
2797 3445 3004 3503 Christi
3043 3448 3292 3503 doctrina
3323 3449 3566 3520 vigorem
3617 3465 3818 3522 quoque

564 3548 723 3586 suum
748 3533 956 3586 habuit.
987 3530 1158 3599 Quem
1187 3529 1437 3586 Ezechiel
1471 3529 1778 3601 principem
1837 3530 2013 3597 Rhos,
2048 3533 2370 3599 etMosoch,
2422 3540 2477 3588 et
2526 3532 2734 3589 Thobel
2784 3535 3054 3590 nominat.
3089 3535 3193 3592 Per
3230 3535 3381 3594 Rhos
3408 3538 3632 3608 quidem
3665 3548 3720 3594 ut
3744 3548 3821 3595 est

566 3621 867 3676 verisimile
901 3620 1208 3675 [lotuauum
1238 3620 1529 3691 imperium
1564 3620 1802 3675 obscure
1835 3621 2133 3685 deuotans,
2166 3620 2439 3691 siquidem
2465 3628 2519 3675 et
2543 3620 2913 3691 principatum
2940 3634 2992 3677 et
3012 3634 3178 3694 caput
3201 3624 3266 3680 ad
3301 3621 3561 3682 llebmos
3586 3627 3819 3684 denotat.

566 3706 668 3763 Per
695 3708 913 3763 Mosoch
958 3724 1086 3763 vero
1111 3707 1361 3778 Mysiam.
1394 3718 1446 3763 et
1478 3716 1668 3777 gentes
1716 3707 1883 3777 hujus
1930 3710 2279 3779 undiquaque
2317 3706 2581 3763 Romanis
2635 3704 2903 3764 subditas.
2951 3708 3058 3766 Per
3108 3708 3315 3767 Thobel
3356 3721 3541 3768 autem
3579 3713 3819 3779 lberiam.

565 3807 624 3848 ut
645 3804 836 3850 auctor
866 3806 950 3850 est
978 3794 1272 3865 Iosephus.
1332 3793 1552 3850 Necnon
1580 3810 1708 3849 vero
1734 3797 1925 3867 gloriae
1952 3795 2315 3851 Monocerotis
2339 3794 2597 3850 Christus
2624 3799 2897 3867 particeps
2927 3810 3067 3864 erat,
3090 3814 3158 3855 eo
3182 3801 3325 3869 quod
3350 3808 3549 3855 cuncta
3576 3802 3825 3858 divinita-

565 3886 636 3939 tis
675 3887 838 3954 copia
878 3886 931 3939 in
966 3900 1032 3939 eo
1071 3885 1349 3940 residebat
1390 3885 1770 3955 corporaliter,
1825 3892 1971 3943 sicut
2018 3883 2317 3955 Apostolus
2347 3882 2415 3949 “,
2472 3890 2527 3937 et
2558 3884 2726 3938 unico
2775 3899 2947 3939 cornu
2975 3885 3327 3941 innuebatur.
3378 3886 3483 3955 Qui
3516 3904 3680 3959 porro
3711 3890 3827 3945 telis

565 3972 942 4040 Spiritualibus
978 3971 1237 4027 Satanam
1263 3983 1315 4028 et
1340 3981 1506 4027 totam
1535 3973 1711 4044 ipsius
1733 3978 2018 4028 cohortem
2047 3970 2405 4027 daemonicam
2441 3969 2645 4024 invicta
2670 3985 2767 4024 sua
2799 3971 3038 4041 potentia
3073 3972 3401 4043 proﬂigavit.
3436 3976 3618 4046 Atque
3638 3977 3830 4032 etiam-

562 4074 692 4113 num
724 4060 983 4129 gentibus
1020 4060 1205 4114 multis
1232 4059 1576 4126 dominatur,
1620 4074 1685 4115 ac
1728 4075 1922 4115 earum
1956 4060 2264 4114 crassitiem
2320 4071 2516 4111 sensus
2547 4065 2679 4127 puta
2726 4059 2983 4114 carnales
3025 4059 3298 4131 depascit,
3349 4078 3412 4116 ac
3444 4063 3512 4117 ad
3541 4076 3827 4135 angustam

561 4147 706 4200 viam
742 4148 867 4200 vita:
903 4155 1123 4201 aeterna:
1154 4149 1381 4201 idoneos
1411 4147 1624 4216 redigit.
1658 4145 1761 4212 Qui
1797 4148 2026 4215 insuper
2067 4143 2553 4214 (quemadmodum
2616 4143 2814 4215 inquit)
2857 4160 2981 4200 cum
3024 4147 3203 4204 leonis
3258 4164 3413 4205 more
3465 4150 3830 4215 recubuisset,

554 4236 790 4304 quievit,
825 4235 930 4288 hoc
963 4241 1069 4295 cst,
1113 4234 1453 4287 iunctionem
1484 4247 1640 4288 suam
1677 4233 1753 4301 (id
1796 4235 1943 4287 enim
1975 4232 2060 4285 his
2086 4231 2267 4286 verbis
2298 4229 2490 4299 voluit)
2527 4232 2785 4301 suscepit.
2816 4230 2934 4298 Qua
2962 4241 3219 4306 tanquam
3249 4238 3471 4308 regulus
3504 4236 3707 4310 aliquis
3735 4254 3830 4295 ne-

563 4323 710 4375 mitte
743 4323 920 4387 ipsum
959 4321 1287 4391 ptohibcnte
1320 4319 1582 4374 audacter
1616 4321 1905 4389 imperium
1935 4326 2022 4375 est
2055 4329 2303 4371 venatus.
2342 4316 2513 4383 Quem
2546 4318 2638 4387 qui
2670 4326 2935 4389 tanquam
2967 4320 3133 4377 Deum
3160 4324 3496 4394 suspiciunt.
3531 4334 3586 4379 et
3616 4325 3830 4381 doctri-

560 4423 685 4460 nam
716 4408 889 4477 ipsius
916 4416 1251 4467 reverentur,
1289 4420 1396 4457 non
1441 4413 1551 4459 tam
1584 4406 1766 4459 verbis
1788 4420 1953 4473 quam
1986 4406 2152 4458 rebus
2187 4403 2324 4472 ipsis
2368 4398 2462 4457 Dei
2500 4404 2944 4461 benedictionem
2975 4409 3308 4477 sortiuntur,
3342 4427 3408 4468 ac
3425 4413 3681 4482 quotidie
3708 4428 3828 4469 cre-

559 4504 747 4557 scunt,
779 4509 842 4546 ac
866 4500 1139 4560 augentur
1168 4493 1352 4546 verius
1381 4507 1446 4546 ac
1481 4492 1952 4563 magniﬁcentius,
1978 4492 2134 4559 juxta
2159 4490 2289 4544 illud
2326 4508 2339 4543 :
2374 4508 2392 4541 ‹
2430 4488 2677 4546 Crescite
2715 4502 2770 4548 et
2805 4496 3251 4566 multiplicamini
3284 4500 3354 4554 ".
3403 4518 3423 4552 ι
3465 4500 3828 4567 Quemadmo~

559 4580 689 4633 dum
719 4594 748 4630 e
780 4588 970 4632 contra
996 4592 1106 4630 non
1140 4578 1322 4632 minus
1347 4576 1553 4632 Judaeis
1582 4594 1708 4633 cum
1745 4578 1894 4632 hunc
1925 4580 2194 4634 exsecrati
2218 4588 2426 4642 essent,
2459 4581 2686 4636 accidit.
2718 4582 3194 4651 Quemadmodum
3231 4589 3366 4646 huic
3399 4608 3625 4663 quoque
3668 4592 3831 4648 Baiae

560 4666 809 4733 contigit,
846 4664 940 4733 qui
970 4678 1093 4717 cum
1120 4663 1257 4718 diris
1293 4664 1562 4720 devovere
1593 4665 1756 4720 vellet
1796 4666 2076 4732 lsraclem,
2100 4669 2512 4741 exspectatione
2544 4669 2750 4741 inagica
2813 4673 2867 4727 in
2902 4675 3082 4745 ipsum
3138 4689 3432 4744 conversa,
3461 4680 3825 4737 exsecratitmi

560 4751 738 4806 factus
759 4760 844 4807 est
874 4751 1168 4806 obnoxius.

630 4868 803 4921 Porro
844 4866 961 4921 hinc
988 4868 1272 4937 prophetia
1317 4882 1414 4938 per
1448 4868 1635 4923 omnia
1666 4867 1860 4925 Jacobi
1897 4873 2134 4943 prophe-
2163 4879 2206 4936 C.

2312 4873 2775 4944 Παρέοικεν-αὓτη
2802 4876 2868 4945 τῇ
2895 4874 2991 4928 τοῦ
3013 4875 3213 4930 Ἰικὼὸ
3234 4878 3565 4950 προφητείᾳ.
3590 4878 3686 4949 Τῷ
3707 4879 3823 4949 μὲν,

556 4959 648 5012 tiae
675 4958 994 5029 respondet,
1029 4960 1178 5014 velut
1232 4960 1379 5047 hoc:
1417 4978 1436 5010 t
1471 4960 1549 5014 Ex
1582 4961 1830 5031 germine
1879 4977 2024 5028 meo,
2060 4963 2135 5017 [ili

2246 4982 2263 5013 ι
2288 4964 2383 5017 Ἐκ
2403 4965 2638 5036 βλαστοῦ
2659 4983 2783 5036 μου,
2804 4968 2888 5020 υἱέ
2909 4984 3035 5039 μου,
3050 4968 3306 5038 ἀνέὁης,ι
3320 4970 3433 5036 τὸ,‹
3454 4971 3821 5037 Ἐξελεὺσετας

557 5046 652 5108 mi,
692 5045 998 5100 ascendisti
1025 5046 1073 5078 “
1106 5062 1118 5098 :
1156 5065 1174 5098 ο
1206 5045 1282 5111 ei,
1323 5047 1567 5117 prodibit
1625 5064 1692 5103 ex
1736 5052 1950 5107 semine
1992 5052 2133 5122 ejus,

2238 5055 2303 5109 ὲκ
2333 5057 2428 5111 τοῦ
2451 5059 2771 5130 σπέρματος
2798 5060 2991 5128 αὐτοῦ,
3020 5080 3038 5113 ι
3076 5060 3239 5130 δῆλον
3266 5062 3324 5115 δὲ
3353 5064 3434 5116 ὅτι
3474 5062 3571 5116 τοῦ
3594 5063 3821 5117 Ἰακώϐ·

555 5250 602 5280 δ’
633 5178 974 5280 ansam-1.
1008 5197 1109 5280 (ξι,
1137 5180 1320 5280 Ξοὶηω
1341 5181 1397 5280 ‘°‘
1427 5182 1589 5280 licam.
1623 5185 1847 5280 Junii.
2041 5186 2239 5280 Ezech.
2274 5208 2463 5262 xxxix,
2505 5197 2527 5250 ί
2558 5211 2712 5268 seqq.
2828 5199 2873 5230 “
2904 5197 3053 5254 Psal.
3089 5215 3236 5266 txxt,
3261 5200 3316 5253 6.
3429 5200 3476 5231 “
3508 5200 3616 5255 lsa.
3653 5216 3751 5264 ut,
3774 5200 3805 5253 4

583 5253 602 5280 ⁸
633 5250 851 5305 Coloss.
906 5267 966 5316 tl,
1008 5255 1061 5305 9.
1137 5252 1182 5283 “
1208 5249 1344 5305 Gen.
1383 5268 1422 5315 ι,
1454 5253 1547 5306 28.
1623 5255 1670 5288 ⁸⁸
1700 5254 1838 5310 Gen.
1875 5273 2026 5323 thx,
2051 5257 2104 5310 9.

2054 5373 2284 5430 NOTAE.

1032 5456 1164 5509 Θεὸν
1196 5458 1349 5522 εἰδὼς
1374 5460 1401 5511 ὁ
1433 5461 1615 5515 Βαλάκ
1649 5480 1661 5494 ·
1690 5465 1747 5516 οὺ
1774 5464 1903 5536 γὰρ,
1937 5484 2023 5520 κτ.
2076 5466 2135 5518 ’0
2311 5468 2555 5550 Ιςαὶέιὲν
2584 5472 2955 5550 τοὺςῄθυέεσσι
2988 5476 3083 5529 καὶ
3111 5479 3654 5550 εὐχωλῇςνὰγᾳνῇσι,

557 5528 1180 5619 τηξυξὶ.υῑ-ιὲξῖξδ·μ
1550 5618 1559 5619 ,
1625 5602 1634 5616 .
1889 5606 2051 5619 .,....
2313 5539 2591 5619 ᾼοιδῇ
2631 5535 3693 5619 κκίίσσητενπαρατρευπῶσοἄνθρωποι

621 5598 735 5688 (ita)
766 5597 954 5688 Λέγῳχ
982 5597 1038 5681 δὶς
1058 5597 1184 5668 περὶ
1215 5598 1321 5650 τῶν
1342 5602 1749 5670 νενομισμένων
1772 5606 1901 5674 παρ’
1937 5606 2131 5677 Ἕλλη-
2308 5597 2655 5679 Λισσδμενὸι,
2679 5614 2767 5665 ὅτε
2796 5597 2889 5667 ἆξεν

552 5669 743 5730 atv.02,
765 5686 851 5724 κτ.
895 5669 953 5720 Ὀ
982 5669 1103 5719 αὐτ.
1575 5669 1580 5670 ⁷
1853 5669 1859 5674 ’
2040 5674 2041 5677 ‘
2090 5669 2100 5677 '

621 5737 728 5757 .ail\
763 5754 774 5757 _
824 5756 831 5757 κ
878 5753 889 5757 -
930 5739 1055 5757 \‘-,,
1173 5741 1186 5757 \
1231 5741 1279 5757 ὀ
1467 5740 1539 5757 (Λ
1606 5741 1618 5757 ι
1703 5743 1713 5757 I
1799 5744 1809 5757 Ι

2265 5669 2762 5757 “fossa-inm.
2807 5684 2931 5753 495,
2984 5669 3290 5753 195,196;
3324 5669 3330 5671 ⁷
3359 5669 3768 5755 ὲςαῖἰέᾒζ⁵’ὲῑςς
3808 5695 3824 5747 l

620 5737 731 5807 (Si)
760 5754 776 5772 ο
822 5756 835 5770 ·
877 5753 890 5768 ·
930 5739 1194 5811 Στρεπτοὶ
1226 5741 1279 5794 δέ
1306 5757 1362 5793 τε
1395 5740 1488 5792 καὶ
1514 5740 1627 5792 θεοὶ
1659 5743 1830 5796 αἰετοί.

877 5753 890 5768 ·
930 5739 1194 5811 Στρεπτοὶ
1226 5741 1279 5794 δέ
1306 5757 1362 5793 τε
1395 5740 1488 5792 καὶ
1514 5740 1627 5792 θεοὶ
1659 5743 1830 5796 αἰετοί.
2265 5737 2444 5803 Ἰλιάδ.
