4050 6212
306 324 420 391 £69

1394 332 1929 397 COMMENTARII
1965 337 2048 398 IN
2084 335 2478 400 NUMEROS.

3459 341 3568 406 810

309 437 390 508 τῷ
417 436 498 498 δὲ,
537 452 556 486 ι
589 435 762 499 Αὐτὸς
787 435 942 490 ἔσται
984 438 1285 510 προσδοκεα
1314 440 1504 506 ἐθνῶν,
1548 462 1567 493 ι
1604 443 1686 508 τὸ,
1726 460 1747 495 t
1772 443 1881 498 Καὶ

1988 441 2174 500 Jacobi
2230 452 2381 514 puta.
2433 440 2573 497 Huic
2619 453 2771 505 vero,
2824 459 2842 493 ι
2888 439 3011 512 ipse
3065 441 3175 498 erit
3218 450 3565 517 exspectatio

313 527 592 600 κυριεύσει
627 528 798 582 ὲθνῶν
828 529 1041 583 πολλῶν
1061 548 1073 560 ·
1116 549 1135 581 ι
1168 531 1260 584 aiat
1291 532 1393 603 τῷ,
1432 552 1451 584 ι
1485 532 1554 587 Αἱ
1584 534 1765 605 χεῖρές
1792 550 1886 588 σου

310 622 495 677 ὲπάινω
544 621 652 675 τῶν
705 622 918 693 ἐχθρῶν
965 639 1080 689 σου,
1117 643 1134 675 ι
1182 625 1263 688 τὸ,
1320 642 1339 676 ι
1378 626 1489 679 Καὶ
1531 624 1710 680 ἔδεται
1755 626 1884 696 ἔθνη

309 712 523 785 ἐχθρῶν
568 712 755 767 αὑτοῦ.
796 734 815 766 ι
868 716 997 779 Καὶ,
1035 736 1053 767 ι
1082 718 1216 778 Ταῖς
1250 715 1456 787 βολισιν
1508 716 1678 771 αὑτοῦ
1716 734 1886 772 κατα-

308 804 554 869 τοξεύσει
605 804 852 877 ἐχθρῶν
902 826 920 858 ι
973 808 1069 860 καὶ
1130 806 1228 878 τῷ,
1288 824 1307 858 ι
1356 805 1607 877 Σκύμνος
1674 807 1886 872 λέοντος

320 895 510 958 Ἰούδα.
548 915 567 947 ι
606 896 701 950 καὶ
742 898 811 950 τὰ
839 896 989 968 ἑξῆς,
1021 898 1090 952 τὰ
1134 898 1376 968 παρόντα
1408 897 1592 962 πάλιν,
1641 897 1717 963 ὡς
1760 901 1885 973 περὶ

306 985 537 1049 λέοντος.

1989 537 2233 606 gentium
2264 537 2355 602 ‘7;
2413 551 2432 585 ι
2473 534 2623 588 hoc:
2687 554 2705 586 ι
2747 531 2813 585 Ει
2877 533 3256 590 dominabitur
3307 539 3565 608 gentibus

1989 627 2390 697 compluribus.
2431 646 2450 680 δ
2514 626 2653 682 Huic
2705 628 2831 682 item
2868 644 2881 679 :
2942 643 2961 677 ι
2996 624 3192 682 Manus
3247 636 3356 681 tum
3397 645 3565 699 supra

1989 719 2176 774 hostes
2216 727 2341 775 tuos
2373 717 2458 784 ‘3;
2493 737 2512 771 ι
2552 718 2656 774 hoc
2686 734 2700 771 :
2742 736 2761 769 ι
2801 716 3074 788 Deglutiet
3104 727 3294 786 gentes
3321 717 3565 772 hostium

1990 810 2133 878 ejus.
2169 826 2187 859 ι
2223 806 2286 861 Ει
2316 828 2329 862 :
2363 827 2380 860 ι
2403 808 2554 864 Telis
2584 809 2705 879 ejus
2740 808 3023 863 eonlodiet
3077 807 3321 863 hostem.
3360 826 3379 860 ι
3435 808 3563 863 ltcm

1992 900 2160 954 huic:
2213 917 2231 950 ι
2264 899 2498 956 Catulus
2547 900 2727 954 leonis
2752 898 2918 965 Juda,
2950 918 2968 950 ι
3016 909 3069 955 et
3118 914 3240 970 quae
3278 900 3564 969 deinceps.

1988 989 2124 1045 Item
2179 1006 2302 1060 qua:
2358 991 2414 1045 in
2470 992 3046 1061 praesenti,tanquam
3098 989 3166 1044 de
3223 990 3380 1045 leone
3438 991 3561 1051 hoc,

304 1079 587 1135 Christum
649 1079 1136 1135 condemnaturum
1179 1095 1301 1138 esse
1361 1092 1568 1156 gentes.
1612 1083 1742 1141 item
1778 1084 1921 1155 quod
1978 1084 2275 1140 Zacharias
2337 1084 2470 1139 dicit
2490 1087 2535 1118 δ’
2564 1086 2972 1141 insurrecturos
3036 1084 3289 1156 inquiens
3360 1083 3562 1139 liberos

303 1166 619 1222 Ct‘aacorum
647 1174 701 1222 et
726 1166 838 1223 fore
870 1168 1036 1224 duces
1074 1168 1261 1234 Israel,
1297 1177 1555 1242 tanquam
1591 1172 1763 1227 facem
1791 1173 2000 1243 igneam
2034 1188 2155 1244 qua:
2181 1180 2465 1244 grassatur
2496 1174 2548 1225 iu
2580 1174 2772 1242 paleis.

384 1275 449 1328 Ἀ
478 1272 716 1340 ποιήσει
750 1274 947 1340 (Haec
975 1270 1154 1344 οὗτος
1177 1274 1255 1343 τῷ
1274 1277 1403 1345 λαῷ
1430 1296 1569 1345 σου,
1588 1279 1679 1333 ἐπ’
1699 1277 1883 1347 ἐσχά-

305 1384 413 1422 του
451 1366 569 1421 τῶν
594 1365 853 1436 ἡμερῶν.
886 1366 1028 1422 Ἀλλ’
1058 1367 1120 1421 ού
1154 1368 1295 1440 μόνα
1320 1369 1391 1422 τὰ
1414 1369 1545 1438 περὶ
1574 1367 1883 1424 Μωαϐιτῶν

303 1461 476 1528 λέγει,
501 1459 640 1514 ἀλλά
674 1459 741 1513 τὰ
776 1458 907 1530 περὶ
955 1460 1176 1514 πάντων
1216 1460 1546 1533 ἀνθρώπων,
1589 1461 1884 1532 πρόσωπον

308 1553 410 1623 μὲν
438 1551 619 1605 λαϐὼν
665 1551 727 1605 τὸ
757 1552 1145 1623 προκείμενον,
1195 1554 1254 1607 ἑν
1278 1553 1429 1626 αὐτῷ
1455 1554 1515 1609 δὲ
1551 1554 1611 1609 τὸ
1652 1554 1882 1608 καθόλου

302 1642 615 1715 προδηλῶν.

2061 1281 2195 1346 Qua:
2227 1281 2387 1350 faciet
2419 1282 2645 1351 populus
2679 1282 2769 1336 ille
2812 1283 3003 1351 populo
3037 1291 3148 1348 tuo,
3177 1281 3423 1335 extremis
3455 1278 3568 1333 die-

1991 1372 2107 1428 bus.
2134 1370 2347 1443 βων,
2374 1372 2486 1444 Μ.]
2511 1372 2872 1441 Hieronymus
2894 1374 3055 1427 habet
3085 1392 3098 1426 :
3125 1391 3144 1424 ι
3176 1371 3412 1441 Populus
3444 1380 3566 1424 tuus

1989 1462 2183 1531 popqu
2199 1464 2341 1515 huic.
2372 1463 2571 1517 Verum
2599 1464 2713 1517 haec
2750 1479 2859 1517 non
2887 1464 2954 1518 de
2975 1462 3231 1518 Moabitis
3263 1463 3439 1518 solum
3473 1462 3556 1515 di-

1990 1556 2086 1618 cit,
2119 1553 2216 1609 sed
2237 1553 2305 1608 de
2327 1554 2585 1609 omnibus
2609 1554 2947 1609 hominibus.
2978 1555 3313 1610 Praesentem
3341 1552 3562 1621 quidem

1998 1660 2181 1699 rerum
2219 1644 2414 1698 faciem
2451 1652 2701 1712 usurpat,
2735 1644 2789 1698 in
2824 1660 2887 1699 ea
2918 1660 3049 1700 vero
3078 1658 3331 1699 cunctam
3363 1644 3562 1698 seriem

1991 1735 2301 1790 adumbrat.

378 1822 668 1881 Ostendam
696 1825 766 1889 ei,
802 1824 893 1879 sed
927 1842 1032 1880 non
1061 1842 1197 1881 nunc
1238 1825 1351 1892 beo,
1381 1825 1471 1881 sed
1494 1843 1598 1881 non
1630 1842 1789 1896 prope
1817 1834 1915 1880 est.
1948 1824 2087 1897 [17.]
2123 1823 2530 1895 Hieronymus:
2571 1823 2790 1887 Videbo,
2820 1825 2997 1885 illum,
3025 1822 3115 1876 sed
3139 1840 3240 1876 non
3274 1820 3449 1885 modo,
3483 1823 3563 1875 in-

307 1912 495 1968 tuebar
521 1912 698 1977 illum,
729 1912 820 1966 sed
848 1929 951 1966 non
986 1929 1170 1983 prope.
1206 1912 1424 1968 Orietur
1455 1913 1612 1968 stella
1659 1928 1723 1966 ex
1754 1910 1943 1966 Iacob.
1976 1912 2088 1968 llac
2121 1916 2432 1984 prophetia,
2461 1913 2685 1968 tradunt
2714 1915 2986 1968 excitatos
3022 1911 3263 1965 Balaami
3307 1920 3560 1981 posteros

305 1996 582 2070 (servasse
615 2000 762 2055 enim
801 2001 946 2070 apud
981 2016 1041 2056 sc
1072 2015 1172 2070 par
1191 2001 1296 2070 est)
1327 2014 1449 2054 cum
1480 1999 1756 2055 vidissent
1789 2000 2022 2054 alienam
2053 2016 2117 2054 ac.
2146 2002 2425 2056 insolitam
2464 2001 2682 2056 stellam
2705 2000 3239 2071 perpendiculariter
3270 2015 3435 2069 supra
3464 1998 3563 2052 Ju-

302 2089 477 2144 dream
510 2090 795 2142 immotam
835 2096 1006 2153 stare,
1044 2089 1263 2143 venisse
1292 2088 1622 2159 inquisitum
1656 2087 1962 2142 indicatunt
1995 2087 2149 2143 illum
2188 2104 2395 2160 regem,
2429 2087 2895 2158 quemadmodum
2948 2085 3239 2141 Matthzcus
3292 2086 3347 2139 in
3376 2085 3559 2141 Evan-

302 2176 450 2247 gelio
490 2174 735 2246 prodidit
758 2174 828 2229 ".

384 2260 527 2314 Ἀλλ’
553 2260 648 2314 ἐπὶ
670 2261 739 2331 τῇ
763 2260 860 2313 τοῦ
882 2259 1091 2327 ἄστρου
1127 2261 1348 2333 ἐπιτολῇ
1385 2259 1616 2332 θραῢσιν
1638 2260 1879 2324 ἔσεσθαι,

2060 2261 2258 2318 Verum
2289 2266 2573 2321 enimvero
2622 2265 2794 2319 stella:
2826 2262 2994 2333 hujus
3020 2270 3199 2317 ortum
3244 2274 3557 2321 cessurum,

298 2350 457 2423 φησι,
480 2348 578 2403 τοῦ
616 2349 792 2403 Μωάϐ
811 2365 826 2380 ·
855 2348 949 2415 οὓς
978 2351 1100 2404 κατ’
1135 2350 1270 2403 ἰδίαν
1295 2351 1600 2421 ὠνόμασεν,
1627 2350 1702 2413 ὡς
1733 2352 1882 2403 ἀντι-

298 2440 650 2504 καθεστῶτας
682 2442 805 2494 τότε
853 2440 932 2511 τῷ
963 2442 1200 2512 Ἰσραὴλ,
1239 2442 1334 2494 καὶ
1373 2443 1456 2494 ὅτι
1497 2442 1607 2501 τοῖς
1643 2441 1880 2503 εἰδώλοις

299 2533 482 2589 αὐτῶν
515 2532 887 2602 ἀκολουθήσας
923 2532 1115 2596 όλαδς,
1158 2531 1414 2603 ἐτελέσθη
1446 2532 1522 2602 τῷ
1557 2529 1881 2601 Βεελφεγὼρ

300 2627 408 2699 θεῷ
439 2627 532 2681 τοῦ
576 2626 771 2681 Ἁτωάϐ.
821 2626 911 2678 Διὸ
944 2626 1036 2678 καὶ
1076 2626 1358 2697 ἀρχηγοὺς
1388 2624 1554 2678 αὐτοῦ
1590 2625 1714 2686 τοὺς
1750 2623 1880 2695 παρ’

300 2719 465 2774 αὐτοῦ
516 2710 859 2789 τιμωμένους
906 2716 1142 2787 ἐδήλωσε
1183 2716 1465 2786 δαίμονας,
1518 2716 1606 2769 ὅτε
1654 2715 1747 2769 καὶ
1796 2714 1882 2779 ἑξ-

300 2812 639 2880 επόρνευσαν
665 2811 746 2875 εἰς
767 2811 866 2873 τὰς
897 2808 1269 2873 Μωαϐίτιδας.
1294 2809 1384 2862 Διδ
1417 2808 1749 2880 προφητεύει
1783 2808 1881 2879 τὴν

299 2905 381 2967 εἰς
414 2903 728 2957 τοὺναντῐον
766 2900 877 2955 τῶν
925 2902 1269 2972 πραγμάτων
1313 2900 1638 2970 μεταϐολὴν,
1667 2899 1882 2962 δεικνὺς

299 2993 428 3057 τοὺς
456 2994 981 3065 μεγαλαυχήσαντάς
1010 3009 1142 3045 ποτε
1184 2990 1329 3045 κατὰ
1366 2990 1459 3064 τού
1505 2990 1723 3063 Ἰσραὴλ
1761 2988 1881 3041 δαί-

306 3103 471 3156 μονας
525 3085 632 3139 τῶν
689 3083 998 3139 Μωαϐιτῶν
1047 3083 1140 3136 ἐπὶ
1181 3082 1275 3136 τοῦ
1338 3080 1625 3152 μέλλοντος
1680 3079 1879 3151 ἄστρου

303 3177 531 3247 θραῦσιν
576 3177 786 3231 παθεῖν,
834 3170 935 3231 Ὧν
972 3175 1239 3238 πεσόντας
1285 3175 1412 3236 τοὺς
1463 3175 1615 3236 υἱοὺς
1648 3173 1755 3244 Σὴθ
1788 3173 1881 3226 καὶ

314 3270 492 3339 Ἐδὼμ
529 3269 624 3323 καὶ
669 3267 867 3337 Ἠσαῦ,
915 3268 1011 3321 καλ¹
1045 3267 1223 3321 πάντα
1268 3265 1333 3318 τὰ
1366 3263 1497 3334 ἔθνη
1539 3264 1627 3319 διὰ
1674 3264 1880 3319 τούτων

301 3358 632 3428 δηλούμενα,
676 3357 877 3425 μᾶλλον
918 3356 975 3409 δὲ
1029 3356 1238 3418 πάντας
1294 3356 1391 3425 μὲν
1424 3354 1753 3426 ἀνθρώπους
1793 3354 1881 3407 διὰ

302 3450 409 3501 τῶν
453 3448 586 3501 υἱῶν
634 3447 740 3519 Σὴθ
782 3448 1071 3517 ἐδήλωσεν,
1107 3446 1214 3516 ἰδία
1245 3445 1301 3498 δὲ
1353 3447 1479 3509 τοὺς
1524 3445 1877 3515 Ἰδουμαίους,

303 3540 430 3595 ἐπεὶ
460 3540 552 3595 τὸν
590 3539 752 3595 αὐτὸν
783 3540 986 3610 τρόπον
1035 3534 1487 3609 προσηνέχθησαν
1532 3536 1610 3606 τῷ
1637 3536 1877 3607 Ἰσραήλ.

1965 2353 2189 2424 inquit,
2218 2356 2272 2409 in
2304 2357 2518 2410 ruinam
2547 2355 2932 2419 Moabitarum,
2954 2370 3095 2425 quos
3120 2354 3352 2410 seorsim
3383 2353 3564 2407 nomi-

1988 2450 2140 2501 navit
2165 2446 2312 2516 quod
2346 2457 2477 2501 tunc
2509 2446 2772 2515 temporis
2794 2452 2986 2500 contra
3040 2443 3296 2501 lsraelem
3330 2448 3562 2505 starent,

1986 2545 2041 2593 et
2072 2538 2218 2608 quod
2259 2538 2309 2592 id
2343 2538 2489 2593 idola
2528 2539 2776 2608 ipsorum
2815 2544 3059 2593 sectatus
3105 2536 3341 2606 pepulus
3387 2532 3563 2588 sacri-

1989 2629 2473 2701 ﬁcassetBeelphe
2509 2629 2871 2685 Moabitarum
2919 2628 3051 2683 Deo.
3087 2628 3241 2682 Unde
3289 2635 3345 2681 et
3396 2629 3563 2680 «luces

1988 2738 2178 2776 eorum
2230 2737 2293 2776 ac
2348 2723 2544 2776 heroas
2566 2721 2661 2789 qui
2717 2721 3023 2776 in’summo
3069 2720 3245 2790 pretio
3288 2724 3431 2789 apud
3470 2736 3565 2774 eos

1987 2820 2168 2876 erant,
2198 2814 2423 2881 quando
2457 2811 2719 2863 Israelita:
2754 2824 2878 2863 cum
2940 2808 3252 2864 Moabitidis
3306 2810 3562 2864 fornicati

1990 2909 2142 2962 sunt,
2200 2898 2501 2967 expressit.
2548 2894 2822 2963 Quocirca
2858 2912 3043 2952 rerum
3087 2900 3141 2951 in
3197 2898 3352 2967 pejus
3399 2898 3565 2952 devo-

1989 2990 2252 3043 lutionem
2298 2988 2653 3055 vaticinatur,
2686 2997 2741 3043 et
2780 2989 3019 3043 ostendit
3067 2988 3427 3044 Moabitarum
3470 2991 3565 3045 bc-

1991 3095 2140 3146 roas,
2170 3079 2264 3149 qui
2304 3079 2573 3135 Israelitis
2615 3079 2744 3134 olim
2788 3078 3027 3148 superbe
3062 3080 3453 3135 insultaverint
3508 3083 3563 3135 in

1987 3182 2111 3226 ortu
2167 3169 2363 3225 futurae
2414 3171 2588 3225 stellae
2638 3171 2983 3241 collapsuros
3032 3186 3177 3236 esse,
3229 3180 3283 3226 et
3327 3187 3451 3226 cum
3482 3174 3563 3228 eis

1988 3262 2131 3318 ﬁlios
2165 3261 2321 3327 Setlt,
2355 3261 2549 3322 Edam,
2586 3262 2755 3326 Esau,
2780 3272 2833 3317 et
2866 3278 3056 3317 omnes
3080 3264 3221 3318 alias
3248 3273 3438 3333 gentes
3468 3280 3565 3334 per

1988 3356 2113 3428 illas
2138 3357 2501 3426 signiﬁcatas.
2527 3354 2673 3421 Quin
2706 3358 2818 3409 imo
2844 3371 3037 3409 omnes
3062 3357 3311 3412 homines
3341 3359 3564 3414 nomine

1990 3448 2229 3502 ﬁliorum
2262 3444 2395 3501 Setlt
2452 3428 2684 3516 intelligi
2725 3448 2918 3501 voluit.
2952 3449 3226 3517 Imprimis
3266 3465 3396 3506 vero
3440 3450 3565 3507 ldu-

1992 3553 2158 3592 tuteos
2192 3537 2285 3607 qui
2334 3536 2524 3591 eodem
2558 3536 2719 3590 modo
2770 3538 2835 3590 ad
2894 3537 3151 3592 Israelem
3187 3549 3317 3593 sunt
3374 3541 3562 3598 del-ti.

306 3633 523 3694 Πάντας
561 3625 655 3684 οὖν
695 3646 829 3699 φησι
878 3629 979 3697 τῆς
1031 3628 1165 3690 ἰδίας
1215 3626 1521 3680 παύσεσθαι
1556 3627 1881 3698 δεισιδαιμο-

1988 3626 2193 3683 Omnes
2233 3630 2398 3697 igitur
2437 3628 2617 3698 inquit
2655 3645 2684 3682 a
2715 3645 2812 3683 sua
2869 3632 3260 3698 superstitione
3303 3642 3357 3687 et
3400 3634 3565 3706 422

306 3721 446 3773 νίας.

378 3756 671 3883 ἠέμνηται
729 3812 825 3864 καὶ
890 3810 986 3863 τοῦ
1041 3808 1325 3879 ’Δμαλὴκ,
1374 3809 1451 3872 ὡς
1505 3809 1749 3873 ἐλθόντος
1801 3808 1880 3880 τῷ

319 3904 540 3976 Ἰσραὴλ
590 3904 887 3975 πρότερον,
946 3901 1044 3955 καὶ
1115 3900 1431 3970 νικηθέντος
1498 3900 1719 3954 ἐκτάσει
1772 3902 1881 3955 τῶν

305 3996 584 4058 Μωῦσέως
617 3994 836 4065 χειρῶν.

1988 3719 2265 3789 impietate
2299 3732 2421 3773 esse
2453 3719 2767 3773 destitutos.

2057 3810 2284 3866 Necnon
2360 3827 2489 3865 vero
2546 3810 2988 3864 Amalecitarum
3073 3814 3321 3868 meminit
3377 3826 3566 3885 utpote

1988 3917 2179 3957 eorum
2209 3902 2303 3971 qui
2337 3901 2592 3956 lsraelem
2630 3912 2756 3955 ante
2806 3901 3146 3968 invaserant,
3180 3916 3234 3958 et
3267 3906 3336 3959 ab
3375 3921 3440 3960 eo
3467 3923 3566 3961 ex-

1991 3993 2243 4048 tensione
2281 4007 2541 4046 manuum
2573 3991 2742 4048 Musis
2773 3993 2899 4047 victi
2940 4004 3119 4048 erant.

379 4086 625 4142 Meminit
650 4085 778 4138 item
802 4082 961 4139 Cinei
990 4084 1084 4152 qui
1128 4096 1346 4151 semper
1378 4079 1635 4136 infensus
1670 4080 1773 4136 fuit
1806 4082 2028 4153 populo,
2064 4084 2159 4153 qui
2195 4082 2459 4138 aﬂinitate
2502 4100 2719 4155 quoque
2757 4087 2987 4155 junctus
3036 4088 3137 4143 fuit
3168 4088 3326 4155 Most,
3364 4108 3559 4159 quem-

309 4172 601 4232 admodum
635 4185 703 4226 ex
755 4170 912 4226 libris
963 4167 1223 4223 Iudicum
1261 4168 1329 4223 de
1375 4166 1654 4222 Cbaberto
1682 4166 1855 4224 (lineo
1904 4171 1999 4241 qui
2055 4188 2204 4227 unus
2251 4172 2491 4227 ﬁliorum
2542 4170 2718 4228 Jobab
2774 4176 2951 4230 soceri
3002 4175 3170 4232 Mosis
3213 4188 3355 4244 erat,
3408 4197 3563 4237 asse-

306 4275 456 4320 runt.

388 4352 678 4415 Ἐξέτεινε
712 4349 826 4417 τὴν
862 4346 1105 4415 σκηνὴν
1133 4345 1321 4400 αὐτοῦ
1350 4344 1462 4412 ἕως
1496 4346 1733 4400 Βασωνὶ
1770 4346 1875 4416 τῆς

303 4442 465 4511 παρὰ
498 4441 612 4508 τὴν
656 4440 858 4505 Κεδές.
907 4438 1155 4508 Κατέσχε
1202 4436 1311 4507 γὰρ
1354 4438 1521 4510 μέρος
1576 4437 1680 4503 τῆς
1719 4438 1880 4506 ἁγίας

304 4534 427 4602 γῆς,
461 4533 557 4585 καὶ
585 4530 678 4583 ἐπὶ
704 4530 837 4582 πολὺ
878 4529 1189 4601 παρέτεινε.
1227 4529 1318 4581 Διὸ
1346 4528 1492 4597 λέγει
1528 4530 1656 4599 περὶ
1690 4529 1876 4596 αὑτοῦ,

315 4644 333 4677 t
372 4620 589 4693 Ἰσχυρά
620 4624 654 4692 ἡ
684 4620 938 4675 κατοικία
980 4636 1095 4674 σου.
1129 4638 1147 4670 ι
1462 4625 1477 4637 ⁵

2060 4347 2132 4401 Et
2192 4348 2424 4402 extendit
2485 4349 2769 4402 tentorium
2827 4366 2983 4405 suum
3042 4352 3334 4408 Buteonem
3400 4372 3569 4425 usque

1989 4446 2188 4493 terram
2222 4442 2367 4494 ultra
2398 4440 2593 4497 Gades.
2624 4441 2946 4498 Tenueruttt
2977 4446 3122 4499 enim
3160 4454 3367 4515 partem
3402 4456 3563 4501 terras

1989 4539 2220 4590 sanctas.
2248 4542 2302 4587 et
2354 4534 2543 4604 aliquo
2576 4550 2755 4605 usque
2782 4536 3047 4591 extendit.
3078 4535 3234 4592 Unde
3265 4537 3333 4593 de
3376 4554 3441 4593 eo
3475 4539 3567 4594 di-

1992 4623 2068 4676 cit
2097 4641 2111 4676 :
2155 4650 2167 4667 ο
2213 4622 2403 4679 Valida
2434 4634 2520 4680 est
2560 4626 2829 4681 habitatio
2860 4635 2977 4681 tua.
3009 4646 3029 4678 ι

375 4712 571 4769 Omnia
601 4714 772 4785 igitur
810 4713 927 4766 loca
958 4711 1079 4780 ejus
1108 4711 1175 4766 de
1202 4725 1316 4781 quo
1345 4712 1685 4769 vaticinatur
1718 4714 1837 4770 fore
1864 4715 2021 4779 dicit,
2058 4724 2249 4786 utpote
2276 4720 2372 4787 qui
2399 4735 2462 4774 ea
2514 4735 2542 4773 a
2569 4731 2723 4790 patre
2750 4722 3106 4777 luereditario
3136 4721 3431 4792 acceperit,
3464 4726 3561 4793 qui

305 4804 371 4855 ad
405 4816 530 4855 eum
565 4800 748 4855 dicit:
787 4818 806 4851 ι
830 4797 1055 4852 Postula
1088 4812 1118 4851 a
1144 4812 1254 4859 me,
1289 4805 1344 4852 et
1375 4798 1518 4854 dabo
1553 4799 1654 4855 tibi
1675 4813 1870 4871 gentes
1912 4803 2288 4861 bmreditatem
2322 4808 2648 4873 tuam“,tin
2677 4826 2841 4879 quam
2870 4812 2914 4865 si
2951 4812 3131 4866 sancti
3161 4814 3563 4878 concesserint,

304 4889 373 4943 ab
402 4904 462 4943 ea
499 4888 778 4944 Israelitas
813 4887 1098 4943 excisuros
1122 4899 1249 4940 esse
1277 4886 1639 4943 vaticinatur.
1684 4887 1825 4944 Dicit
1875 4891 2047 4961 igitur
2075 4902 2130 4948 et
2176 4894 2348 4950 Israel
2383 4898 2513 4951 totis
2557 4896 2771 4953 viribus
2808 4898 3064 4953 omnium
3119 4903 3418 4955 maximam
3454 4902 3560 4954 im-

306 4977 559 5045 pietatem
597 4975 846 5030 admisit.

373 5068 483 5121 Καὶ
520 5065 670 5135 ὲξεγε
684 5066 943 5137 ρθήσεται
987 5063 1048 5128 ἐξ
1090 5062 1306 5119 Ἰακώϐ.
1339 5063 1435 5128 Τίς
1463 5057 1654 5128 οὗτος,
1694 5064 1723 5116 ό
1754 5080 1881 5136 προ⁴

2060 5054 2413 5141 Ὼιιορτοριει·
2440 5082 2698 5142 exsurget
2743 5074 2812 5128 ab
2852 5073 2955 5136 eis,
2991 5082 3043 5128 et
3083 5075 3384 5131 auferetur.
3417 5073 3555 5140 Quis

304 5157 671 5227 φητευόμενος
698 5155 791 5208 τοῦ
820 5154 957 5207 Θεοῦ
988 5153 1181 5223 Λόγος.
1204 5152 1328 5226 [Ὃς
1369 5156 1462 5208 καὶ
1496 5155 1747 5207 ἀπώλεσε
1780 5171 1882 5208 σω-

304 5249 528 5322 ζνίμενον
573 5254 638 5304 ἐκ
667 5248 920 5321 πόλεως.]
954 5244 1122 5320 Οἶμαι
1163 5248 1220 5302 δὲ
1266 5247 1364 5321 τὴν
1399 5248 1755 5321 Ἰερουσαλὴμ
1799 5249 1885 5302 αἱ-

303 5341 573 5396 νξττεσθαι
605 5343 716 5411 (82)
741 5360 754 5373 '
782 5342 841 5407 ἐξ
870 5336 937 5413 ἦς
967 5340 1134 5394 ὤλετο
1172 5341 1280 5404 πᾶς
1329 5338 1659 5411 σωζόμενος,
1712 5340 1745 5405 ἢ
1790 5342 1882 5395 καὶ

301 5434 364 5488 τ’)
389 5435 496 5488 πᾶν
515 5433 610 5487 τοῦ
640 5433 829 5497 ἔθνους
858 5431 1037 5486 αὐτῶν
1063 5430 1387 5502 πολίτευμα.

381 5547 423 5579 "
456 5548 653 5604 Cenes.
686 5564 833 5612 thx,
868 5548 954 5602 ιο.
1032 5546 1077 5578 ⁸⁸
1111 5546 1244 5602 ibid.
1286 5545 1341 5602 8.
1419 5546 1462 5578 δ’
1488 5544 1722 5602 Zacltar.
1755 5564 1853 5616 ιιι,
1881 5547 1935 5602 6.
2015 5547 2061 5581 ⁸⁸
2094 5546 2289 5606 Matth.
2324 5565 2387 5613 tt,
2417 5549 2452 5603 2
2487 5566 2640 5622 seqq.

1990 5160 2124 5217 ille?
2153 5161 2471 5231 praedictum
2506 5162 2596 5217 Dei
2635 5161 2897 5226 Verbum,
2936 5165 3083 5234 quod
3134 5166 3371 5236 perdidit
3411 5168 3561 5236 quod

1992 5264 2061 5306 ex
2094 5253 2230 5306 urbe
2276 5252 2471 5316 evasit,
2509 5250 2939 5324 Hierosolymam
2991 5258 3154 5310 tacite
3196 5256 3457 5317 innueus,
3493 5270 3560 5309 es

1989 5356 2105 5411 qua
2147 5343 2480 5413 quicunque
2517 5342 2713 5407 evasit,
2761 5344 2939 5413 periit.
2991 5346 3253 5411 Quamvis
3296 5342 3563 5417 quidquid

1992 5449 2057 5489 ex
2092 5442 2254 5504 gente
2278 5449 2469 5490 eorum
2500 5443 2605 5498 cst,
2633 5434 2829 5491 civitas
2858 5444 2963 5491 est.

2722 5551 2763 5583 "
2800 5549 2947 5605 Psal.
2978 5565 3040 5613 tt,
3080 5549 3133 5604 8.

1801 5640 2038 5699 ΝΟΤᾹΞ.

372 5710 489 5782 (89.)
524 5712 918 5781 Δὶνιττόμενος.
950 5710 1008 5763 '0
1027 5709 1126 5779 τῆς
1156 5708 1289 5777 Αύγ.
1327 5708 1458 5763 nos.
1565 5763 1571 5768 ,

1158 5977 1187 6007 \
