  <div class='ocr_page' id='page_1' title='image "/cluster/home/n/w/nwhite01/storage/ocr_20150623/87:1/hvd.32044073502353/441.png"; bbox 0 0 4050 6212; ppageno 0'>
   <div class='ocr_carea' id='block_1_1' title="bbox 476 304 2071 373">
    <p class='ocr_par' dir='ltr' id='par_1_1' title="bbox 476 307 2071 373">
     <span class='ocr_line' id='line_1_1' title="bbox 476 307 2071 373; baseline -0.001 -5"><span class='ocrx_word' id='word_1_1' title='bbox 476 308 574 373; x_wconf 68' lang='lat'><strong>8&#39;31</strong></span> <span class='ocrx_word' id='word_1_2' title='bbox 1770 307 2071 367; x_wconf 78' lang='lat' dir='ltr'><strong>PROCOPI</strong></span> 
     </span>
    </p>
   </div>
   <div class='ocr_carea' id='block_1_2' title="bbox 2186 304 3725 373">
    <p class='ocr_par' dir='ltr' id='par_1_2' title="bbox 2186 304 3725 372">
     <span class='ocr_line' id='line_1_2' title="bbox 2186 304 3725 372; baseline 0.006 -10"><span class='ocrx_word' id='word_1_3' title='bbox 2186 308 2381 371; x_wconf 71' lang='grc' dir='ltr'><strong>τΑΖΕΙ</strong></span> <span class='ocrx_word' id='word_1_4' title='bbox 3619 304 3725 372; x_wconf 73' lang='lat'><strong>872</strong></span> 
     </span>
    </p>
   </div>
   <div class='ocr_carea' id='block_1_3' title="bbox 547 418 3729 491">
    <p class='ocr_par' dir='ltr' id='par_1_3' title="bbox 547 418 3729 491">
     <span class='ocr_line' id='line_1_3' title="bbox 547 418 3729 491; baseline 0 -12"><span class='ocrx_word' id='word_1_5' title='bbox 547 424 822 479; x_wconf 68' lang='lat' dir='ltr'><strong>Caeterum</strong></span> <span class='ocrx_word' id='word_1_6' title='bbox 856 421 1029 476; x_wconf 62' lang='lat' dir='ltr'><strong>stellae</strong></span> <span class='ocrx_word' id='word_1_7' title='bbox 1063 420 1390 491; x_wconf 80' lang='lat' dir='ltr'><strong>mysterium</strong></span> <span class='ocrx_word' id='word_1_8' title='bbox 1432 418 1804 488; x_wconf 81' lang='lat' dir='ltr'><strong>inspiciamus</strong></span> <span class='ocrx_word' id='word_1_9' title='bbox 1836 418 2180 473; x_wconf 78' lang='lat' dir='ltr'><strong>accuratius.</strong></span> <span class='ocrx_word' id='word_1_10' title='bbox 2224 418 2284 474; x_wconf 87' lang='lat' dir='ltr'><strong>lo</strong></span> <span class='ocrx_word' id='word_1_11' title='bbox 2317 420 2475 490; x_wconf 86' lang='lat' dir='ltr'><strong>signa</strong></span> <span class='ocrx_word' id='word_1_12' title='bbox 2513 425 2569 474; x_wconf 91' lang='lat' dir='ltr'><strong>et</strong></span> <span class='ocrx_word' id='word_1_13' title='bbox 2606 428 2855 490; x_wconf 88' lang='lat' dir='ltr'><strong>tempora</strong></span> <span class='ocrx_word' id='word_1_14' title='bbox 2899 433 3092 476; x_wconf 90' lang='lat' dir='ltr'><strong>omnes</strong></span> <span class='ocrx_word' id='word_1_15' title='bbox 3132 419 3329 476; x_wconf 89' lang='lat' dir='ltr'><strong>stellas</strong></span> <span class='ocrx_word' id='word_1_16' title='bbox 3359 420 3573 491; x_wconf 86' lang='lat' dir='ltr'><strong>positas</strong></span> <span class='ocrx_word' id='word_1_17' title='bbox 3601 438 3729 481; x_wconf 88' lang='lat' dir='ltr'><strong>esse</strong></span> 
     </span>
    </p>
   </div>
   <div class='ocr_carea' id='block_1_4' title="bbox 480 506 3727 582">
    <p class='ocr_par' dir='ltr' id='par_1_4' title="bbox 480 506 3727 582">
     <span class='ocr_line' id='line_1_4' title="bbox 480 506 3727 582; baseline 0.001 -17"><span class='ocrx_word' id='word_1_18' title='bbox 480 509 651 565; x_wconf 87' lang='lat' dir='ltr'><strong>tradit</strong></span> <span class='ocrx_word' id='word_1_19' title='bbox 705 507 906 562; x_wconf 81' lang='lat' dir='ltr'><strong>Moses.</strong></span> <span class='ocrx_word' id='word_1_20' title='bbox 961 506 1356 565; x_wconf 67' lang='lat' dir='ltr'><strong>Producuntur</strong></span> <span class='ocrx_word' id='word_1_21' title='bbox 1394 507 1544 561; x_wconf 89' lang='lat' dir='ltr'><strong>enim</strong></span> <span class='ocrx_word' id='word_1_22' title='bbox 1580 506 1647 560; x_wconf 93' lang='lat' dir='ltr'><strong>ad</strong></span> <span class='ocrx_word' id='word_1_23' title='bbox 1685 521 1774 562; x_wconf 91' lang='lat' dir='ltr'><strong>res</strong></span> <span class='ocrx_word' id='word_1_24' title='bbox 1823 506 2297 577; x_wconf 90' lang='lat' dir='ltr'><strong>exspectationem</strong></span> <span class='ocrx_word' id='word_1_25' title='bbox 2348 507 2634 562; x_wconf 83' lang='lat' dir='ltr'><strong>hominum</strong></span> <span class='ocrx_word' id='word_1_26' title='bbox 2687 507 2959 581; x_wconf 87' lang='lat' dir='ltr'><strong>fugientes</strong></span> <span class='ocrx_word' id='word_1_27' title='bbox 3009 508 3163 562; x_wconf 91' lang='lat' dir='ltr'><strong>vultu</strong></span> <span class='ocrx_word' id='word_1_28' title='bbox 3210 507 3437 563; x_wconf 88' lang='lat' dir='ltr'><strong>micanti</strong></span> <span class='ocrx_word' id='word_1_29' title='bbox 3483 507 3727 582; x_wconf 79' lang='lat' dir='ltr'><strong>fulgores</strong></span> 
     </span>
    </p>
   </div>
   <div class='ocr_carea' id='block_1_5' title="bbox 480 592 3729 666">
    <p class='ocr_par' dir='ltr' id='par_1_5' title="bbox 480 592 3729 666">
     <span class='ocr_line' id='line_1_5' title="bbox 480 592 3729 666; baseline 0.002 -15"><span class='ocrx_word' id='word_1_30' title='bbox 480 592 788 658; x_wconf 69' lang='lat' dir='ltr'><strong>stellarum,</strong></span> <span class='ocrx_word' id='word_1_31' title='bbox 817 611 956 665; x_wconf 91' lang='lat' dir='ltr'><strong>quas</strong></span> <span class='ocrx_word' id='word_1_32' title='bbox 986 604 1187 649; x_wconf 89' lang='lat' dir='ltr'><strong>vocant</strong></span> <span class='ocrx_word' id='word_1_33' title='bbox 1224 604 1491 654; x_wconf 87' lang='lat' dir='ltr'><strong>cometas,</strong></span> <span class='ocrx_word' id='word_1_34' title='bbox 1529 594 1741 659; x_wconf 90' lang='lat' dir='ltr'><strong>trabes,</strong></span> <span class='ocrx_word' id='word_1_35' title='bbox 1784 600 1839 648; x_wconf 91' lang='lat' dir='ltr'><strong>et</strong></span> <span class='ocrx_word' id='word_1_36' title='bbox 1868 593 2089 657; x_wconf 85' lang='lat' dir='ltr'><strong>barbas,</strong></span> <span class='ocrx_word' id='word_1_37' title='bbox 2123 605 2178 648; x_wconf 92' lang='lat' dir='ltr'><strong>et</strong></span> <span class='ocrx_word' id='word_1_38' title='bbox 2217 594 2554 665; x_wconf 73' lang='lat' dir='ltr'><strong>huiusmodi.</strong></span> <span class='ocrx_word' id='word_1_39' title='bbox 2594 596 2759 666; x_wconf 82' lang='lat' dir='ltr'><strong>Atqui</strong></span> <span class='ocrx_word' id='word_1_40' title='bbox 2795 594 3109 651; x_wconf 84' lang='lat' dir='ltr'><strong>Servatoris</strong></span> <span class='ocrx_word' id='word_1_41' title='bbox 3136 596 3293 650; x_wconf 85' lang='lat' dir='ltr'><strong>stella</strong></span> <span class='ocrx_word' id='word_1_42' title='bbox 3329 596 3416 652; x_wconf 90' lang='lat' dir='ltr'><strong>his</strong></span> <span class='ocrx_word' id='word_1_43' title='bbox 3467 599 3729 657; x_wconf 87' lang='lat' dir='ltr'><strong>omnibus</strong></span> 
     </span>
    </p>
   </div>
   <div class='ocr_carea' id='block_1_6' title="bbox 482 682 3726 754">
    <p class='ocr_par' dir='ltr' id='par_1_6' title="bbox 482 682 3726 754">
     <span class='ocr_line' id='line_1_6' title="bbox 482 682 3726 754; baseline 0.002 -18"><span class='ocrx_word' id='word_1_44' title='bbox 482 684 759 737; x_wconf 80' lang='lat' dir='ltr'><strong>recentior</strong></span> <span class='ocrx_word' id='word_1_45' title='bbox 788 683 1025 737; x_wconf 77' lang='lat' dir='ltr'><strong>exstitit.</strong></span> <span class='ocrx_word' id='word_1_46' title='bbox 1059 683 1274 752; x_wconf 82' lang='lat' dir='ltr'><strong>Quippe</strong></span> <span class='ocrx_word' id='word_1_47' title='bbox 1321 698 1445 751; x_wconf 67' lang='lat' dir='ltr'><strong>quae</strong></span> <span class='ocrx_word' id='word_1_48' title='bbox 1476 682 1829 737; x_wconf 82' lang='lat' dir='ltr'><strong>demonstrat</strong></span> <span class='ocrx_word' id='word_1_49' title='bbox 1874 696 2065 736; x_wconf 81' lang='lat' dir='ltr'><strong>revera</strong></span> <span class='ocrx_word' id='word_1_50' title='bbox 2099 698 2359 754; x_wconf 89' lang='lat' dir='ltr'><strong>magnum</strong></span> <span class='ocrx_word' id='word_1_51' title='bbox 2397 692 2454 739; x_wconf 85' lang='lat' dir='ltr'><strong>et</strong></span> <span class='ocrx_word' id='word_1_52' title='bbox 2496 685 2784 752; x_wconf 89' lang='lat' dir='ltr'><strong>spirituale</strong></span> <span class='ocrx_word' id='word_1_53' title='bbox 2827 685 3101 740; x_wconf 82' lang='lat' dir='ltr'><strong>luminare</strong></span> <span class='ocrx_word' id='word_1_54' title='bbox 3142 685 3365 739; x_wconf 78' lang='lat' dir='ltr'><strong>ctelitus</strong></span> <span class='ocrx_word' id='word_1_55' title='bbox 3399 684 3726 751; x_wconf 77' lang='lat' dir='ltr'><strong>demissum,</strong></span> 
     </span>
    </p>
   </div>
   <div class='ocr_carea' id='block_1_7' title="bbox 483 768 3732 838">
    <p class='ocr_par' dir='ltr' id='par_1_7' title="bbox 483 768 3732 838">
     <span class='ocr_line' id='line_1_7' title="bbox 483 768 3732 838; baseline 0.001 -15"><span class='ocrx_word' id='word_1_56' title='bbox 483 779 658 825; x_wconf 90' lang='lat' dir='ltr'><strong>totum</strong></span> <span class='ocrx_word' id='word_1_57' title='bbox 689 770 877 823; x_wconf 84' lang='lat' dir='ltr'><strong>orbein</strong></span> <span class='ocrx_word' id='word_1_58' title='bbox 906 770 1217 823; x_wconf 90' lang='lat' dir='ltr'><strong>illustrans.</strong></span> <span class='ocrx_word' id='word_1_59' title='bbox 1251 768 1393 834; x_wconf 86' lang='lat' dir='ltr'><strong>Quid</strong></span> <span class='ocrx_word' id='word_1_60' title='bbox 1431 769 1582 822; x_wconf 91' lang='lat' dir='ltr'><strong>enim</strong></span> <span class='ocrx_word' id='word_1_61' title='bbox 1618 778 1729 824; x_wconf 85' lang='lat' dir='ltr'><strong>tam</strong></span> <span class='ocrx_word' id='word_1_62' title='bbox 1756 768 2109 838; x_wconf 81' lang='lat' dir='ltr'><strong>magnificum</strong></span> <span class='ocrx_word' id='word_1_63' title='bbox 2141 775 2360 837; x_wconf 82' lang='lat' dir='ltr'><strong>tamque</strong></span> <span class='ocrx_word' id='word_1_64' title='bbox 2384 768 2674 823; x_wconf 84' lang='lat' dir='ltr'><strong>mirificum</strong></span> <span class='ocrx_word' id='word_1_65' title='bbox 2708 768 2851 822; x_wconf 91' lang='lat' dir='ltr'><strong>inter</strong></span> <span class='ocrx_word' id='word_1_66' title='bbox 2885 769 3138 825; x_wconf 82' lang='lat' dir='ltr'><strong>homines</strong></span> <span class='ocrx_word' id='word_1_67' title='bbox 3175 769 3387 824; x_wconf 88' lang='lat' dir='ltr'><strong>factum</strong></span> <span class='ocrx_word' id='word_1_68' title='bbox 3420 770 3550 825; x_wconf 69' lang='lat' dir='ltr'><strong>est?</strong></span> <span class='ocrx_word' id='word_1_69' title='bbox 3582 770 3732 826; x_wconf 85' lang='lat' dir='ltr'><strong>Con-</strong></span> 
     </span>
    </p>
   </div>
   <div class='ocr_carea' id='block_1_8' title="bbox 483 854 3734 929">
    <p class='ocr_par' dir='ltr' id='par_1_8' title="bbox 483 854 3734 929">
     <span class='ocr_line' id='line_1_8' title="bbox 483 854 3734 929; baseline 0 -18"><span class='ocrx_word' id='word_1_70' title='bbox 483 867 697 911; x_wconf 87' lang='lat' dir='ltr'><strong>suetum</strong></span> <span class='ocrx_word' id='word_1_71' title='bbox 728 870 861 911; x_wconf 89' lang='lat' dir='ltr'><strong>vero</strong></span> <span class='ocrx_word' id='word_1_72' title='bbox 891 856 1194 924; x_wconf 71' lang='lat' dir='ltr'><strong>Scriptura:</strong></span> <span class='ocrx_word' id='word_1_73' title='bbox 1228 871 1401 910; x_wconf 62' lang='lat' dir='ltr'><strong>sacrae</strong></span> <span class='ocrx_word' id='word_1_74' title='bbox 1432 864 1539 918; x_wconf 89' lang='lat' dir='ltr'><strong>est.</strong></span> <span class='ocrx_word' id='word_1_75' title='bbox 1577 856 1743 911; x_wconf 91' lang='lat' dir='ltr'><strong>simul</strong></span> <span class='ocrx_word' id='word_1_76' title='bbox 1786 871 2010 911; x_wconf 87' lang='lat' dir='ltr'><strong>servare</strong></span> <span class='ocrx_word' id='word_1_77' title='bbox 2039 869 2264 924; x_wconf 84' lang='lat' dir='ltr'><strong>semper</strong></span> <span class='ocrx_word' id='word_1_78' title='bbox 2289 855 2509 929; x_wconf 87' lang='lat' dir='ltr'><strong>signum</strong></span> <span class='ocrx_word' id='word_1_79' title='bbox 2540 854 2689 925; x_wconf 82' lang='lat' dir='ltr'><strong>quod</strong></span> <span class='ocrx_word' id='word_1_80' title='bbox 2735 864 2965 925; x_wconf 80' lang='lat' dir='ltr'><strong>apparet</strong></span> <span class='ocrx_word' id='word_1_81' title='bbox 2995 871 3120 911; x_wconf 89' lang='lat' dir='ltr'><strong>cum</strong></span> <span class='ocrx_word' id='word_1_82' title='bbox 3156 858 3524 926; x_wconf 89' lang='lat' dir='ltr'><strong>pronuntiato</strong></span> <span class='ocrx_word' id='word_1_83' title='bbox 3564 873 3734 929; x_wconf 88' lang='lat' dir='ltr'><strong>super</strong></span> 
     </span>
    </p>
   </div>
   <div class='ocr_carea' id='block_1_9' title="bbox 482 942 3732 1016">
    <p class='ocr_par' dir='ltr' id='par_1_9' title="bbox 482 942 3732 1016">
     <span class='ocr_line' id='line_1_9' title="bbox 482 942 3732 1016; baseline 0.002 -21"><span class='ocrx_word' id='word_1_84' title='bbox 482 958 550 995; x_wconf 89' lang='lat' dir='ltr'><strong>eo</strong></span> <span class='ocrx_word' id='word_1_85' title='bbox 578 942 750 1001; x_wconf 87' lang='lat' dir='ltr'><strong>edito,</strong></span> <span class='ocrx_word' id='word_1_86' title='bbox 795 950 851 995; x_wconf 90' lang='lat' dir='ltr'><strong>et</strong></span> <span class='ocrx_word' id='word_1_87' title='bbox 884 957 1112 996; x_wconf 90' lang='lat' dir='ltr'><strong>sensum</strong></span> <span class='ocrx_word' id='word_1_88' title='bbox 1162 943 1538 1011; x_wconf 88' lang='lat' dir='ltr'><strong>spiritualcm,</strong></span> <span class='ocrx_word' id='word_1_89' title='bbox 1590 943 1750 1015; x_wconf 85' lang='lat' dir='ltr'><strong>cujus</strong></span> <span class='ocrx_word' id='word_1_90' title='bbox 1806 945 1980 1015; x_wconf 87' lang='lat' dir='ltr'><strong>gratia</strong></span> <span class='ocrx_word' id='word_1_91' title='bbox 2011 944 2227 1013; x_wconf 82' lang='lat' dir='ltr'><strong>signum</strong></span> <span class='ocrx_word' id='word_1_92' title='bbox 2269 945 2509 1009; x_wconf 79' lang='lat' dir='ltr'><strong>exsistit,</strong></span> <span class='ocrx_word' id='word_1_93' title='bbox 2562 952 2620 998; x_wconf 89' lang='lat' dir='ltr'><strong>ut</strong></span> <span class='ocrx_word' id='word_1_94' title='bbox 2653 944 2991 999; x_wconf 84' lang='lat' dir='ltr'><strong>narrationis</strong></span> <span class='ocrx_word' id='word_1_95' title='bbox 3032 945 3431 1001; x_wconf 88' lang='lat' dir='ltr'><strong>certitudinem</strong></span> <span class='ocrx_word' id='word_1_96' title='bbox 3457 958 3732 1016; x_wconf 87' lang='lat' dir='ltr'><strong>quantum</strong></span> 
     </span>
    </p>
   </div>
   <div class='ocr_carea' id='block_1_10' title="bbox 485 1029 3737 1104">
    <p class='ocr_par' dir='ltr' id='par_1_10' title="bbox 485 1029 3737 1104">
     <span class='ocr_line' id='line_1_10' title="bbox 485 1029 3737 1104; baseline 0.001 -21"><span class='ocrx_word' id='word_1_97' title='bbox 485 1040 667 1098; x_wconf 88' lang='lat' dir='ltr'><strong>potest</strong></span> <span class='ocrx_word' id='word_1_98' title='bbox 697 1029 943 1099; x_wconf 83' lang='lat' dir='ltr'><strong>adjuvet.</strong></span> <span class='ocrx_word' id='word_1_99' title='bbox 991 1029 1066 1083; x_wconf 88' lang='lat' dir='ltr'><strong>lta</strong></span> <span class='ocrx_word' id='word_1_100' title='bbox 1100 1039 1398 1100; x_wconf 84' lang='lat' dir='ltr'><strong>utrumque</strong></span> <span class='ocrx_word' id='word_1_101' title='bbox 1427 1032 1519 1086; x_wconf 85' lang='lat' dir='ltr'><strong>hic</strong></span> <span class='ocrx_word' id='word_1_102' title='bbox 1548 1047 1769 1101; x_wconf 86' lang='lat' dir='ltr'><strong>quoque</strong></span> <span class='ocrx_word' id='word_1_103' title='bbox 1800 1040 1886 1087; x_wconf 87' lang='lat' dir='ltr'><strong>est</strong></span> <span class='ocrx_word' id='word_1_104' title='bbox 1939 1041 2327 1086; x_wconf 88' lang='lat' dir='ltr'><strong>conservatum</strong></span> <span class='ocrx_word' id='word_1_105' title='bbox 2368 1031 2493 1102; x_wconf 83' lang='lat' dir='ltr'><strong>ejus</strong></span> <span class='ocrx_word' id='word_1_106' title='bbox 2543 1032 2716 1087; x_wconf 70' lang='lat' dir='ltr'><strong>stellae</strong></span> <span class='ocrx_word' id='word_1_107' title='bbox 2755 1047 2876 1102; x_wconf 68' lang='lat' dir='ltr'><strong>quae</strong></span> <span class='ocrx_word' id='word_1_108' title='bbox 2917 1033 3196 1102; x_wconf 84' lang='lat' dir='ltr'><strong>apparuit,</strong></span> <span class='ocrx_word' id='word_1_109' title='bbox 3226 1047 3349 1103; x_wconf 72' lang='lat' dir='ltr'><strong>quae</strong></span> <span class='ocrx_word' id='word_1_110' title='bbox 3401 1032 3737 1104; x_wconf 86' lang='lat' dir='ltr'><strong>significavit</strong></span> 
     </span>
    </p>
   </div>
   <div class='ocr_carea' id='block_1_11' title="bbox 487 1117 3735 1189">
    <p class='ocr_par' dir='ltr' id='par_1_11' title="bbox 487 1117 3735 1189">
     <span class='ocr_line' id='line_1_11' title="bbox 487 1117 3735 1189; baseline 0.002 -20"><span class='ocrx_word' id='word_1_111' title='bbox 487 1117 656 1169; x_wconf 80' lang='lat' dir='ltr'><strong>Deum</strong></span> <span class='ocrx_word' id='word_1_112' title='bbox 683 1118 905 1171; x_wconf 72' lang='lat' dir='ltr'><strong>cmlitus</strong></span> <span class='ocrx_word' id='word_1_113' title='bbox 932 1117 1368 1180; x_wconf 89' lang='lat' dir='ltr'><strong>illuminantem,</strong></span> <span class='ocrx_word' id='word_1_114' title='bbox 1394 1134 1559 1187; x_wconf 88' lang='lat' dir='ltr'><strong>quem</strong></span> <span class='ocrx_word' id='word_1_115' title='bbox 1591 1119 1755 1171; x_wconf 88' lang='lat' dir='ltr'><strong>etiam</strong></span> <span class='ocrx_word' id='word_1_116' title='bbox 1787 1118 2063 1173; x_wconf 90' lang='lat' dir='ltr'><strong>hominem</strong></span> <span class='ocrx_word' id='word_1_117' title='bbox 2095 1126 2317 1187; x_wconf 92' lang='lat' dir='ltr'><strong>propter</strong></span> <span class='ocrx_word' id='word_1_118' title='bbox 2340 1119 2709 1173; x_wconf 85' lang='lat' dir='ltr'><strong>ministerium</strong></span> <span class='ocrx_word' id='word_1_119' title='bbox 2735 1118 2857 1188; x_wconf 87' lang='lat' dir='ltr'><strong>ejus</strong></span> <span class='ocrx_word' id='word_1_120' title='bbox 2881 1118 3170 1189; x_wconf 82' lang='lat' dir='ltr'><strong>prophetia</strong></span> <span class='ocrx_word' id='word_1_121' title='bbox 3202 1127 3385 1173; x_wconf 89' lang='lat' dir='ltr'><strong>vocat.</strong></span> <span class='ocrx_word' id='word_1_122' title='bbox 3414 1117 3735 1175; x_wconf 88' lang='lat' dir='ltr'><strong>Secundum</strong></span> 
     </span>
    </p>
   </div>
   <div class='ocr_carea' id='block_1_12' title="bbox 483 1204 3737 1275">
    <p class='ocr_par' dir='ltr' id='par_1_12' title="bbox 483 1204 3737 1275">
     <span class='ocr_line' id='line_1_12' title="bbox 483 1204 3737 1275; baseline 0.001 -18"><span class='ocrx_word' id='word_1_123' title='bbox 483 1204 835 1259; x_wconf 75' lang='lat' dir='ltr'><strong>divinitatem</strong></span> <span class='ocrx_word' id='word_1_124' title='bbox 868 1206 1015 1259; x_wconf 90' lang='lat' dir='ltr'><strong>enim</strong></span> <span class='ocrx_word' id='word_1_125' title='bbox 1048 1207 1258 1274; x_wconf 90' lang='lat' dir='ltr'><strong>passim</strong></span> <span class='ocrx_word' id='word_1_126' title='bbox 1298 1206 1593 1269; x_wconf 87' lang='lat' dir='ltr'><strong>orientem,</strong></span> <span class='ocrx_word' id='word_1_127' title='bbox 1628 1214 1683 1258; x_wconf 92' lang='lat' dir='ltr'><strong>et</strong></span> <span class='ocrx_word' id='word_1_128' title='bbox 1722 1205 1929 1271; x_wconf 91' lang='lat' dir='ltr'><strong>lumen,</strong></span> <span class='ocrx_word' id='word_1_129' title='bbox 1961 1213 2015 1259; x_wconf 92' lang='lat' dir='ltr'><strong>et</strong></span> <span class='ocrx_word' id='word_1_130' title='bbox 2048 1204 2230 1261; x_wconf 89' lang='lat' dir='ltr'><strong>Solem</strong></span> <span class='ocrx_word' id='word_1_131' title='bbox 2256 1206 2490 1275; x_wconf 70' lang='lat' dir='ltr'><strong>justitia:</strong></span> <span class='ocrx_word' id='word_1_132' title='bbox 2534 1205 2798 1274; x_wconf 85' lang='lat' dir='ltr'><strong>appellat,</strong></span> <span class='ocrx_word' id='word_1_133' title='bbox 2835 1214 3025 1274; x_wconf 90' lang='lat' dir='ltr'><strong>utpote</strong></span> <span class='ocrx_word' id='word_1_134' title='bbox 3066 1205 3160 1275; x_wconf 90' lang='lat' dir='ltr'><strong>qui</strong></span> <span class='ocrx_word' id='word_1_135' title='bbox 3205 1205 3484 1260; x_wconf 84' lang='lat' dir='ltr'><strong>illuminat</strong></span> <span class='ocrx_word' id='word_1_136' title='bbox 3512 1222 3737 1262; x_wconf 73' lang='lat' dir='ltr'><strong>omnem</strong></span> 
     </span>
    </p>
   </div>
   <div class='ocr_carea' id='block_1_13' title="bbox 486 1291 3740 1362">
    <p class='ocr_par' dir='ltr' id='par_1_13' title="bbox 486 1291 3740 1362">
     <span class='ocr_line' id='line_1_13' title="bbox 486 1291 3740 1362; baseline 0.001 -18"><span class='ocrx_word' id='word_1_137' title='bbox 486 1291 763 1345; x_wconf 86' lang='lat' dir='ltr'><strong>hominem</strong></span> <span class='ocrx_word' id='word_1_138' title='bbox 795 1292 889 1359; x_wconf 90' lang='lat' dir='ltr'><strong>qui</strong></span> <span class='ocrx_word' id='word_1_139' title='bbox 926 1292 978 1344; x_wconf 93' lang='lat' dir='ltr'><strong>iu</strong></span> <span class='ocrx_word' id='word_1_140' title='bbox 1014 1292 1276 1346; x_wconf 82' lang='lat' dir='ltr'><strong>llllllldllm</strong></span> <span class='ocrx_word' id='word_1_141' title='bbox 1311 1293 1481 1346; x_wconf 82' lang='lat' dir='ltr'><strong>venit.</strong></span> <span class='ocrx_word' id='word_1_142' title='bbox 1520 1292 1679 1347; x_wconf 87' lang='lat' dir='ltr'><strong>Unde</strong></span> <span class='ocrx_word' id='word_1_143' title='bbox 1716 1294 1770 1347; x_wconf 91' lang='lat' dir='ltr'><strong>in</strong></span> <span class='ocrx_word' id='word_1_144' title='bbox 1805 1293 2069 1361; x_wconf 70' lang='lat' dir='ltr'><strong>prassenti</strong></span> <span class='ocrx_word' id='word_1_145' title='bbox 2093 1306 2314 1362; x_wconf 90' lang='lat' dir='ltr'><strong>quoque</strong></span> <span class='ocrx_word' id='word_1_146' title='bbox 2357 1293 2480 1347; x_wconf 87' lang='lat' dir='ltr'><strong>loco</strong></span> <span class='ocrx_word' id='word_1_147' title='bbox 2509 1291 2728 1346; x_wconf 90' lang='lat' dir='ltr'><strong>oriendi</strong></span> <span class='ocrx_word' id='word_1_148' title='bbox 2762 1292 2989 1347; x_wconf 88' lang='lat' dir='ltr'><strong>verbum</strong></span> <span class='ocrx_word' id='word_1_149' title='bbox 3028 1300 3111 1346; x_wconf 86' lang='lat' dir='ltr'><strong>est</strong></span> <span class='ocrx_word' id='word_1_150' title='bbox 3152 1291 3484 1347; x_wconf 85' lang='lat' dir='ltr'><strong>adhibitum.</strong></span> <span class='ocrx_word' id='word_1_151' title='bbox 3530 1292 3740 1348; x_wconf 84' lang='lat' dir='ltr'><strong>lluma-</strong></span> 
     </span>
    </p>
   </div>
   <div class='ocr_carea' id='block_1_14' title="bbox 487 1378 3740 1449">
    <p class='ocr_par' dir='ltr' id='par_1_14' title="bbox 487 1378 3740 1449">
     <span class='ocr_line' id='line_1_14' title="bbox 487 1378 3740 1449; baseline 0.001 -18"><span class='ocrx_word' id='word_1_152' title='bbox 487 1394 615 1431; x_wconf 89' lang='lat' dir='ltr'><strong>num</strong></span> <span class='ocrx_word' id='word_1_153' title='bbox 649 1393 780 1431; x_wconf 92' lang='lat' dir='ltr'><strong>vero</strong></span> <span class='ocrx_word' id='word_1_154' title='bbox 813 1387 1040 1447; x_wconf 84' lang='lat' dir='ltr'><strong>prepter</strong></span> <span class='ocrx_word' id='word_1_155' title='bbox 1073 1378 1395 1433; x_wconf 80' lang='lat' dir='ltr'><strong>alfectiones</strong></span> <span class='ocrx_word' id='word_1_156' title='bbox 1424 1396 1548 1449; x_wconf 73' lang='lat' dir='ltr'><strong>qua:</strong></span> <span class='ocrx_word' id='word_1_157' title='bbox 1580 1380 1633 1433; x_wconf 90' lang='lat' dir='ltr'><strong>iu</strong></span> <span class='ocrx_word' id='word_1_158' title='bbox 1665 1378 1804 1433; x_wconf 90' lang='lat' dir='ltr'><strong>illud</strong></span> <span class='ocrx_word' id='word_1_159' title='bbox 1836 1380 2175 1440; x_wconf 87' lang='lat' dir='ltr'><strong>inciderunt.</strong></span> <span class='ocrx_word' id='word_1_160' title='bbox 2206 1393 2304 1433; x_wconf 92' lang='lat' dir='ltr'><strong>ceu</strong></span> <span class='ocrx_word' id='word_1_161' title='bbox 2338 1380 2551 1448; x_wconf 82' lang='lat' dir='ltr'><strong>lapsum</strong></span> <span class='ocrx_word' id='word_1_162' title='bbox 2584 1388 3028 1433; x_wconf 89' lang='lat' dir='ltr'><strong>resurrecturum</strong></span> <span class='ocrx_word' id='word_1_163' title='bbox 3048 1392 3170 1433; x_wconf 85' lang='lat' dir='ltr'><strong>esse</strong></span> <span class='ocrx_word' id='word_1_164' title='bbox 3195 1378 3398 1448; x_wconf 87' lang='lat' dir='ltr'><strong>inquit.</strong></span> <span class='ocrx_word' id='word_1_165' title='bbox 3428 1379 3544 1433; x_wconf 79' lang='lat' dir='ltr'><strong>Hoc</strong></span> <span class='ocrx_word' id='word_1_166' title='bbox 3578 1389 3740 1449; x_wconf 86' lang='lat' dir='ltr'><strong>pacto</strong></span> 
     </span>
    </p>
   </div>
   <div class='ocr_carea' id='block_1_15' title="bbox 487 1463 3733 1537">
    <p class='ocr_par' dir='ltr' id='par_1_15' title="bbox 487 1463 3733 1537">
     <span class='ocr_line' id='line_1_15' title="bbox 487 1463 3733 1537; baseline -0 -19"><span class='ocrx_word' id='word_1_167' title='bbox 487 1464 658 1519; x_wconf 83' lang='lat' dir='ltr'><strong>Isaias</strong></span> <span class='ocrx_word' id='word_1_168' title='bbox 681 1481 904 1535; x_wconf 85' lang='lat' dir='ltr'><strong>quoque</strong></span> <span class='ocrx_word' id='word_1_169' title='bbox 935 1484 949 1520; x_wconf 88' lang='lat'><strong>:</strong></span> <span class='ocrx_word' id='word_1_170' title='bbox 988 1485 1006 1517; x_wconf 75' lang='grc' dir='ltr'><strong>ι</strong></span> <span class='ocrx_word' id='word_1_171' title='bbox 1033 1465 1098 1520; x_wconf 77' lang='lat' dir='ltr'><strong>Et</strong></span> <span class='ocrx_word' id='word_1_172' title='bbox 1132 1468 1241 1522; x_wconf 81' lang='lat' dir='ltr'><strong>erit</strong></span> <span class='ocrx_word' id='word_1_173' title='bbox 1278 1468 1433 1521; x_wconf 87' lang='lat' dir='ltr'><strong>radix</strong></span> <span class='ocrx_word' id='word_1_174' title='bbox 1466 1466 1647 1534; x_wconf 87' lang='lat' dir='ltr'><strong>Jesse,</strong></span> <span class='ocrx_word' id='word_1_175' title='bbox 1675 1476 1730 1525; x_wconf 84' lang='lat' dir='ltr'><strong>et</strong></span> <span class='ocrx_word' id='word_1_176' title='bbox 1761 1466 1855 1536; x_wconf 87' lang='lat' dir='ltr'><strong>qui</strong></span> <span class='ocrx_word' id='word_1_177' title='bbox 1882 1467 2063 1537; x_wconf 79' lang='lat' dir='ltr'><strong>surgit</strong></span> <span class='ocrx_word' id='word_1_178' title='bbox 2088 1465 2155 1518; x_wconf 91' lang='lat' dir='ltr'><strong>ad</strong></span> <span class='ocrx_word' id='word_1_179' title='bbox 2188 1463 2569 1535; x_wconf 87' lang='lat' dir='ltr'><strong>imperandum</strong></span> <span class='ocrx_word' id='word_1_180' title='bbox 2595 1465 2869 1536; x_wconf 78' lang='lat' dir='ltr'><strong>gemibus.</strong></span> <span class='ocrx_word' id='word_1_181' title='bbox 2907 1466 2962 1519; x_wconf 95' lang='lat' dir='ltr'><strong>in</strong></span> <span class='ocrx_word' id='word_1_182' title='bbox 2988 1477 3054 1517; x_wconf 83' lang='lat' dir='ltr'><strong>eo</strong></span> <span class='ocrx_word' id='word_1_183' title='bbox 3077 1464 3382 1534; x_wconf 87' lang='lat' dir='ltr'><strong>sperabunt</strong></span> <span class='ocrx_word' id='word_1_184' title='bbox 3411 1475 3600 1536; x_wconf 87' lang='lat' dir='ltr'><strong>gentes</strong></span> <span class='ocrx_word' id='word_1_185' title='bbox 3618 1465 3687 1517; x_wconf 82' lang='grc'><strong>³⁸.</strong></span> <span class='ocrx_word' id='word_1_186' title='bbox 3714 1484 3733 1516; x_wconf 78' lang='grc' dir='ltr'><strong>ι</strong></span> 
     </span>
    </p>
   </div>
   <div class='ocr_carea' id='block_1_16' title="bbox 489 1550 3743 1625">
    <p class='ocr_par' dir='ltr' id='par_1_16' title="bbox 489 1550 3743 1625">
     <span class='ocr_line' id='line_1_16' title="bbox 489 1550 3743 1625; baseline 0 -18"><span class='ocrx_word' id='word_1_187' title='bbox 489 1553 563 1607; x_wconf 75' lang='lat' dir='ltr'><strong>Ex</strong></span> <span class='ocrx_word' id='word_1_188' title='bbox 608 1554 779 1609; x_wconf 84' lang='lat' dir='ltr'><strong>.lacoh</strong></span> <span class='ocrx_word' id='word_1_189' title='bbox 806 1554 955 1608; x_wconf 91' lang='lat' dir='ltr'><strong>enim</strong></span> <span class='ocrx_word' id='word_1_190' title='bbox 1011 1556 1220 1625; x_wconf 83' lang='lat' dir='ltr'><strong>pepulo</strong></span> <span class='ocrx_word' id='word_1_191' title='bbox 1250 1556 1506 1610; x_wconf 87' lang='lat' dir='ltr'><strong>videlicet</strong></span> <span class='ocrx_word' id='word_1_192' title='bbox 1549 1557 2003 1612; x_wconf 88' lang='lat' dir='ltr'><strong>circumcisionis</strong></span> <span class='ocrx_word' id='word_1_193' title='bbox 2039 1553 2298 1607; x_wconf 90' lang='lat' dir='ltr'><strong>omnibus</strong></span> <span class='ocrx_word' id='word_1_194' title='bbox 2338 1552 2566 1607; x_wconf 89' lang='lat' dir='ltr'><strong>emicuit</strong></span> <span class='ocrx_word' id='word_1_195' title='bbox 2600 1568 2614 1604; x_wconf 92' lang='lat'><strong>:</strong></span> <span class='ocrx_word' id='word_1_196' title='bbox 2654 1550 2722 1606; x_wconf 88' lang='lat' dir='ltr'><strong>ad</strong></span> <span class='ocrx_word' id='word_1_197' title='bbox 2765 1566 2928 1623; x_wconf 90' lang='lat' dir='ltr'><strong>quem</strong></span> <span class='ocrx_word' id='word_1_198' title='bbox 2958 1551 3209 1607; x_wconf 87' lang='lat' dir='ltr'><strong>dicitur:</strong></span> <span class='ocrx_word' id='word_1_199' title='bbox 3250 1570 3269 1604; x_wconf 80' lang='grc' dir='ltr'><strong>ι</strong></span> <span class='ocrx_word' id='word_1_200' title='bbox 3300 1551 3445 1608; x_wconf 87' lang='lat' dir='ltr'><strong>Ecce</strong></span> <span class='ocrx_word' id='word_1_201' title='bbox 3496 1552 3653 1622; x_wconf 87' lang='lat' dir='ltr'><strong>posui</strong></span> <span class='ocrx_word' id='word_1_202' title='bbox 3688 1562 3743 1608; x_wconf 90' lang='lat' dir='ltr'><strong>te</strong></span> 
     </span>
    </p>
   </div>
   <div class='ocr_carea' id='block_1_17' title="bbox 489 1643 2004 1714">
    <p class='ocr_par' dir='ltr' id='par_1_17' title="bbox 489 1643 2004 1714">
     <span class='ocr_line' id='line_1_17' title="bbox 489 1643 2004 1714; baseline -0.001 -20"><span class='ocrx_word' id='word_1_203' title='bbox 489 1644 543 1695; x_wconf 93' lang='lat' dir='ltr'><strong>in</strong></span> <span class='ocrx_word' id='word_1_204' title='bbox 579 1651 974 1696; x_wconf 88' lang='lat' dir='ltr'><strong>testamentum</strong></span> <span class='ocrx_word' id='word_1_205' title='bbox 1004 1643 1249 1710; x_wconf 88' lang='lat' dir='ltr'><strong>generis,</strong></span> <span class='ocrx_word' id='word_1_206' title='bbox 1291 1643 1345 1697; x_wconf 92' lang='lat' dir='ltr'><strong>in</strong></span> <span class='ocrx_word' id='word_1_207' title='bbox 1371 1644 1559 1698; x_wconf 87' lang='lat' dir='ltr'><strong>lumen</strong></span> <span class='ocrx_word' id='word_1_208' title='bbox 1589 1646 1841 1714; x_wconf 84' lang='lat' dir='ltr'><strong>gentium</strong></span> <span class='ocrx_word' id='word_1_209' title='bbox 1874 1644 1943 1695; x_wconf 83' lang='lat'><strong>&quot;.</strong></span> <span class='ocrx_word' id='word_1_210' title='bbox 1985 1661 2004 1693; x_wconf 74' lang='grc' dir='ltr'><strong>ι</strong></span> 
     </span>
    </p>
   </div>
   <div class='ocr_carea' id='block_1_18' title="bbox 560 1748 2071 1829">
    <p class='ocr_par' dir='ltr' id='par_1_18' title="bbox 560 1752 2064 1823">
     <span class='ocr_line' id='line_1_18' title="bbox 560 1752 2064 1823; baseline -0.001 -16"><span class='ocrx_word' id='word_1_211' title='bbox 560 1754 832 1818; x_wconf 66' lang='lat' dir='ltr'><strong>Caeterum</strong></span> <span class='ocrx_word' id='word_1_212' title='bbox 870 1753 1027 1816; x_wconf 91' lang='lat' dir='ltr'><strong>illud,</strong></span> <span class='ocrx_word' id='word_1_213' title='bbox 1052 1771 1070 1804; x_wconf 82' lang='grc' dir='ltr'><strong>ι</strong></span> <span class='ocrx_word' id='word_1_214' title='bbox 1096 1752 1393 1809; x_wconf 85' lang='lat' dir='ltr'><strong>Ostendam</strong></span> <span class='ocrx_word' id='word_1_215' title='bbox 1426 1755 1617 1823; x_wconf 85' lang='lat' dir='ltr'><strong>ei,non</strong></span> <span class='ocrx_word' id='word_1_216' title='bbox 1643 1763 1825 1809; x_wconf 90' lang='lat' dir='ltr'><strong>autem</strong></span> <span class='ocrx_word' id='word_1_217' title='bbox 1851 1769 2019 1817; x_wconf 87' lang='lat' dir='ltr'><strong>nunc,</strong></span> <span class='ocrx_word' id='word_1_218' title='bbox 2043 1772 2064 1806; x_wconf 73' lang='grc' dir='ltr'><strong>ι</strong></span> 
     </span>
    </p>
   </div>
   <div class='ocr_carea' id='block_1_19' title="bbox 2186 1748 3746 1829">
    <p class='ocr_par' dir='ltr' id='par_1_19' title="bbox 2186 1748 3746 1829">
     <span class='ocr_line' id='line_1_19' title="bbox 2186 1748 3746 1829; baseline 0.002 -27"><span class='ocrx_word' id='word_1_219' title='bbox 2186 1826 2187 1829; x_wconf 12' lang='grc' dir='ltr'><strong>η</strong></span> <span class='ocrx_word' id='word_1_220' title='bbox 2241 1748 2335 1814; x_wconf 83' lang='grc' dir='ltr'><strong>Τὸ,</strong></span> <span class='ocrx_word' id='word_1_221' title='bbox 2359 1766 2380 1800; x_wconf 71' lang='grc' dir='ltr'><strong>ι</strong></span> <span class='ocrx_word' id='word_1_222' title='bbox 2410 1749 2578 1814; x_wconf 80' lang='grc' dir='ltr'><strong>Δεεξω</strong></span> <span class='ocrx_word' id='word_1_223' title='bbox 2611 1748 2783 1820; x_wconf 78' lang='grc' dir='ltr'><strong>αὐτῷ,</strong></span> <span class='ocrx_word' id='word_1_224' title='bbox 2817 1751 2913 1805; x_wconf 76' lang='grc' dir='ltr'><strong>καὶ</strong></span> <span class='ocrx_word' id='word_1_225' title='bbox 2951 1750 3071 1821; x_wconf 74' lang='grc' dir='ltr'><strong>οὐχὶ</strong></span> <span class='ocrx_word' id='word_1_226' title='bbox 3092 1749 3209 1817; x_wconf 78' lang='grc' dir='ltr'><strong>νῦν,</strong></span> <span class='ocrx_word' id='word_1_227' title='bbox 3243 1770 3263 1803; x_wconf 74' lang='grc' dir='ltr'><strong>ι</strong></span> <span class='ocrx_word' id='word_1_228' title='bbox 3300 1753 3329 1806; x_wconf 85' lang='grc' dir='ltr'><strong>ὁ</strong></span> <span class='ocrx_word' id='word_1_229' title='bbox 3356 1750 3456 1822; x_wconf 79' lang='grc' dir='ltr'><strong>μὲν</strong></span> <span class='ocrx_word' id='word_1_230' title='bbox 3490 1751 3746 1818; x_wconf 78' lang='grc' dir='ltr'><strong>Ἀκύλας,</strong></span> 
     </span>
    </p>
   </div>
   <div class='ocr_carea' id='block_1_20' title="bbox 491 1842 2071 1915">
    <p class='ocr_par' dir='ltr' id='par_1_20' title="bbox 491 1844 2060 1915">
     <span class='ocr_line' id='line_1_20' title="bbox 491 1844 2060 1915; baseline -0.001 -15"><span class='ocrx_word' id='word_1_231' title='bbox 491 1846 720 1915; x_wconf 80' lang='lat' dir='ltr'><strong>Aquilas</strong></span> <span class='ocrx_word' id='word_1_232' title='bbox 748 1845 995 1915; x_wconf 89' lang='lat' dir='ltr'><strong>quidem,</strong></span> <span class='ocrx_word' id='word_1_233' title='bbox 1057 1844 1278 1911; x_wconf 78' lang='lat' dir='ltr'><strong>Videbo,</strong></span> <span class='ocrx_word' id='word_1_234' title='bbox 1311 1845 1601 1912; x_wconf 88' lang='lat' dir='ltr'><strong>enuntiat;</strong></span> <span class='ocrx_word' id='word_1_235' title='bbox 1646 1844 2017 1915; x_wconf 83' lang='lat' dir='ltr'><strong>Symmachus</strong></span> <span class='ocrx_word' id='word_1_236' title='bbox 2047 1863 2060 1899; x_wconf 89' lang='lat'>:</span> 
     </span>
    </p>
   </div>
   <div class='ocr_carea' id='block_1_21' title="bbox 2186 1842 3752 1915">
    <p class='ocr_par' dir='ltr' id='par_1_21' title="bbox 2186 1842 3752 1913">
     <span class='ocr_line' id='line_1_21' title="bbox 2186 1842 3752 1913; baseline 0.002 -18"><span class='ocrx_word' id='word_1_237' title='bbox 2186 1842 2469 1910; x_wconf 75' lang='grc' dir='ltr'><strong>Ὀψομαι,</strong></span> <span class='ocrx_word' id='word_1_238' title='bbox 2527 1842 2731 1911; x_wconf 58' lang='grc' dir='ltr'><strong>φησίν</strong></span> <span class='ocrx_word' id='word_1_239' title='bbox 2776 1843 2807 1895; x_wconf 82' lang='grc' dir='ltr'><strong>ὁ</strong></span> <span class='ocrx_word' id='word_1_240' title='bbox 2848 1842 2907 1896; x_wconf 80' lang='grc' dir='ltr'><strong>δὲ</strong></span> <span class='ocrx_word' id='word_1_241' title='bbox 2941 1842 3259 1913; x_wconf 82' lang='grc' dir='ltr'><strong>Σύμμαχος,</strong></span> <span class='ocrx_word' id='word_1_242' title='bbox 3320 1842 3494 1912; x_wconf 85' lang='grc' dir='ltr'><strong>Ὁρῶ·</strong></span> <span class='ocrx_word' id='word_1_243' title='bbox 3555 1845 3632 1909; x_wconf 83' lang='grc' dir='ltr'><strong>ὡς</strong></span> <span class='ocrx_word' id='word_1_244' title='bbox 3678 1846 3752 1900; x_wconf 79' lang='grc' dir='ltr'><strong>ἂν</strong></span> 
     </span>
    </p>
   </div>
   <div class='ocr_carea' id='block_1_22' title="bbox 498 1931 2071 2006">
    <p class='ocr_par' dir='ltr' id='par_1_22' title="bbox 498 1934 2066 2006">
     <span class='ocr_line' id='line_1_22' title="bbox 498 1934 2066 2006; baseline 0.001 -17"><span class='ocrx_word' id='word_1_245' title='bbox 498 1935 695 2000; x_wconf 82' lang='lat' dir='ltr'><strong>Video;</strong></span> <span class='ocrx_word' id='word_1_246' title='bbox 729 1935 871 2005; x_wconf 88' lang='lat' dir='ltr'><strong>quod</strong></span> <span class='ocrx_word' id='word_1_247' title='bbox 918 1936 1021 1989; x_wconf 90' lang='lat' dir='ltr'><strong>ista</strong></span> <span class='ocrx_word' id='word_1_248' title='bbox 1067 1945 1320 1990; x_wconf 85' lang='lat' dir='ltr'><strong>eventum</strong></span> <span class='ocrx_word' id='word_1_249' title='bbox 1368 1935 1545 2004; x_wconf 86' lang='lat' dir='ltr'><strong>longis</strong></span> <span class='ocrx_word' id='word_1_250' title='bbox 1591 1935 1810 2006; x_wconf 81' lang='lat' dir='ltr'><strong>demum</strong></span> <span class='ocrx_word' id='word_1_251' title='bbox 1858 1934 2066 1990; x_wconf 82' lang='lat' dir='ltr'><strong>exactis</strong></span> 
     </span>
    </p>
   </div>
   <div class='ocr_carea' id='block_1_23' title="bbox 2186 1931 3753 2006">
    <p class='ocr_par' dir='ltr' id='par_1_23' title="bbox 2186 1931 3753 2005">
     <span class='ocr_line' id='line_1_23' title="bbox 2186 1931 3753 2005; baseline 0.003 -20"><span class='ocrx_word' id='word_1_252' title='bbox 2186 1935 2406 2003; x_wconf 69' lang='lat' dir='ltr'><strong>aaxpoi;</strong></span> <span class='ocrx_word' id='word_1_253' title='bbox 2441 1931 2669 2004; x_wconf 70' lang='grc' dir='ltr'><strong>ὕστερον</strong></span> <span class='ocrx_word' id='word_1_254' title='bbox 2707 1934 2921 2005; x_wconf 83' lang='grc' dir='ltr'><strong>χρόνοις</strong></span> <span class='ocrx_word' id='word_1_255' title='bbox 2969 1934 3276 2005; x_wconf 85' lang='grc' dir='ltr'><strong>μελλόντων</strong></span> <span class='ocrx_word' id='word_1_256' title='bbox 3312 1935 3517 1989; x_wconf 82' lang='grc' dir='ltr'><strong>τούτων</strong></span> <span class='ocrx_word' id='word_1_257' title='bbox 3561 1938 3753 1990; x_wconf 76' lang='grc' dir='ltr'><strong>ἐπιτε-</strong></span> 
     </span>
    </p>
   </div>
   <div class='ocr_carea' id='block_1_24' title="bbox 492 2023 2071 2100">
    <p class='ocr_par' dir='ltr' id='par_1_24' title="bbox 492 2027 2063 2099">
     <span class='ocr_line' id='line_1_24' title="bbox 492 2027 2063 2099; baseline -0.001 -18"><span class='ocrx_word' id='word_1_258' title='bbox 492 2029 829 2099; x_wconf 88' lang='lat' dir='ltr'><strong>temporibus</strong></span> <span class='ocrx_word' id='word_1_259' title='bbox 869 2029 979 2083; x_wconf 87' lang='lat' dir='ltr'><strong>sint</strong></span> <span class='ocrx_word' id='word_1_260' title='bbox 1024 2030 1311 2083; x_wconf 88' lang='lat' dir='ltr'><strong>sortitura.</strong></span> <span class='ocrx_word' id='word_1_261' title='bbox 1365 2027 1457 2082; x_wconf 86' lang='lat' dir='ltr'><strong>Bis</strong></span> <span class='ocrx_word' id='word_1_262' title='bbox 1492 2027 1638 2081; x_wconf 90' lang='lat' dir='ltr'><strong>mille</strong></span> <span class='ocrx_word' id='word_1_263' title='bbox 1666 2028 1812 2083; x_wconf 89' lang='lat' dir='ltr'><strong>enim</strong></span> <span class='ocrx_word' id='word_1_264' title='bbox 1843 2027 1974 2080; x_wconf 92' lang='lat' dir='ltr'><strong>anni</strong></span> <span class='ocrx_word' id='word_1_265' title='bbox 2009 2027 2063 2081; x_wconf 92' lang='lat' dir='ltr'><strong>in</strong></span> 
     </span>
    </p>
   </div>
   <div class='ocr_carea' id='block_1_25' title="bbox 2186 2023 3753 2100">
    <p class='ocr_par' dir='ltr' id='par_1_25' title="bbox 2186 2024 3753 2100">
     <span class='ocr_line' id='line_1_25' title="bbox 2186 2024 3753 2100; baseline 0.004 -25"><span class='ocrx_word' id='word_1_266' title='bbox 2186 2024 2402 2079; x_wconf 61' lang='grc' dir='ltr'><strong>κεῖσθαι.</strong></span> <span class='ocrx_word' id='word_1_267' title='bbox 2440 2026 2594 2079; x_wconf 80' lang='grc' dir='ltr'><strong>Μετὰ</strong></span> <span class='ocrx_word' id='word_1_268' title='bbox 2638 2025 2747 2096; x_wconf 82' lang='grc' dir='ltr'><strong>γὰρ</strong></span> <span class='ocrx_word' id='word_1_269' title='bbox 2784 2025 3019 2097; x_wconf 76' lang='grc' dir='ltr'><strong>δισχίλια.</strong></span> <span class='ocrx_word' id='word_1_270' title='bbox 3047 2024 3145 2098; x_wconf 82' lang='grc' dir='ltr'><strong>τῆς</strong></span> <span class='ocrx_word' id='word_1_271' title='bbox 3176 2027 3537 2099; x_wconf 71' lang='grc' dir='ltr'><strong>προρρήσεως</strong></span> <span class='ocrx_word' id='word_1_272' title='bbox 3568 2028 3753 2100; x_wconf 80' lang='grc' dir='ltr'><strong>ἀπήν-</strong></span> 
     </span>
    </p>
   </div>
   <div class='ocr_carea' id='block_1_26' title="bbox 493 2116 2071 2188">
    <p class='ocr_par' dir='ltr' id='par_1_26' title="bbox 493 2120 1314 2175">
     <span class='ocr_line' id='line_1_26' title="bbox 493 2120 1314 2175; baseline 0.001 -1"><span class='ocrx_word' id='word_1_273' title='bbox 493 2123 597 2175; x_wconf 87' lang='lat' dir='ltr'><strong>hoc</strong></span> <span class='ocrx_word' id='word_1_274' title='bbox 624 2120 946 2175; x_wconf 82' lang='lat' dir='ltr'><strong>vaticinium</strong></span> <span class='ocrx_word' id='word_1_275' title='bbox 977 2120 1314 2175; x_wconf 86' lang='lat' dir='ltr'><strong>inciderunt.</strong></span> 
     </span>
    </p>
   </div>
   <div class='ocr_carea' id='block_1_27' title="bbox 2186 2116 2484 2188">
    <p class='ocr_par' dir='ltr' id='par_1_27' title="bbox 2186 2116 2484 2188">
     <span class='ocr_line' id='line_1_27' title="bbox 2186 2116 2484 2188; baseline -0.003 -18"><span class='ocrx_word' id='word_1_276' title='bbox 2186 2134 2337 2187; x_wconf 72' lang='grc' dir='ltr'><strong>εηκεν</strong></span> <span class='ocrx_word' id='word_1_277' title='bbox 2365 2116 2484 2188; x_wconf 72' lang='grc' dir='ltr'><strong>ἔτη.</strong></span> 
     </span>
    </p>
   </div>
   <div class='ocr_carea' id='block_1_28' title="bbox 564 2233 3760 2307">
    <p class='ocr_par' dir='ltr' id='par_1_28' title="bbox 564 2233 3760 2307">
     <span class='ocr_line' id='line_1_28' title="bbox 564 2233 3760 2307; baseline 0 -19"><span class='ocrx_word' id='word_1_278' title='bbox 564 2235 915 2306; x_wconf 85' lang='lat' dir='ltr'><strong>Quapropter</strong></span> <span class='ocrx_word' id='word_1_279' title='bbox 947 2236 1005 2290; x_wconf 92' lang='lat' dir='ltr'><strong>in</strong></span> <span class='ocrx_word' id='word_1_280' title='bbox 1057 2235 1318 2304; x_wconf 66' lang='lat' dir='ltr'><strong>praedicta</strong></span> <span class='ocrx_word' id='word_1_281' title='bbox 1360 2235 1608 2307; x_wconf 85' lang='lat' dir='ltr'><strong>gentium</strong></span> <span class='ocrx_word' id='word_1_282' title='bbox 1643 2234 2015 2305; x_wconf 86' lang='lat' dir='ltr'><strong>trepidatione</strong></span> <span class='ocrx_word' id='word_1_283' title='bbox 2046 2244 2239 2290; x_wconf 89' lang='lat' dir='ltr'><strong>contra</strong></span> <span class='ocrx_word' id='word_1_284' title='bbox 2272 2252 2333 2291; x_wconf 91' lang='lat' dir='ltr'><strong>se</strong></span> <span class='ocrx_word' id='word_1_285' title='bbox 2366 2235 2630 2299; x_wconf 85' lang='lat' dir='ltr'><strong>invicem,</strong></span> <span class='ocrx_word' id='word_1_286' title='bbox 2673 2233 2869 2297; x_wconf 84' lang='lat' dir='ltr'><strong>veluti.</strong></span> <span class='ocrx_word' id='word_1_287' title='bbox 2918 2242 2981 2289; x_wconf 89' lang='lat' dir='ltr'><strong>et</strong></span> <span class='ocrx_word' id='word_1_288' title='bbox 3023 2235 3117 2291; x_wconf 89' lang='lat' dir='ltr'><strong>ille</strong></span> <span class='ocrx_word' id='word_1_289' title='bbox 3142 2234 3357 2304; x_wconf 78' lang='lat' dir='ltr'><strong>eiectus</strong></span> <span class='ocrx_word' id='word_1_290' title='bbox 3390 2250 3461 2291; x_wconf 92' lang='lat' dir='ltr'><strong>ex</strong></span> <span class='ocrx_word' id='word_1_291' title='bbox 3491 2244 3637 2291; x_wconf 88' lang='lat' dir='ltr'><strong>terra</strong></span> <span class='ocrx_word' id='word_1_292' title='bbox 3664 2234 3760 2290; x_wconf 87' lang='lat' dir='ltr'><strong>in-</strong></span> 
     </span>
    </p>
   </div>
   <div class='ocr_carea' id='block_1_29' title="bbox 489 2320 3761 2393">
    <p class='ocr_par' dir='ltr' id='par_1_29' title="bbox 489 2320 3761 2393">
     <span class='ocr_line' id='line_1_29' title="bbox 489 2320 3761 2393; baseline 0.001 -17"><span class='ocrx_word' id='word_1_293' title='bbox 489 2322 641 2390; x_wconf 86' lang='lat' dir='ltr'><strong>juste</strong></span> <span class='ocrx_word' id='word_1_294' title='bbox 674 2337 704 2375; x_wconf 89' lang='lat' dir='ltr'><strong>a</strong></span> <span class='ocrx_word' id='word_1_295' title='bbox 744 2337 805 2378; x_wconf 88' lang='lat' dir='ltr'><strong>se</strong></span> <span class='ocrx_word' id='word_1_296' title='bbox 850 2332 1125 2392; x_wconf 89' lang='lat' dir='ltr'><strong>occupata</strong></span> <span class='ocrx_word' id='word_1_297' title='bbox 1164 2324 1219 2378; x_wconf 91' lang='lat' dir='ltr'><strong>in</strong></span> <span class='ocrx_word' id='word_1_298' title='bbox 1254 2324 1540 2393; x_wconf 81' lang='lat' dir='ltr'><strong>Assyriam</strong></span> <span class='ocrx_word' id='word_1_299' title='bbox 1580 2322 1973 2385; x_wconf 81' lang='lat' dir='ltr'><strong>transferetur,</strong></span> <span class='ocrx_word' id='word_1_300' title='bbox 2016 2323 2340 2393; x_wconf 65' lang='lat' dir='ltr'><strong>praecinitur</strong></span> <span class='ocrx_word' id='word_1_301' title='bbox 2369 2337 2434 2379; x_wconf 84' lang='lat' dir='ltr'><strong>ea</strong></span> <span class='ocrx_word' id='word_1_302' title='bbox 2488 2337 2655 2389; x_wconf 91' lang='lat' dir='ltr'><strong>quam</strong></span> <span class='ocrx_word' id='word_1_303' title='bbox 2706 2320 3009 2378; x_wconf 86' lang='lat' dir='ltr'><strong>Zacharias</strong></span> <span class='ocrx_word' id='word_1_304' title='bbox 3072 2337 3299 2393; x_wconf 92' lang='lat' dir='ltr'><strong>quoque</strong></span> <span class='ocrx_word' id='word_1_305' title='bbox 3342 2323 3638 2393; x_wconf 71' lang='lat' dir='ltr'><strong>praedixit,</strong></span> <span class='ocrx_word' id='word_1_306' title='bbox 3693 2331 3761 2379; x_wconf 86' lang='lat' dir='ltr'><strong>et</strong></span> 
     </span>
    </p>
   </div>
   <div class='ocr_carea' id='block_1_30' title="bbox 493 2408 3760 2484">
    <p class='ocr_par' dir='ltr' id='par_1_30' title="bbox 493 2408 3760 2484">
     <span class='ocr_line' id='line_1_30' title="bbox 493 2408 3760 2484; baseline 0 -21"><span class='ocrx_word' id='word_1_307' title='bbox 493 2410 757 2465; x_wconf 85' lang='lat' dir='ltr'><strong>Servator</strong></span> <span class='ocrx_word' id='word_1_308' title='bbox 788 2410 841 2465; x_wconf 90' lang='lat' dir='ltr'><strong>in</strong></span> <span class='ocrx_word' id='word_1_309' title='bbox 878 2409 1200 2480; x_wconf 84' lang='lat' dir='ltr'><strong>Evangelio.</strong></span> <span class='ocrx_word' id='word_1_310' title='bbox 1230 2410 1507 2484; x_wconf 75' lang='lat' dir='ltr'><strong>Postquae</strong></span> <span class='ocrx_word' id='word_1_311' title='bbox 1531 2428 1659 2467; x_wconf 88' lang='lat' dir='ltr'><strong>cum</strong></span> <span class='ocrx_word' id='word_1_312' title='bbox 1696 2413 1945 2468; x_wconf 88' lang='lat' dir='ltr'><strong>indicare</strong></span> <span class='ocrx_word' id='word_1_313' title='bbox 1984 2412 2103 2467; x_wconf 89' lang='lat' dir='ltr'><strong>vult</strong></span> <span class='ocrx_word' id='word_1_314' title='bbox 2128 2425 2294 2482; x_wconf 91' lang='lat' dir='ltr'><strong>quam</strong></span> <span class='ocrx_word' id='word_1_315' title='bbox 2321 2425 2412 2466; x_wconf 90' lang='lat' dir='ltr'><strong>res</strong></span> <span class='ocrx_word' id='word_1_316' title='bbox 2440 2410 2714 2466; x_wconf 88' lang='lat' dir='ltr'><strong>horrenda</strong></span> <span class='ocrx_word' id='word_1_317' title='bbox 2751 2412 2808 2464; x_wconf 91' lang='lat' dir='ltr'><strong>in</strong></span> <span class='ocrx_word' id='word_1_318' title='bbox 2847 2409 2956 2465; x_wconf 82' lang='lat' dir='ltr'><strong>line</strong></span> <span class='ocrx_word' id='word_1_319' title='bbox 2989 2410 3060 2465; x_wconf 89' lang='lat' dir='ltr'><strong>sit</strong></span> <span class='ocrx_word' id='word_1_320' title='bbox 3092 2410 3300 2476; x_wconf 84' lang='lat' dir='ltr'><strong>futura,</strong></span> <span class='ocrx_word' id='word_1_321' title='bbox 3338 2411 3519 2481; x_wconf 91' lang='lat' dir='ltr'><strong>inquit</strong></span> <span class='ocrx_word' id='word_1_322' title='bbox 3551 2428 3566 2465; x_wconf 92' lang='lat'><strong>:</strong></span> <span class='ocrx_word' id='word_1_323' title='bbox 3599 2428 3622 2462; x_wconf 73' lang='grc' dir='ltr'><strong>σ</strong></span> <span class='ocrx_word' id='word_1_324' title='bbox 3657 2408 3760 2466; x_wconf 69' lang='lat' dir='ltr'><strong>Va</strong></span> 
     </span>
    </p>
   </div>
   <div class='ocr_carea' id='block_1_31' title="bbox 492 2495 3756 2571">
    <p class='ocr_par' dir='ltr' id='par_1_31' title="bbox 492 2495 3756 2571">
     <span class='ocr_line' id='line_1_31' title="bbox 492 2495 3756 2571; baseline 0.001 -22"><span class='ocrx_word' id='word_1_325' title='bbox 492 2495 618 2566; x_wconf 84' lang='lat' dir='ltr'><strong>quis</strong></span> <span class='ocrx_word' id='word_1_326' title='bbox 640 2497 784 2552; x_wconf 91' lang='lat' dir='ltr'><strong>vivet</strong></span> <span class='ocrx_word' id='word_1_327' title='bbox 802 2497 916 2553; x_wconf 80' lang='lat' dir='ltr'><strong>haec</strong></span> <span class='ocrx_word' id='word_1_328' title='bbox 949 2496 1185 2554; x_wconf 81' lang='lat' dir='ltr'><strong>faciente</strong></span> <span class='ocrx_word' id='word_1_329' title='bbox 1203 2498 1337 2564; x_wconf 89' lang='lat' dir='ltr'><strong>Deo,</strong></span> <span class='ocrx_word' id='word_1_330' title='bbox 1362 2519 1381 2552; x_wconf 73' lang='grc' dir='ltr'><strong>ι</strong></span> <span class='ocrx_word' id='word_1_331' title='bbox 1403 2499 1626 2571; x_wconf 87' lang='lat' dir='ltr'><strong>quando</strong></span> <span class='ocrx_word' id='word_1_332' title='bbox 1654 2500 1914 2556; x_wconf 88' lang='lat' dir='ltr'><strong>videlicet</strong></span> <span class='ocrx_word' id='word_1_333' title='bbox 1946 2499 2079 2554; x_wconf 90' lang='lat' dir='ltr'><strong>illud</strong></span> <span class='ocrx_word' id='word_1_334' title='bbox 2107 2507 2363 2554; x_wconf 87' lang='lat' dir='ltr'><strong>exactum</strong></span> <span class='ocrx_word' id='word_1_335' title='bbox 2385 2497 2711 2568; x_wconf 79' lang='lat' dir='ltr'><strong>fueritquod</strong></span> <span class='ocrx_word' id='word_1_336' title='bbox 2731 2513 2826 2568; x_wconf 91' lang='lat' dir='ltr'><strong>per</strong></span> <span class='ocrx_word' id='word_1_337' title='bbox 2842 2497 3164 2554; x_wconf 85' lang='lat' dir='ltr'><strong>Zachariam</strong></span> <span class='ocrx_word' id='word_1_338' title='bbox 3195 2505 3282 2553; x_wconf 87' lang='lat' dir='ltr'><strong>est</strong></span> <span class='ocrx_word' id='word_1_339' title='bbox 3317 2498 3756 2568; x_wconf 79' lang='lat' dir='ltr'><strong>promulgatum.</strong></span> 
     </span>
    </p>
   </div>
   <div class='ocr_carea' id='block_1_32' title="bbox 499 2582 3755 2658">
    <p class='ocr_par' dir='ltr' id='par_1_32' title="bbox 499 2582 3755 2658">
     <span class='ocr_line' id='line_1_32' title="bbox 499 2582 3755 2658; baseline 0.001 -23"><span class='ocrx_word' id='word_1_340' title='bbox 499 2603 517 2635; x_wconf 75' lang='grc' dir='ltr'><strong>ι</strong></span> <span class='ocrx_word' id='word_1_341' title='bbox 542 2582 839 2653; x_wconf 87' lang='lat' dir='ltr'><strong>Pr0pterea</strong></span> <span class='ocrx_word' id='word_1_342' title='bbox 859 2601 964 2641; x_wconf 89' lang='lat' dir='ltr'><strong>non</strong></span> <span class='ocrx_word' id='word_1_343' title='bbox 989 2602 1212 2656; x_wconf 90' lang='lat' dir='ltr'><strong>parcam</strong></span> <span class='ocrx_word' id='word_1_344' title='bbox 1231 2589 1473 2658; x_wconf 87' lang='lat' dir='ltr'><strong>amplius</strong></span> <span class='ocrx_word' id='word_1_345' title='bbox 1496 2588 1907 2644; x_wconf 85' lang='lat' dir='ltr'><strong>habitatoribus</strong></span> <span class='ocrx_word' id='word_1_346' title='bbox 1928 2595 2111 2643; x_wconf 67' lang='lat' dir='ltr'><strong>terrae.</strong></span> <span class='ocrx_word' id='word_1_347' title='bbox 2136 2606 2154 2638; x_wconf 80' lang='grc' dir='ltr'><strong>ι</strong></span> <span class='ocrx_word' id='word_1_348' title='bbox 2186 2585 2303 2654; x_wconf 77' lang='grc' dir='ltr'><strong>Ει,‹</strong></span> <span class='ocrx_word' id='word_1_349' title='bbox 2327 2587 2473 2642; x_wconf 86' lang='lat' dir='ltr'><strong>Ecce</strong></span> <span class='ocrx_word' id='word_1_350' title='bbox 2495 2601 2598 2656; x_wconf 88' lang='lat' dir='ltr'><strong>ego</strong></span> <span class='ocrx_word' id='word_1_351' title='bbox 2620 2587 2778 2641; x_wconf 86' lang='lat' dir='ltr'><strong>trado</strong></span> <span class='ocrx_word' id='word_1_352' title='bbox 2792 2600 3130 2656; x_wconf 89' lang='lat' dir='ltr'><strong>quemquam</strong></span> <span class='ocrx_word' id='word_1_353' title='bbox 3147 2585 3202 2639; x_wconf 92' lang='lat' dir='ltr'><strong>in</strong></span> <span class='ocrx_word' id='word_1_354' title='bbox 3232 2599 3451 2639; x_wconf 89' lang='lat' dir='ltr'><strong>manum</strong></span> <span class='ocrx_word' id='word_1_355' title='bbox 3473 2586 3620 2656; x_wconf 89' lang='lat' dir='ltr'><strong>regis</strong></span> <span class='ocrx_word' id='word_1_356' title='bbox 3637 2587 3755 2649; x_wconf 84' lang='lat' dir='ltr'><strong>sui,</strong></span> 
     </span>
    </p>
   </div>
   <div class='ocr_carea' id='block_1_33' title="bbox 493 2670 3757 2745">
    <p class='ocr_par' dir='ltr' id='par_1_33' title="bbox 493 2670 3757 2745">
     <span class='ocr_line' id='line_1_33' title="bbox 493 2670 3757 2745; baseline 0.002 -23"><span class='ocrx_word' id='word_1_357' title='bbox 493 2678 547 2721; x_wconf 87' lang='lat' dir='ltr'><strong>et</strong></span> <span class='ocrx_word' id='word_1_358' title='bbox 575 2671 907 2726; x_wconf 85' lang='lat' dir='ltr'><strong>exscindent</strong></span> <span class='ocrx_word' id='word_1_359' title='bbox 939 2682 1169 2739; x_wconf 79' lang='lat' dir='ltr'><strong>terram,</strong></span> <span class='ocrx_word' id='word_1_360' title='bbox 1204 2690 1304 2729; x_wconf 91' lang='lat' dir='ltr'><strong>nec</strong></span> <span class='ocrx_word' id='word_1_361' title='bbox 1330 2674 1563 2745; x_wconf 88' lang='lat' dir='ltr'><strong>eripiam</strong></span> <span class='ocrx_word' id='word_1_362' title='bbox 1588 2690 1655 2730; x_wconf 88' lang='lat' dir='ltr'><strong>ex</strong></span> <span class='ocrx_word' id='word_1_363' title='bbox 1690 2691 1858 2730; x_wconf 90' lang='lat' dir='ltr'><strong>manu</strong></span> <span class='ocrx_word' id='word_1_364' title='bbox 1887 2690 2079 2730; x_wconf 92' lang='lat' dir='ltr'><strong>eorum</strong></span> <span class='ocrx_word' id='word_1_365' title='bbox 2098 2675 2167 2740; x_wconf 76' lang='lat'><strong>“,</strong></span> <span class='ocrx_word' id='word_1_366' title='bbox 2202 2693 2221 2727; x_wconf 74' lang='grc' dir='ltr'><strong>ι</strong></span> <span class='ocrx_word' id='word_1_367' title='bbox 2264 2682 2523 2730; x_wconf 87' lang='lat' dir='ltr'><strong>cessante</strong></span> <span class='ocrx_word' id='word_1_368' title='bbox 2553 2681 2686 2727; x_wconf 91' lang='lat' dir='ltr'><strong>tunc</strong></span> <span class='ocrx_word' id='word_1_369' title='bbox 2713 2680 3047 2728; x_wconf 90' lang='lat' dir='ltr'><strong>testamento</strong></span> <span class='ocrx_word' id='word_1_370' title='bbox 3074 2672 3219 2742; x_wconf 88' lang='lat' dir='ltr'><strong>quod</strong></span> <span class='ocrx_word' id='word_1_371' title='bbox 3243 2687 3369 2727; x_wconf 89' lang='lat' dir='ltr'><strong>cum</strong></span> <span class='ocrx_word' id='word_1_372' title='bbox 3399 2670 3664 2743; x_wconf 84' lang='lat' dir='ltr'><strong>gentibus</strong></span> <span class='ocrx_word' id='word_1_373' title='bbox 3696 2674 3757 2727; x_wconf 90' lang='lat' dir='ltr'><strong>in</strong></span> 
     </span>
    </p>
   </div>
   <div class='ocr_carea' id='block_1_34' title="bbox 495 2755 3757 2833">
    <p class='ocr_par' dir='ltr' id='par_1_34' title="bbox 495 2755 3757 2833">
     <span class='ocr_line' id='line_1_34' title="bbox 495 2755 3757 2833; baseline 0.002 -24"><span class='ocrx_word' id='word_1_374' title='bbox 495 2755 601 2812; x_wconf 86' lang='lat' dir='ltr'><strong>llde</strong></span> <span class='ocrx_word' id='word_1_375' title='bbox 631 2757 836 2814; x_wconf 88' lang='lat' dir='ltr'><strong>Christi</strong></span> <span class='ocrx_word' id='word_1_376' title='bbox 859 2771 1105 2816; x_wconf 92' lang='lat' dir='ltr'><strong>erectum</strong></span> <span class='ocrx_word' id='word_1_377' title='bbox 1135 2770 1241 2816; x_wconf 90' lang='lat' dir='ltr'><strong>est.</strong></span> <span class='ocrx_word' id='word_1_378' title='bbox 1270 2761 1506 2828; x_wconf 85' lang='lat' dir='ltr'><strong>Quando</strong></span> <span class='ocrx_word' id='word_1_379' title='bbox 1544 2766 1712 2818; x_wconf 90' lang='lat' dir='ltr'><strong>etiam</strong></span> <span class='ocrx_word' id='word_1_380' title='bbox 1745 2774 1948 2820; x_wconf 90' lang='lat' dir='ltr'><strong>contra</strong></span> <span class='ocrx_word' id='word_1_381' title='bbox 1985 2762 2237 2819; x_wconf 78' lang='lat' dir='ltr'><strong>inﬁdeles</strong></span> <span class='ocrx_word' id='word_1_382' title='bbox 2270 2761 2605 2833; x_wconf 86' lang='lat' dir='ltr'><strong>supplicium</strong></span> <span class='ocrx_word' id='word_1_383' title='bbox 2644 2760 2850 2826; x_wconf 87' lang='lat' dir='ltr'><strong>tendet,</strong></span> <span class='ocrx_word' id='word_1_384' title='bbox 2881 2760 3349 2831; x_wconf 88' lang='lat' dir='ltr'><strong>quemadmodum</strong></span> <span class='ocrx_word' id='word_1_385' title='bbox 3376 2762 3513 2817; x_wconf 91' lang='lat' dir='ltr'><strong>dicit</strong></span> <span class='ocrx_word' id='word_1_386' title='bbox 3536 2759 3757 2816; x_wconf 81' lang='lat' dir='ltr'><strong>Zacha-</strong></span> 
     </span>
    </p>
   </div>
   <div class='ocr_carea' id='block_1_35' title="bbox 498 2844 3758 2921">
    <p class='ocr_par' dir='ltr' id='par_1_35' title="bbox 498 2844 3758 2921">
     <span class='ocr_line' id='line_1_35' title="bbox 498 2844 3758 2921; baseline 0.003 -25"><span class='ocrx_word' id='word_1_387' title='bbox 498 2844 648 2901; x_wconf 88' lang='lat' dir='ltr'><strong>rias:</strong></span> <span class='ocrx_word' id='word_1_388' title='bbox 687 2847 1017 2917; x_wconf 72' lang='lat' dir='ltr'><strong>«Accipiam</strong></span> <span class='ocrx_word' id='word_1_389' title='bbox 1077 2850 1288 2919; x_wconf 79' lang='lat' dir='ltr'><strong>virgam</strong></span> <span class='ocrx_word' id='word_1_390' title='bbox 1359 2866 1535 2905; x_wconf 86' lang='lat' dir='ltr'><strong>meam</strong></span> <span class='ocrx_word' id='word_1_391' title='bbox 1576 2866 1698 2921; x_wconf 77' lang='lat' dir='ltr'><strong>qua:</strong></span> <span class='ocrx_word' id='word_1_392' title='bbox 1737 2859 1967 2907; x_wconf 83' lang='lat' dir='ltr'><strong>vocatur</strong></span> <span class='ocrx_word' id='word_1_393' title='bbox 2031 2850 2238 2915; x_wconf 85' lang='lat' dir='ltr'><strong>Decus,</strong></span> <span class='ocrx_word' id='word_1_394' title='bbox 2291 2858 2347 2904; x_wconf 91' lang='lat' dir='ltr'><strong>et</strong></span> <span class='ocrx_word' id='word_1_395' title='bbox 2384 2848 2706 2905; x_wconf 88' lang='lat' dir='ltr'><strong>abscindam</strong></span> <span class='ocrx_word' id='word_1_396' title='bbox 2774 2863 2896 2902; x_wconf 89' lang='lat' dir='ltr'><strong>eam</strong></span> <span class='ocrx_word' id='word_1_397' title='bbox 2948 2858 3007 2901; x_wconf 94' lang='lat' dir='ltr'><strong>ut</strong></span> <span class='ocrx_word' id='word_1_398' title='bbox 3043 2847 3261 2902; x_wconf 88' lang='lat' dir='ltr'><strong>irritum</strong></span> <span class='ocrx_word' id='word_1_399' title='bbox 3314 2847 3514 2904; x_wconf 86' lang='lat' dir='ltr'><strong>faciam</strong></span> <span class='ocrx_word' id='word_1_400' title='bbox 3563 2847 3758 2905; x_wconf 73' lang='lat' dir='ltr'><strong>fcedus</strong></span> 
     </span>
    </p>
   </div>
   <div class='ocr_carea' id='block_1_36' title="bbox 496 2932 3759 3010">
    <p class='ocr_par' dir='ltr' id='par_1_36' title="bbox 496 2932 3759 3010">
     <span class='ocr_line' id='line_1_36' title="bbox 496 2932 3759 3010; baseline 0.002 -23"><span class='ocrx_word' id='word_1_401' title='bbox 496 2949 679 2988; x_wconf 89' lang='lat' dir='ltr'><strong>meum</strong></span> <span class='ocrx_word' id='word_1_402' title='bbox 708 2937 856 3004; x_wconf 92' lang='lat' dir='ltr'><strong>quod</strong></span> <span class='ocrx_word' id='word_1_403' title='bbox 904 2938 1155 3006; x_wconf 90' lang='lat' dir='ltr'><strong>percussi</strong></span> <span class='ocrx_word' id='word_1_404' title='bbox 1201 2952 1329 2992; x_wconf 91' lang='lat' dir='ltr'><strong>cum</strong></span> <span class='ocrx_word' id='word_1_405' title='bbox 1369 2939 1631 2995; x_wconf 91' lang='lat' dir='ltr'><strong>omnibus</strong></span> <span class='ocrx_word' id='word_1_406' title='bbox 1668 2940 1907 3010; x_wconf 89' lang='lat' dir='ltr'><strong>populis,</strong></span> <span class='ocrx_word' id='word_1_407' title='bbox 1942 2949 1998 2994; x_wconf 91' lang='lat' dir='ltr'><strong>et</strong></span> <span class='ocrx_word' id='word_1_408' title='bbox 2037 2936 2399 3006; x_wconf 88' lang='lat' dir='ltr'><strong>dissipabitur</strong></span> <span class='ocrx_word' id='word_1_409' title='bbox 2451 2935 2505 2988; x_wconf 92' lang='lat' dir='ltr'><strong>in</strong></span> <span class='ocrx_word' id='word_1_410' title='bbox 2538 2934 2628 2990; x_wconf 88' lang='lat' dir='ltr'><strong>die</strong></span> <span class='ocrx_word' id='word_1_411' title='bbox 2673 2934 2767 2989; x_wconf 92' lang='lat' dir='ltr'><strong>illa</strong></span> <span class='ocrx_word' id='word_1_412' title='bbox 2798 2935 2866 2989; x_wconf 82' lang='grc'><strong>⁵⁵.</strong></span> <span class='ocrx_word' id='word_1_413' title='bbox 2911 2952 2930 2985; x_wconf 72' lang='grc' dir='ltr'><strong>ι</strong></span> <span class='ocrx_word' id='word_1_414' title='bbox 2978 2932 3146 2988; x_wconf 76' lang='lat' dir='ltr'><strong>Multa</strong></span> <span class='ocrx_word' id='word_1_415' title='bbox 3182 2950 3319 2991; x_wconf 90' lang='lat' dir='ltr'><strong>sane</strong></span> <span class='ocrx_word' id='word_1_416' title='bbox 3349 2937 3489 2991; x_wconf 83' lang='lat' dir='ltr'><strong>mala</strong></span> <span class='ocrx_word' id='word_1_417' title='bbox 3539 2937 3597 2991; x_wconf 86' lang='lat' dir='ltr'><strong>in</strong></span> <span class='ocrx_word' id='word_1_418' title='bbox 3642 2936 3759 2993; x_wconf 85' lang='lat' dir='ltr'><strong>fine</strong></span> 
     </span>
    </p>
   </div>
   <div class='ocr_carea' id='block_1_37' title="bbox 497 3021 3759 3097">
    <p class='ocr_par' dir='ltr' id='par_1_37' title="bbox 497 3021 3759 3097">
     <span class='ocr_line' id='line_1_37' title="bbox 497 3021 3759 3097; baseline 0.002 -25"><span class='ocrx_word' id='word_1_419' title='bbox 497 3030 806 3091; x_wconf 85' lang='lat' dir='ltr'><strong>temporum</strong></span> <span class='ocrx_word' id='word_1_420' title='bbox 845 3024 1149 3077; x_wconf 90' lang='lat' dir='ltr'><strong>manebunt</strong></span> <span class='ocrx_word' id='word_1_421' title='bbox 1171 3033 1447 3094; x_wconf 86' lang='lat' dir='ltr'><strong>quotquot</strong></span> <span class='ocrx_word' id='word_1_422' title='bbox 1477 3027 1749 3095; x_wconf 65' lang='lat' dir='ltr'><strong>praedicit,</strong></span> <span class='ocrx_word' id='word_1_423' title='bbox 1779 3025 1926 3097; x_wconf 85' lang='lat' dir='ltr'><strong>quod</strong></span> <span class='ocrx_word' id='word_1_424' title='bbox 1967 3024 2103 3079; x_wconf 85' lang='lat' dir='ltr'><strong>Siiin</strong></span> <span class='ocrx_word' id='word_1_425' title='bbox 2128 3032 2183 3078; x_wconf 91' lang='lat' dir='ltr'><strong>et</strong></span> <span class='ocrx_word' id='word_1_426' title='bbox 2209 3022 2303 3094; x_wconf 92' lang='lat' dir='ltr'><strong>qui</strong></span> <span class='ocrx_word' id='word_1_427' title='bbox 2338 3036 2368 3075; x_wconf 90' lang='lat' dir='ltr'><strong>a</strong></span> <span class='ocrx_word' id='word_1_428' title='bbox 2401 3032 2555 3092; x_wconf 84' lang='lat' dir='ltr'><strong>parte</strong></span> <span class='ocrx_word' id='word_1_429' title='bbox 2580 3021 2822 3077; x_wconf 85' lang='lat' dir='ltr'><strong>Cethiim</strong></span> <span class='ocrx_word' id='word_1_430' title='bbox 2856 3021 3098 3093; x_wconf 79' lang='lat' dir='ltr'><strong>aﬂligent</strong></span> <span class='ocrx_word' id='word_1_431' title='bbox 3124 3022 3405 3094; x_wconf 83' lang='lat' dir='ltr'><strong>Assyrios,</strong></span> <span class='ocrx_word' id='word_1_432' title='bbox 3434 3032 3489 3080; x_wconf 89' lang='lat' dir='ltr'><strong>et</strong></span> <span class='ocrx_word' id='word_1_433' title='bbox 3509 3023 3759 3096; x_wconf 73' lang='lat' dir='ltr'><strong>alﬂigent</strong></span> 
     </span>
    </p>
   </div>
   <div class='ocr_carea' id='block_1_38' title="bbox 500 3107 1979 3184">
    <p class='ocr_par' dir='ltr' id='par_1_38' title="bbox 500 3107 1979 3184">
     <span class='ocr_line' id='line_1_38' title="bbox 500 3107 1979 3184; baseline 0.004 -24"><span class='ocrx_word' id='word_1_434' title='bbox 500 3107 701 3165; x_wconf 88' lang='lat' dir='ltr'><strong>lleher.</strong></span> <span class='ocrx_word' id='word_1_435' title='bbox 741 3108 885 3174; x_wconf 85' lang='lat' dir='ltr'><strong>Quin</strong></span> <span class='ocrx_word' id='word_1_436' title='bbox 922 3110 1153 3181; x_wconf 89' lang='lat' dir='ltr'><strong>insuper</strong></span> <span class='ocrx_word' id='word_1_437' title='bbox 1189 3112 1308 3182; x_wconf 91' lang='lat' dir='ltr'><strong>ipse</strong></span> <span class='ocrx_word' id='word_1_438' title='bbox 1336 3128 1560 3184; x_wconf 92' lang='lat' dir='ltr'><strong>quoque</strong></span> <span class='ocrx_word' id='word_1_439' title='bbox 1592 3113 1726 3167; x_wconf 89' lang='lat' dir='ltr'><strong>Siim</strong></span> <span class='ocrx_word' id='word_1_440' title='bbox 1757 3114 1979 3183; x_wconf 85' lang='lat' dir='ltr'><strong>peribit.</strong></span> 
     </span>
    </p>
   </div>
   <div class='ocr_carea' id='block_1_39' title="bbox 567 3194 3741 3273">
    <p class='ocr_par' dir='ltr' id='par_1_39' title="bbox 567 3194 3741 3273">
     <span class='ocr_line' id='line_1_39' title="bbox 567 3194 3741 3273; baseline 0.003 -26"><span class='ocrx_word' id='word_1_441' title='bbox 567 3194 637 3248; x_wconf 85' lang='lat' dir='ltr'><strong>Et</strong></span> <span class='ocrx_word' id='word_1_442' title='bbox 666 3212 784 3248; x_wconf 81' lang='lat' dir='ltr'><strong>cum</strong></span> <span class='ocrx_word' id='word_1_443' title='bbox 806 3200 1123 3252; x_wconf 73' lang='lat' dir='ltr'><strong>surrexisset</strong></span> <span class='ocrx_word' id='word_1_444' title='bbox 1144 3197 1396 3264; x_wconf 88' lang='lat' dir='ltr'><strong>Balaam,</strong></span> <span class='ocrx_word' id='word_1_445' title='bbox 1416 3217 1651 3257; x_wconf 82' lang='lat' dir='ltr'><strong>reversus</strong></span> <span class='ocrx_word' id='word_1_446' title='bbox 1667 3210 1746 3256; x_wconf 81' lang='lat' dir='ltr'><strong>est</strong></span> <span class='ocrx_word' id='word_1_447' title='bbox 1771 3203 1825 3256; x_wconf 88' lang='lat' dir='ltr'><strong>in</strong></span> <span class='ocrx_word' id='word_1_448' title='bbox 1848 3202 2020 3256; x_wconf 83' lang='lat' dir='ltr'><strong>locum</strong></span> <span class='ocrx_word' id='word_1_449' title='bbox 2041 3217 2213 3255; x_wconf 85' lang='lat' dir='ltr'><strong>suum.</strong></span> <span class='ocrx_word' id='word_1_450' title='bbox 2235 3198 2450 3273; x_wconf 67' lang='grc' dir='ltr'><strong>βων,</strong></span> <span class='ocrx_word' id='word_1_451' title='bbox 2466 3198 2586 3271; x_wconf 74' lang='lat'><strong>25.]</strong></span> <span class='ocrx_word' id='word_1_452' title='bbox 2603 3198 2719 3255; x_wconf 87' lang='lat' dir='ltr'><strong>Non</strong></span> <span class='ocrx_word' id='word_1_453' title='bbox 2749 3200 2981 3266; x_wconf 88' lang='lat' dir='ltr'><strong>patriam</strong></span> <span class='ocrx_word' id='word_1_454' title='bbox 3008 3200 3207 3265; x_wconf 88' lang='lat' dir='ltr'><strong>innuit,</strong></span> <span class='ocrx_word' id='word_1_455' title='bbox 3224 3215 3412 3256; x_wconf 89' lang='lat' dir='ltr'><strong>verum</strong></span> <span class='ocrx_word' id='word_1_456' title='bbox 3436 3202 3741 3257; x_wconf 83' lang='lat' dir='ltr'><strong>stationem</strong></span> 
     </span>
    </p>
   </div>
   <div class='ocr_carea' id='block_1_40' title="bbox 496 3282 3755 3358">
    <p class='ocr_par' dir='ltr' id='par_1_40' title="bbox 496 3282 3755 3358">
     <span class='ocr_line' id='line_1_40' title="bbox 496 3282 3755 3358; baseline 0.003 -24"><span class='ocrx_word' id='word_1_457' title='bbox 496 3295 616 3335; x_wconf 89' lang='lat' dir='ltr'><strong>eam</strong></span> <span class='ocrx_word' id='word_1_458' title='bbox 647 3282 792 3337; x_wconf 86' lang='lat' dir='ltr'><strong>unde</strong></span> <span class='ocrx_word' id='word_1_459' title='bbox 817 3284 1106 3353; x_wconf 82' lang='lat' dir='ltr'><strong>profectus</strong></span> <span class='ocrx_word' id='word_1_460' title='bbox 1129 3297 1215 3341; x_wconf 90' lang='lat' dir='ltr'><strong>est</strong></span> <span class='ocrx_word' id='word_1_461' title='bbox 1264 3289 1329 3341; x_wconf 91' lang='lat' dir='ltr'><strong>ad</strong></span> <span class='ocrx_word' id='word_1_462' title='bbox 1367 3289 1533 3343; x_wconf 86' lang='lat' dir='ltr'><strong>Balac</strong></span> <span class='ocrx_word' id='word_1_463' title='bbox 1582 3290 1634 3343; x_wconf 90' lang='lat' dir='ltr'><strong>in</strong></span> <span class='ocrx_word' id='word_1_464' title='bbox 1670 3290 1860 3345; x_wconf 88' lang='lat' dir='ltr'><strong>urbem</strong></span> <span class='ocrx_word' id='word_1_465' title='bbox 1903 3289 2297 3344; x_wconf 88' lang='lat' dir='ltr'><strong>suburbiorum</strong></span> <span class='ocrx_word' id='word_1_466' title='bbox 2331 3295 2391 3341; x_wconf 92' lang='lat' dir='ltr'><strong>ut</strong></span> <span class='ocrx_word' id='word_1_467' title='bbox 2422 3302 2588 3357; x_wconf 87' lang='lat' dir='ltr'><strong>supra</strong></span> <span class='ocrx_word' id='word_1_468' title='bbox 2626 3287 2895 3341; x_wconf 84' lang='lat' dir='ltr'><strong>meminit.</strong></span> <span class='ocrx_word' id='word_1_469' title='bbox 2924 3285 3059 3341; x_wconf 84' lang='lat' dir='ltr'><strong>Nam</strong></span> <span class='ocrx_word' id='word_1_470' title='bbox 3104 3294 3157 3342; x_wconf 91' lang='lat' dir='ltr'><strong>et</strong></span> <span class='ocrx_word' id='word_1_471' title='bbox 3199 3287 3323 3357; x_wconf 88' lang='lat' dir='ltr'><strong>ipse</strong></span> <span class='ocrx_word' id='word_1_472' title='bbox 3365 3301 3586 3358; x_wconf 87' lang='lat' dir='ltr'><strong>quoque</strong></span> <span class='ocrx_word' id='word_1_473' title='bbox 3618 3303 3755 3343; x_wconf 83' lang='lat' dir='ltr'><strong>cum</strong></span> 
     </span>
    </p>
   </div>
   <div class='ocr_carea' id='block_1_41' title="bbox 497 3369 2223 3447">
    <p class='ocr_par' dir='ltr' id='par_1_41' title="bbox 497 3369 2223 3447">
     <span class='ocr_line' id='line_1_41' title="bbox 497 3369 2223 3447; baseline 0.003 -24"><span class='ocrx_word' id='word_1_474' title='bbox 497 3369 659 3425; x_wconf 80' lang='lat' dir='ltr'><strong>Baiae</strong></span> <span class='ocrx_word' id='word_1_475' title='bbox 712 3372 784 3425; x_wconf 80' lang='lat' dir='ltr'><strong>ah</strong></span> <span class='ocrx_word' id='word_1_476' title='bbox 825 3372 1095 3428; x_wconf 88' lang='lat' dir='ltr'><strong>Israelitis</strong></span> <span class='ocrx_word' id='word_1_477' title='bbox 1130 3375 1443 3431; x_wconf 88' lang='lat' dir='ltr'><strong>trucidatur</strong></span> <span class='ocrx_word' id='word_1_478' title='bbox 1480 3384 1538 3430; x_wconf 92' lang='lat' dir='ltr'><strong>ut</strong></span> <span class='ocrx_word' id='word_1_479' title='bbox 1574 3378 1743 3447; x_wconf 89' lang='lat' dir='ltr'><strong>paulo</strong></span> <span class='ocrx_word' id='word_1_480' title='bbox 1779 3389 1905 3447; x_wconf 87' lang='lat' dir='ltr'><strong>post</strong></span> <span class='ocrx_word' id='word_1_481' title='bbox 1938 3377 2223 3433; x_wconf 77' lang='lat' dir='ltr'><strong>indicabit.</strong></span> 
     </span>
    </p>
   </div>
   <div class='ocr_carea' id='block_1_42' title="bbox 567 3476 3756 3558">
    <p class='ocr_par' dir='ltr' id='par_1_42' title="bbox 567 3476 3756 3558">
     <span class='ocr_line' id='line_1_42' title="bbox 567 3476 3756 3558; baseline 0.003 -27"><span class='ocrx_word' id='word_1_482' title='bbox 567 3476 729 3548; x_wconf 62' lang='grc'><strong>423</strong></span> <span class='ocrx_word' id='word_1_483' title='bbox 764 3477 831 3531; x_wconf 83' lang='lat' dir='ltr'><strong>Et</strong></span> <span class='ocrx_word' id='word_1_484' title='bbox 849 3482 1243 3535; x_wconf 80' lang='lat' dir='ltr'><strong>contaminatus</strong></span> <span class='ocrx_word' id='word_1_485' title='bbox 1268 3492 1345 3536; x_wconf 79' lang='lat' dir='ltr'><strong>est</strong></span> <span class='ocrx_word' id='word_1_486' title='bbox 1372 3484 1601 3553; x_wconf 83' lang='lat' dir='ltr'><strong>populus</strong></span> <span class='ocrx_word' id='word_1_487' title='bbox 1630 3484 1976 3555; x_wconf 82' lang='lat' dir='ltr'><strong>fornicaudo.</strong></span> <span class='ocrx_word' id='word_1_488' title='bbox 2014 3481 2209 3558; x_wconf 59' lang='lat' dir='ltr'><strong>lxxv,</strong></span> <span class='ocrx_word' id='word_1_489' title='bbox 2247 3480 2327 3555; x_wconf 79' lang='grc'><strong>1.]</strong></span> <span class='ocrx_word' id='word_1_490' title='bbox 2359 3481 2518 3536; x_wconf 86' lang='lat' dir='ltr'><strong>Nulla</strong></span> <span class='ocrx_word' id='word_1_491' title='bbox 2549 3489 2745 3535; x_wconf 89' lang='lat' dir='ltr'><strong>contra</strong></span> <span class='ocrx_word' id='word_1_492' title='bbox 2771 3481 3047 3536; x_wconf 90' lang='lat' dir='ltr'><strong>hominem</strong></span> <span class='ocrx_word' id='word_1_493' title='bbox 3078 3490 3161 3536; x_wconf 89' lang='lat' dir='ltr'><strong>est</strong></span> <span class='ocrx_word' id='word_1_494' title='bbox 3206 3482 3548 3551; x_wconf 89' lang='lat' dir='ltr'><strong>potentia,ni</strong></span> <span class='ocrx_word' id='word_1_495' title='bbox 3592 3483 3756 3553; x_wconf 85' lang='lat' dir='ltr'><strong>prius</strong></span> 
     </span>
    </p>
   </div>
   <div class='ocr_carea' id='block_1_43' title="bbox 498 3563 3758 3643">
    <p class='ocr_par' dir='ltr' id='par_1_43' title="bbox 498 3563 3758 3643">
     <span class='ocr_line' id='line_1_43' title="bbox 498 3563 3758 3643; baseline 0.002 -26"><span class='ocrx_word' id='word_1_496' title='bbox 498 3563 599 3617; x_wconf 90' lang='lat' dir='ltr'><strong>sibi</strong></span> <span class='ocrx_word' id='word_1_497' title='bbox 636 3566 735 3633; x_wconf 88' lang='lat' dir='ltr'><strong>ipsi</strong></span> <span class='ocrx_word' id='word_1_498' title='bbox 766 3565 1027 3621; x_wconf 89' lang='lat' dir='ltr'><strong>damnum</strong></span> <span class='ocrx_word' id='word_1_499' title='bbox 1052 3569 1322 3624; x_wconf 88' lang='lat' dir='ltr'><strong>intulerit.</strong></span> <span class='ocrx_word' id='word_1_500' title='bbox 1356 3571 1830 3637; x_wconf 85' lang='lat' dir='ltr'><strong>Quemadmodum</strong></span> <span class='ocrx_word' id='word_1_501' title='bbox 1870 3573 1960 3629; x_wconf 88' lang='lat' dir='ltr'><strong>isti</strong></span> <span class='ocrx_word' id='word_1_502' title='bbox 1986 3569 2323 3643; x_wconf 88' lang='lat' dir='ltr'><strong>quilibidine</strong></span> <span class='ocrx_word' id='word_1_503' title='bbox 2346 3570 2489 3640; x_wconf 88' lang='lat' dir='ltr'><strong>capti</strong></span> <span class='ocrx_word' id='word_1_504' title='bbox 2516 3567 2809 3624; x_wconf 89' lang='lat' dir='ltr'><strong>Dominum</strong></span> <span class='ocrx_word' id='word_1_505' title='bbox 2840 3569 3106 3625; x_wconf 86' lang='lat' dir='ltr'><strong>oblivioni</strong></span> <span class='ocrx_word' id='word_1_506' title='bbox 3158 3569 3523 3636; x_wconf 86' lang='lat' dir='ltr'><strong>mandarunt;</strong></span> <span class='ocrx_word' id='word_1_507' title='bbox 3556 3586 3758 3641; x_wconf 84' lang='lat' dir='ltr'><strong>quein-</strong></span> 
     </span>
    </p>
   </div>
   <div class='ocr_carea' id='block_1_44' title="bbox 497 3651 3755 3729">
    <p class='ocr_par' dir='ltr' id='par_1_44' title="bbox 497 3651 3755 3729">
     <span class='ocr_line' id='line_1_44' title="bbox 497 3651 3755 3729; baseline 0.003 -26"><span class='ocrx_word' id='word_1_508' title='bbox 497 3651 786 3705; x_wconf 90' lang='lat' dir='ltr'><strong>admodum</strong></span> <span class='ocrx_word' id='word_1_509' title='bbox 836 3662 1023 3723; x_wconf 77' lang='lat' dir='ltr'><strong>postea</strong></span> <span class='ocrx_word' id='word_1_510' title='bbox 1079 3671 1297 3727; x_wconf 87' lang='lat' dir='ltr'><strong>quoque</strong></span> <span class='ocrx_word' id='word_1_511' title='bbox 1351 3657 1611 3714; x_wconf 91' lang='lat' dir='ltr'><strong>Salomon</strong></span> <span class='ocrx_word' id='word_1_512' title='bbox 1667 3660 1761 3729; x_wconf 85' lang='lat' dir='ltr'><strong>qui</strong></span> <span class='ocrx_word' id='word_1_513' title='bbox 1815 3660 2104 3715; x_wconf 89' lang='lat' dir='ltr'><strong>mulierum</strong></span> <span class='ocrx_word' id='word_1_514' title='bbox 2154 3658 2327 3727; x_wconf 88' lang='lat' dir='ltr'><strong>gratia</strong></span> <span class='ocrx_word' id='word_1_515' title='bbox 2389 3655 2554 3711; x_wconf 89' lang='lat' dir='ltr'><strong>idolis</strong></span> <span class='ocrx_word' id='word_1_516' title='bbox 2613 3656 2818 3726; x_wconf 87' lang='lat' dir='ltr'><strong>templa</strong></span> <span class='ocrx_word' id='word_1_517' title='bbox 2872 3656 3167 3712; x_wconf 80' lang='lat' dir='ltr'><strong>exstruxit.</strong></span> <span class='ocrx_word' id='word_1_518' title='bbox 3196 3655 3378 3724; x_wconf 89' lang='lat' dir='ltr'><strong>Quare</strong></span> <span class='ocrx_word' id='word_1_519' title='bbox 3402 3672 3527 3712; x_wconf 89' lang='lat' dir='ltr'><strong>cum</strong></span> <span class='ocrx_word' id='word_1_520' title='bbox 3558 3660 3755 3728; x_wconf 92' lang='lat' dir='ltr'><strong>populi</strong></span> 
     </span>
    </p>
   </div>
   <div class='ocr_carea' id='block_1_45' title="bbox 498 3737 3758 3818">
    <p class='ocr_par' dir='ltr' id='par_1_45' title="bbox 498 3737 3758 3818">
     <span class='ocr_line' id='line_1_45' title="bbox 498 3737 3758 3818; baseline 0.003 -27"><span class='ocrx_word' id='word_1_521' title='bbox 498 3737 665 3807; x_wconf 88' lang='lat' dir='ltr'><strong>hujus</strong></span> <span class='ocrx_word' id='word_1_522' title='bbox 687 3742 944 3795; x_wconf 89' lang='lat' dir='ltr'><strong>socordia</strong></span> <span class='ocrx_word' id='word_1_523' title='bbox 978 3756 1041 3797; x_wconf 86' lang='lat' dir='ltr'><strong>ac</strong></span> <span class='ocrx_word' id='word_1_524' title='bbox 1076 3743 1292 3814; x_wconf 90' lang='lat' dir='ltr'><strong>ignavia</strong></span> <span class='ocrx_word' id='word_1_525' title='bbox 1327 3744 1440 3802; x_wconf 84' lang='lat' dir='ltr'><strong>Deo</strong></span> <span class='ocrx_word' id='word_1_526' title='bbox 1465 3756 1612 3802; x_wconf 88' lang='lat' dir='ltr'><strong>esset</strong></span> <span class='ocrx_word' id='word_1_527' title='bbox 1638 3749 1857 3818; x_wconf 90' lang='lat' dir='ltr'><strong>cognita</strong></span> <span class='ocrx_word' id='word_1_528' title='bbox 1884 3748 2209 3817; x_wconf 88' lang='lat' dir='ltr'><strong>alienigenis</strong></span> <span class='ocrx_word' id='word_1_529' title='bbox 2251 3746 2521 3802; x_wconf 74' lang='lat' dir='ltr'><strong>uxoribus</strong></span> <span class='ocrx_word' id='word_1_530' title='bbox 2552 3745 2664 3801; x_wconf 89' lang='lat' dir='ltr'><strong>illis</strong></span> <span class='ocrx_word' id='word_1_531' title='bbox 2713 3746 3027 3801; x_wconf 77' lang='lat' dir='ltr'><strong>interdixit.</strong></span> <span class='ocrx_word' id='word_1_532' title='bbox 3054 3744 3227 3801; x_wconf 85' lang='lat' dir='ltr'><strong>Nobis</strong></span> <span class='ocrx_word' id='word_1_533' title='bbox 3250 3760 3382 3802; x_wconf 90' lang='lat' dir='ltr'><strong>vero</strong></span> <span class='ocrx_word' id='word_1_534' title='bbox 3433 3746 3526 3815; x_wconf 85' lang='lat' dir='ltr'><strong>qui</strong></span> <span class='ocrx_word' id='word_1_535' title='bbox 3556 3748 3609 3800; x_wconf 91' lang='lat' dir='ltr'><strong>in</strong></span> <span class='ocrx_word' id='word_1_536' title='bbox 3645 3747 3758 3803; x_wconf 73' lang='lat' dir='ltr'><strong>(ide</strong></span> 
     </span>
    </p>
   </div>
   <div class='ocr_carea' id='block_1_46' title="bbox 497 3826 3759 3906">
    <p class='ocr_par' dir='ltr' id='par_1_46' title="bbox 497 3826 3759 3906">
     <span class='ocr_line' id='line_1_46' title="bbox 497 3826 3759 3906; baseline 0.004 -28"><span class='ocrx_word' id='word_1_537' title='bbox 497 3826 731 3895; x_wconf 85' lang='lat' dir='ltr'><strong>agimus,</strong></span> <span class='ocrx_word' id='word_1_538' title='bbox 761 3842 886 3881; x_wconf 92' lang='lat' dir='ltr'><strong>cum</strong></span> <span class='ocrx_word' id='word_1_539' title='bbox 920 3830 1032 3885; x_wconf 88' lang='lat' dir='ltr'><strong>illis</strong></span> <span class='ocrx_word' id='word_1_540' title='bbox 1067 3834 1396 3887; x_wconf 89' lang='lat' dir='ltr'><strong>conversari</strong></span> <span class='ocrx_word' id='word_1_541' title='bbox 1436 3849 1533 3904; x_wconf 89' lang='lat' dir='ltr'><strong>per</strong></span> <span class='ocrx_word' id='word_1_542' title='bbox 1564 3834 1797 3890; x_wconf 88' lang='lat' dir='ltr'><strong>Paulum</strong></span> <span class='ocrx_word' id='word_1_543' title='bbox 1832 3835 2108 3906; x_wconf 89' lang='lat' dir='ltr'><strong>permisit.</strong></span> <span class='ocrx_word' id='word_1_544' title='bbox 2136 3833 2299 3889; x_wconf 84' lang='lat' dir='ltr'><strong>Novit</strong></span> <span class='ocrx_word' id='word_1_545' title='bbox 2333 3835 2481 3889; x_wconf 90' lang='lat' dir='ltr'><strong>enim</strong></span> <span class='ocrx_word' id='word_1_546' title='bbox 2516 3833 2664 3904; x_wconf 91' lang='lat' dir='ltr'><strong>quod</strong></span> <span class='ocrx_word' id='word_1_547' title='bbox 2690 3833 2871 3887; x_wconf 89' lang='lat' dir='ltr'><strong>idonei</strong></span> <span class='ocrx_word' id='word_1_548' title='bbox 2908 3833 3085 3890; x_wconf 85' lang='lat' dir='ltr'><strong>simus</strong></span> <span class='ocrx_word' id='word_1_549' title='bbox 3112 3834 3290 3905; x_wconf 86' lang='lat' dir='ltr'><strong>magis</strong></span> <span class='ocrx_word' id='word_1_550' title='bbox 3333 3832 3490 3889; x_wconf 88' lang='lat' dir='ltr'><strong>utilia</strong></span> <span class='ocrx_word' id='word_1_551' title='bbox 3515 3838 3759 3891; x_wconf 83' lang='lat' dir='ltr'><strong>suadere</strong></span> 
     </span>
    </p>
   </div>
   <div class='ocr_carea' id='block_1_47' title="bbox 496 3916 3757 3995">
    <p class='ocr_par' dir='ltr' id='par_1_47' title="bbox 496 3916 3757 3995">
     <span class='ocr_line' id='line_1_47' title="bbox 496 3916 3757 3995; baseline 0.004 -29"><span class='ocrx_word' id='word_1_552' title='bbox 496 3928 660 3980; x_wconf 89' lang='lat' dir='ltr'><strong>quam</strong></span> <span class='ocrx_word' id='word_1_553' title='bbox 694 3916 872 3971; x_wconf 77' lang='lat' dir='ltr'><strong>noxiis</strong></span> <span class='ocrx_word' id='word_1_554' title='bbox 902 3920 1310 3990; x_wconf 87' lang='lat' dir='ltr'><strong>obtemperare.</strong></span> <span class='ocrx_word' id='word_1_555' title='bbox 1367 3921 1640 3977; x_wconf 59' lang='lat' dir='ltr'><strong>Cmterum</strong></span> <span class='ocrx_word' id='word_1_556' title='bbox 1696 3922 2040 3995; x_wconf 86' lang='lat' dir='ltr'><strong>Beelphegor</strong></span> <span class='ocrx_word' id='word_1_557' title='bbox 2101 3923 2309 3979; x_wconf 88' lang='lat' dir='ltr'><strong>idolum</strong></span> <span class='ocrx_word' id='word_1_558' title='bbox 2336 3938 2462 3979; x_wconf 89' lang='lat' dir='ltr'><strong>esse</strong></span> <span class='ocrx_word' id='word_1_559' title='bbox 2486 3921 2712 3977; x_wconf 89' lang='lat' dir='ltr'><strong>tradunt</strong></span> <span class='ocrx_word' id='word_1_560' title='bbox 2732 3922 3026 3979; x_wconf 86' lang='lat' dir='ltr'><strong>cadaveris</strong></span> <span class='ocrx_word' id='word_1_561' title='bbox 3066 3921 3307 3994; x_wconf 88' lang='lat' dir='ltr'><strong>Phogor,</strong></span> <span class='ocrx_word' id='word_1_562' title='bbox 3334 3924 3578 3982; x_wconf 81' lang='lat' dir='ltr'><strong>cultores</strong></span> <span class='ocrx_word' id='word_1_563' title='bbox 3602 3925 3757 3981; x_wconf 86' lang='lat' dir='ltr'><strong>enim</strong></span> 
     </span>
    </p>
   </div>
   <div class='ocr_carea' id='block_1_48' title="bbox 495 4000 3145 4070">
    <p class='ocr_par' dir='ltr' id='par_1_48' title="bbox 495 4000 3145 4070">
     <span class='ocr_line' id='line_1_48' title="bbox 495 4000 3145 4070; baseline 0.005 -19"><span class='ocrx_word' id='word_1_564' title='bbox 495 4000 637 4070; x_wconf 86' lang='lat' dir='ltr'><strong>ejus,</strong></span> <span class='ocrx_word' id='word_1_565' title='bbox 671 4002 747 4058; x_wconf 90' lang='lat' dir='ltr'><strong>ait</strong></span> <span class='ocrx_word' id='word_1_566' title='bbox 785 4020 799 4056; x_wconf 90' lang='lat'><strong>:</strong></span> <span class='ocrx_word' id='word_1_567' title='bbox 836 4021 855 4055; x_wconf 76' lang='grc' dir='ltr'><strong>ι</strong></span> <span class='ocrx_word' id='word_1_568' title='bbox 888 4003 1267 4062; x_wconf 76' lang='lat' dir='ltr'><strong>Vescebantur</strong></span> <span class='ocrx_word' id='word_1_569' title='bbox 1296 4009 1541 4064; x_wconf 84' lang='lat' dir='ltr'><strong>victimis</strong></span> <span class='ocrx_word' id='word_1_570' title='bbox 1577 4019 1945 4066; x_wconf 88' lang='lat' dir='ltr'><strong>mortuorum.</strong></span> <span class='ocrx_word' id='word_1_571' title='bbox 1982 4009 2273 4066; x_wconf 86' lang='lat' dir='ltr'><strong>lrritarunt</strong></span> <span class='ocrx_word' id='word_1_572' title='bbox 2301 4019 2486 4066; x_wconf 89' lang='lat' dir='ltr'><strong>autem</strong></span> <span class='ocrx_word' id='word_1_573' title='bbox 2514 4009 2690 4066; x_wconf 87' lang='lat' dir='ltr'><strong>Deum</strong></span> <span class='ocrx_word' id='word_1_574' title='bbox 2721 4011 2927 4066; x_wconf 87' lang='lat' dir='ltr'><strong>studiis</strong></span> <span class='ocrx_word' id='word_1_575' title='bbox 2952 4012 3095 4067; x_wconf 90' lang='lat' dir='ltr'><strong>suis.</strong></span> <span class='ocrx_word' id='word_1_576' title='bbox 3126 4030 3145 4064; x_wconf 71' lang='grc' dir='ltr'><strong>ι</strong></span> 
     </span>
    </p>
   </div>
   <div class='ocr_carea' id='block_1_49' title="bbox 567 4088 2071 4171">
    <p class='ocr_par' dir='ltr' id='par_1_49' title="bbox 567 4088 2065 4168">
     <span class='ocr_line' id='line_1_49' title="bbox 567 4088 2065 4168; baseline 0.008 -26"><span class='ocrx_word' id='word_1_577' title='bbox 567 4088 739 4146; x_wconf 85' lang='lat' dir='ltr'><strong>Porro</strong></span> <span class='ocrx_word' id='word_1_578' title='bbox 770 4091 1044 4161; x_wconf 68' lang='lat' dir='ltr'><strong>Moabitae,</strong></span> <span class='ocrx_word' id='word_1_579' title='bbox 1075 4096 1255 4152; x_wconf 88' lang='lat' dir='ltr'><strong>edocti</strong></span> <span class='ocrx_word' id='word_1_580' title='bbox 1294 4099 1439 4168; x_wconf 89' lang='lat' dir='ltr'><strong>quod</strong></span> <span class='ocrx_word' id='word_1_581' title='bbox 1475 4099 1646 4154; x_wconf 92' lang='lat' dir='ltr'><strong>nullis</strong></span> <span class='ocrx_word' id='word_1_582' title='bbox 1681 4099 1807 4155; x_wconf 91' lang='lat' dir='ltr'><strong>aliis</strong></span> <span class='ocrx_word' id='word_1_583' title='bbox 1844 4099 2065 4155; x_wconf 89' lang='lat' dir='ltr'><strong>insidiis</strong></span> 
     </span>
    </p>
   </div>
   <div class='ocr_carea' id='block_1_50' title="bbox 2186 4088 3756 4171">
    <p class='ocr_par' dir='ltr' id='par_1_50' title="bbox 2239 4097 3756 4171">
     <span class='ocr_line' id='line_1_50' title="bbox 2239 4097 3756 4171; baseline 0.001 -18"><span class='ocrx_word' id='word_1_584' title='bbox 2239 4099 2519 4162; x_wconf 81' lang='grc' dir='ltr'><strong>Μαθόντες</strong></span> <span class='ocrx_word' id='word_1_585' title='bbox 2537 4098 2595 4151; x_wconf 75' lang='grc' dir='ltr'><strong>δὲ</strong></span> <span class='ocrx_word' id='word_1_586' title='bbox 2622 4098 2936 4162; x_wconf 75' lang='grc' dir='ltr'><strong>Μωαϐῖται,</strong></span> <span class='ocrx_word' id='word_1_587' title='bbox 2965 4099 3038 4163; x_wconf 84' lang='grc' dir='ltr'><strong>ὡς</strong></span> <span class='ocrx_word' id='word_1_588' title='bbox 3078 4099 3358 4164; x_wconf 80' lang='grc' dir='ltr'><strong>ἀνάλωτος</strong></span> <span class='ocrx_word' id='word_1_589' title='bbox 3410 4097 3518 4153; x_wconf 73' lang='grc' dir='ltr'><strong>ὑπὸ</strong></span> <span class='ocrx_word' id='word_1_590' title='bbox 3566 4103 3756 4171; x_wconf 80' lang='grc' dir='ltr'><strong>πάσης</strong></span> 
     </span>
    </p>
   </div>
   <div class='ocr_carea' id='block_1_51' title="bbox 494 4182 2069 4262">
    <p class='ocr_par' dir='ltr' id='par_1_51' title="bbox 494 4182 2069 4262">
     <span class='ocr_line' id='line_1_51' title="bbox 494 4182 2069 4262; baseline 0.008 -28"><span class='ocrx_word' id='word_1_591' title='bbox 494 4195 660 4250; x_wconf 83' lang='lat' dir='ltr'><strong>quam</strong></span> <span class='ocrx_word' id='word_1_592' title='bbox 700 4182 792 4237; x_wconf 87' lang='lat' dir='ltr'><strong>Dei</strong></span> <span class='ocrx_word' id='word_1_593' title='bbox 828 4185 1135 4243; x_wconf 77' lang='lat' dir='ltr'><strong>offensione</strong></span> <span class='ocrx_word' id='word_1_594' title='bbox 1171 4197 1398 4259; x_wconf 87' lang='lat' dir='ltr'><strong>possent</strong></span> <span class='ocrx_word' id='word_1_595' title='bbox 1439 4190 1840 4262; x_wconf 91' lang='lat' dir='ltr'><strong>comprehendi</strong></span> <span class='ocrx_word' id='word_1_596' title='bbox 1883 4191 2069 4246; x_wconf 85' lang='lat' dir='ltr'><strong>Israe-</strong></span> 
     </span>
    </p>
   </div>
   <div class='ocr_carea' id='block_1_52' title="bbox 495 4272 2071 4352">
    <p class='ocr_par' dir='ltr' id='par_1_52' title="bbox 495 4272 2071 4352">
     <span class='ocr_line' id='line_1_52' title="bbox 495 4272 2071 4352; baseline 0.008 -27"><span class='ocrx_word' id='word_1_597' title='bbox 495 4272 628 4336; x_wconf 78' lang='lat' dir='ltr'><strong>litae,</strong></span> <span class='ocrx_word' id='word_1_598' title='bbox 662 4274 964 4333; x_wconf 83' lang='lat' dir='ltr'><strong>dictatione</strong></span> <span class='ocrx_word' id='word_1_599' title='bbox 1006 4278 1223 4333; x_wconf 86' lang='lat' dir='ltr'><strong>Balaam</strong></span> <span class='ocrx_word' id='word_1_600' title='bbox 1253 4281 1510 4351; x_wconf 89' lang='lat' dir='ltr'><strong>laqueum</strong></span> <span class='ocrx_word' id='word_1_601' title='bbox 1537 4284 1648 4338; x_wconf 90' lang='lat' dir='ltr'><strong>illis</strong></span> <span class='ocrx_word' id='word_1_602' title='bbox 1687 4298 1785 4352; x_wconf 88' lang='lat' dir='ltr'><strong>per</strong></span> <span class='ocrx_word' id='word_1_603' title='bbox 1811 4283 2071 4337; x_wconf 86' lang='lat' dir='ltr'><strong>mulieres</strong></span> 
     </span>
    </p>
   </div>
   <div class='ocr_carea' id='block_1_53' title="bbox 497 4366 2070 4432">
    <p class='ocr_par' dir='ltr' id='par_1_53' title="bbox 497 4366 2070 4432">
     <span class='ocr_line' id='line_1_53' title="bbox 497 4366 2070 4432; baseline 0.008 -16"><span class='ocrx_word' id='word_1_604' title='bbox 497 4366 597 4432; x_wconf 79' lang='lat' dir='ltr'><strong>pro</strong></span> <span class='ocrx_word' id='word_1_605' title='bbox 652 4366 885 4421; x_wconf 88' lang='lat' dir='ltr'><strong>arbitrio</strong></span> <span class='ocrx_word' id='word_1_606' title='bbox 937 4370 1327 4425; x_wconf 76' lang='lat' dir='ltr'><strong>extenderunt.</strong></span> <span class='ocrx_word' id='word_1_607' title='bbox 1385 4371 1645 4429; x_wconf 83' lang='lat' dir='ltr'><strong>Mulieres</strong></span> <span class='ocrx_word' id='word_1_608' title='bbox 1703 4375 1853 4428; x_wconf 92' lang='lat' dir='ltr'><strong>enim</strong></span> <span class='ocrx_word' id='word_1_609' title='bbox 1888 4373 1955 4428; x_wconf 90' lang='lat' dir='ltr'><strong>ad</strong></span> <span class='ocrx_word' id='word_1_610' title='bbox 2010 4389 2070 4429; x_wconf 87' lang='lat' dir='ltr'><strong>se</strong></span> 
     </span>
    </p>
   </div>
   <div class='ocr_carea' id='block_1_54' title="bbox 499 4456 2070 4525">
    <p class='ocr_par' dir='ltr' id='par_1_54' title="bbox 499 4456 2070 4525">
     <span class='ocr_line' id='line_1_54' title="bbox 499 4456 2070 4525; baseline 0.006 -16"><span class='ocrx_word' id='word_1_611' title='bbox 499 4456 933 4525; x_wconf 76' lang='lat' dir='ltr'><strong>ingredientibus</strong></span> <span class='ocrx_word' id='word_1_612' title='bbox 963 4460 1219 4515; x_wconf 84' lang='lat' dir='ltr'><strong>dixerunt</strong></span> <span class='ocrx_word' id='word_1_613' title='bbox 1255 4480 1268 4515; x_wconf 90' lang='lat'><strong>:</strong></span> <span class='ocrx_word' id='word_1_614' title='bbox 1311 4480 1330 4513; x_wconf 75' lang='grc' dir='ltr'><strong>ι</strong></span> <span class='ocrx_word' id='word_1_615' title='bbox 1355 4462 1419 4517; x_wconf 82' lang='lat' dir='ltr'><strong>Ni</strong></span> <span class='ocrx_word' id='word_1_616' title='bbox 1456 4466 1619 4520; x_wconf 91' lang='lat' dir='ltr'><strong>deum</strong></span> <span class='ocrx_word' id='word_1_617' title='bbox 1651 4474 1908 4520; x_wconf 90' lang='lat' dir='ltr'><strong>nostrum</strong></span> <span class='ocrx_word' id='word_1_618' title='bbox 1938 4466 2070 4520; x_wconf 80' lang='lat' dir='ltr'><strong>ado-</strong></span> 
     </span>
    </p>
   </div>
   <div class='ocr_carea' id='block_1_55' title="bbox 497 4549 2071 4625">
    <p class='ocr_par' dir='ltr' id='par_1_55' title="bbox 497 4549 2071 4625">
     <span class='ocr_line' id='line_1_55' title="bbox 497 4549 2071 4625; baseline 0.004 -22"><span class='ocrx_word' id='word_1_619' title='bbox 497 4549 772 4613; x_wconf 82' lang='lat' dir='ltr'><strong>raveritis,</strong></span> <span class='ocrx_word' id='word_1_620' title='bbox 798 4568 818 4602; x_wconf 74' lang='grc' dir='ltr'><strong>ι</strong></span> <span class='ocrx_word' id='word_1_621' title='bbox 852 4557 907 4603; x_wconf 91' lang='lat' dir='ltr'><strong>et</strong></span> <span class='ocrx_word' id='word_1_622' title='bbox 928 4558 1148 4615; x_wconf 69' lang='lat' dir='ltr'><strong>caetera,</strong></span> <span class='ocrx_word' id='word_1_623' title='bbox 1206 4550 1374 4606; x_wconf 88' lang='lat' dir='ltr'><strong>Deum</strong></span> <span class='ocrx_word' id='word_1_624' title='bbox 1419 4553 1646 4625; x_wconf 91' lang='lat' dir='ltr'><strong>inquam</strong></span> <span class='ocrx_word' id='word_1_625' title='bbox 1707 4570 1872 4625; x_wconf 90' lang='lat' dir='ltr'><strong>quem</strong></span> <span class='ocrx_word' id='word_1_626' title='bbox 1908 4566 2071 4610; x_wconf 85' lang='lat' dir='ltr'><strong>vocat</strong></span> 
     </span>
    </p>
   </div>
   <div class='ocr_carea' id='block_1_56' title="bbox 500 4639 1189 4712">
    <p class='ocr_par' dir='ltr' id='par_1_56' title="bbox 500 4639 1189 4712">
     <span class='ocr_line' id='line_1_56' title="bbox 500 4639 1189 4712; baseline 0.006 -21"><span class='ocrx_word' id='word_1_627' title='bbox 500 4639 834 4711; x_wconf 86' lang='lat' dir='ltr'><strong>Beelphegor</strong></span> <span class='ocrx_word' id='word_1_628' title='bbox 864 4650 917 4695; x_wconf 89' lang='lat' dir='ltr'><strong>et</strong></span> <span class='ocrx_word' id='word_1_629' title='bbox 949 4640 1189 4712; x_wconf 88' lang='lat' dir='ltr'><strong>Phogor.</strong></span> 
     </span>
    </p>
   </div>
   <div class='ocr_carea' id='block_1_57' title="bbox 2175 4188 3753 4263">
    <p class='ocr_par' dir='ltr' id='par_1_57' title="bbox 2175 4188 3753 4263">
     <span class='ocr_line' id='line_1_57' title="bbox 2175 4188 3753 4263; baseline 0.001 -21"><span class='ocrx_word' id='word_1_630' title='bbox 2175 4190 2467 4253; x_wconf 73' lang='grc' dir='ltr'><strong>ἐπιϐουλῆς</strong></span> <span class='ocrx_word' id='word_1_631' title='bbox 2532 4188 2772 4261; x_wconf 83' lang='grc' dir='ltr'><strong>Ἰσραὴλ,</strong></span> <span class='ocrx_word' id='word_1_632' title='bbox 2831 4189 2973 4262; x_wconf 77' lang='grc' dir='ltr'><strong>πλὴν</strong></span> <span class='ocrx_word' id='word_1_633' title='bbox 3014 4191 3064 4243; x_wconf 79' lang='lat' dir='ltr'><strong>ei</strong></span> <span class='ocrx_word' id='word_1_634' title='bbox 3100 4191 3174 4260; x_wconf 82' lang='grc' dir='ltr'><strong>μὴ</strong></span> <span class='ocrx_word' id='word_1_635' title='bbox 3207 4188 3565 4263; x_wconf 76' lang='grc' dir='ltr'><strong>προσκρούσῃ</strong></span> <span class='ocrx_word' id='word_1_636' title='bbox 3608 4189 3753 4261; x_wconf 77' lang='grc' dir='ltr'><strong>θεῷ,</strong></span> 
     </span>
    </p>
   </div>
   <div class='ocr_carea' id='block_1_58' title="bbox 2176 4279 3753 4354">
    <p class='ocr_par' dir='ltr' id='par_1_58' title="bbox 2176 4279 3753 4354">
     <span class='ocr_line' id='line_1_58' title="bbox 2176 4279 3753 4354; baseline 0 -20"><span class='ocrx_word' id='word_1_637' title='bbox 2176 4281 2272 4353; x_wconf 84' lang='grc' dir='ltr'><strong>τὴν</strong></span> <span class='ocrx_word' id='word_1_638' title='bbox 2302 4281 2409 4335; x_wconf 78' lang='grc' dir='ltr'><strong>τῶν</strong></span> <span class='ocrx_word' id='word_1_639' title='bbox 2439 4281 2715 4350; x_wconf 84' lang='grc' dir='ltr'><strong>γυναικῶν</strong></span> <span class='ocrx_word' id='word_1_640' title='bbox 2746 4281 2950 4350; x_wconf 79' lang='grc' dir='ltr'><strong>παγίδα</strong></span> <span class='ocrx_word' id='word_1_641' title='bbox 2973 4282 3307 4354; x_wconf 82' lang='grc' dir='ltr'><strong>συνέστησαν</strong></span> <span class='ocrx_word' id='word_1_642' title='bbox 3332 4281 3474 4337; x_wconf 83' lang='grc' dir='ltr'><strong>κατὰ</strong></span> <span class='ocrx_word' id='word_1_643' title='bbox 3501 4279 3753 4351; x_wconf 80' lang='grc' dir='ltr'><strong>γνώμην,</strong></span> 
     </span>
    </p>
   </div>
   <div class='ocr_carea' id='block_1_59' title="bbox 2178 4373 3755 4446">
    <p class='ocr_par' dir='ltr' id='par_1_59' title="bbox 2178 4373 3755 4446">
     <span class='ocr_line' id='line_1_59' title="bbox 2178 4373 3755 4446; baseline -0.001 -19"><span class='ocrx_word' id='word_1_644' title='bbox 2178 4375 2253 4437; x_wconf 82' lang='grc' dir='ltr'><strong>ὥς</strong></span> <span class='ocrx_word' id='word_1_645' title='bbox 2284 4390 2439 4445; x_wconf 84' lang='grc' dir='ltr'><strong>φησι,</strong></span> <span class='ocrx_word' id='word_1_646' title='bbox 2471 4374 2583 4446; x_wconf 77' lang='grc'><strong>(85)</strong></span> <span class='ocrx_word' id='word_1_647' title='bbox 2609 4374 2861 4445; x_wconf 79' lang='grc' dir='ltr'><strong>Βαλαάμ.</strong></span> <span class='ocrx_word' id='word_1_648' title='bbox 2899 4376 2964 4427; x_wconf 79' lang='lat' dir='ltr'><strong>Al</strong></span> <span class='ocrx_word' id='word_1_649' title='bbox 2996 4374 3106 4445; x_wconf 83' lang='grc' dir='ltr'><strong>γὰρ</strong></span> <span class='ocrx_word' id='word_1_650' title='bbox 3160 4375 3415 4441; x_wconf 79' lang='grc' dir='ltr'><strong>γυναῖκες</strong></span> <span class='ocrx_word' id='word_1_651' title='bbox 3453 4376 3568 4436; x_wconf 80' lang='grc' dir='ltr'><strong>τοῖς</strong></span> <span class='ocrx_word' id='word_1_652' title='bbox 3612 4373 3755 4443; x_wconf 82' lang='grc' dir='ltr'><strong>πρὸς</strong></span> 
     </span>
    </p>
   </div>
   <div class='ocr_carea' id='block_1_60' title="bbox 2176 4463 3757 4538">
    <p class='ocr_par' dir='ltr' id='par_1_60' title="bbox 2176 4463 3757 4538">
     <span class='ocr_line' id='line_1_60' title="bbox 2176 4463 3757 4538; baseline -0.004 -15"><span class='ocrx_word' id='word_1_653' title='bbox 2176 4468 2347 4531; x_wconf 75' lang='grc' dir='ltr'><strong>αὑτὰς</strong></span> <span class='ocrx_word' id='word_1_654' title='bbox 2385 4466 2646 4521; x_wconf 76' lang='grc' dir='ltr'><strong>εἰσιοῦσιν</strong></span> <span class='ocrx_word' id='word_1_655' title='bbox 2690 4467 2875 4536; x_wconf 76' lang='grc' dir='ltr'><strong>ελεγον</strong></span> <span class='ocrx_word' id='word_1_656' title='bbox 2913 4482 2927 4497; x_wconf 76' lang='grc'><strong><em>⁸</em></strong></span> <span class='ocrx_word' id='word_1_657' title='bbox 2968 4485 2988 4519; x_wconf 76' lang='grc' dir='ltr'><strong>ι</strong></span> <span class='ocrx_word' id='word_1_658' title='bbox 3025 4466 3157 4522; x_wconf 74' lang='grc' dir='ltr'><strong>Ἐὰν</strong></span> <span class='ocrx_word' id='word_1_659' title='bbox 3184 4466 3260 4537; x_wconf 78' lang='grc' dir='ltr'><strong>μὴ</strong></span> <span class='ocrx_word' id='word_1_660' title='bbox 3301 4465 3381 4538; x_wconf 85' lang='grc' dir='ltr'><strong>τῷ</strong></span> <span class='ocrx_word' id='word_1_661' title='bbox 3430 4463 3540 4535; x_wconf 84' lang='grc' dir='ltr'><strong>Θεῷ</strong></span> <span class='ocrx_word' id='word_1_662' title='bbox 3596 4466 3757 4537; x_wconf 78' lang='grc' dir='ltr'><strong>ἡμῶν</strong></span> 
     </span>
    </p>
   </div>
   <div class='ocr_carea' id='block_1_61' title="bbox 2175 4557 3759 4630">
    <p class='ocr_par' dir='ltr' id='par_1_61' title="bbox 2175 4557 3759 4630">
     <span class='ocr_line' id='line_1_61' title="bbox 2175 4557 3759 4630; baseline -0.001 -18"><span class='ocrx_word' id='word_1_663' title='bbox 2175 4560 2594 4630; x_wconf 78' lang='grc' dir='ltr'><strong>προσκυνήσητε</strong></span> <span class='ocrx_word' id='word_1_664' title='bbox 2633 4575 2647 4589; x_wconf 86' lang='grc'><strong>·</strong></span> <span class='ocrx_word' id='word_1_665' title='bbox 2705 4579 2724 4612; x_wconf 74' lang='grc' dir='ltr'><strong>ι</strong></span> <span class='ocrx_word' id='word_1_666' title='bbox 2766 4558 2826 4625; x_wconf 80' lang='grc' dir='ltr'><strong>ὃν</strong></span> <span class='ocrx_word' id='word_1_667' title='bbox 2880 4558 3037 4613; x_wconf 76' lang='grc' dir='ltr'><strong>καλεῖ</strong></span> <span class='ocrx_word' id='word_1_668' title='bbox 3111 4558 3442 4628; x_wconf 82' lang='grc' dir='ltr'><strong>Βεελφογὼρ</strong></span> <span class='ocrx_word' id='word_1_669' title='bbox 3495 4557 3592 4611; x_wconf 81' lang='grc' dir='ltr'><strong>καὶ</strong></span> <span class='ocrx_word' id='word_1_670' title='bbox 3653 4557 3759 4610; x_wconf 63' lang='grc' dir='ltr'><strong>Φο-</strong></span> 
     </span>
    </p>
   </div>
   <div class='ocr_carea' id='block_1_62' title="bbox 2184 4666 2323 4721">
    <p class='ocr_par' dir='ltr' id='par_1_62' title="bbox 2184 4666 2323 4721">
     <span class='ocr_line' id='line_1_62' title="bbox 2184 4666 2323 4721; baseline 0.036 -20"><span class='ocrx_word' id='word_1_671' title='bbox 2184 4666 2323 4721; x_wconf 84' lang='grc' dir='ltr'><strong>γωρ.</strong></span> 
     </span>
    </p>
   </div>
   <div class='ocr_carea' id='block_1_63' title="bbox 570 4728 3755 4815">
    <p class='ocr_par' dir='ltr' id='par_1_63' title="bbox 570 4728 3755 4815">
     <span class='ocr_line' id='line_1_63' title="bbox 570 4728 3755 4815; baseline 0.005 -30"><span class='ocrx_word' id='word_1_672' title='bbox 570 4728 718 4785; x_wconf 81' lang='lat' dir='ltr'><strong>Tolle</strong></span> <span class='ocrx_word' id='word_1_673' title='bbox 747 4741 960 4786; x_wconf 83' lang='lat' dir='ltr'><strong>cunctos</strong></span> <span class='ocrx_word' id='word_1_674' title='bbox 982 4733 1250 4803; x_wconf 81' lang='lat' dir='ltr'><strong>principes</strong></span> <span class='ocrx_word' id='word_1_675' title='bbox 1275 4735 1455 4804; x_wconf 81' lang='lat' dir='ltr'><strong>populi</strong></span> <span class='ocrx_word' id='word_1_676' title='bbox 1488 4746 1537 4791; x_wconf 87' lang='lat' dir='ltr'><strong>et</strong></span> <span class='ocrx_word' id='word_1_677' title='bbox 1574 4738 1871 4809; x_wconf 73' lang='lat' dir='ltr'><strong>exeittplum</strong></span> <span class='ocrx_word' id='word_1_678' title='bbox 1900 4742 1957 4795; x_wconf 87' lang='lat' dir='ltr'><strong>in</strong></span> <span class='ocrx_word' id='word_1_679' title='bbox 1991 4758 2076 4796; x_wconf 85' lang='lat' dir='ltr'><strong>eos</strong></span> <span class='ocrx_word' id='word_1_680' title='bbox 2110 4741 2217 4810; x_wconf 78' lang='lat' dir='ltr'><strong>fac.</strong></span> <span class='ocrx_word' id='word_1_681' title='bbox 2254 4741 2357 4815; x_wconf 75' lang='grc'><strong>[4.]</strong></span> <span class='ocrx_word' id='word_1_682' title='bbox 2392 4744 2543 4812; x_wconf 81' lang='lat' dir='ltr'><strong>Euge</strong></span> <span class='ocrx_word' id='word_1_683' title='bbox 2566 4744 2958 4814; x_wconf 84' lang='lat' dir='ltr'><strong>benignitatem</strong></span> <span class='ocrx_word' id='word_1_684' title='bbox 3016 4741 3313 4797; x_wconf 82' lang='lat' dir='ltr'><strong>maximam</strong></span> <span class='ocrx_word' id='word_1_685' title='bbox 3345 4749 3399 4798; x_wconf 85' lang='lat' dir='ltr'><strong>et.</strong></span> <span class='ocrx_word' id='word_1_686' title='bbox 3426 4742 3755 4799; x_wconf 89' lang='lat' dir='ltr'><strong>facilitatem</strong></span> 
     </span>
    </p>
   </div>
   <div class='ocr_carea' id='block_1_64' title="bbox 498 4819 3761 4903">
    <p class='ocr_par' dir='ltr' id='par_1_64' title="bbox 498 4819 3761 4903">
     <span class='ocr_line' id='line_1_64' title="bbox 498 4819 3761 4903; baseline 0.004 -30"><span class='ocrx_word' id='word_1_687' title='bbox 498 4833 619 4888; x_wconf 64' lang='lat' dir='ltr'><strong>quae</strong></span> <span class='ocrx_word' id='word_1_688' title='bbox 678 4819 955 4889; x_wconf 90' lang='lat' dir='ltr'><strong>supplicio</strong></span> <span class='ocrx_word' id='word_1_689' title='bbox 993 4835 1318 4890; x_wconf 88' lang='lat' dir='ltr'><strong>paucorum,</strong></span> <span class='ocrx_word' id='word_1_690' title='bbox 1375 4825 1524 4895; x_wconf 92' lang='lat' dir='ltr'><strong>quod</strong></span> <span class='ocrx_word' id='word_1_691' title='bbox 1589 4841 1783 4884; x_wconf 89' lang='lat' dir='ltr'><strong>omnes</strong></span> <span class='ocrx_word' id='word_1_692' title='bbox 1815 4840 2157 4895; x_wconf 86' lang='lat' dir='ltr'><strong>meruerant,</strong></span> <span class='ocrx_word' id='word_1_693' title='bbox 2186 4845 2272 4886; x_wconf 89' lang='lat' dir='ltr'><strong>est</strong></span> <span class='ocrx_word' id='word_1_694' title='bbox 2304 4840 2587 4889; x_wconf 87' lang='lat' dir='ltr'><strong>contenta.</strong></span> <span class='ocrx_word' id='word_1_695' title='bbox 2622 4830 2786 4886; x_wconf 80' lang='lat' dir='ltr'><strong>Juxta</strong></span> <span class='ocrx_word' id='word_1_696' title='bbox 2821 4831 2997 4885; x_wconf 89' lang='lat' dir='ltr'><strong>illud:</strong></span> <span class='ocrx_word' id='word_1_697' title='bbox 3026 4850 3044 4883; x_wconf 74' lang='grc' dir='ltr'><strong>ι</strong></span> <span class='ocrx_word' id='word_1_698' title='bbox 3076 4830 3417 4900; x_wconf 88' lang='lat' dir='ltr'><strong>Castigaudo</strong></span> <span class='ocrx_word' id='word_1_699' title='bbox 3456 4833 3761 4903; x_wconf 84' lang='lat' dir='ltr'><strong>castigavit</strong></span> 
     </span>
    </p>
   </div>
   <div class='ocr_carea' id='block_1_65' title="bbox 499 4903 3761 4991">
    <p class='ocr_par' dir='ltr' id='par_1_65' title="bbox 499 4903 3761 4991">
     <span class='ocr_line' id='line_1_65' title="bbox 499 4903 3761 4991; baseline 0.005 -34"><span class='ocrx_word' id='word_1_700' title='bbox 499 4921 586 4983; x_wconf 81' lang='lat' dir='ltr'><strong>me</strong></span> <span class='ocrx_word' id='word_1_701' title='bbox 616 4903 959 4962; x_wconf 79' lang='lat' dir='ltr'><strong>Dominus“.</strong></span> <span class='ocrx_word' id='word_1_702' title='bbox 990 4926 1008 4958; x_wconf 78' lang='grc'><strong><em>›</em></strong></span> <span class='ocrx_word' id='word_1_703' title='bbox 1058 4908 1323 4980; x_wconf 83' lang='lat' dir='ltr'><strong>Exemplo</strong></span> <span class='ocrx_word' id='word_1_704' title='bbox 1379 4914 1526 4968; x_wconf 90' lang='lat' dir='ltr'><strong>enim</strong></span> <span class='ocrx_word' id='word_1_705' title='bbox 1558 4913 1753 4970; x_wconf 90' lang='lat' dir='ltr'><strong>horum</strong></span> <span class='ocrx_word' id='word_1_706' title='bbox 1815 4932 2012 4989; x_wconf 90' lang='lat' dir='ltr'><strong>sapere</strong></span> <span class='ocrx_word' id='word_1_707' title='bbox 2060 4919 2332 4975; x_wconf 90' lang='lat' dir='ltr'><strong>docentur</strong></span> <span class='ocrx_word' id='word_1_708' title='bbox 2392 4922 2617 4991; x_wconf 90' lang='lat' dir='ltr'><strong>reliqui,</strong></span> <span class='ocrx_word' id='word_1_709' title='bbox 2675 4922 2821 4976; x_wconf 91' lang='lat' dir='ltr'><strong>sicut</strong></span> <span class='ocrx_word' id='word_1_710' title='bbox 2879 4935 3075 4975; x_wconf 88' lang='lat' dir='ltr'><strong>eorum</strong></span> <span class='ocrx_word' id='word_1_711' title='bbox 3139 4934 3362 4991; x_wconf 88' lang='lat' dir='ltr'><strong>quoque</strong></span> <span class='ocrx_word' id='word_1_712' title='bbox 3393 4921 3549 4991; x_wconf 86' lang='lat' dir='ltr'><strong>quia</strong></span> <span class='ocrx_word' id='word_1_713' title='bbox 3583 4919 3761 4975; x_wconf 86' lang='lat' dir='ltr'><strong>Pilato</strong></span> 
     </span>
    </p>
   </div>
   <div class='ocr_carea' id='block_1_66' title="bbox 494 4993 3761 5080">
    <p class='ocr_par' dir='ltr' id='par_1_66' title="bbox 494 4993 3761 5080">
     <span class='ocr_line' id='line_1_66' title="bbox 494 4993 3761 5080; baseline 0.005 -35"><span class='ocrx_word' id='word_1_714' title='bbox 494 4993 727 5062; x_wconf 81' lang='lat' dir='ltr'><strong>jugulati</strong></span> <span class='ocrx_word' id='word_1_715' title='bbox 749 5001 805 5048; x_wconf 92' lang='lat' dir='ltr'><strong>et</strong></span> <span class='ocrx_word' id='word_1_716' title='bbox 830 4995 1030 5063; x_wconf 87' lang='lat' dir='ltr'><strong>sepulti</strong></span> <span class='ocrx_word' id='word_1_717' title='bbox 1075 4996 1316 5061; x_wconf 83' lang='lat' dir='ltr'><strong>t‘uerant,</strong></span> <span class='ocrx_word' id='word_1_718' title='bbox 1345 5016 1513 5070; x_wconf 81' lang='lat' dir='ltr'><strong>super</strong></span> <span class='ocrx_word' id='word_1_719' title='bbox 1543 5002 1747 5073; x_wconf 90' lang='lat' dir='ltr'><strong>quibus</strong></span> <span class='ocrx_word' id='word_1_720' title='bbox 1785 5003 2050 5064; x_wconf 88' lang='lat' dir='ltr'><strong>Servator</strong></span> <span class='ocrx_word' id='word_1_721' title='bbox 2081 5008 2298 5080; x_wconf 77' lang='lat' dir='ltr'><strong>inquit:</strong></span> <span class='ocrx_word' id='word_1_722' title='bbox 2336 5028 2354 5061; x_wconf 78' lang='grc' dir='ltr'><strong>ι</strong></span> <span class='ocrx_word' id='word_1_723' title='bbox 2383 5009 2542 5075; x_wconf 79' lang='lat' dir='ltr'><strong>Quod</strong></span> <span class='ocrx_word' id='word_1_724' title='bbox 2578 5009 2624 5064; x_wconf 91' lang='lat' dir='ltr'><strong>si</strong></span> <span class='ocrx_word' id='word_1_725' title='bbox 2649 5007 3033 5080; x_wconf 66' lang='lat' dir='ltr'><strong>paenitentiam</strong></span> <span class='ocrx_word' id='word_1_726' title='bbox 3069 5023 3180 5062; x_wconf 90' lang='lat' dir='ltr'><strong>non</strong></span> <span class='ocrx_word' id='word_1_727' title='bbox 3216 5007 3467 5079; x_wconf 85' lang='lat' dir='ltr'><strong>egeritis,</strong></span> <span class='ocrx_word' id='word_1_728' title='bbox 3497 5009 3761 5079; x_wconf 84' lang='lat' dir='ltr'><strong>graviora</strong></span> 
     </span>
    </p>
   </div>
   <div class='ocr_carea' id='block_1_67' title="bbox 497 5081 1123 5137">
    <p class='ocr_par' dir='ltr' id='par_1_67' title="bbox 497 5081 1123 5137">
     <span class='ocr_line' id='line_1_67' title="bbox 497 5081 1123 5137; baseline 0.005 -4"><span class='ocrx_word' id='word_1_729' title='bbox 497 5081 581 5135; x_wconf 90' lang='lat' dir='ltr'><strong>his</strong></span> <span class='ocrx_word' id='word_1_730' title='bbox 601 5081 757 5137; x_wconf 83' lang='lat' dir='ltr'><strong>vobis</strong></span> <span class='ocrx_word' id='word_1_731' title='bbox 784 5084 1037 5137; x_wconf 86' lang='lat' dir='ltr'><strong>evenient</strong></span> <span class='ocrx_word' id='word_1_732' title='bbox 1054 5083 1123 5136; x_wconf 86' lang='grc'><strong>⁸⁷.</strong></span> 
     </span>
    </p>
   </div>
   <div class='ocr_carea' id='block_1_68' title="bbox 567 5174 2064 5248">
    <p class='ocr_par' dir='ltr' id='par_1_68' title="bbox 567 5174 2064 5248">
     <span class='ocr_line' id='line_1_68' title="bbox 567 5174 2064 5248; baseline 0.007 -20"><span class='ocrx_word' id='word_1_733' title='bbox 567 5174 735 5229; x_wconf 86' lang='lat' dir='ltr'><strong>Porro</strong></span> <span class='ocrx_word' id='word_1_734' title='bbox 782 5175 1123 5247; x_wconf 89' lang='lat' dir='ltr'><strong>principibus</strong></span> <span class='ocrx_word' id='word_1_735' title='bbox 1180 5179 1386 5248; x_wconf 87' lang='lat' dir='ltr'><strong>quibus</strong></span> <span class='ocrx_word' id='word_1_736' title='bbox 1447 5178 1607 5235; x_wconf 80' lang='lat' dir='ltr'><strong>facile</strong></span> <span class='ocrx_word' id='word_1_737' title='bbox 1663 5191 1750 5236; x_wconf 90' lang='lat' dir='ltr'><strong>est</strong></span> <span class='ocrx_word' id='word_1_738' title='bbox 1781 5182 2064 5239; x_wconf 80' lang='lat' dir='ltr'><strong>maleﬁcos</strong></span> 
     </span>
    </p>
   </div>
   <div class='ocr_carea' id='block_1_69' title="bbox 496 5266 2069 5344">
    <p class='ocr_par' dir='ltr' id='par_1_69' title="bbox 496 5266 2069 5344">
     <span class='ocr_line' id='line_1_69' title="bbox 496 5266 2069 5344; baseline 0.005 -24"><span class='ocrx_word' id='word_1_739' title='bbox 496 5266 902 5337; x_wconf 83' lang='lat' dir='ltr'><strong>deprehendere</strong></span> <span class='ocrx_word' id='word_1_740' title='bbox 960 5269 1291 5339; x_wconf 89' lang='lat' dir='ltr'><strong>supplicium</strong></span> <span class='ocrx_word' id='word_1_741' title='bbox 1352 5272 1650 5338; x_wconf 90' lang='lat' dir='ltr'><strong>commisit,</strong></span> <span class='ocrx_word' id='word_1_742' title='bbox 1719 5281 1774 5327; x_wconf 91' lang='lat' dir='ltr'><strong>et</strong></span> <span class='ocrx_word' id='word_1_743' title='bbox 1832 5289 2069 5344; x_wconf 87' lang='lat' dir='ltr'><strong>suspen—</strong></span> 
     </span>
    </p>
   </div>
   <div class='ocr_carea' id='block_1_70' title="bbox 2245 5179 3763 5264">
    <p class='ocr_par' dir='ltr' id='par_1_70' title="bbox 2245 5179 3763 5264">
     <span class='ocr_line' id='line_1_70' title="bbox 2245 5179 3763 5264; baseline 0.006 -28"><span class='ocrx_word' id='word_1_744' title='bbox 2245 5183 2371 5248; x_wconf 85' lang='grc' dir='ltr'><strong>Τοῖς</strong></span> <span class='ocrx_word' id='word_1_745' title='bbox 2403 5183 2684 5255; x_wconf 81' lang='grc' dir='ltr'><strong>ἄρχουσιν,</strong></span> <span class='ocrx_word' id='word_1_746' title='bbox 2720 5179 2801 5251; x_wconf 76' lang='grc' dir='ltr'><strong>οἷς</strong></span> <span class='ocrx_word' id='word_1_747' title='bbox 2834 5188 2929 5242; x_wconf 73' lang='grc' dir='ltr'><strong>καὶ</strong></span> <span class='ocrx_word' id='word_1_748' title='bbox 2970 5188 3152 5260; x_wconf 79' lang='grc' dir='ltr'><strong>ῥᾴδιον</strong></span> <span class='ocrx_word' id='word_1_749' title='bbox 3194 5191 3323 5255; x_wconf 78' lang='grc' dir='ltr'><strong>τοὺς</strong></span> <span class='ocrx_word' id='word_1_750' title='bbox 3368 5189 3763 5264; x_wconf 75' lang='grc' dir='ltr'><strong>ἡμαρτηκότας</strong></span> 
     </span>
    </p>
   </div>
   <div class='ocr_carea' id='block_1_71' title="bbox 2175 5276 3762 5358">
    <p class='ocr_par' dir='ltr' id='par_1_71' title="bbox 2175 5276 3762 5358">
     <span class='ocr_line' id='line_1_71' title="bbox 2175 5276 3762 5358; baseline 0.005 -31"><span class='ocrx_word' id='word_1_751' title='bbox 2175 5276 2380 5347; x_wconf 82' lang='grc' dir='ltr'><strong>εὑρεῖν,</strong></span> <span class='ocrx_word' id='word_1_752' title='bbox 2418 5276 2516 5349; x_wconf 81' lang='grc' dir='ltr'><strong>τὴν</strong></span> <span class='ocrx_word' id='word_1_753' title='bbox 2577 5279 2856 5351; x_wconf 80' lang='grc' dir='ltr'><strong>τιμωρίαν</strong></span> <span class='ocrx_word' id='word_1_754' title='bbox 2914 5280 3207 5358; x_wconf 55' lang='grc' dir='ltr'><strong>ἐπέτρεψε,</strong></span> <span class='ocrx_word' id='word_1_755' title='bbox 3254 5284 3348 5337; x_wconf 77' lang='grc' dir='ltr'><strong>καὶ</strong></span> <span class='ocrx_word' id='word_1_756' title='bbox 3379 5284 3479 5355; x_wconf 80' lang='grc' dir='ltr'><strong>τὴν</strong></span> <span class='ocrx_word' id='word_1_757' title='bbox 3522 5284 3762 5355; x_wconf 71' lang='grc' dir='ltr'><strong>ἀνακρέ-</strong></span> 
     </span>
    </p>
   </div>
   <div class='ocr_carea' id='block_1_72' title="bbox 567 5406 2071 5490">
    <p class='ocr_par' dir='ltr' id='par_1_72' title="bbox 567 5406 2071 5479">
     <span class='ocr_line' id='line_1_72' title="bbox 567 5406 2071 5479; baseline 0.005 -21"><span class='ocrx_word' id='word_1_758' title='bbox 567 5406 613 5440; x_wconf 70' lang='grc'><strong>³⁴</strong></span> <span class='ocrx_word' id='word_1_759' title='bbox 646 5408 748 5460; x_wconf 85' lang='lat' dir='ltr'><strong>lsa.</strong></span> <span class='ocrx_word' id='word_1_760' title='bbox 785 5424 858 5470; x_wconf 87' lang='lat' dir='ltr'><strong>xt,</strong></span> <span class='ocrx_word' id='word_1_761' title='bbox 896 5408 943 5461; x_wconf 87' lang='lat' dir='ltr'><strong>l.</strong></span> <span class='ocrx_word' id='word_1_762' title='bbox 1022 5408 1067 5439; x_wconf 83' lang='grc'><strong><em>⁵³</em></strong></span> <span class='ocrx_word' id='word_1_763' title='bbox 1100 5406 1206 5462; x_wconf 89' lang='lat' dir='ltr'><strong>lsa.</strong></span> <span class='ocrx_word' id='word_1_764' title='bbox 1238 5424 1372 5474; x_wconf 71' lang='grc' dir='ltr'><strong>χιιι,</strong></span> <span class='ocrx_word' id='word_1_765' title='bbox 1402 5410 1436 5465; x_wconf 82' lang='grc'>6</span> <span class='ocrx_word' id='word_1_766' title='bbox 1469 5448 1485 5463; x_wconf 94' lang='grc'><strong>.</strong></span> <span class='ocrx_word' id='word_1_767' title='bbox 1561 5410 1606 5442; x_wconf 70' lang='grc'>⁸⁸</span> <span class='ocrx_word' id='word_1_768' title='bbox 1640 5409 1875 5465; x_wconf 84' lang='lat' dir='ltr'><strong>Zachar.</strong></span> <span class='ocrx_word' id='word_1_769' title='bbox 1912 5427 1992 5479; x_wconf 88' lang='lat' dir='ltr'><strong>xt,</strong></span> <span class='ocrx_word' id='word_1_770' title='bbox 2022 5410 2071 5466; x_wconf 90' lang='lat'><strong>6.</strong></span> 
     </span>
    </p>
   </div>
   <div class='ocr_carea' id='block_1_73' title="bbox 2186 5406 3761 5490">
    <p class='ocr_par' dir='ltr' id='par_1_73' title="bbox 2186 5412 3761 5486">
     <span class='ocr_line' id='line_1_73' title="bbox 2186 5412 3761 5486; baseline 0.007 -20"><span class='ocrx_word' id='word_1_771' title='bbox 2186 5412 2573 5473; x_wconf 64' lang='lat' dir='ltr'><strong>&#39;ibidJOdl.</strong></span> <span class='ocrx_word' id='word_1_772' title='bbox 2650 5415 3072 5482; x_wconf 78' lang='lat' dir='ltr'><strong>&quot;Psal.cxvn,</strong></span> <span class='ocrx_word' id='word_1_773' title='bbox 3126 5418 3212 5473; x_wconf 86' lang='lat' dir='ltr'><strong>l8.</strong></span> <span class='ocrx_word' id='word_1_774' title='bbox 3289 5420 3331 5452; x_wconf 80' lang='grc'><strong>⁸⁷</strong></span> <span class='ocrx_word' id='word_1_775' title='bbox 3387 5418 3522 5473; x_wconf 67' lang='lat' dir='ltr'><strong>Istic.</strong></span> <span class='ocrx_word' id='word_1_776' title='bbox 3573 5422 3761 5486; x_wconf 75' lang='lat' dir='ltr'><strong>xm,3</strong></span> 
     </span>
    </p>
   </div>
   <div class='ocr_carea' id='block_1_74' title="bbox 2004 5526 2241 5585">
    <p class='ocr_par' dir='ltr' id='par_1_74' title="bbox 2004 5526 2241 5585">
     <span class='ocr_line' id='line_1_74' title="bbox 2004 5526 2241 5585; baseline 0.017 -4"><span class='ocrx_word' id='word_1_777' title='bbox 2004 5526 2241 5585; x_wconf 70' lang='lat' dir='ltr'><strong>NOT/E.</strong></span> 
     </span>
    </p>
   </div>
   <div class='ocr_carea' id='block_1_75' title="bbox 576 5636 1853 5706">
    <p class='ocr_par' dir='ltr' id='par_1_75' title="bbox 576 5636 1853 5706">
     <span class='ocr_line' id='line_1_75' title="bbox 576 5636 1853 5706; baseline 0.002 -16"><span class='ocrx_word' id='word_1_778' title='bbox 576 5636 689 5705; x_wconf 62' lang='lat' dir='ltr'><strong>(se)</strong></span> <span class='ocrx_word' id='word_1_779' title='bbox 727 5637 899 5690; x_wconf 76' lang='grc' dir='ltr'><strong>Φίλων</strong></span> <span class='ocrx_word' id='word_1_780' title='bbox 928 5639 957 5690; x_wconf 71' lang='grc' dir='ltr'>δ</span> <span class='ocrx_word' id='word_1_781' title='bbox 996 5636 1145 5706; x_wconf 76' lang='grc' dir='ltr'><strong>Ἐδρ.</strong></span> <span class='ocrx_word' id='word_1_782' title='bbox 1172 5640 1229 5690; x_wconf 80' lang='grc' dir='ltr'><strong>ὲν</strong></span> <span class='ocrx_word' id='word_1_783' title='bbox 1264 5638 1375 5691; x_wconf 83' lang='grc' dir='ltr'><strong>σελ.</strong></span> <span class='ocrx_word' id='word_1_784' title='bbox 1409 5637 1533 5698; x_wconf 75' lang='lat' dir='ltr'><strong>on,</strong></span> <span class='ocrx_word' id='word_1_785' title='bbox 1580 5640 1671 5691; x_wconf 76' lang='grc' dir='ltr'><strong>καὶ</strong></span> <span class='ocrx_word' id='word_1_786' title='bbox 1698 5640 1725 5691; x_wconf 89' lang='grc' dir='ltr'><strong>ὀ</strong></span> <span class='ocrx_word' id='word_1_787' title='bbox 1767 5640 1853 5693; x_wconf 77' lang='grc' dir='ltr'>Ἰώ</span> 
     </span>
    </p>
   </div>
   <div class='ocr_carea' id='block_1_76' title="bbox 501 5644 2080 5780">
    <p class='ocr_par' dir='ltr' id='par_1_76' title="bbox 501 5644 2080 5780">
     <span class='ocr_line' id='line_1_76' title="bbox 576 5644 2080 5712; baseline 0.002 -22"><span class='ocrx_word' id='word_1_788' title='bbox 576 5644 689 5705; x_wconf 74' lang='grc'><strong>(85)</strong></span> <span class='ocrx_word' id='word_1_789' title='bbox 727 5644 899 5690; x_wconf 75' lang='grc' dir='ltr'><strong>φίλων</strong></span> <span class='ocrx_word' id='word_1_790' title='bbox 928 5644 957 5690; x_wconf 83' lang='grc' dir='ltr'>ὀ</span> <span class='ocrx_word' id='word_1_791' title='bbox 996 5644 1145 5706; x_wconf 77' lang='grc' dir='ltr'><strong>Ἐδρ.</strong></span> <span class='ocrx_word' id='word_1_792' title='bbox 1172 5644 1229 5690; x_wconf 82' lang='grc' dir='ltr'><strong>ὲν</strong></span> <span class='ocrx_word' id='word_1_793' title='bbox 1264 5644 1375 5691; x_wconf 82' lang='grc' dir='ltr'><strong>σελ.</strong></span> <span class='ocrx_word' id='word_1_794' title='bbox 1409 5644 1533 5698; x_wconf 69' lang='grc'><strong>647,</strong></span> <span class='ocrx_word' id='word_1_795' title='bbox 1580 5644 1725 5691; x_wconf 83' lang='grc' dir='ltr'><strong>καὶὸ</strong></span> <span class='ocrx_word' id='word_1_796' title='bbox 1767 5644 1991 5712; x_wconf 77' lang='grc' dir='ltr'><strong>Ἰώσηπ.</strong></span> <span class='ocrx_word' id='word_1_797' title='bbox 2022 5644 2080 5695; x_wconf 83' lang='grc' dir='ltr'><strong>ὲν</strong></span> 
     </span>
     <span class='ocr_line' id='line_1_77' title="bbox 501 5708 2078 5780; baseline 0.003 -20"><span class='ocrx_word' id='word_1_798' title='bbox 501 5724 624 5774; x_wconf 67' lang='grc' dir='ltr'><strong>ιεφ.</strong></span> <span class='ocrx_word' id='word_1_799' title='bbox 665 5708 718 5774; x_wconf 77' lang='grc'><strong>6,</strong></span> <span class='ocrx_word' id='word_1_800' title='bbox 747 5708 838 5761; x_wconf 78' lang='grc' dir='ltr'><strong>τοῦ</strong></span> <span class='ocrx_word' id='word_1_801' title='bbox 868 5708 919 5772; x_wconf 70' lang='grc'><strong>4,</strong></span> <span class='ocrx_word' id='word_1_802' title='bbox 951 5710 1079 5780; x_wconf 64' lang='grc' dir='ltr'><strong>περὶ</strong></span> <span class='ocrx_word' id='word_1_803' title='bbox 1122 5709 1275 5762; x_wconf 76' lang='grc' dir='ltr'><strong>’1ουδ.</strong></span> <span class='ocrx_word' id='word_1_804' title='bbox 1307 5710 1436 5780; x_wconf 78' lang='grc' dir='ltr'><strong>ἁρχ.</strong></span> <span class='ocrx_word' id='word_1_805' title='bbox 1468 5709 1608 5780; x_wconf 73' lang='grc' dir='ltr'><strong>βιϐλ.</strong></span> <span class='ocrx_word' id='word_1_806' title='bbox 1659 5712 1751 5762; x_wconf 70' lang='grc' dir='ltr'><strong>καὶ</strong></span> <span class='ocrx_word' id='word_1_807' title='bbox 1805 5714 1832 5764; x_wconf 83' lang='grc' dir='ltr'><strong>ὁ</strong></span> <span class='ocrx_word' id='word_1_808' title='bbox 1873 5712 2078 5765; x_wconf 77' lang='grc' dir='ltr'><strong>Θεοδὼ-</strong></span> 
     </span>
    </p>
   </div>
   <div class='ocr_carea' id='block_1_77' title="bbox 2188 5646 3767 5718">
    <p class='ocr_par' dir='ltr' id='par_1_77' title="bbox 2188 5646 3767 5718">
     <span class='ocr_line' id='line_1_78' title="bbox 2188 5646 3767 5718; baseline 0.004 -23"><span class='ocrx_word' id='word_1_809' title='bbox 2188 5660 2294 5718; x_wconf 77' lang='grc' dir='ltr'><strong>ριτ.</strong></span> <span class='ocrx_word' id='word_1_810' title='bbox 2322 5646 2380 5696; x_wconf 84' lang='grc' dir='ltr'><strong>ὲν</strong></span> <span class='ocrx_word' id='word_1_811' title='bbox 2402 5646 2481 5717; x_wconf 83' lang='grc' dir='ltr'><strong>τῷ</strong></span> <span class='ocrx_word' id='word_1_812' title='bbox 2503 5647 2555 5710; x_wconf 78' lang='grc'>5,</span> <span class='ocrx_word' id='word_1_813' title='bbox 2591 5650 2728 5702; x_wconf 73' lang='grc' dir='ltr'><strong>καὶὸ</strong></span> <span class='ocrx_word' id='word_1_814' title='bbox 2760 5649 2955 5704; x_wconf 77' lang='grc' dir='ltr'><strong>Εὑσέό.</strong></span> <span class='ocrx_word' id='word_1_815' title='bbox 2989 5651 3046 5702; x_wconf 82' lang='grc' dir='ltr'><strong>ὲν</strong></span> <span class='ocrx_word' id='word_1_816' title='bbox 3073 5649 3149 5718; x_wconf 82' lang='grc' dir='ltr'><strong>τῷ</strong></span> <span class='ocrx_word' id='word_1_817' title='bbox 3180 5650 3267 5711; x_wconf 79' lang='lat' dir='ltr'><strong>H,</strong></span> <span class='ocrx_word' id='word_1_818' title='bbox 3300 5648 3378 5703; x_wconf 80' lang='grc' dir='ltr'><strong>ὲδ.</strong></span> <span class='ocrx_word' id='word_1_819' title='bbox 3427 5648 3521 5702; x_wconf 79' lang='grc' dir='ltr'><strong>τοῦ</strong></span> <span class='ocrx_word' id='word_1_820' title='bbox 3562 5650 3767 5715; x_wconf 56' lang='lat' dir='ltr'><strong>apola-</strong></span> 
     </span>
    </p>
   </div>
   <div class='ocr_carea' id='block_1_78' title="bbox 2187 5715 3648 5789">
    <p class='ocr_par' dir='ltr' id='par_1_78' title="bbox 2187 5715 3648 5789">
     <span class='ocr_line' id='line_1_79' title="bbox 2187 5715 3648 5789; baseline 0.003 -23"><span class='ocrx_word' id='word_1_821' title='bbox 2187 5715 2299 5767; x_wconf 76' lang='grc' dir='ltr'><strong>ὅόν.</strong></span> <span class='ocrx_word' id='word_1_822' title='bbox 2331 5715 2461 5783; x_wconf 62' lang='grc' dir='ltr'><strong>κεφζ</strong></span> <span class='ocrx_word' id='word_1_823' title='bbox 2488 5718 2582 5771; x_wconf 73' lang='grc' dir='ltr'><strong>καὶ</strong></span> <span class='ocrx_word' id='word_1_824' title='bbox 2607 5721 2635 5771; x_wconf 86' lang='grc' dir='ltr'><strong>ὁ</strong></span> <span class='ocrx_word' id='word_1_825' title='bbox 2686 5720 2859 5789; x_wconf 85' lang='grc' dir='ltr'><strong>Ὠριγ.</strong></span> <span class='ocrx_word' id='word_1_826' title='bbox 2895 5722 2954 5773; x_wconf 68' lang='grc' dir='ltr'><strong>ιν</strong></span> <span class='ocrx_word' id='word_1_827' title='bbox 2988 5719 3068 5788; x_wconf 83' lang='grc' dir='ltr'><strong>τῷ</strong></span> <span class='ocrx_word' id='word_1_828' title='bbox 3106 5715 3325 5787; x_wconf 53' lang='lat' dir='ltr'><strong>uipereo.</strong></span> <span class='ocrx_word' id='word_1_829' title='bbox 3364 5720 3648 5785; x_wconf 78' lang='grc' dir='ltr'><strong>ὑπομνήμ.</strong></span> 
     </span>
    </p>
   </div>
  </div>
