4050 6212
346 321 452 386 873
1428 309 1968 378 COMMENTARII
2012 307 2096 374 IN
2136 297 2529 372 NUMEROS.
3513 302 3618 371 su
3703 263 3706 266 ’

352 443 518 507 μασιν
560 424 740 486 αὗτῶν
787 429 925 504 πρδς
968 429 1068 495 τὰς
1121 428 1216 485 τοῦ
1277 430 1429 502 ἡλίου
1473 429 1691 500 αὐγὰς,
1741 428 1820 492 ὡς
1864 427 1933 482 ἂν

2037 424 2254 480 sionem
2303 437 2506 477 eorum
2535 425 2728 476 contra
2757 417 2894 476 solis
2923 417 3134 482 radios,
3179 433 3292 489 quo
3347 427 3615 476 terrorem

349 525 564 599 φοϐοῖεν
617 524 910 596 ὁρώμενοι.
937 523 1116 596 Ὅπερ
1158 524 1408 595 μυσαρὸν
1459 521 1778 594 νομίζουσιν
1802 519 1936 573 Ἕλ-

2037 523 2272 585 aspectu
2335 527 2438 568 suo
2487 511 2728 583 pariant.
2759 509 2914 577 Quod
2971 509 3368 566 abominationi
3405 510 3618 568 ducunt

347 622 511 692 ληνες
561 616 698 690 ἡλίῳ
753 615 1032 671 δεικνύναι
1059 615 1221 687 σῶμα.
1261 617 1476 687 νεκρὸν,
1504 613 1830 684 ἀγνοοῦντες
1861 609 1938 674 ὡς

2033 603 2214 660 Graeci
2246 605 2292 660 si
2318 612 2600 660 mortuum
2647 603 2888 658 cadaver
2939 602 3044 658 soli
3070 601 3430 660 obtendatur.
3450 602 3616 675 Igno-

345 711 529 769 ἀδικία
555 709 692 784 μόνη
717 707 970 780 μολύνειν
995 707 1310 774 ἐπίσταται,
1333 707 1408 762 οὐ
1443 707 1678 778 πρᾶγμα
1712 704 1936 758 παιδευ-

2033 701 2222 754 ran'tes
2251 697 2512 755 videlicet
2537 699 2684 768 quod
2739 698 3008 768 iniquitas
3061 698 3178 755 sola
3213 698 3619 768 inquinationis

347 800 503 854 τικδν
524 801 620 854 καὶ
632 797 935 870 ὠφέλιμον.

2031 802 2208 845 causa
2259 799 2362 852 est,
2415 801 2522 844 nec
2579 787 2910 859 supplicium
2973 787 3122 860 quod
3165 801 3309 859 opus
3343 788 3478 843 utile
3511 795 3616 850 est.

2039 889 2094 936 et
2117 881 2418 936 eruditioni
2453 881 2899 936 accommodum.
2953 911 2956 914 -

417 974 774 1045 Προσήταγε
809 972 916 1028 τὸν
944 973 1212 1044 ἀδελφὸν
1236 973 1425 1029 αὐτοῦ
1458 972 1614 1042 πρὸς
1655 969 1772 1038 τὴν
1805 973 1932 1026 Ma-

2112 970 2357 1026 Addumit
2390 970 2616 1040 fratrem
2641 987 2798 1026 suum
2833 971 2904 1026 ad
2935 971 3369 1026 Madiam’tidem.
3392 970 3496 1045 [6.]
3529 971 3619 1028 ln-

345 1065 624 1121 διανῒτιν.
687 1065 919 1136 Ἄδηλον
979 1067 1030 1120 ei
1089 1065 1464 1138 προσήγγειλε
1509 1061 1928 1135 κατηγορῶν,ἦ

2039 1073 2252 1120 certum
2290 1072 2378 1120 est
2405 1079 2474 1119 an
2506 1065 2884 1121 accusationis
2943 1065 3108 1122 modo
3161 1065 3514 1133 indicaverit,
3550 1081 3618 1121 an

348 1163 397 1214 εἰ
426 1157 762 1233 προεξένησε
779 1159 860 1231 τῷ
889 1157 1106 1232 ἀδελφῷ
1134 1160 1235 1232 τὴν
1281 1160 1540 1230 γυναῖκαι

1438 1160 1540 1214 ﬁxa.
2040 1155 2201 1210 fratri
2231 1169 2332 1212 suo
2353 1156 2702 1226 prostituerit
2727 1157 3037 1213 mulierem.

421 1300 558 1356 illud
598 1312 732 1356 vero
782 1304 998 1358 certum
1029 1313 1096 1354 ex
1122 1296 1364 1354 historia
1420 1303 1506 1354 est
1538 1293 1690 1367 quod
1745 1291 2111 1365 impudicitiae
2169 1301 2287 1348 suae
2342 1291 2638 1348 atrocitate
2661 1293 2959 1363 adjustam
3026 1294 3165 1348 iram
3236 1296 3624 1366 provocaverit

347 1388 606 1445 Pbinees.
667 1385 826 1454 Quod
875 1386 1138 1443 videlicet
1161 1387 1218 1442 in
1251 1393 1557 1456 conspectu
1609 1383 1782 1440 Mosis
1808 1391 1866 1438 et
1891 1383 2208 1454 principum
2265 1380 2552 1438 libidinem
2607 1382 2880 1448 exercuit,
2918 1382 3059 1437 nihil
3113 1383 3414 1454 quidquam
3455 1387 3620 1440 etiam

353 1476 626 1534 reveritus
671 1476 920 1546 ipsorum
972 1475 1274 1545 lacrymas,
1341 1489 1484 1546 quas
1541 1479 1670 1530 ante
1699 1470 2002 1528 tentorium
2054 1468 2392 1526 effuderunt.
2446 1468 2586 1524 Nam
2619 1463 2826 1525 Paulus
2861 1483 3087 1540 quoque
3129 1472 3516 1528 iameniandos
3559 1487 3622 1524 ac

352 1565 620 1637 legendos
656 1579 780 1620 esse
809 1572 1132 1636 peccatores
1179 1570 1397 1630 censet,
1461 1577 1650 1618 verum
1673 1575 1823 1616 nunc
1849 1557 2076 1631 quidem
2101 1555 2174 1612 ad
2200 1555 2586 1628 paenitentiam
2617 1570 2796 1626 poenae
2850 1556 3051 1614 dilatio
3094 1558 3315 1624 invitat,
3341 1558 3620 1614 interdum

351 1669 486 1710 vero
517 1651 908 1724 castigationis
929 1649 1104 1707 causa
1131 1652 1318 1708 fervor
1349 1659 1458 1707 est.
1501 1647 1660 1706 Unde
1707 1647 1888 1704 illud:
1932 1645 2088 1702 «Lex
2144 1645 2284 1699 iram
2330 1643 2594 1700 edicit".
2624 1661 2642 1695 ι
2683 1643 3038 1715 Quapropter
3097 1647 3319 1702 animus
3383 1645 3622 1702 Phinees

350 1741 616 1799 mstuavit
640 1741 780 1796 adeo
805 1749 866 1794 ut
892 1755 994 1796 nec
1039 1739 1410 1811 interrogaret
1465 1737 1800 1809 principem,
1847 1749 1952 1791 nec
2009 1734 2310 1789 consilium
2365 1742 2738 1803 exspectaret.
2781 1731 2918 1788 Nam
2969 1735 3196 1805 pietatis
3252 1747 3626 1806 propugnator

351 1841 511 1894 erat,
560 1837 617 1885 et
664 1829 934 1899 puniebat
984 1828 1330 1900 impietatem
1381 1827 1476 1882 ubi
1527 1835 1680 1893 erat,
1727 1838 1938 1894 eosque
1989 1821 2240 1892 singulos
2289 1822 2382 1891 qui
2443 1821 2696 1876 libidinis
2755 1822 2939 1877 scelus
2997 1831 3378 1892 patraverant.
3439 1825 3624 1892 Καμι-

353 1919 500 1974 νεῐον
521 1917 670 1974 enim
718 1915 950 1987 Aquilas
971 1916 1199 1987 quidem
1229 1924 1444 1980 tectum,
1481 1912 1852 1986 Symmachus
1885 1923 2016 1967 vero
2044 1908 2405 1978 prostibulum
2431 1910 2710 1980 exposuit.
2769 1910 3042 1966 Caeterum
3093 1927 3218 1968 cum
3264 1911 3628 1966 Providentiae

353 2005 612 2061 minister
639 2013 810 2072 esset,
844 2003 996 2059 facto
1035 2018 1142 2061 suo
1199 2002 1470 2074 singulari
1523 2000 1900 2056 universalem
1959 2000 2176 2071 plagam
2233 1999 2530 2055 exstinxit.
2563 1999 2636 2054 Ea
2661 2001 2866 2056 etenim
2913 2001 3115 2056 terrori
3151 2001 3375 2070 quidem
3421 2001 3526 2056 fuit
3561 2003 3618 2054 in

359 2094 622 2156 sublatis,
683 2091 802 2162 ipse
829 2106 961 2148 vero
1015 2091 1180 2148 etiam
1215 2105 1411 2148 eorum
1444 2105 1734 2146 numerum
1767 2087 1987 2144 minuit.
2017 2089 2188 2161 Atqui
2221 2097 2391 2145 aestus
2423 2090 2516 2144 ille
2539 2091 2632 2160 qui
2671 2090 2984 2146 exstinctus
3020 2105 3150 2146 esse
3181 2091 3410 2156 dicitur,
3457 2091 3626 2161 justi:

357 2181 458 2248 tia,
483 2195 606 2251 quae
637 2190 832 2236 contra
861 2194 1058 2238 omnes
1077 2177 1298 2253 ﬂagrat,
1331 2187 1436 2238 est.
1472 2177 1648 2234 Porro
1693 2175 1964 2250 singulari
2019 2177 2124 2232 hoc
2175 2191 2276 2232 suo
2317 2177 2486 2242 facto,
2519 2187 2574 2232 et
2603 2179 2750 2248 quod
2795 2177 3016 2234 fervore
3053 2177 3148 2234 Dei
3187 2188 3496 2233 commotus
3517 2189 3622 2242 est,

359 2268 606 2324 divinam
632 2269 976 2324 voluntatem
1003 2276 1090 2325 est
1118 2274 1478 2336 consecutus,
1533 2266 1799 2336 vicesque
1849 2264 2152 2327 mactandi,
2209 2265 2414 2333 ipsum,
2467 2267 2720 2334 inquam,
2787 2265 3166 2320 sacerdotium
3218 2273 3304 2320 est
3369 2266 3624 2337 adeptus.

362 2354 660 2427 Sanguinis
689 2354 836 2410 enim
865 2355 1022 2410 citati
1049 2354 1248 2412 effusio
1275 2353 1718 2410 abominationis
1745 2349 1851 2406 fuit
1885 2367 2105 2421 expers.
2139 2351 2284 2418 Quin
2316 2351 2370 2404 id
2397 2353 2540 2421 quod
2579 2353 2704 2419 jure
2739 2353 2808 2406 ab
2835 2367 2898 2407 eo
2935 2351 3145 2407 factum
3200 2351 3404 2420 fuerat,
3435 2353 3625 2410 hono-

363 2460 478 2499 rem
511 2443 733 2498 meruit.
763 2443 1037 2510 Quoniam
1075 2457 1208 2499 vero
1243 2441 1516 2498 interfecti
1546 2441 1789 2512 insignes
1819 2453 1884 2493 ac
1917 2439 2160 2496 illustres
2181 2447 2359 2504 erant,
2391 2455 2456 2494 eo
2485 2440 2786 2510 insigniora
2849 2455 3070 2511 quoque
3107 2455 3302 2497 eorum
3339 2443 3618 2512 supplicia

363 2531 722 2586 exstiterunt.

435 2619 658 2676 Recense
677 2627 836 2690 caput
863 2617 1026 2672 totius
1047 2630 1355 2687 synagoga.
1384 2613 1447 2687 [Χ
1461 2611 1687 2686 XVI,2.]
1717 2611 2016 2682 Postquam
2049 2610 2350 2668 indicasset
2374 2615 2634 2686 populum
2673 2624 2830 2672 extra
2869 2616 3170 2674 terminum
3203 2636 3232 2672 a
3271 2617 3382 2676 Deo
3419 2624 3628 2677 consti-

365 2717 544 2763 tutum
579 2707 818 2774 venisse,
853 2705 1052 2760 iterum
1091 2719 1241 2759 nunc
1275 2703 1334 2758 in
1392 2703 1604 2757 militize
1631 2702 1956 2756 idoneorum
1993 2715 2282 2756 numerum
2335 2703 2612 2773 inquirit;
2646 2719 2770 2759 cum
2807 2705 2952 2760 enim
2991 2715 3178 2776 patres
3211 2718 3340 2764 ante
3369 2713 3628 2767 recensiti

363 2794 782 2860 occubuissent,
808 2793 908 2847 iilii
937 2793 1185 2860 ipsorum
1219 2789 1286 2844 ad
1325 2790 1602 2845 calculum
1635 2795 1930 2844 vocantur.
1969 2789 2148 2856 Atque
2203 2783 2324 2844 hoc'
2353 2805 2488 2846 sane
2538 2791 2675 2846 illud
2737 2798 2844 2855 est,
2909 2793 3054 2857 quod
3101 2794 3272 2850 David
3331 2794 3626 2855 Dominum

364 2881 578 2939 dixisse
631 2881 852 2953 inquit:
885 2898 904 2932 ι
961 2879 1022 2934 Si
1053 2878 1434 2948 ingredientur
1473 2877 1530 2932 in
1552 2877 1800 2947 requiem
1842 2876 2104 2942 meam”,
2131 2895 2150 2928 ι
2181 2884 2238 2932 et
2277 2892 2401 2948 qua:
2456 2879 2724 2949 deinceps
2773 2891 3104 2950 sequuntur.
3161 2882 3412 2950 Quorum
3465 2885 3628 2941 liberi

367 2971 560 3042 utique
587 2969 822 3026 formam
857 2968 1110 3024 ferebant
1141 2965 1316 3022 ﬁdelis
1338 2965 1548 3037 populi,
1579 2966 1674 3037 qui
1720 2965 1883 3020 linem
1914 2965 2074 3036 legis,
2109 2965 2396 3022 Christum
2461 2970 2691 3038 recepit.
2727 2967 3086 3026 Tinctionem
3121 2971 3252 3027 item
3281 2974 3627 3044 spiritualcm

365 3075 492 3131 qua
520 3057 874 3116 circumcisio
893 3064 1030 3112 teste
1056 3054 1228 3110 Paulo
1253 3055 1477 3112 exsistit
1509 3071 1524 3109 :
1564 3054 1716 3110 «Nos
1754 3055 1898 3110 enim
1927 3069 2142 3122 sumus,
2178 3055 2382 3122 inquit.
2421 3057 2782 3113 circumcisio
2817 3067 3094 3129 quotquot
3129 3059 3184 3114 in
3219 3063 3417 3131 spiritu
3459 3061 3627 3119 Deum

367 3147 608 3203 colimus
626 3145 692 3200 ⁶⁰.
718 3165 736 3198 ι
769 3145 836 3200 Et
861 3146 1062 3200 iterum
1095 3161 1110 3199 :
1151 3164 1168 3196 ι
1193 3142 1526 3198 Circuntcisi
1561 3143 1699 3198 estis
1738 3142 1860 3196 sine
1891 3156 2088 3196 manus
2128 3141 2442 3198 ministerio
2463 3145 2530 3197 θι.
2559 3163 2576 3194 ι
2613 3145 2863 3212 Quorum
2895 3154 3086 3218 typum
3123 3151 3265 3220 gerit
3327 3150 3500 3208 Josue
3533 3155 3628 3224 qui

371 3244 623 3306 posteros
647 3233 1014 3289 circumcidit.
1050 3230 1157 3286 Sed
1181 3230 1445 3301 quoniam
1483 3243 1590 3283 non
1621 3244 1750 3284 vera
1791 3229 1884 3282 illa
1937 3230 2289 3287 circumcisio
2345 3232 2472 3298 fuit,
2533 3233 2740 3288 dicitur
2793 3235 2960 3308 424
3009 3237 3267 3294 alicubi:
3305 3239 3630 3296 «Praecidite

368 3321 552 3377 cordis
603 3321 770 3376 vestri
802 3319 1065 3374 duritiam
1083 3321 1150 3372 ⁸³.
1173 3338 1192 3371 ι
1230 3318 1502 3374 Recenset
1531 3317 1744 3388 itaque,
1775 3316 1920 3372 filios
1985 3319 2397 3384 defunctorum,
2437 3336 2628 3376 verum
2673 3337 2784 3376 non
2823 3339 2889 3378 eo
2919 3325 3107 3392 modo,
3138 3343 3250 3397 quo
3285 3344 3460 3399 nuper
3492 3346 3627 3385 usus

369 3419 518 3474 erat,
549 3409 724 3480 primo
746 3407 1003 3464 videlicet
1033 3405 1376 3461 numerando
1419 3405 1598 3461 tribus
1635 3419 1760 3475 qua:
1787 3419 1850 3458 ex
1885 3405 2077 3461 liberis
2112 3409 2476 3474 constabant,
2521 3408 2727 3463 deinde
2787 3425 2885 3465 eos
2944 3413 3036 3481 qui
3073 3429 3138 3468 ex
3165 3417 3342 3469 servis
3374 3435 3387 3482 ;
3425 3418 3627 3471 milium

371 3501 518 3552 enim
557 3499 825 3551 rationem
883 3495 1180 3564 utriusque
1244 3493 1462 3562 generis
1510 3493 1696 3547 habet.
1729 3493 1808 3546 Ac
1844 3493 2026 3562 primo
2085 3495 2308 3562 quidem
2369 3496 2570 3549 reeitat
2601 3511 2664 3550 ex
2711 3497 2858 3552 tribu
2915 3499 3290 3555 delectissima
3324 3501 3451 3558 Levi
3491 3505 3633 3559 filios

371 3586 618 3654 quinque
659 3584 802 3650 Leae,
831 3597 898 3636 eo
927 3583 1072 3651 quod
1101 3581 1386 3651 proprium
1417 3580 1669 3635 ordinem
1723 3579 1984 3635 habitura
2025 3591 2196 3646 esset,
2221 3585 2522 3640 ministerii
2551 3586 2768 3641 scilicet
2800 3588 2968 3644 sacri.
3009 3591 3215 3645 Deinde
3255 3592 3372 3648 Gad
3400 3603 3454 3648 et
3493 3595 3632 3648 Aser

376 3671 590 3726 ancilla:
612 3671 775 3726 filios.
820 3670 1024 3726 Deinde
1055 3669 1312 3725 Rachelis
1371 3669 1564 3724 liberm
1624 3668 1767 3722 filios
1801 3678 1934 3734 tres,
1967 3684 2032 3723 ex
2085 3672 2290 3739 quibus
2351 3675 2532 3742 primo
2576 3677 2770 3728 recitat
2825 3675 2964 3729 ﬁlios
3024 3675 3266 3748 Joseph,
3325 3681 3630 3736 secumlnm

375 3758 623 3813 ordinem
659 3757 1054 3827 generationis,
1107 3757 1360 3812 Manasse
1391 3765 1444 3812 et
1474 3755 1758 3824 Ephraim.
1797 3754 2004 3812 Deinde
2039 3759 2288 3814 ultimum
2323 3759 2580 3816 Rachelis
2613 3761 2786 3816 filium
2833 3763 3147 3831 Benjamin.
3185 3766 3400 3831 Quibus
3425 3770 3624 3824 iterum

373 3846 588 3902 ancillae
623 3845 766 3901 filios
792 3844 906 3899 Dan
927 3853 982 3900 et
1013 3843 1322 3914 Nephtaiim
1371 3843 1680 3913 subiungit.
1731 3841 1848 3898 Prae
1871 3858 1932 3898 se
1965 3842 2170 3899 ferebat
2198 3855 2380 3900 autem
2416 3847 3006 3918 hoc-coniunctionem
3036 3851 3262 3909 lsraelis
3295 3854 3388 3922 qui
3426 3855 3632 3912 ductus

372 3945 459 3990 est
490 3935 690 4004 spiritu
721 3933 1027 3996 servitutis,
1053 3941 1108 3986 et
1147 3939 1396 3986 nostram
1431 3932 1522 4002 qui
1577 3931 1755 3986 vocati
1802 3947 1997 3986 sumus
2051 3945 2148 4000 per
2203 3933 2550 4002 adeptionem
2583 3935 2636 3988 in
2679 3935 2881 4004 spiritu
2917 3937 3210 3994 libertatis.
3283 3939 3439 3996 Unde
3499 3959 3634 3998 sane

375 4024 543 4080 Musis
592 4023 722 4079 illud
773 4029 858 4078 est
890 4041 904 4077 :
937 4041 954 4074 ι
982 4021 1314 4077 Ειιιὶιεηοειῑεθ
1363 4029 1494 4077 sunt
1520 4029 1714 4091 gentes
1769 4035 1896 4077 cum
1929 4019 2132 4089 populo
2178 4021 2303 4074 hoc.
2335 4039 2352 4070 ι
2392 4019 2525 4076 Item
2559 4021 2880 4078 Servatoris
2913 4025 3016 4080 hoc
3054 4043 3067 4080 :
3108 4047 3126 4076 ι
3151 4027 3268 4080 Erit
3304 4045 3448 4083 unus
3474 4045 3630 4100 grex,

371 4121 428 4168 et
477 4103 622 4169 unus
675 4112 992 4182 pastorum
1063 4110 1340 4166 Caeterum
1371 4117 1430 4164 ut
1453 4108 1802 4178 reliquarum
1861 4107 2108 4162 tribuum
2155 4123 2422 4165 numerus
2483 4125 2512 4164 a
2581 4109 2766 4180 priore
2813 4126 2984 4166 censu
3040 4113 3348 4171 diminutas
3403 4127 3507 4181 est,
3559 4121 3632 4174 ita

379 4200 636 4256 Leviticte
701 4199 886 4256 tribus
931 4208 1131 4255 auctus
1185 4206 1290 4254 est.
1351 4197 1586 4268 Semper
1623 4195 1771 4250 enim
1815 4211 1992 4268 genus
2042 4197 2278 4252 electum
2341 4201 2610 4268 augescit,
2678 4213 2803 4252 cum
2859 4199 3140 4254 infensum
3193 4212 3390 4256 contra
3449 4207 3632 4259 immi-

381 4295 602 4342 nitatur.

447 4374 694 4432 Sortibus
717 4373 1067 4429 distribuatur
1093 4384 1257 4429 terra.
1287 4371 1430 4444 [εἰεί]
1469 4373 1552 4427 Ad
1585 4372 1888 4428 tollendum
1935 4373 2110 4436 rixas,
2175 4371 2552 4442 maioremque
2608 4374 2998 4430 ccrtitudinem
3052 4391 3114 4433 ac
3145 4380 3476 4436 evidentiam
3501 4383 3634 4436 reti.

376 4463 618 4517 nendum
643 4477 764 4518 sors
795 4463 872 4517 fit.
905 4463 1038 4532 Ejus
1079 4479 1210 4516 vero
1273 4469 1466 4516 auctor
1501 4460 1598 4518 Dei
1635 4471 1724 4518 est
1751 4461 2070 4517 consilium.
2099 4459 2221 4516 Non
2271 4463 2417 4517 enim
2483 4463 2718 4520 fortuna:
2767 4481 2924 4521 caecae
2956 4482 2984 4518 ει
3016 4469 3124 4537 piis
3174 4469 3491 4527 hominibus
3547 4487 3634 4526 res

374 4550 820 4605 committuntur.
854 4549 1012 4615 Quod
1066 4549 1274 4604 Paulus
1331 4549 1562 4616 indicat,
1605 4565 1732 4605 cum
1796 4549 1978 4620 inquit
2014 4549 2112 4604 :ln
2149 4565 2258 4619 quo
2292 4559 2450 4607 sorte
2481 4555 2716 4608 extracti
2749 4569 2970 4617 sumus,
3041 4557 3296 4625 praefiniti
3325 4559 3630 4614 secundum

375 4645 612 4692 merrtem
635 4637 822 4690 omnia
857 4637 1150 4698 moventis.
1182 4635 1488 4692 secundum
1542 4637 1836 4692 consilium
1891 4637 2188 4693 voluntatis
2243 4641 2440 4710 ipsius,
2501 4649 2654 4698 sorte
2703 4645 2937 4712 gratiam
2980 4645 3326 4710 declat-ante,
3358 4649 3623 4716 quoniam

375 4725 546 4777 verbo
593 4723 757 4777 etiam
813 4720 871 4774 fit
915 4721 1220 4776 secundum
1275 4721 1458 4777 fidem.
1513 4723 1655 4778 Idem
1699 4724 1939 4778 innuunt
1966 4737 2187 4794 quoque
2232 4725 2516 4794 Apostoli,
2551 4742 2677 4782 cum
2717 4731 3014 4799 inquiunt:
3059 4749 3077 4780 ι
3125 4730 3356 4790 Domine
3408 4736 3632 4802 καρδιο-

375 4811 616 4881 γνῶστα,
637 4811 858 4866 declara
888 4826 1056 4864 unum
1089 4825 1252 4880 quem
1293 4826 1359 4866 ex
1395 4813 1481 4866 his
1514 4811 1731 4868 duobus
1765 4812 1974 4881 eligaml

2031 4812 2114 4865 ,οἱ
2150 4833 2168 4864 ρ
2212 4809 2442 4868 Constat
2495 4815 2682 4886 itaque
2747 4827 2954 4872 sortem
2992 4832 3102 4872 non
3169 4835 3304 4876 casu
3365 4822 3506 4886 fieri,
3538 4825 3630 4877 sed

377 4915 546 4968 penes
581 4899 871 4954 arbitrium
903 4913 1028 4953 esse
1057 4896 1172 4951 Dei.
1209 4896 1264 4952 ω
1295 4899 1467 4968 igitur
1497 4897 1644 4969 quod
1707 4913 1856 4954 nunc
1921 4899 2078 4964 dicit,
2132 4901 2405 4971 quidquid
2467 4903 2660 4972 utique
2687 4919 2814 4960 sors
2838 4905 3138 4974 definierit,
3172 4907 3240 4964 de
3261 4909 3450 4964 divina
3489 4923 3634 4966 sorte.

377 4989 552 5051 dicit,
577 5002 684 5042 non
715 4985 963 5053 fortuita,
989 4985 1294 5040 secundum
1330 5001 1497 5056 quam
1531 4987 1623 5055 qui
1661 4987 1894 5056 imperia
1924 4989 2184 5043 obvenire
2228 4989 2488 5044 dicebant
2537 4991 2680 5059 apud
2726 4988 2948 5046 Graecos
3005 4995 3492 5064 reprehensionem
3523 5014 3631 5056 nou

376 5075 1143 5149 eilugiebant.Attribuuntur
1187 5089 1317 5130 vero
1346 5076 1636 5130 recensitis
1695 5075 1778 5131 cis
1850 5074 2148 5130 Jordancm
2213 5089 2376 5131 terra:
2437 5087 2644 5132 sanctae
2695 5089 2901 5146 partes.
2955 5079 3234 5152 Descripti
3306 5085 3452 5138 enim
3505 5097 3635 5141 sunt

371 5167 606 5236 juvenes
631 5165 786 5219 liberi
819 5164 1104 5240 baptizati,
1130 5165 1222 5234 qui
1252 5163 1412 5218 sedes
1445 5163 1668 5218 lsraelis
1724 5179 1944 5235 quoque
1978 5171 2160 5220 tenent
2199 5181 2294 5234 per
2323 5165 2491 5220 Caieb
2508 5173 2560 5219 et
2590 5165 2758 5221 Josue
2795 5167 3167 5236 significatus.
3232 5171 3506 5229 Cancrum
3537 5192 3632 5246 per

380 5253 523 5308 filios
548 5253 1082 5323 intelligitjuvenes,
1133 5266 1342 5318 eosque
1375 5251 1468 5319 qui
1501 5266 1568 5305 ex
1601 5252 1830 5320 ephebis
1885 5261 2268 5316 excesserunt,
2329 5253 2588 5324 belloque
2633 5255 2803 5308 animi
2839 5257 3094 5314 obscuris
3127 5260 3337 5316 viribus
3379 5264 3634 5317 instructi

379 5350 528 5407 sunt,
565 5343 818 5411 quamvis
843 5340 966 5394 belli
1008 5339 1182 5394 aleam
1217 5346 1522 5393 tentasscnt
1577 5355 1886 5410 nunquam.
1920 5343 1996 5394 Ac
2023 5356 2116 5410 per
2141 5341 2285 5396 filios
2315 5341 2534 5410 quidem
2574 5358 2766 5397 eorum
2807 5345 2900 5414 qui
2942 5346 2995 5400 in
3034 5347 3420 5417 lege‘fuerunt
3459 5367 3636 5404 novus

377 5429 706 5484 inuuebutur
726 5429 982 5498 pupulus,
1009 5429 1104 5497 qui
1142 5425 1196 5478 in
1228 5425 1426 5480 librum
1461 5427 1588 5481 vitae
1624 5427 1854 5482 inscribi
1883 5427 2032 5498 digni
2058 5428 2408 5498 judicantur,
2445 5445 2680 5499 quorum
2717 5431 2920 5504 singuli
2971 5451 3070 5505 pro
3111 5438 3328 5492 ratione
3367 5439 3636 5492 virtutum

375 5517 789 5584 describuntur,
825 5523 1358 5586 mansuetornmque
1389 5523 1538 5570 terra
1571 5515 1860 5580 fruuntur,
1893 5517 2000 5582 nisi
2050 5515 2198 5594 quod
2227 5516 2482 5586 ampliori
2521 5533 2782 5575 mensura
2819 5521 2992 5577 videri
3043 5522 3181 5579 forte
3231 5525 3427 5598 possit.
3485 5525 3637 5580 Men-

445 5691 493 5767 ξ’
525 5690 682 5746 Rom.
720 5705 794 5767 tv,
833 5689 938 5767 I5.“
993 5691 1038 5767 ξ’
1067 5689 1394 5767 Psalixmv,
1429 5690 1524 5758 li;
1569 5689 1739 5746 Hebr.
1769 5703 1849 5749 In.
1885 5689 1966 5746 li.

2045 5689 2090 5722 ⁸ο
2117 5687 2354 5764 Philipp.
2389 5707 2470 5760 ill,
2500 5695 2556 5750 3.
2639 5695 2679 5728 ⁶¹
2708 5695 2920 5754 Coloss.
2969 5713 3032 5766 ιι,
3063 5699 3153 5756 ll.
3232 5701 3276 5731 ⁶²
3307 5699 3428 5756 Joei
3457 5717 3518 5767 ll,
3551 5701 3639 5760 13.

375 5763 420 5796 ⁸³
448 5760 610 5818 Joan.
655 5777 706 5827 x,
738 5759 824 5818 16.
904 5761 948 5792 ⁸⁸
979 5760 1100 5814 Act.
1135 5777 1172 5826 ι,
1199 5763 1290 5816 2i.
1829 5793 1832 5796 ι

619 5857 890 5916 ΡΑτιιοῖη
923 5857 1038 5917 Gn.
1083 5855 1438 5916 LXXXVI].

2861 5897 2868 5902 ·
3193 5867 3269 5924 28
