4036 6214
518 337 630 407 εηδ
1812 292 2173 417 ῬᾙΟΟΟΡΙΙ
2210 292 2455 418 Gellii!
3663 350 3792 429 ,διδ

526 474 712 518 suram
750 460 923 528 enim,
953 461 1055 530 ait,
1082 462 1396 535 pulchram,
1425 474 1696 535 pressam,
1731 478 2067 533 concussam
2096 475 2150 521 et
2174 469 2396 525 uberem
2430 472 2484 525 in
2518 471 2700 526 sinum
2734 478 2981 528 vestrum
3015 472 3264 528 fundent.
3284 471 3549 538 Proinde,
3579 471 3787 543 inquit.

514 550 905 637 compluribus
932 553 1323 637 augmentabis
1359 554 1670 623 portionem
1729 568 1915 620 suam,
1953 563 2012 608 ut
2045 554 2284 627 quisque
2314 561 2622 615 secundum
2653 575 2857 618 census
2881 561 2970 618 sui
3013 562 3288 618 rationem
3320 562 3610 618 sortiatur.
3646 561 3791 619 ltinc

529 638 699 694 etiam
734 636 823 704 fit,
855 637 1002 709 quod
1038 639 1383 710 pluralitatis
1407 656 1640 697 numero
1672 640 1842 696 libros
1874 643 2175 711 explicatos
2203 658 2327 702 esse
2351 647 2517 702 tradit
2559 646 2771 714 Daniel,
2802 662 2867 703 ac
2909 649 3118 705 indicat
3149 649 3541 719 descriptionis
3592 648 3789 706 diver-

526 741 621 783 sas
651 741 777 783 esse
797 725 1285 783 tnensuras.llinc
1345 740 1567 798 quoque
1613 728 1871 783 tributim
1923 730 2382 803 nominatimque,
2444 738 2704 805 quamvis
2757 738 3143 806 cognationem
3173 738 3414 795 describi
3469 740 3785 809 imperarit.

527 813 775 884 Denique
792 829 923 869 vero
954 812 1160 873 Christi
1191 814 1260 870 de
1292 812 1558 872 felicitate
1582 816 1939 891 pronuntiata
1976 814 2122 870 idem
2148 819 2254 876 sibi
2281 823 2421 878 velle
2441 825 2715 887 videntur,
2749 825 2851 880 hoc
2874 826 2995 896 ipso
3027 825 3176 896 quod
3206 826 3512 883 virtutibus
3545 829 3790 898 singulis

527 917 626 957 sua
644 903 868 973 praemia
892 902 1221 969 decernunt,
1246 903 1603 970 maximaque
1637 902 1705 957 iis
1730 902 1821 972 qui
1856 902 2077 958 sincero
2106 908 2274 963 corde
2312 911 2525 980 praediti
2552 912 2855 967 exsistunt.
2872 911 3043 969 Deum
3074 913 3223 969 enim
3253 911 3543 980 videbunt,
3574 911 3781 985 inquit.

527 989 728 1057 Quales
758 989 965 1045 ibidem
996 990 1144 1046 sacri
1173 989 1384 1046 ordinis
1416 989 1673 1044 homines
1699 1003 1825 1045 esse
1856 988 2032 1058 jubet,
2069 992 2328 1051 selectam
2358 999 2505 1053 enim
2531 998 2964 1071 descriptionem
2993 999 3223 1064 habent,
3255 1010 3522 1071 praeterea
3571 1002 3781 1058 nullam

524 1080 581 1134 in
618 1090 760 1135 terra
789 1087 1022 1151 partem.
1047 1078 1151 1145 Qui
1180 1079 1347 1133 etiam
1366 1078 1566 1133 dicere
1592 1087 1858 1149 possent:
1883 1076 2083 1149 Utique
2118 1084 2173 1136 in
2207 1085 2464 1140 manibus
2508 1086 2621 1140 tuis
2651 1098 2777 1142 sors
2800 1099 2944 1151 mea.
2977 1086 3275 1157 portioque
3306 1100 3426 1140 mea
3488 1083 3777 1160 Dominus.

522 1164 678 1222 Unde
737 1182 838 1221 nec
890 1166 1157 1237 puerulus
1216 1166 1268 1220 in
1314 1166 1420 1234 eis,
1472 1167 1619 1237 quod
1692 1180 1888 1238 puram
1942 1166 2272 1237 probitatem
2334 1168 2730 1239 significat.At
2764 1168 2859 1238 qui
2906 1176 3140 1225 cunctos
3190 1166 3459 1224 describit
3516 1166 3779 1227 Christus

518 1263 604 1310 est
659 1270 756 1325 per
822 1269 1101 1310 summum
1167 1253 1480 1323 pontificem
1540 1262 1594 1308 et
1653 1253 2029 1324 legislatorcm
2092 1254 2497 1319 adumbratus,
2568 1256 2664 1326 qui
2717 1254 2928 1310 nullam
3001 1252 3321 1312 infidelibus
3388 1264 3606 1312 sortem
3663 1248 3777 1310 tria

529 1342 668 1395 buit.
692 1340 855 1397 Juxta
892 1341 1026 1397 illud
1067 1359 1082 1396 :
1120 1359 1139 1393 ι
1168 1340 1568 1411 Expungantur
1588 1355 1619 1396 e
1638 1341 1779 1396 libro
1793 1342 2333 1404 viventium,etcum
2356 1342 2524 1410 justis
2551 1351 2660 1399 nan
2691 1343 3014 1399 scribantur
3038 1342 3111 1396 “.
3148 1360 3170 1394 ι

554 1428 658 1487 .Et
685 1446 804 1483 cum
831 1430 1172 1484 accessissent
1202 1429 1332 1498 ﬁlia
1366 1428 1627 1497 Salpaad.
1671 1427 1907 1501 [XXVIL
1938 1428 2016 1501 t.]
2045 1427 2260 1484 Justam
2289 1442 2513 1483 causam
2565 1436 2772 1485 sortem
2801 1437 3110 1500 paternam,
3146 1442 3273 1483 cum
3308 1426 3508 1484 fratres
3550 1429 3634 1485 eis
3658 1436 3775 1483 non

513 1525 722 1582 essent,
761 1518 998 1589 petendo
1027 1524 1371 1588 proponunt,
1404 1532 1529 1573 cum
1561 1516 1870 1588 impietatis
1900 1524 2060 1588 pater
2088 1514 2463 1571 commisisset
2476 1515 2637 1581 nihil,
2668 1530 2859 1571 verum
2890 1515 3110 1587 peccati
3140 1514 3349 1586 proprii
3378 1514 3529 1585 iusta
3560 1515 3774 1585 [tenel-

513 1606 704 1670 visset,
735 1614 791 1661 et
817 1605 883 1660 ad
903 1605 1208 1676 longiorem
1237 1605 1400 1659 vitam
1426 1604 1715 1674 pervenire
1742 1618 1851 1659 non
1875 1605 2166 1676 potuisset.
2196 1602 2467 1660 Caeterum
2497 1606 2857 1676 praetendunt
2882 1604 3011 1673 hoc,
3035 1603 3308 1671 siquidem
3341 1606 3463 1659 vitae
3483 1602 3773 1673 longitudo

514 1692 688 1762 legem
742 1690 1169 1746 observantibus
1222 1689 1409 1746 divina
1451 1690 1821 1761 promissione
1864 1690 2135 1761 praeﬁnita
2162 1699 2302 1748 erat.
2336 1690 2582 1750 Possunt
2612 1703 2797 1749 autem
2827 1692 2935 1748 hoc
2955 1705 3178 1764 quoque
3208 1691 3372 1748 modo
3398 1691 3766 1748 concludere.

512 1778 681 1835 Nemo
711 1779 820 1834 nisi
848 1778 918 1834 ob
951 1786 1240 1850 peccatum
1264 1778 1485 1849 generis
1511 1778 1801 1834 masculini
1826 1793 2019 1834 exsors
2055 1778 2136 1835 lit.
2171 1778 2339 1849 Atqui
2378 1794 2489 1835 non
2523 1788 2817 1850 tantopere
2843 1778 3098 1850 peccavit
3119 1780 3192 1843 is,
3240 1778 3539 1848 .inquiunt,
3597 1774 3768 1850 ωε

508 1873 572 1920 ιη
594 1880 791 1921 nomen
816 1865 939 1937 ejus
963 1865 1342 1922 inducendum
1366 1865 1495 1930 siet,
1530 1864 1996 1936 quemadmodum
2026 1880 2245 1934 eorum,
2273 1868 2368 1937 qui
2398 1881 2524 1922 cum
2560 1867 2708 1923 Core
2740 1866 3353 1937 conspirarunt.:Quod
3383 1865 3552 1922 etiam
3591 1864 3771 1920 David

512 1954 910 2026 suo-proditori
948 1954 1308 2026 imprecatur,
1367 1956 1628 2025 inquiens
1657 1972 1671 2009 :
1706 1954 1974 2011 «Utinam
2003 1968 2037 2010 ο
2068 1963 2215 2011 terra
2246 1955 2510 2010 memoria
2555 1954 2679 2023 ejus
2713 1954 3092 2011 exscindatur.
3124 1972 3143 2006 ι
3182 1953 3245 2009 Id
3276 1952 3424 2010 enim
3483 1950 3771 2009 veteribus

505 2053 619 2096 tam
653 2043 853 2097 durum
879 2049 935 2098 et
964 2055 1129 2114 grave
1153 2042 1336 2097 visum
1368 2050 1476 2106 est,
1504 2055 1670 2111 quam
1697 2041 1857 2097 nobis
1882 2041 1992 2097 vita
2018 2042 2274 2098 excidere
2294 2050 2522 2109 aeterna,
2546 2056 2578 2096 a
2602 2057 2712 2113 qua
2742 2056 2907 2100 nemo
2939 2042 3167 2111 injuste,
3190 2041 3405 2111 levique
3431 2040 3501 2097 de
3529 2048 3764 2109 peccato

506 2130 784 2201 clejicitur.
817 2129 1011 2186 Exstat
1036 2144 1167 2184 vero
1201 2128 1271 2182 de
1299 2128 1389 2184 his
1422 2129 1590 2183 rebus
1621 2128 1731 2193 lex,
1756 2128 1904 2198 quod
1937 2127 2301 2185 feminmloco
2320 2130 2695 2186 masculorum
2724 2131 2860 2196 sint,
2895 2138 2950 2185 et
2981 2145 3082 2201 per
3112 2144 3210 2185 eas
3248 2129 3518 2185 memoria
3540 2135 3769 2198 patrum

506 2224 892 2275 conservetur.
961 2216 1121 2282 Quod
1146 2216 1193 2271 si
1226 2229 1360 2271 vero
1408 2213 1535 2269 filiae
1583 2229 1694 2270 non
1749 2215 1989 2281 fuerint,
2041 2216 2281 2287 aliquem
2319 2216 2389 2275 de
2431 2226 2664 2286 paterno
2711 2231 2943 2287 genere,
2973 2232 3085 2271 non
3140 2224 3391 2271 materno
3453 2214 3769 2277 substituit,

499 2306 829 2376 primasque
893 2303 1050 2360 sexui
1115 2302 1429 2359 masculine
1460 2300 1659 2366 defert,
1694 2316 1760 2357 eo
1795 2302 1943 2373 quod
2007 2306 2358 2374 pertinebant
2415 2309 2618 2365 merito
2673 2317 2792 2364 tum
2813 2308 2882 2365 ad
2913 2323 3010 2364 eos
3037 2307 3135 2377 qui
3171 2308 3228 2363 in
3251 2308 3411 2364 bellis
3449 2307 3767 2370 decertant,

509 2397 823 2452 tum’retiam
857 2410 954 2453 eos
984 2394 1080 2466 qui
1108 2393 1435 2450 certaminis
1474 2393 1707 2464 praemia
1755 2404 2173 2464 compararunt.
2210 2394 2367 2451 Unde
2422 2397 2592 2450 etiam
2650 2396 2858 2450 donum
2910 2395 3239 2466 huiusmodi
3295 2395 3768 2466 iucundissimum

506 2486 642 2555 ipsis
667 2484 812 2539 haud
847 2483 1123 2539 immerito
1151 2483 1390 2539 exstitit.
1423 2481 1563 2536 illud
1594 2491 1778 2536 autem
1805 2482 1954 2552 quod
2006 2481 2300 2539 haereditas
2318 2483 2406 2538 eis
2435 2482 2720 2549 tribuitur,
2769 2483 3126 2539 demonstrat
3156 2482 3303 2552 quod
3334 2482 3612 2553 propriam
3648 2496 3767 2535 non

505 2574 819 2637 habuerint,
857 2587 987 2643 pars
1022 2572 1171 2628 enim
1198 2586 1261 2628 ea
1295 2586 1415 2641 quas
1442 2572 1669 2625 honoris
1730 2572 1911 2641 gratia
1974 2571 2256 2633 tribuitur,
2281 2585 2394 2624 non
2421 2571 2542 2638 ejus
2599 2570 2821 2640 propria
2866 2581 2953 2626 est
2976 2568 3072 2640 qui
3106 2570 3342 2639 accepit.
3392 2568 3540 2635 Quin
3580 2568 3759 2624 etiam

501 2662 785 2716 Christum
814 2675 943 2716 vero
968 2659 1286 2731 genealogis
1316 2657 1558 2726 Josepho
1610 2658 1944 2728 assignavit.
2001 2673 2129 2713 cum
2178 2666 2362 2712 tamen
2415 2658 2541 2713 filiae
2604 2673 2711 2712 non
2747 2673 2843 2728 per
2878 2656 3122 2728 seipsas,
3163 2656 3258 2711 sed
3283 2663 3507 2727 propter
3551 2661 3768 2725 patrem

503 2748 812 2804 sortissint
843 2761 1102 2817 capaces.
1141 2744 1300 2803 Unde
1324 2743 1458 2799 illud
1488 2753 1581 2799 est
1614 2744 1759 2813 quod
1787 2745 1963 2815 patris
1990 2746 2044 2799 in
2078 2754 2346 2800 aeternum
2406 2745 2645 2800 viventis
2670 2746 2846 2815 gratia
2894 2744 3103 2800 femina
3154 2758 3283 2799 cum
3333 2758 3486 2800 mare
3550 2751 3768 2813 partem

489 2834 887 2902 imreditatis;
921 2836 992 2890 sit
1018 2842 1271 2903 captura.
1306 2831 1480 2886 Eccur
1535 2846 1669 2888 vero
1712 2832 1883 2903 patris
1914 2832 2035 2887 orbi
2076 2832 2265 2903 hujus,
2295 2833 2390 2903 qui
2420 2848 2546 2888 eum
2596 2834 2871 2889 heredem
2934 2835 3070 2888 facit
3127 2832 3400 2904 siquidem
3433 2832 3555 2903 ejus
3606 2841 3772 2901 pater

505 2923 703 2988 fueritr
727 2922 938 2978 mentio
981 2920 1042 2975 fit
1086 2918 1275 2975 nulla?
1301 2917 1460 2974 Patet
1509 2934 1640 2976 vero
1690 2920 1838 2989 quod
1877 2928 2141 2991 tanquam
2174 2922 2519 2988 confessum,
2561 2923 2913 2995 repetitionis
2959 2921 3199 2979 vitandae
3239 2923 3438 2993 gratia,
3464 2921 3681 2977 omisit.
3710 2918 3772 2974 Si

501 3009 848 3080 enimpatris
873 3006 1035 3063 fratri
1067 3015 1293 3078 propter
1323 3003 1548 3061 fratrem
1583 3007 1875 3062 hereditas
1905 3007 2078 3073 cedit,
2097 3011 2274 3065 multo
2305 3010 2483 3082 magis
2515 3012 2656 3081 patri
2688 3025 2907 3082 quoque
2970 3012 3147 3066 cedet.
3221 3007 3423 3065 Verum
3467 3010 3765 3065 enimvero

506 3116 572 3154 ne
598 3106 757 3171 pater
780 3105 1062 3154 ac-mater
1122 3096 1339 3150 inanem
1398 3095 1610 3150 luctum
1674 3096 1955 3167 percipere
1980 3111 2051 3152 ex
2079 3095 2380 3153 liberorum
2410 3108 2587 3154 morte
2615 3098 2853 3169 praecoci
2898 3097 3245 3166 viderentur,
3268 3097 3495 3169 oblique
3521 3111 3620 3154 eos
3663 3112 3771 3167 pa-

500 3197 754 3242 li‘llOﬂlm
785 3178 1015 3241 nomine
1046 3182 1425 3255 significavit;

502 3322 698 3381 deinde
736 3336 877 3378 vero
917 3329 1195 3394 parentes,
1246 3320 1405 3387 tilias,
1465 3319 1687 3388 fratres,
1720 3322 2067 3391 avunculos;

2241 3326 2397 3383 Μετὰ
2416 3326 2475 3382 δὲ
2508 3331 2711 3398 γονεῖς,
2732 3329 2844 3394 ζκαὶ
2870 3328 3199 3401 θυγατέρας,
3232 3329 3328 3384 καὶ
3355 3328 3642 3399 ἀδελφοὺς,
3667 3332 3771 3384 καὶ

501 3416 696 3487 quinto
732 3412 969 3483 denique
1011 3410 1203 3466 ordine
1233 3418 1517 3482 cognatos.

2180 3414 2361 3485 θείους
2389 3419 2615 3492 πέμπτη
2646 3420 2798 3486 τάξις
2828 3423 2877 3476 οἱ
2911 3425 3211 3492 συγγενεῖς.

573 3507 813 3562 Ascende
840 3508 895 3562 in
922 3516 1154 3562 montem
1180 3507 1425 3566 Abarim.
1474 3508 1613 3582 [12.]
1647 3508 1836 3566 Potior
1864 3511 2079 3568 Aarone

501 3594 705 3664 Moses,
733 3613 798 3653 ac
825 3597 1060 3670 proinde
1077 3606 1289 3655 terram
1318 3600 1489 3666 videt,
1515 3611 1571 3657 et
1598 3616 1823 3658 causam
1854 3611 2079 3674 propter

501 3704 665 3759 quam
699 3689 955 3759 indignus
986 3689 1303 3745 habitusut
1346 3690 1743 3763 ingrederetur,
1788 3694 2076 3765 comperit,

500 3794 718 3835 necnon
764 3787 995 3834 mortem
1041 3793 1198 3834 suam
1228 3787 1374 3836 ante
1419 3781 1649 3848 audivit,
1693 3782 1805 3836 imo
1837 3797 1968 3838 vero
2022 3789 2078 3839 et

499 3869 757 3936 Aaronis,
788 3870 878 3940 qui
913 3868 1123 3926 nullius
1153 3869 1537 3941 praedictorum
1582 3871 1843 3926 honorem
1880 3886 2077 3928 conse-

499 3964 662 4013 cutus
705 3964 810 4014 est.
861 3956 953 4012 Sic
991 3954 1197 4011 Paulus
1241 3971 1462 4028 quoque
1497 3972 1724 4013 causam
1764 3956 1935 4014 discit
1976 3974 2076 4015 cur

498 4052 730 4120 gratiam
760 4065 874 4107 non
900 4050 958 4106 in
983 4049 1287 4107 remedium
1324 4051 1400 4105 sit
1424 4050 1694 4121 adeptus:
1742 4070 1761 4104 ι
1790 4049 1992 4107 Verum
2018 4053 2075 4108 in

499 4143 601 4199 hoc
625 4142 846 4215 quidem
876 4156 1046 4200 causa
1079 4142 1182 4198 fuit
1213 4144 1445 4207 utilitas,
1481 4144 1659 4200 virtus
1685 4143 1832 4199 enim
1867 4160 1985 4200 mea
2017 4146 2074 4200 in

498 4236 816 4294 infirmitate
873 4237 1157 4309 perﬁcitur
1195 4237 1263 4292 “.
1302 4255 1324 4290 ι
1374 4235 1438 4291 In
1483 4235 1632 4293 Mose
1678 4252 1804 4293 vero
1835 4237 2071 4308 iustitia,

495 4328 755 4399 quoniam
785 4328 1115 4400 transgressi
1143 4327 1279 4384 estis
1307 4327 1535 4383 verbum
1573 4329 1939 4399 meum,quod
1980 4344 2074 4386 sa-

495 4433 567 4473 ne
620 4432 787 4474 sensu
817 4430 922 4472 suo
968 4414 1039 4471 ad
1094 4415 1266 4487 legem
1315 4416 1562 4487 respicit,
1594 4431 1716 4487 qua:
1773 4416 2073 4486 perfectum

494 4510 726 4568 reddere
749 4525 862 4566 non
893 4517 1096 4579 potest,
1132 4525 1234 4566 nec
1260 4511 1685 4580 promissionem
1716 4511 2027 4568 instaurare
2055 4529 2069 4566 :

501 4619 520 4652 s
559 4598 832 4667 Quoniam
857 4600 1043 4667 justus
1069 4613 1135 4654 ex
1163 4597 1269 4655 fide
1299 4600 1443 4654 vivet
1488 4599 1553 4655 ⁸⁷.
1596 4618 1616 4652 ι
1667 4598 1788 4655 Non
1845 4602 2072 4656 minima

2263 3513 2529 3586 Ἀνάϐηοι
2560 3515 2641 3579 είς
2671 3514 2732 3568 τὸ
2754 3515 2881 3587 ὅρος
2906 3516 3117 3571 Ναδάϐ.
3152 3514 3433 3587 Κρείττων
3460 3514 3489 3567 ὁ
3518 3514 3768 3583 Μωῦσῆς

2191 3604 2424 3675 Ἀαρών.
2478 3604 2570 3658 Διδ
2612 3605 2710 3659 καὶ
2758 3605 2947 3676 βλέπει
2979 3606 3078 3678 τὴν
3127 3608 3252 3677 γῆν,
3302 3607 3399 3660 καὶ
3428 3606 3530 3674 τὴν
3578 3605 3765 3659 αἰτίαν

2181 3696 2468 3767 μανθάνει,
2519 3698 2591 3753 δι’
2633 3698 2702 3770 ἢν
2750 3699 3016 3754 εἰσελθεῖν
3061 3699 3163 3754 οὐκ
3201 3698 3450 3770 ἠξίωται.
3496 3697 3611 3753 Καὶ
3658 3697 3763 3769 τὴν

2181 3789 2318 3846 ίδίαν
2376 3790 2640 3863 τελευτὴν
2701 3794 3019 3864 προακήκοε
3041 3835 3057 3861 ,
3119 3791 3325 3864 μᾶλλον
3393 3791 3450 3845 δὲ
3508 3792 3605 3845 καὶ
3660 3793 3765 3861 τὴν

2188 3883 2421 3956 ’Δαρὼν,
2465 3884 2678 3937 ἐκείνου
2717 3884 2950 3956 μηδενὸς
2996 3884 3107 3938 τῶν
3153 3884 3463 3956 εἰρημένων
3504 3881 3766 3947 ἀξιωθέν-

2175 3992 2290 4041 τος.
2357 3976 2518 4032 Οὕτω
2565 3979 2662 4031 καὶ
2702 3977 2913 4042 Παῦλος
2949 3978 3211 4049 μανθάνει
3256 3978 3357 4048 τὴν
3409 3977 3611 4040 αἰτίαν,
3657 3979 3764 4047 τῆς

2175 4069 2402 4140 χάριτος
2434 4070 2512 4133 είς
2539 4067 2685 4123 τασιν
2726 4069 2803 4139 μὴ
2831 4067 3034 4139 τυχών.
3079 4087 3097 4121 ι
3133 4067 3507 4138 Ἀλλ’«ὲκείνῳ
3537 4065 3640 4136 μὲν
3665 4067 3762 4121 αῖ-

2174 4177 2290 4215 τιον
2313 4160 2376 4214 τὸ
2411 4159 2716 4232 συμφέρον.
2756 4161 2822 4213 Ἦ
2868 4160 2980 4230 γὰρ
3015 4159 3244 4231 δύναμίς
3285 4177 3387 4231 μου
3417 4159 3476 4213 ὲν
3498 4158 3761 4230 ἀσθενείᾳ

2173 4252 2493 4307 τελειοῦται.
2521 4270 2540 4303 t
2570 4251 2697 4305 Ἐπὶ
2724 4251 2782 4306 δὶ
2810 4252 3094 4317 Μωῦσέως
3113 4253 3175 4306 τὸ
3197 4252 3430 4315 δίκαιον,
3448 4251 3576 4304 ’Ὁτι
3607 4267 3758 4321 παρ-

2175 4344 2338 4415 έϐητε
2389 4345 2450 4399 τὸ
2496 4344 2652 4415 ῥῆμά
2698 4361 2823 4415 μου.
2864 4345 2930 4398 Ὀ
2971 4344 3035 4415 δὴ
3086 4343 3181 4398 καὶ
3227 4342 3500 4413 σύμϐολον
3539 4344 3622 4405 εις
3661 4342 3760 4395 τὸν

2172 4438 2338 4507 νόμον
2386 4436 2629 4492 τελειοῦν
2679 4437 2755 4508 μὴ
2798 4436 3124 4507 δυνάμενον,
3181 4435 3304 4489 οὐδὲ
3357 4435 3457 4508 τὴν
3510 4435 3757 4503 επαγγεο

2172 4530 2296 4584 λίαν
2327 4528 2815 4599 ἀποκαταστῆσαιο
2879 4547 2898 4581 ι
2924 4528 3047 4582 Ὅτι
3082 4530 3112 4581 δ
3155 4526 3365 4591 δίκαιος
3411 4527 3476 4579 ὲκ
3513 4524 3757 4588 πίστεως

2172 4617 2417 4692 ζήσεται.
2448 4639 2468 4672 ι
2502 4618 2653 4690 Τιμὴ
2677 4618 2734 4673 δὲ
2762 4619 2855 4673 καὶ
2885 4617 3024 4689 αὕτη
3054 4617 3116 4671 τδ
3146 4616 3461 4687 προγνῶναι
3502 4617 3571 4669 τὰ
3598 4616 3755 4687 εἰρη-

493 4706 716 4762 quoque
744 4704 873 4764 pars
910 4691 1140 4748 honoris
1172 4699 1277 4759 est,
1316 4705 1497 4747 rerum
1531 4692 1917 4763 praedictarum
1966 4693 2067 4749 ha-
2099 4705 2143 4762 Β
2171 4691 2330 4782 μένα,

492 4784 622 4840 bere
654 4783 1048 4855 cognitionem.

561 4876 834 4933 Caeterum
866 4876 1092 4948 jamjam
1123 4876 1425 4933 moriturus
1472 4875 1670 4944 Moses,
1712 4878 2068 4934 commisera-

493 4967 658 5024 tionis
681 4982 791 5023 non
823 4967 1196 5035 obliviscitur,
1231 4981 1422 5024 curam
1451 4969 1564 5039 agit
1594 4967 1804 5040 populi,
1835 4975 1890 5025 et
1936 4984 2068 5025 sue-

2257 4884 2345 4942 Ἐν
2372 4887 2694 4960 συμπαθείᾳ
2722 4886 2991 4942 τελευτῶν
3043 4885 3283 4958 φείδεται
3324 4885 3418 4940 τοῦ
3460 4884 3619 4951 λαοῦ,
3660 4884 3759 4938 καὶ

2169 4979 2312 5045 ἀξιοῖ
2341 4980 2679 5051 καταστῆναι
2722 4978 2988 5049 διάδοχον.
3025 4978 3137 5033 Καὶ
3167 4974 3339 5041 ὅντως
3381 4974 3599 5045 θέλημα
3643 4972 3757 5027 τῶν

490 5075 769 5118 cessorem
797 5061 1138 5120 constituere
1171 5063 1451 5134 dignatur.
1483 5061 1601 5117 Non
1650 5062 1817 5132 igitur
1839 5062 2067 5118 dubium

2176 5071 2520 5142 φοϐουμένων
2544 5071 2724 5125 αὐτῶν
2754 5071 2989 5143 ποιήσει,
3044 5068 3187 5124 κατὰ
3214 5069 3275 5123 re
3294 5084 3307 5098 ο
3351 5085 3371 5119 ι
3393 5067 3628 5132 Αἰτεῖτε,
3660 5065 3757 5118 καὶ

490 5162 572 5210 est
606 5155 740 5226 quin
790 5155 1129 5210 voluntatem
1190 5169 1346 5211 suam
1390 5154 1716 5210 timentibus
1767 5169 1827 5211 se
1880 5153 2066 5211 Domi-

492 5261 597 5303 nus
621 5245 998 5301 accommodet
1025 5245 1091 5310 “,
1141 5242 1597 5317 quemadmoilnm
1648 5245 1828 5317 inquit
1862 5265 1874 5300 :
1913 5266 1931 5299 ι
1963 5245 2066 5303 Pe-

489 5338 590 5395 tite
634 5348 689 5395 et
736 5337 1108 5411 accipietis".
1165 5356 1184 5389 ι
1240 5339 1376 5393 Cum
1421 5340 1621 5394 ctenim
1678 5338 1727 5394 ei
1782 5341 2067 5395 annuisset

492 5431 656 5498 Deus,
712 5430 969 5502 producit
1014 5426 1181 5484 Josue
1220 5428 1336 5500 jam
1400 5431 1618 5501 quidem
1666 5431 2066 5487 consuetudine

488 5521 657 5579 Mosis
705 5520 1003 5586 initiatum,
1034 5518 1102 5574 ab
1147 5535 1214 5575 eo
1262 5534 1392 5576 vero
1421 5530 1777 5592 accepturum
1826 5522 2062 5591 regalem

489 5615 770 5684 spiritum,
827 5621 889 5667 ut
936 5610 1295 5668 domesticam
1345 5611 1465 5682 ejus
1529 5610 2063 5667 administrationem

558 5790 603 5822 "
630 5787 775 5844 Psal.
802 5802 993 5855 th'tu,
1025 5786 1114 5844 29.

2164 5157 2425 5233 λήψεσθε.
2464 5162 2832 5226 »Ἐπινεύσας
2855 5160 2964 5232 γὰρ
3007 5159 3138 5225 Θεὸς
3183 5157 3355 5231 αὐτῷ,
3398 5157 3635 5229 προάγει
3666 5155 3759 5209 τὸν

2182 5251 2426 5322 Ἰησοῦν·
2486 5251 2590 5324 ἤδη
2642 5252 2743 5324 μὲν
2784 5251 3118 5322 ἡγιασμένον
3172 5252 3238 5305 ὲκ
3282 5250 3382 5320 τῆς
3427 5246 3760 5321 παραμονῆς

2170 5344 2443 5410 Μωσέως,
2476 5346 2537 5398 τὸ
2569 5345 2799 5417 ἀρχικὸν
2835 5343 2891 5399 δὲ
2920 5344 3053 5417 παρ’
3078 5344 3243 5397 αὐτοῦ
3276 5343 3566 5413 μέλλοντος
3588 5340 3754 5395 maii-

2173 5452 2252 5507 μα
2280 5435 2466 5490 λαϐεῖν
2514 5436 2653 5508 πρὸς
2685 5436 2746 5490 τὸ
2786 5437 3006 5501 οἰκείως
3041 5433 3159 5490 ἀντ’
3199 5433 3364 5489 αὑτοῦ
3394 5433 3758 5501 καταστῆναι·

2196 5526 2279 5590 ὡς
2324 5527 2579 5599 Ἰωάννης
2620 5530 2679 5584 ὲν
2737 5527 3008 5598 πνεύματι
3054 5527 3239 5601 παρῆν
3298 5524 3482 5581 Ἦλιοῦ
3533 5524 3760 5595 πράξων

2171 5612 2286 5680 ιτα,
2332 5615 2427 5669 καὶ
2473 5616 2808 5689 προδραμεῖν
2843 5617 3054 5688 μέλλων
3083 5616 3316 5689 Κυρίου,
3364 5616 3458 5670 καὶ
3502 5612 3754 5688 εὐτρεπί-

1213 5786 1259 5818 ⁶⁶
1293 5782 1336 5838 ll
1364 5782 1496 5841 Cor.
1526 5799 1623 5851 su,
1664 5782 1718 5840 9.
1795 5783 1839 5818 “’
1866 5782 2024 5841 Rom.
2060 5803 2098 5854 ι,
2141 5785 2226 5841 l7.
2303 5788 2348 5821 “
2392 5786 2540 5845 Psal.
2574 5804 2758 5859 cxuv,
2800 5789 2885 5852 l9.
2965 5793 3011 5826 θ’
3044 5790 3236 5847 Matth.
3271 5806 3369 5858 vn,
3404 5791 3458 5847 7.
