4036 6214
349 351 458 430 871

1446 339 1986 419 COMMENTARII
2021 329 2106 414 1N
2141 329 2532 411 NUMEROS.

3519 347 3628 412 878

349 491 444 532 σαι
475 473 570 528 τδν
601 470 752 526 λιτάν’
803 473 861 524 ὲν
908 469 1018 539 γάρ
1051 467 1130 539 τῷ
1178 467 1332 539 αὐτῷ
1379 467 1656 539 πνεύματι
1683 467 1754 522 τά
1801 465 1942 520 αὐτὰ

2063 462 2200 519 ibire
2231 470 2436 536 posset.
2469 458 2942 527 Quemadmodum
2982 458 3226 516 Joannes
3269 459 3468 531 spiritu
3497 457 3616 514 Eli:

351 563 792 639 κατεργάζεσθαι
857 562 958 617 δεῖ.
1025 561 1100 614 Τὸ
1147 561 1522 632 ’κηδεμονικὸν
1581 561 1640 614 δὲ
1691 559 1786 613 τοῦ
1841 561 1940 630 dp-

349 671 537 732 χοντος
591 657 668 722 ὡς
719 655 814 710 ἐπὶ
876 653 1171 729 προϐάτων
1227 655 1399 725 δηλοῖ.
1451 653 1542 708 Διὸ
1593 654 1691 708 καὶ
1731 657 1760 707 ό
1807 654 1941 723 Χρι-

355 753 482 814 στὸς
553 748 634 820 τῷ
701 747 926 818 Πέτρῳ*
967 747 1138 817 φησί·
1228 766 1246 798 ι
1295 747 1470 800 Βόσκε
1544 746 1614 800 τά
1691 745 1944 816 πρόϐατά

354 861 480 914 μου.
525 859 543 894 ι

2048 554 2242 610 aderat
2271 551 2505 622 :rqualia
2551 559 2834 622 gesturus,
2878 565 3256 621 praeursurus
3287 549 3539 614 Domino,
3573 563 3627 606 et

2036 647 2428 702 instructurus
2459 642 2743 714 populum.
2779 641 2982 698 Eodem
3025 643 3170 698 enim
3204 643 3403 713 spiritu
3436 642 3625 699 eadem

2045 749 2268 808 quoque
2293 735 2533 808 gerenda
2569 741 2718 788 sunt.
2754 731 2968 814 lndieat
3002 742 3185 788 autem
3222 748 3332 788 non
3363 733 3626 788 minorem

2045 843 2233 885 curam
2279 827 2544 898 principis
2585 835 2710 882 esse
2751 825 2952 882 debere
2996 841 3162 896 super
3209 827 3429 896 pepulo,
3464 839 3628 896 quam

2043 920 2286 990 pastoris
2325 932 2492 990 super
2537 915 2756 971 ovibus.
2807 913 2964 971 Unde
3011 915 3269 972 Christus
3304 923 3438 973 san'e
3470 917 3630 973 Petro

2044 1013 2181 1069 dicit
2215 1035 2227 1068 :
2269 1031 2287 1064 ι
2314 1010 2488 1066 Pasce
2508 1025 2640 1067 oves
2668 1025 2819 1066 meas
2848 1010 2916 1063 ⁷ο.
2957 1029 2976 1060 ι

429 1155 912 1226 Quemadmodum
977 1153 1110 1214 vero
1143 1147 1379 1228 apostoli
1403 1169 1530 1212 cum
1565 1149 1820 1225 spiritum
1858 1151 2160 1214 vivificum.
2195 1162 2264 1202 ex
2309 1147 2672 1217 inspiratione
2705 1143 2909 1200 Christi
2963 1142 3252 1208 haberent,
3303 1158 3414 1200 non
3465 1145 3630 1200 aliam

357 1245 586 1318 regendi
616 1245 875 1316 peritiam
907 1245 1130 1302 caelitus
1160 1245 1391 1302 missam
1419 1250 1776 1312 acceperant,
1813 1253 2006 1296 verum
2059 1238 2219 1292 aliam
2255 1235 2556 1294 efﬁcaciam
2588 1234 2782 1290 eodem
2813 1232 3036 1303 spiritu,
3067 1239 3210 1290 teste
3239 1231 3414 1288 Paulo
3439 1233 3482 1265 '“
3513 1252 3527 1289 :
3559 1234 3634 1290 ita

358 1350 508 1390 nunc
538 1348 761 1406 quoque
785 1333 930 1388 idem
957 1333 1192 1404 spiritus
1223 1330 1538 1388 sacerdotis
1561 1329 1868 1386 ministerio
1897 1328 2054 1382 adest
2086 1325 2355 1381 mediator
2384 1324 2526 1394 apud
2573 1323 2742 1378 Deum
2773 1321 3080 1376 sacerdotis
3113 1329 3168 1376 et
3197 1321 3406 1392 populi,
3438 1330 3502 1378 ut
3538 1337 3637 1392 per

359 1422 666 1494 principem
693 1419 879 1476 aditus
916 1421 1142 1490 pateﬁat
1167 1419 1370 1490 populo
1401 1418 1470 1474 ad
1493 1433 1557 1475 ea
1591 1433 1714 1488 quae
1739 1417 2001 1474 sacerdos
2043 1430 2072 1469 a
2103 1413 2215 1470 Deo
2266 1410 2455 1470 refert.
2494 1409 2846 1483 Significatur
2877 1423 3009 1464 vero
3032 1407 3290 1466 Christus
3333 1411 3428 1482 qui
3471 1411 3636 1468 ambo

358 1511 547 1576 simul,
588 1517 644 1566 et
671 1523 766 1564 rex
796 1519 850 1566 et
873 1509 1137 1566 sacerdos
1161 1508 1344 1564 factus
1373 1514 1480 1564 est.

429 1597 500 1654 Et
517 1569 672 1652 dabis
695 1596 762 1652 de
777 1596 954 1666 gloria
973 1607 1066 1650 tua
1079 1613 1242 1666 super
1261 1613 1404 1652 eum.
1431 1591 1668 1667 [XXVIL
1691 1589 1808 1662 20.]
1831 1569 1949 1644 Non
1967 1587 2116 1644 enim
2137 1584 2361 1643 dantem
2380 1585 2436 1642 id
2458 1585 2604 1656 quod
2619 1573 2784 1640 datur
2809 1585 3034 1641 deserit.
3051 1583 3151 1637 Dat
3177 1599 3311 1640 vero
3333 1599 3435 1640 nec
3459 1585 3602 1657 inspi

357 1697 448 1742 rat
477 1686 622 1743 sicut
645 1684 924 1750 Christus,
957 1685 1232 1756 siquidem
1269 1684 1510 1756 Spiritus
1543 1682 1752 1736 nullum
1785 1679 1950 1756 habet
1979 1674 2206 1730 fontem.
2240 1673 2589 1742 Quapropter
2619 1687 2689 1728 ne
2723 1671 3038 1728 senioribus
3067 1670 3290 1740 quidem
3322 1673 3633 1743 inspiravit,

359 1775 498 1844 quin
531 1784 586 1831 et
621 1774 824 1830 ibidem
857 1789 886 1826 a
913 1755 1064 1830 Mose
1090 1775 1356 1840 ablatum,
1388 1771 1740 1843 septuaginta
1789 1755 1930 1822 viris'
1973 1763 2186 1819 tribuit.
2237 1761 2302 1814 Et
2333 1761 2423 1816 hic
2453 1759 2598 1816 Deus
2627 1760 2718 1830 qui
2749 1759 2902 1815 dedit
2935 1758 3071 1813 dicit
3099 1777 3112 1812 :
3151 1777 3169 1810 ι
3199 1757 3468 1828 imponite
3521 1775 3637 1814 ma-

359 1871 736 1928 nusvestras,
769 1871 824 1916 et
855 1877 964 1933 ego
1003 1861 1348 1918 benedicam.
1383 1880 1404 1914 ι

433 1969 634 2038 ὀπως
687 1970 1138 2026 εἰσακούσωσιν
1184 1970 1372 2026 αὐτοῦ
1425 1972 1480 2024 οἱ
1509 1969 1625 2024 vlo!
1687 1966 1946 2036 Ἰσραήλ.

2129 1957 2198 2014 Ut
2249 1959 2494 2014 obediaut
2549 1959 2597 2013 ei
2653 1957 2755 2026 ﬁlii
2801 1957 2998 2013 Israel.
3045 1955 3188 2031 βα]
3238 1956 3372 2012 Nam
3405 1959 3493 2028 qui
3530 1974 3636 2012 non

377 2063 436 2117 ’0
465 2062 574 2133 γάρ
615 2062 691 2134 μὴ
738 2063 834 2116 τοῦ
869 2061 1032 2132 φύσει
1059 2063 1321 2134 ἄρχοντος
1365 2059 1673 2133 μετασχὼν,
1704 2059 1951 2114 τουτέστι

360 2154 458 2208 τοῦ
504 2153 662 2222 ἁγίου
709 2153 1060 2223 Πνεύματος,
1105 2155 1166 2207 οὐ
1205 2135 1431 2208 δύναται
1461 2153 1674 2226 ἄρχειν.
1723 2152 1953 2221 ιΧωρὶς

363 2247 526 2318 ἐμοῦ,
551 2245 736 2318 φησιν,
759 2244 821 2298 οὑ
848 2245 1080 2298 δύνασθε
1117 2245 1292 2298 ποιεῖν
1321 2245 1496 2301 οὐδέν.
1530 2257 1548 2298 t
1585 2239 1694 2298 Kal
1725 2245 1755 2298 ό
1789 2243 1954 2298 Ἀπόέ

364 2337 550 2400 στολος
575 2351 592 2369 ο
637 2353 657 2387 ι
685 2335 766 2388 Δι’
812 2328 875 2388 οὗ
913 2334 1184 2404 ἐλάθομεν
1213 2335 1376 2405 χάριν
1410 2334 1506 2388 καὶ
1538 2333 1847 2404 ἀποστολὴν
1873 2334 1956 2397 εἰς

364 2423 616 2494 ὑπακοὴν
651 2423 908 2486 πίστεως.
939 2441 957 2476 ι
995 2423 1087 2476 Διδ
1118 2423 1275 2490 σοφοὶ
1311 2423 1412 2494 μὲν
1433 2423 1526 2478 καὶ
1547 2423 1768 2478 δυνατοὶ
1794 2421 1950 2494 βασι-

363 2515 476 2578 λεῖς
509 2515 700 2584 ἄρχειν
735 2513 838 2566 οὐκ
877 2513 1224 2584 ἠδυνήθησαν
1265 2512 1483 2584 άληθῶς
1504 2529 1518 2544 ·
1553 2513 1602 2565 οἱ
1645 2513 1704 2566 δὲ
1734 2513 1842 2566 τῶν
1864 2515 1959 2566 ἀν-

363 2607 662 2679 θρωπίνων
711 2605 1072 2678 ἐστερημένοι
1099 2601 1274 2678 ἦρξαν
1301 2606 1395 2661 καὶ
1437 2607 1821 2678 κεκρατήκασι
1861 2607 1958 2660 κό-

367 2715 509 2770 σμου
539 2697 766 2764 παντὸς,
799 2698 850 2750 οἱ
876 2695 1187 2750 ἀπόστολοι.

2057 2053 2318 2126 princeps
2371 2053 2638 2115 nascitur.
2674 2053 2778 2108 hoc
2806 2061 2913 2117 est,
2967 2053 3175 2124 Spiritu
3217 2061 3408 2108 sancto
3441 2052 3638 2122 praedi-

2059 2153 2150 2202 tus
2171 2153 2279 2210 est,
2313 2145 2585 2214 imperare
2633 2145 2848 2215 nequit.
2887 2159 2908 2196 ι
2933 2143 3065 2200 Sine
3112 2159 3198 2200 me
3225 2145 3395 2208 enim,
3439 2145 3638 2215 inquit.

2059 2239 2135 2292 nil
2179 2239 2411 2308 potestis
2459 2237 2642 2294 facere
2685 2237 2751 2292 ".
2821 2249 2840 2289 ι
2895 2235 3060 2309 426
3109 2237 3240 2292 ltem
3285 2237 3579 2307 Apostolus
3624 2257 3638 2294 :

2009 2355 2014 2360 -
2063 2329 2224 2385 'rPcr
2284 2343 2444 2399 quem
2508 2331 2828 2399 accepimus
2888 2330 3146 2400 gratiam,
3193 2337 3249 2384 et
3307 2329 3640 2385 functiOuem

2055 2419 2412 2488 apostolicam
2445 2417 2514 2472 ad
2542 2416 2909 2473 obedientiam
2945 2416 3069 2472 fidei
3095 2417 3159 2474 ".
3187 2433 3206 2470 ι
3237 2419 3379 2473 Hinc
3411 2419 3467 2473 fit
3496 2419 3640 2489 quod

2056 2511 2453 2582 sapientissimi
2506 2509 2710 2580 quique
2755 2524 2820 2563 ac
2870 2508 3243 2580 potentissimi
3287 2511 3449 2566 etiam
3500 2527 3642 2566 vera:

2055 2603 2442 2674 gubernationi
2477 2603 2716 2672 impares
2753 2599 2994 2666 fuerint,
3029 2613 3152 2656 cum
3185 2619 3216 2658 e
3245 2613 3438 2658 contra
3469 2605 3646 2658 omni-

2055 2696 2161 2750 bus
2188 2695 2448 2750 humanis
2493 2694 2660 2750 rebus
2702 2693 2947 2749 destituti
2982 2695 3216 2764 apostoli
3261 2710 3448 2767 regere
3480 2711 3648 2749 nore-

2066 2788 2202 2856 rint,
2227 2796 2513 2859 totumque
2542 2787 2810 2842 mundum
2848 2787 3187 2858 subegerint.

442 2893 512 2954 Et
543 2897 818 2956 consulem
843 2913 962 2952 eum
996 2909 1152 2968 super
1171 2897 1382 2968 Judicia
1403 2900 1666 2954 uisionum
1699 2915 1882 2954 coram
1913 2897 2166 2958 Domino.
2201 2901 2342 2976 [21.]
2373 2900 2539 2957 Jubet
2569 2917 2598 2954 a
2649 2900 2854 2971 populo
2905 2899 3125 2970 quidem
3179 2900 3394 2954 cbnsuli
3430 2901 3639 2971 princi-

368 3004 514 3059 pem,
547 2987 615 3042 ab
643 2987 750 3042 hoc
781 3001 910 3042 vero
941 2986 1304 3052 sacerdotem,
1338 2987 1409 3042 ab
1453 3002 1520 3042 eo
1573 2987 1812 3058 denique
1843 2989 2033 3044 Deum.
2065 2989 2196 3045 Item
2235 2999 2296 3044 ut
2341 2988 2580 3060 populus
2629 2987 2855 3042 dictatis
2908 2987 3178 3057 principis
3229 2995 3439 3057 pareat.
3480 3007 3498 3040 ι
3535 2989 3648 3045 Suo

369 3078 518 3132 enim
549 3082 818 3145 tempore,
845 3074 1048 3144 inquit,
1079 3075 1297 3130 dicetur
1326 3075 1516 3132 lsraeli
1545 3077 1693 3146 quod
1719 3075 1974 3134 facturus
2003 3084 2090 3133 est
2121 3075 2442 3132 Dominus.)
2483 3077 2551 3142 Et
2589 3076 2702 3130 haec
2735 3074 2964 3146 quidem
3003 3084 3378 3144 separatarum
3411 3077 3650 3134 functio-

369 3179 502 3219 num
533 3164 810 3234 copulatio
839 3173 944 3220 est.
971 3161 1228 3220 Christus
1264 3179 1396 3220 vero
1425 3179 1551 3221 cum
1579 3165 1742 3222 ambo
1793 3165 1962 3222 simul
1991 3163 2092 3231 sit,
2125 3179 2156 3218 a
2205 3163 2390 3234 seipse
2437 3163 2806 3234 quodcunque
2847 3160 2982 3228 edit,
3033 3161 3282 3231 nihilque
3339 3163 3650 3220 forinsecus

371 3253 623 3310 assumit.

443 3365 582 3438 Περὶ
613 3365 723 3420 τῶν
765 3365 975 3419 θυσιῶν
1019 3367 1130 3422 τῶν
1159 3367 1282 3422 καθ’
1331 3370 1569 3441 ἡμέραν,
1605 3372 1700 3424 καὶ
1745 3371 1962 3426 Σάϐϐαά

371 3475 486 3522 τον,
517 3461 612 3512 καὶ
639 3458 960 3530 Νουμηνίαν
989 3460 1328 3516 ὲπανέλασεν
1359 3461 1540 3527 αὖθις,
1575 3465 1670 3518 καὶ
1703 3464 1967 3529 πολλάκις

371 3549 534 3604 τοῦτο
585 3551 752 3614 ποιεῖ,
804 3550 866 3602 τὺ
909 3553 1010 3622 τῆς
1051 3551 1378 3621 νομοθεσίας
1422 3554 1712 3607 σπουδαῖον
1750 3553 1966 3616 δεικνὺς

377 3643 474 3694 καὶ
498 3641 594 3694 νῦν
623 3641 820 3710 ὥσπερ
851 3641 952 3710 τὴν
1002 3641 1256 3712 διαδοχὴν
1285 3643 1386 3711 τῆς
1423 3643 1682 3714 λατρείας
1727 3645 1966 3715 ἐγχειρί-

378 3725 490 3788 ζων
521 3726 598 3795 τῷ
627 3727 1048 3798 νεοκαταστάτῳ
1079 3730 1324 3799 ἄρχοντι.

449 3815 524 3868 re
548 3816 646 3886 τῆς
679 3815 940 3884 λατρείας
967 3817 1242 3888 ἐνδελεχὲς
1270 3821 1371 3874 οὐκ
1400 3822 1468 3892 ἐᾷ
1507 3821 1606 3890 τὴν
1654 3822 1964 3877 θεοσέϐειαν

377 3905 752 3978 ἁποψυγῆναι.
781 3905 875 3961 Διδ
914 3910 1006 3963 καὶ
1037 3907 1250 3974 Παῦλός
1280 3929 1416 3982 φησι
1438 3929 1451 3942 ·
1509 3932 1526 3965 ι
1559 3914 1650 3985 Τῷ
1693 3915 1962 3986 πνεύματι

377 3999 613 4066 ζέοντες,
635 3999 715 4071 τῷ
738 3999 928 4072 Κυρίῳ
959 4001 1320 4067 δουλεύοντες.
1349 4023 1366 4055 ι

447 4185 526 4258 Τῇ
555 4185 1022 4259 πεντεκαιδεκάτῃ
1055 4185 1260 4258 ἡμέρᾳ,
1295 4190 1576 4244 τουτέστιν
1625 4193 1683 4244 ὲν
1715 4195 1780 4264 τῇ
1818 4195 1963 4265 Σκη-

378 4279 636 4351 νοπηγίᾳ.
664 4273 742 4350 Τῇ
773 4272 874 4349 μὲν
903 4281 1013 4351 γάρ
1038 4282 1230 4352 πρώτῃ
1278 4282 1487 4354 ἡμέρᾳ,
1518 4284 1803 4356 δεκατρεῖς
1828 4289 1962 4342 τάτ-

378 4389 460 4425 τει
513 4373 748 4442 μόσχους
796 4373 876 4436 είς
928 4372 1160 4427 θυσίαν·
1197 4377 1264 4446 τῇ
1319 4374 1378 4428 δὲ
1419 4376 1684 4450 δευτέρᾳ,
1730 4377 1960 4434 δώδεκα.

380 4471 492 4524 Καὶ
539 4468 714 4532 οὕτως
761 4469 1070 4541 ὑφειμένως
1133 4469 1335 4542 μόσχον
1383 4472 1481 4526 ενα
1531 4473 1662 4546 περὶ
1727 4474 1832 4544 τῆς
1865 4476 1962 4544 ὀγ-

381 4561 632 4632 δόης(84)
658 4578 670 4589 ·
691 4561 757 4633 ἢν
783 4555 1066 4633 ἐπίσχεσιν
1087 4563 1372 4635 ὀνομάζει,
1395 4565 1470 4636 μὴ
1485 4565 1716 4636 ἔχουσαν
1739 4566 1962 4634 ἐξόδιον,

383 4655 518 4708 ἀλλὰ
540 4649 898 4728 [ἀνάπαυσιν]
933 4655 1194 4724 παντελῆ,
1229 4659 1456 4726 σημεῖον
1495 4660 1594 4728 τῆς
1626 4657 1836 4722 τελείας
1869 4660 1965 4713 καὶ

387 4747 616 4820 μονίμου
653 4745 954 4818 μελλούσης
991 4746 1252 4816 ἱδρύσεως
1280 4749 1428 4820 παρά
1458 4748 1597 4819 Θεῷ.

2136 3373 2408 3429 Caeterum
2455 3370 2607 3442 quod
2653 3371 2825 3441 legem
2875 3367 2941 3422 de
2985 3369 3226 3424 victimis
3289 3371 3651 3439 quotidianis,

2069 3463 2138 3518 de
2169 3463 2448 3526 Sabhatis,
2489 3471 2544 3518 et
2567 3459 2880 3516 Noriluniis
2913 3459 3000 3513 hic
3026 3461 3224 3528 repetit
3245 3471 3294 3515 et
3319 3461 3458 3518 alias
3487 3477 3650 3534 sape.

2067 3555 2266 3624 partim
2315 3553 2558 3609 studium
2610 3553 2938 3608 tuendarum
2988 3551 3166 3622 legum
3221 3553 3422 3616 innuit,
3453 3555 3652 3626 partim

2066 3645 2218 3700 vices
2248 3647 2432 3698 cultus
2469 3643 2642 3698 divini
2689 3644 2746 3696 in
2784 3657 2982 3698 manus
3015 3641 3182 3698 veluti
3225 3643 3653 3716 tradit-principi

1991 3762 2035 3820 ο
2068 3751 2245 3809 nuper
2277 3739 2604 3794 constituto.

2138 3831 2408 3884 Caeterum
2459 3828 2746 3898 religionis
2809 3829 3136 3884 exercitium
3197 3830 3384 3900 pietati
3441 3831 3650 3884 nullum

2067 3921 2312 3992 spatium
2364 3921 2638 3991 refrigerii
2680 3921 2956 3991 relinquit.
2995 3913 3151 3978 Unde
3203 3922 3403 3978 Paulus
3435 3939 3653 3994 quoque

2069 4010 2250 4082 inquit
2302 4030 2314 4065 :
2371 4031 2390 4064 ‹
2437 4010 2644 4081 Spiritu
2710 4012 2954 4069 viventes
3015 4027 3080 4068 ac
3131 4013 3362 4069 Domino
3405 4017 3654 4071 servien-

2069 4107 2153 4156 tes
2180 4099 2243 4153 7”.
2283 4117 2302 4152 ι

2139 4191 2314 4248 Porro
2337 4207 2400 4250 ea
2441 4207 2562 4263 qua:
2595 4193 2760 4248 modo
2789 4193 2934 4248 dicta
2964 4202 3094 4248 sunt
3147 4195 3366 4264 proprie
3405 4195 3470 4250 ad
3501 4195 3656 4251 deci-

2067 4286 2140 4341 mi
2171 4285 2349 4356 quinti
2372 4286 2480 4340 diei
2509 4284 2716 4340 mensis
2749 4285 2968 4354 septimi
2995 4285 3218 4350 festum,
3249 4283 3656 4342 Tabernaculo-

2066 4391 2188 4434 rum
2219 4377 2497 4438 videlicet,
2524 4375 2857 4432 referuntur.
2891 4375 3071 4430 Prima
3105 4377 3304 4432 etenim
3337 4379 3424 4432 die
3479 4378 3657 4432 tredeo

2070 4471 2176 4524 cim
2206 4469 2474 4540 juvencos
2505 4469 2775 4525 immolari
2815 4467 3013 4536 sancit,
3065 4469 3308 4524 secunda
3339 4483 3471 4524 vero
3515 4470 3654 4522 duo-

2073 4561 2274 4618 decim.
2310 4561 2462 4617 Adeo
2495 4575 2551 4614 ut
2579 4578 2746 4616 unum
2775 4559 3066 4616 subtrahat
3097 4562 3162 4615 ad
3198 4569 3447 4616 octavam
3483 4577 3657 4632 usque

2071 4653 2256 4720 diem,
2319 4669 2484 4724 quam
2549 4653 2932 4708 inhihitionem
3003 4662 3204 4718 vocat,
3257 4670 3379 4724 quae
3439 4669 3656 4710 onmem

2070 4742 2278 4796 exitum
2328 4739 2752 4806 intercludebal,
2785 4740 2972 4810 jugem
3023 4743 3264 4813 requiem
3321 4744 3656 4806 continebat.

2075 4848 2486 4904 perennemque
2539 4833 2780 4888 futuram
2817 4833 3002 4888 sedem
3047 4835 3189 4904 apud
3241 4831 3406 4891 Deum
3446 4837 3657 4907 signiﬁ-

2077 4923 2260 4976 cabat.

457 5036 690 5107 Insuper
715 5050 843 5090 vero
869 5044 1064 5092 octava
1113 5035 1203 5090 die
1239 5051 1408 5090 unum
1437 5027 1737 5105 iuvencum
1772 5033 2083 5099 constituit,
2135 5049 2258 5088 cum
2293 5041 2476 5088 tamen
2509 5033 2634 5090 aliis
2671 5033 2868 5088 diebus
2887 5033 3110 5099 iuvenci
3155 5035 3496 5104 complures,
3551 5034 3672 5090 duo.

389 5127 519 5180 item
565 5125 706 5180 hirci
755 5123 1106 5188 oll'errentur,
1161 5138 1376 5179 necnon
1429 5132 1640 5194 septem
1703 5139 1878 5195 agnos
1918 5137 2020 5194 pro
2069 5121 2459 5192 septemdecim
2517 5120 2752 5176 aliorum
2795 5121 3010 5175 dierum
3058 5121 3238 5176 afferri
3272 5125 3542 5194 przecipit.
3585 5125 3662 5178 Ac

392 5227 535 5266 unus
567 5211 786 5280 quidem
809 5211 1083 5276 juvencus
1119 5211 1210 5266 ille
1242 5211 1539 5265 multorum
1577 5211 1700 5266 loco
1749 5211 2088 5276 immolatus,
2127 5211 2385 5280 ariesque
2443 5224 2587 5264 unus
2621 5223 2722 5279 pro
2751 5207 2967 5264 duobus
3013 5209 3318 5264 unitiouem
3367 5213 3661 5279 utriusque

392 5297 575 5368 populi
605 5300 870 5352 extremis
901 5297 1240 5366 temporibus
1284 5295 1523 5351 futuram
1557 5297 1696 5352 citra
1739 5301 2175 5354 controversiam
2231 5297 2540 5368 portendet,
2591 5297 2737 5352 sicut
2773 5295 3038 5352 Dominus
3082 5311 3307 5368 quoque
3347 5299 3539 5362 sentit,
3579 5299 3661 5352 in-

392 5385 590 5456 quiens
623 5404 637 5440 :
681 5403 700 5436 ι
729 5381 797 5438 Ut
829 5399 1020 5440 omnes
1045 5399 1210 5438 unum
1251 5384 1382 5448 sint,
1418 5385 1882 5454 quemadmodum
1926 5401 2030 5455 ego
2067 5393 2122 5440 et
2154 5393 2235 5450 tu,
2285 5381 2474 5450 Pater,
2511 5399 2678 5438 unum
2715 5397 2909 5439 sumus
2933 5381 2995 5436 ".
3036 5402 3056 5436 ι
3115 5381 3334 5454 Septem
3369 5399 3500 5438 vero
3529 5385 3658 5454 agni

462 5539 508 5570 ⁷⁸
536 5537 694 5594 Joan.
733 5553 847 5606 xxi,
881 5539 970 5594 l7.
1044 5537 1088 5569 "
1129 5535 1150 5590 l
1180 5535 1312 5592 Cor.
1343 5549 1445 5600 vn,
1477 5537 1530 5589 7.
1609 5537 1656 5570 "
1687 5535 1846 5592 Joan.
1879 5553 1970 5603 xv,
2027 5537 2082 5592 5.
2159 5538 2208 5570 ⁷³
2237 5533 2280 5590 ll
2355 5534 2517 5594 Rom.
2549 5551 2588 5604 ι,
2621 5535 2678 5595 5.

397 5610 532 5674 xru',
565 5611 628 5662 2|
645 5649 658 5663 .

2783 5539 2826 5572 ⁷³
2868 5536 3028 5596 Rom.
3061 5551 3162 5608 ιιι,
3215 5540 3302 5594 ll.
3420 5541 3470 5574 "
3497 5537 3658 5598 Joan.

1905 5699 2136 5778 sum.

461 5799 518 5867 (8
532 5798 576 5854 ll
597 5799 771 5869 Μέχρι
797 5799 892 5870 τῆς
921 5795 1134 5868 ὀγδόης.
1173 5795 1234 5850 '0
1267 5795 1365 5865 τῆς
1394 5795 1528 5864 Λὺτ.
1563 5793 1690 5848 κὼδ.
