4036 6214
435 318 546 385 ’879
1735 319 2029 387 PROCOP

2121 323 2368 384 ΘΑΖᾸΞΙ
3592 323 3706 389 880

444 449 543 506 pro
574 428 997 505 quattuordecim
1031 428 1417 490 dimissionem
1449 432 1643 506 utique
1667 435 1986 507 significare
2017 436 2255 508 possint,
2286 451 2407 506 qua:
2437 432 2671 506 septimo
2709 448 2856 490 anno
2878 438 3035 504 juxta
3068 433 3241 507 legem
3267 434 3450 502 fiebat,
3478 440 3708 510 quando

442 521 694 577 videlicet
720 519 980 591 gentibus
1002 534 1127 589 qua
1164 519 1307 577 divis
1333 521 1645 578 servierunt
1672 535 1899 594 peccata
1948 524 2321 587 dimittentnr,
2368 532 2425 577 et
2471 538 2539 576 ex
2572 522 2840 577 servitute
2881 522 2938 575 in
2974 520 3283 576 libertatem
3314 532 3541 579 asserta:
3592 523 3714 580 Deo

443 617 572 663 totae
605 606 973 663 adducentur.
1012 605 1262 677 Septimo
1293 608 1443 665 enim
1475 623 1626 667 anno
1664 611 1803 683 legis
1826 611 1957 682 jure
1987 612 2043 666 in
2081 609 2387 667 libertatem
2441 607 2878 665 transferebatur
2910 623 3131 664 servus.
3157 607 3430 665 Caeterum
3464 625 3493 663 a
3548 612 3714 669 nobis

439 696 672 767 requirit
694 703 754 750 ut
783 695 980 752 diebus
1012 695 1172 753 festis
1198 696 1254 752 in
1286 696 1486 768 primis
1524 713 1725 756 suaves
1768 702 2055 755 mittamus
2083 699 2309 766 odores,
2366 707 2623 769 totosque
2671 696 2781 752 Deo
2829 696 3217 752 devoveamus.
3253 696 3465 770 Duplex
3520 707 3712 756 autem

412 776 589 856 'jngis
616 784 780 853 hujus
814 784 1052 840 victima:
1095 785 1419 841 exercitium
1473 794 1581 853 est,
1635 788 1966 843 matutinum
2017 794 2073 842 et
2120 783 2518 854 vespertinum,
2563 783 2710 853 quod
2747 782 2909 838 nobis
2941 778 3209 839 indicium
3261 784 3395 840 facit
3426 785 3497 841 ab
3549 787 3712 842 initio

444 876 566 929 vita:
595 872 660 926 ad
694 872 856 928 finem
887 873 1009 942 ejus
1041 888 1216 944 usque
1248 872 1451 931 odores
1483 872 1611 930 illos
1640 888 1767 931 esse
1796 873 2141 938 retinendos,
2171 871 2240 926 ad
2267 872 2630 927 imitationem
2661 870 2786 942 agni
2815 871 2909 943 qui
2934 886 2991 927 se
3018 870 3128 928 Deo
3155 881 3210 928 et
3241 872 3385 928 Patri
3414 888 3516 945 pro
3543 875 3712 931 nobis

442 962 662 1025 obtulit,
698 976 797 1015 nec
828 969 934 1015 tam
971 976 1086 1016 suae
1134 975 1299 1032 quam
1352 970 1556 1017 nostrae
1597 963 1724 1017 vitae
1757 961 2088 1018 suavitatem
2154 961 2507 1032 futuramque
2553 961 2796 1016 laetitiam
2831 962 3038 1017 attulit.
3092 960 3209 1018 Hoc
3251 964 3399 1019 enim
3457 964 3712 1035 similago

442 1064 568 1101 cum
603 1048 731 1101 vino
759 1056 812 1102 et
844 1047 965 1101 oleo
996 1048 1225 1101 subacta
1253 1047 1456 1102 innuit.
1498 1046 1673 1104 Porro
1703 1061 1800 1119 per
1831 1050 2110 1105 victimam
2148 1048 2477 1105 matutinum
2512 1048 2930 1120 significabatur
2962 1064 3186 1121 quoque
3228 1052 3339 1105 vita
3367 1066 3490 1123 quae
3525 1052 3582 1106 in
3606 1068 3707 1124 pa-

443 1136 626 1191 radiso
649 1143 776 1189 ante
800 1135 1299 1205 transgressionem
1329 1133 1453 1199 fuit,
1485 1151 1582 1206 per
1614 1136 1982 1206 vespertinam
2016 1150 2149 1193 vero
2173 1136 2453 1193 restitutio
2486 1137 2663 1193 nostri
2693 1150 2791 1206 per
2813 1133 3167 1193 Servatorent
3198 1139 3462 1195 extremis
3494 1150 3710 1212 tempo-

393 1287 403 1297 _
442 1226 598 1278 rihus
629 1223 789 1277 nobis
830 1220 1103 1277 redditum
1136 1221 1304 1277 facta.
1336 1220 1395 1276 in
1426 1220 1651 1277 Christo
1682 1234 1813 1278 vero
1843 1221 2010 1278 ferias
2040 1232 2267 1295 agentes
2300 1223 2585 1294 multiplex
2617 1224 2808 1279 odoris
2838 1224 3145 1293 spiritualis
3184 1226 3472 1283 incensum
3503 1226 3705 1284 olore-

440 1328 565 1367 mus
598 1310 734 1366 Deo.
785 1308 907 1365 iam
945 1323 1079 1364 vero
1112 1309 1240 1365 novi
1292 1310 1499 1365 mensis
1527 1310 1819 1367 exordium
1849 1325 2047 1365 novam
2080 1312 2275 1377 vitam,
2324 1312 2438 1366 imo
2458 1311 2819 1368 novissimam
2860 1325 2981 1367 eam
3028 1327 3153 1383 qua:
3194 1312 3250 1367 in
3301 1315 3712 1373 resurrectione

441 1409 785 1454 mortuorum
818 1404 903 1452 est
935 1395 1142 1463 futura,
1179 1397 1428 1453 denotat.
1458 1396 1519 1452 in
1549 1412 1658 1469 qua
1688 1398 1832 1455 mori
1859 1396 2134 1469 oportebit
2168 1397 2302 1461 Deo,
2334 1412 2437 1453 nec
2466 1398 2707 1470 amplius
2733 1398 2791 1454 in
2816 1398 3060 1469 peccatis
3092 1400 3298 1467 vivere,
3321 1416 3511 1457 verum
3540 1401 3708 1457 vitam

444 1502 609 1558 agere
643 1499 940 1558 supernam
973 1501 991 1553 ;
1020 1484 1125 1540 hoc
1149 1486 1295 1540 enim
1316 1485 1679 1555 iuvencorum
1712 1492 1951 1553 statura,
1982 1499 2093 1555 qua
2122 1485 2357 1541 inferior
2388 1485 2603 1551 hircus,
2650 1501 2759 1558 qua
2808 1486 3049 1558 denique
3079 1487 3263 1553 minor
3287 1500 3557 1560 agnorum
3594 1497 3711 1558 est,

442 1576 624 1630 innuit
663 1590 678 1639 ;
710 1573 897 1645 quivis
926 1572 1071 1628 enim
1103 1573 1323 1643 praemia
1343 1572 1503 1643 juxta
1533 1587 1850 1630 mensuram
1881 1586 2039 1629 suam
2071 1580 2403 1645 accepturus
2432 1584 2536 1631 est.
2563 1570 2743 1631 Porro
2770 1573 2881 1631 duo
2909 1574 3097 1647 populi
3126 1589 3227 1646 per
3250 1576 3522 1646 juvencos
3568 1577 3710 1634 duos

440 1663 793 1716 denotantur.
824 1657 1030 1716 Horum
1053 1674 1185 1715 vero
1215 1659 1394 1714 unitio
1428 1674 1528 1731 per
1554 1661 1783 1716 unicum
1817 1660 2045 1717 arietem
2088 1660 2479 1719 intermedium
2525 1662 2606 1718 fit.
2643 1661 2973 1719 Sanctorum
3003 1678 3135 1720 vero
3162 1673 3545 1721 consummata
3586 1679 3715 1738 per‘

443 1749 629 1813 fectio,
659 1761 757 1817 per
784 1753 994 1818 septem
1034 1761 1304 1817 agnorum
1336 1746 1748 1819 simplicitatem
1767 1747 2143 1818 significatur.
2193 1750 2441 1819 Quorum
2471 1766 2605 1809 sane
2642 1751 2985 1824 singulorum
3031 1751 3196 1809 donis
3233 1752 3509 1809 suavitate
3538 1762 3595 1809 et
3617 1754 3716 1823 ju-

442 1836 725 1891 cunditate
756 1833 1049 1905 respondet
1072 1833 1194 1904 ejus
1236 1833 1346 1889 vita
1375 1851 1390 1902 ;
1425 1835 1529 1890 hoc
1569 1835 1717 1890 enim
1748 1834 1931 1889 denuo
1984 1835 2243 1909 similago
2267 1839 2398 1895 vino
2440 1838 2672 1905 subacta
2701 1847 2758 1895 et
2788 1840 2911 1895 oleo
2945 1838 3050 1896 sibi
3083 1839 3223 1895 vult.
3268 1837 3472 1896 Hircus
3524 1849 3711 1895 autem

438 1925 741 1979 salutarem
779 1919 983 1977 Christi
1013 1921 1331 1991 passionem
1368 1921 1682 1987 adumbrat,
1711 1921 1875 1993 cujus
1902 1934 2041 1977 sane
2081 1923 2256 1994 gratia
2301 1924 2484 1982 omnis
2524 1925 2749 1981 victima
2798 1925 2947 1981 Patri
2980 1934 3208 1997 accepta
3243 1924 3370 1982 fuit.
3419 1944 3440 1979 ι
3464 1925 3595 1983 Sine
3624 1942 3715 1983 me

439 2014 615 2077 enim,
655 2010 855 2080 inquit,
913 2024 1022 2063 non
1053 2010 1285 2079 potestis
1330 2008 1547 2068 efficere
1586 2010 1889 2082 quidquam
1914 2010 1985 2065 ".
2037 2028 2056 2063 ι
2091 2009 2275 2079 Quare
2325 2017 2441 2071 haec
2471 2014 2693 2070 victima
2719 2014 2848 2071 aliis
2879 2014 3175 2087 copulatur
3205 2031 3445 2087 semper.
3506 2015 3715 2073 Deinde

443 2115 574 2153 vero
601 2099 721 2153 dies
753 2096 974 2167 septimi
1029 2097 1238 2152 mensis
1268 2097 1518 2153 ultimam
1566 2096 1846 2168 significat
1879 2097 2089 2166 tubam,
2149 2102 2220 2159 ad
2249 2102 2411 2175 cujus
2464 2104 2783 2176 clangorem
2833 2103 3039 2159 mortui
3070 2112 3383 2175 resurgent.
3430 2102 3712 2174 Jejunium

443 2203 571 2243 vero
600 2185 826 2241 decimae
854 2183 960 2239 diei
1009 2182 1173 2256 427
1206 2184 1373 2253 hujus
1421 2185 1627 2242 mensis
1649 2184 2003 2243 afl‘ectionum
2032 2188 2437 2261 jugulatiouem
2479 2175 2726 2245 denotat.
2762 2189 3032 2261 Deinceps
3079 2190 3195 2261 jam
3224 2191 3480 2247 victimas
3511 2192 3713 2247 decimi

442 2276 619 2345 quinti
661 2274 797 2342 diei,
830 2271 923 2344 qui
954 2273 1223 2343 septimus
1253 2271 1373 2327 festi
1426 2280 1567 2340 erat,
1608 2282 1923 2330 enumerat.
1969 2276 2049 2330 Ac
2089 2276 2415 2334 differentiis
2461 2277 2686 2350 quidem
2745 2277 3095 2333 victimarum
3146 2278 3286 2350 legis
3342 2279 3718 2336 modulatione

445 2362 734 2427 institutis,
778 2377 887 2416 non
921 2362 1106 2432 inepte
1131 2360 1350 2416 diversa
1386 2359 1555 2426 dona,
1603 2375 1841 2426 summa,
1876 2362 2076 2429 media,
2110 2366 2327 2431 ultima,
2363 2380 2464 2435 pro
2503 2364 2825 2420 animalium
2881 2365 3210 2421 excellentia
3265 2374 3365 2423 aut
3418 2367 3714 2443 tenuitate.

443 2455 772 2524 figurantur.
806 2449 1004 2507 Verum
1043 2450 1326 2506 enimvero
1356 2450 1554 2521 duplex
1583 2466 1776 2507 eorum
1809 2452 1900 2521 qui
1938 2451 2074 2522 legis
2103 2451 2332 2509 ductum
2367 2454 2547 2510 secuti
2595 2460 2747 2521 sunt,
2791 2462 3006 2523 tempus
3037 2460 3125 2509 est
3156 2471 3170 2508 :
3208 2467 3447 2525 quorum
3478 2455 3716 2509 alterum

441 2543 667 2614 quidem
704 2539 769 2595 ad
805 2538 1075 2595 Joannem
1101 2537 1402 2610 Daptistam
1436 2554 1613 2610 usque
1648 2539 1975 2595 extenditur
2012 2558 2029 2594 :
2070 2540 2302 2594 alterum
2335 2552 2473 2595 vero
2527 2539 2783 2603 ulterius,
2830 2554 2942 2609 quo
2974 2547 3219 2610 tempore
3264 2540 3462 2594 iterum
3499 2542 3720 2611 aliquos

444 2630 714 2686 claruisse
747 2629 931 2686 simile
962 2636 1050 2684 est
1078 2643 1229 2690 vero,
1258 2629 1411 2683 velut
1460 2626 1781 2682 Zachariam
1826 2635 1880 2681 et
1916 2625 2215 2682 Elisabeth.
2258 2626 2425 2698 Atqui
2470 2642 2734 2682 numerus
2766 2626 3060 2681 vitulorum
3097 2626 3333 2683 subinde
3366 2627 3720 2694 diminuitur,

446 2718 705 2773 nimirum
737 2716 886 2788 quod
908 2715 1068 2771 electi
1098 2716 1334 2772 subinde
1361 2714 1644 2782 deficiant,
1686 2713 1836 2771 omni
1887 2722 2134 2786 tempore
2163 2714 2391 2783 penuria
2428 2714 2677 2785 ipsorum
2730 2712 2798 2768 ad
2835 2714 3133 2783 septimum
3167 2729 3339 2785 usque
3385 2714 3531 2770 diem
3557 2715 3721 2772 labo—

443 2814 622 2871 rante,
656 2806 761 2859 hoc
809 2811 914 2865 est.
950 2804 1017 2858 ad
1065 2802 1362 2859 adventum
1397 2801 1707 2859 Servatoris
1741 2802 1938 2864 nostri,
1983 2815 2095 2872 quo
2148 2809 2397 2871 tempore
2427 2807 2683 2856 cessante
2732 2808 2961 2871 peccato
3012 2808 3067 2855 et
3107 2802 3366 2870 praesenti
3394 2803 3599 2858 saeculo
3651 2806 3721 2859 ad

445 2896 606 2949 finem
633 2893 745 2964 jam
776 2892 1085 2947 inclinante
1114 2906 1285 2947 verus
1328 2890 1706 2946 sabbatismus
1735 2889 1862 2945 erit.
1900 2889 2052 2944 Unde
2096 2899 2356 2945 octavum
2386 2889 2727 2960 egressionis
2756 2889 2900 2947 diem
2937 2889 3301 2962 nuncupavit,
3353 2890 3578 2963 quando
3622 2907 3724 2962 per

445 2963 910 3037 resurrectionem
940 2976 1125 3032 cultus
1149 2963 1289 3047 legis
1318 2978 1562 3044 transiit,
1597 2992 1694 3047 per
1720 2990 1887 3047 quam
1915 2989 2091 3032 novus
2123 2977 2557 3033 adumbrabatur
2588 2979 2827 3050 populus
2856 2979 2948 3049 qui
2999 2977 3344 3047 fortitudine,
3381 2980 3721 3053 integritate,

442 3077 498 3123 et
531 3067 851 3123 sinceritate
882 3065 1134 3136 polleret.
1169 3065 1272 3120 Per
1297 3064 1597 3134 juvencum
1629 3065 1889 3135 denique,
1914 3070 1975 3118 et
2005 3065 2253 3131 arietem,
2305 3074 2360 3120 et
2403 3079 2574 3135 agnos
2609 3066 2701 3135 qui
2732 3078 2966 3121 numero
2993 3063 3425 3136 perfectissimo,
3460 3077 3725 3138 septena-

444 3159 530 3211 rio
563 3154 777 3212 scilicet
813 3160 1095 3217 constant,
1126 3160 1183 3209 et
1214 3153 1452 3216 hircum,
1480 3151 1686 3207 Christi
1720 3152 1944 3207 victima
1979 3150 2346 3222 significatur.
3361 3172 3369 3185 ·

519 3240 646 3298 Non
676 3243 894 3296 irritum
944 3240 1103 3310 (acie:
1151 3240 1367 3295 verbum
1413 3254 1591 3294 suum.
1650 3236 1843 3310 [XXX,
1893 3237 1974 3310 3.]
2004 3241 2060 3293 Si
2093 3239 2238 3293 enim
2272 3238 2483 3293 homini
2537 3239 2760 3294 mentiri
2801 3252 2968 3310 grave
2995 3246 3102 3305 est,
3135 3249 3345 3308 quanto
3373 3240 3550 3311 magis
3577 3240 3723 3304 Deo,

445 3330 608 3401 cujus
633 3329 980 3399 majestatem
1010 3342 1136 3382 cum
1192 3327 1556 3391 declarasset,
1596 3326 1796 3397 inquit,
1853 3327 2116 3397 quoniam
2157 3326 2301 3382 Deus
2331 3327 2389 3381 in
2424 3328 2569 3383 caelo
2601 3341 2769 3398 supra
2820 3336 2929 3395 est,
2969 3335 3027 3383 et
3056 3336 3112 3382 tu
3142 3342 3310 3398 super
3341 3338 3524 3396 terra,
3552 3330 3725 3405 infra.

445 3420 715 3476 Caeterum
747 3418 852 3473 hoc
878 3415 948 3471 ad
980 3415 1348 3471 imitationem
1379 3414 1588 3472 dictum
1618 3422 1703 3471 est
1731 3414 1825 3471 Dei
1853 3415 1948 3487 qui
1973 3414 2157 3486 inquit
2184 3430 2200 3468 :
2239 3432 2259 3466 ι
2297 3412 2417 3470 Non
2448 3414 2669 3469 irritum
2710 3413 2914 3470 faciam
2945 3414 3128 3472 fcedus
3156 3429 3338 3472 meum
3370 3415 3441 3472 ".
3481 3435 3506 3473 ι

518 3531 674 3600 Quod
706 3545 839 3587 vero
862 3530 931 3587 de
954 3544 1055 3586 sua
1084 3530 1360 3603 cujusque
1383 3530 1566 3586 anima
1610 3528 1767 3594 dicit,
1796 3528 1902 3584 hoc
1930 3519 2037 3593 est,
2069 3524 2112 3583 Δ

2213 3529 2288 3583 Τὸ
2325 3528 2456 3601 περὶ
2496 3529 2597 3601 τῆς
2643 3528 2839 3584 ἑαυτοῦ
2883 3522 3414 3601 ψυχῆςίτουτέστιν
3439 3531 3475 3603 ἢ
3503 3534 3726 3604 τροφῶν

448 3626 496 3681 si
541 3625 789 3681 ciborum
818 3616 1233 3680 abstinentiam
1291 3623 1505 3680 voverit
1545 3631 1640 3677 aut
1695 3622 2028 3688 tonsionem,

2136 3621 2350 3693 ἀποχὴν
2393 3620 2609 3689 εὔξαιτο
2632 3662 2647 3689 ,
2678 3621 2717 3693 ἢ
2742 3620 3051 3693 ἁπόκαρσιν
3072 3661 3088 3689 ,
3118 3620 3156 3692 ἢ
3195 3621 3493 3693 πρόϐατον,
3548 3625 3585 3695 ἢ
3618 3627 3724 3696 μό.

446 3733 603 3776 ovem
632 3729 725 3775 aut
754 3718 986 3774 vitulum
1023 3716 1235 3774 offerat.
2138 3728 2286 3784 σχον.

518 3834 625 3892 Ubi
652 3833 948 3891 Malachias
975 3833 1182 3906 optima
1210 3847 1441 3904 quisque
1463 3831 1737 3887 adducere
1771 3828 2021 3903 praecxpit
2055 3847 2069 3882 :
2112 3846 2130 3880 ι
2170 3824 2529 3894 Maledictus,
2565 3825 2777 3889 dicens,
2824 3827 2919 3897 qui
2973 3826 3029 3883 in
3077 3843 3242 3900 grege
3275 3843 3378 3884 suo
3412 3829 3724 3886 masculum

448 3926 635 3994 habet,
671 3933 726 3982 et
755 3932 941 3981 votum
977 3938 1309 3994 nuncupatis
1330 3923 1581 3977 immolat
1608 3920 1881 3992 abjectum
1905 3916 2137 3973 Domino
2150 3914 2220 3970 ⁷⁸.
2258 3932 2279 3968 ι
2311 3914 2438 3986 Ipsa
2464 3930 2598 3971 sane
2623 3914 2820 3986 Iephte
2842 3915 2953 3971 filia
2973 3916 3021 3951 "
3056 3924 3287 3972 mortem
3320 3914 3507 3973 subire
3530 3919 3730 3973 maluit

447 4015 635 4087 potius
687 4030 850 4087 quam
879 4022 942 4070 ut
974 4013 1150 4085 patris
1174 4022 1362 4068 votum
1391 4025 1597 4067 vanum
1622 4010 1972 4081 mendaxque
1999 4008 2175 4070 fieret,
2196 4003 2451 4074 quamvis
2487 4002 2767 4075 ignoraret
2822 4018 2882 4060 se
2926 4011 3115 4076 typum
3169 4004 3429 4060 salutaris
3463 4005 3726 4072 victima,

449 4120 545 4176 per
574 4104 750 4174 ipsam
779 4104 1103 4174 figuratum,
1134 4114 1548 4157 consummare.
1586 4098 1940 4170 Quapropter
1964 4111 2100 4154 sane
2127 4111 2156 4151 a
2189 4094 2625 4166 reprehensione
2656 4094 2900 4151 immune
2937 4095 3043 4151 hoc
3082 4094 3289 4150 factum
3312 4104 3453 4162 erat,
3481 4110 3587 4152 nec
3620 4096 3727 4151 ali-

448 4192 595 4265 quod
624 4193 932 4265 exemplum
961 4190 1148 4258 habet,
1180 4205 1247 4246 eo
1277 4189 1422 4261 quod
1454 4189 1539 4245 lex
1564 4204 1672 4244 non
1718 4188 1813 4253 sit,
1862 4186 2008 4259 quod
2044 4185 2212 4241 semel
2239 4184 2381 4257 signi
2412 4183 2589 4256 gratia
2617 4190 2702 4239 est
2724 4197 3077 4250 concessum,
3099 4183 3405 4256 praesertim
3431 4198 3565 4240 vero
3598 4199 3726 4241 cum

449 4280 595 4337 Deus
616 4280 900 4337 hominum
928 4277 1173 4335 victimis
1209 4277 1514 4348 abrogarit.

520 4396 783 4453 Caeterum
809 4393 918 4448 voti
942 4407 1140 4449 nomen
1169 4408 1277 4449 non
1306 4398 1549 4447 meretur
1572 4390 1717 4462 quod
1742 4397 2031 4460 parentum

2202 4386 2387 4459 Εὐχὴν
2423 4386 2486 4442 οὐ
2520 4385 2604 4441 δεῖ
2634 4384 2823 4441 λαϐεῖν
2851 4385 2953 4459 τὴν
3005 4385 3098 4440 ἐπ’
3140 4385 3340 4459 ἀτιμίᾳ
3379 4384 3589 4455 γονέων
3620 4384 3730 4439 ὑπὸ

452 4488 708 4547 dedecori
751 4484 994 4540 aliberis
1045 4483 1348 4555 suscipitur
1401 4493 1597 4540 contra
1628 4498 1827 4555 pravos
1850 4483 2035 4538 docto—

2135 4479 2339 4535 παίδων
2367 4479 2685 4553 γινομένην,
2718 4477 2862 4533 κατὰ
2887 4478 3017 4544 τοὺς
3056 4476 3332 4549 πονηροὺς
3364 4475 3729 4539 διδασκάλους

451 4596 543 4637 res
573 4593 639 4633 ac
689 4576 1003 4650 magistros,
1042 4577 1135 4646 qui
1185 4590 1280 4631 eos
1319 4575 1643 4640 subornant,
1670 4582 1729 4630 ut
1764 4592 1783 4627 ι
1817 4572 2035 4629 Corhau

2134 4569 2354 4642 λέγειν,
2417 4588 2437 4624 t
2475 4568 3027 4643 Παρασκευάζοντας,
3079 4569 3303 4643 Κορόἀν
3354 4567 3425 4624 ἂν
3480 4569 3541 4635 ἐξ
3590 4569 3728 4641 ipsi}

453 4672 528 4728 sit
571 4682 904 4741 quocunque
947 4681 977 4722 a
1017 4682 1105 4723 me
1150 4666 1376 4738 adjutus
1417 4665 1588 4722 fueris
1622 4667 1695 4734 θ’,
1744 4684 1764 4719 ι
1802 4665 2031 4722 dicant:

2133 4661 2451 4735 ὠφεληθῇς,
2485 4680 2505 4717 a
2535 4661 2671 4717 Θεοῦ
2699 4661 2931 4716 καθόλου
2958 4663 3129 4734 τιμᾷν
3155 4662 3368 4733 πατέρα
3391 4660 3491 4715 καὶ
3511 4661 3726 4733 μητέρα

454 4762 601 4818 Deus
629 4761 774 4817 enim
805 4761 860 4816 in
892 4759 1213 4816 universum
1246 4765 1461 4833 patrem
1503 4765 1558 4816 et
1597 4767 1825 4815 matrem
1854 4756 2035 4813 colere

2142 4754 2571 4827 προστάξαντος.
2608 4756 2708 4818 Ὃς
2729 4755 2825 4809 καὶ
2852 4754 3052 4827 ἀκυροῖ
3086 4755 3347 4824 γυναικὸς
3376 4755 3510 4819 νέας
3535 4755 3725 4827 εὐχὴν,

454 4853 732 4927 praecepit.
751 4851 858 4920 Qui
889 4866 1044 4908 novre
1064 4867 1285 4924 quoque
1312 4842 1495 4923 nuptae
1522 4858 1709 4907 votum
1731 4848 1876 4921 quod
1897 4848 2034 4903 citra

2145 4845 2221 4918 μὴ
2249 4846 2667 4908 συναινέσαντος
2684 4844 2781 4899 τοῦ
2815 4845 3063 4917 πυρός’
3092 4848 3190 4900 καὶ
3231 4846 3393 4900 πάλιν
3428 4846 3726 4917 ὑπάνδρου,

455 4946 907 5020 approbationem
938 4943 1111 5016 patris
1139 4945 1368 5010 factum,
1400 4941 1670 5014 infringit,
1708 4941 1838 4996 item
1870 4936 2037 4993 mari-

2144 4941 2221 5013 μὴ
2264 4941 2360 4994 τοῦ
2395 4940 2593 5011 ἀνδρὸς
2635 4938 3051 5002 ἐπινεύσαντος.
3105 4938 3181 4991 Th
3215 4939 3324 5010 γὰρ
3351 4938 3592 5009 ψευσθὲν
3624 4939 3723 4992 ὑπ’

452 5047 581 5095 tata:
602 5039 805 5093 marito
825 5053 933 5093 non
957 5037 1358 5093 consentiente.
1378 5033 1537 5102 Quod
1561 5031 1708 5089 enim
1731 5031 1835 5089 sub
1857 5029 2035 5100 majo-

2144 5032 2396 5100 ἐξουσίαν
2429 5030 2787 5102 ἀνέγκλητον,
2813 5029 2919 5084 κᾶν
2953 5029 3093 5101 μετὰ
3121 5029 3298 5084 ταῦτα
3325 5030 3591 5102 χηρεύσῃ.
3615 5047 3725 5101 φη-

454 5144 515 5188 re
546 5137 817 5202 potestate
848 5127 988 5185 falso
1020 5128 1221 5182 factum
1244 5135 1348 5192 est,
1368 5141 1521 5183 reum
1555 5138 1667 5181 non
1702 5122 1851 5179 facit.
1875 5120 2034 5189 Quod

2144 5126 2247 5192 σὶν,
2281 5124 2314 5197 ἢ
2343 5125 2437 5179 καὶ
2485 5125 2728 5196 χωρισθῇ
2784 5121 2879 5177 τοῦ
2911 5122 3128 5193 ἀνδρὸς.
3184 5120 3505 5176 Βεσαιοῦται
3552 5123 3611 5177 δὲ
3638 5123 3730 5177 διὰ

455 5225 502 5281 si
535 5238 663 5280 vero
691 5220 854 5278 vidua
881 5220 1046 5276 fuerit
1075 5217 1241 5288 facta,
1287 5220 1566 5276 autetiam
1619 5233 1650 5272 a
1697 5215 1897 5272 marito
1922 5214 2035 5269 dis-

2141 5215 2346 5271 τούτων
2373 5216 2435 5271 τὸ
2483 5216 2545 5282 ἐξ
2582 5216 2794 5288 ἁρχῆςο
2838 5216 2921 5270 ὃτι
2966 5213 3056 5269 διὰ
3099 5214 3192 5267 τὸν
3235 5213 3402 5285 ἄνδρα
3433 5213 3661 5285 γέγονεν
3694 5216 3728 5285 ἠ

451 5319 663 5384 juncta,
688 5325 875 5370 votum
907 5312 962 5367 iu
987 5320 1129 5367 statu
1156 5328 1257 5367 suo
1287 5321 1392 5366 est.
1419 5310 1538 5378 Quo
1569 5324 1702 5365 sane
1722 5307 2034 5363 institutum

2142 5309 2305 5380 γυνὴ,
2339 5311 2436 5363 καὶ
2466 5308 2745 5383 προσῆκόν
2774 5310 2925 5362 ἐστιν
2955 5305 3386 5369 ὑποτάττεσθαι,
3439 5305 3535 5359 καὶ
3584 5305 3730 5360 κατὰ

454 5406 552 5463 Dei
582 5404 920 5477 primitivum
953 5401 1336 5468 confirmatur,
1364 5402 1510 5471 quod
1542 5401 1644 5455 viri
1695 5414 1860 5455 causa
1896 5398 2031 5451 facta

2146 5400 2627 5480 Παῦλονδλέγοντα
2649 5443 2664 5469 ,
2695 5402 2730 5471 ἠ
2758 5399 2900 5472 γυνὴ
2932 5399 3020 5454 ἵνα
3050 5398 3286 5470 φοϐῆται
3321 5399 3415 5452 τὸν
3443 5397 3638 5468 ἄνδρα..

455 5505 529 5560 sit
564 5503 788 5568 mulier,
810 5513 1143 5572 equumque
1174 5513 1295 5555 eam
1323 5513 1446 5554 esse
1474 5497 1749 5553 subditam
1780 5493 2034 5552 exsistat.
2075 5491 2301 5551 Necnon
2351 5496 2507 5553 Pauli
2542 5510 2764 5569 quoque
2820 5495 2981 5561 illud,
3058 5503 3120 5549 ut
3166 5493 3366 5549 mulier
3400 5492 3591 5571 .virum
3659 5492 3730 5546 ti-

456 5607 624 5657 n‘eat.

529 5781 576 5815 "
618 5778 771 5834 Joau.
820 5792 910 5841 xv,
968 5775 1023 5831 5.
1117 5774 1159 5806 ⁷⁷
1193 5770 1298 5828 Job
1352 5785 1440 5840 χι,
1490 5787 1571 5827 lll.
1649 5769 1694 5802 ⁷⁸
1726 5767 1961 5825 Malach.
1990 5784 2032 5836 ι,
2065 5768 2123 5822 Η

1807 5767 1961 5825 lach.
1990 5784 2032 5836 ι,
2065 5768 2150 5822 14.
2229 5766 2276 5800 τ’
2305 5762 2492 5823 Judic.
2524 5780 2604 5834 xt,
2643 5762 2834 5821 30-39.
2908 5762 2958 5798 '°
2983 5761 3157 5820 Marc.
3192 5778 3289 5830 vn,
3313 5764 3401 5819 ll.
