4036 6214
305 293 406 354 881

1395 301 1929 364 COMMENTARII
1971 304 2048 364 IN
2093 303 2482 366 NUMEROS.

3467 303 3572 364 ὃέῖὶῗ).

377 405 452 458 Τὸ
488 405 737 462 κακῶσαι
760 407 958 480 ψυχὴν,
995 408 1058 464 τὸ
1092 411 1409 480 νηστεῦσαι,
1441 413 1474 484 ἢ
1505 414 1682 478 ἄλλως
1713 417 1885 486 ἀσκῆ-

2057 417 2270 474 Similis
2295 433 2511 486 quoque
2541 415 2680 470 ratio
2708 427 2897 468 eorum
2929 422 3011 467 est
3037 428 3158 480 quae
3185 413 3251 464 de
3283 411 3574 466 aluit-tione.

309 515 418 552 σαι.
514 499 680 552 Ὅθεν
710 503 804 554 καὶ
849 503 978 573 περὶ
1012 503 1106 558 τοῦ
1149 505 1320 577 μηνὸς
1347 505 1450 574 τῆς
1489 509 1744 578 νηστείας
1777 527 1884 580 φη-

311 591 394 644 σίν
417 590 566 646 ἰἘν
589 591 740 663 αὐτῷ
768 594 1048 648 matrima-ss
1075 596 1174 660 τὰς
1197 596 1374 668 ψυχὰς
1399 597 1606 668 ὑμῶν.»

394 765 649 822 Ἐκδίκει
683 769 796 838 τὴν
821 771 1140 842 ἐκδίκησιν
1163 773 1282 827 τῶν
1301 775 1454 830 υἱῶν
1494 777 1754 846 Ἰσραήλ.
1786 779 1888 832 Τε-

309 857 572 914 λευταίηιν
597 863 802 932 ταύτην
829 865 1030 935 πρᾶξιν
1061 867 1340 921 ἐπιτάττει
1379 869 1512 933 Θεὸς
1539 869 1617 940 τῷ
1645 872 1888 924 Μωῦσεῖ.

323 953 526 1022 Ὀργὴν
553 955 660 1022 γὰρ
691 956 888 1024 ἑαυτῆς
915 956 1286 1028 ἐθησαύρισαν
1320 960 1370 1012 oi
1399 961 1465 1014 ἐκ
1492 961 1742 1032 Μαδιάμ.
1773 963 1890 1016 Κα-

309 1043 402 1097 λὸν
431 1044 488 1098 δὲ
517 1045 912 1116 παράγγελμα,
941 1049 1084 1119 μέγα
1110 1067 1163 1104 τι
1187 1051 1448 1120 πράττειν
1481 1052 1596 1123 πρὸ.
1611 1051 1888 1122 τελευτῆς,

309 1133 502 1206 ὥσπερ
529 1137 739 1204 ἐφόδων
764 1139 900 1208 πρὸς
923 1139 1024 1210 τὴν
1055 1139 1256 1206 ἔξοδον.
1288 1143 1570 1212 Ἀρέσκειν
1593 1143 1650 1196 δὲ
1675 1143 1752 1215 τῷ
1775 1144 1894 1214 Θεῷ

309 1227 522 1297 ταύτην
564 1228 864 1299 παρίστησι
914 1230 978 1284 ch
1025 1231 1446 1304 παρατάξασθαι
1499 1233 1681 1304 λέγειν
1715 1233 1894 1290 ἔναντι

313 1319 526 1388 Κυρίου
561 1322 654 1372 ἐπὶ
685 1321 932 1392 Μαδιάμ.
965 1323 1120 1378 Κατὰ
1147 1323 1280 1378 Θεὸν
1307 1325 1414 1396 γὰρ
1459 1327 1508 1378 οἱ
1557 1327 1695 1396 πρὸς
1731 1327 1894 1380 ἐκκο-

313 1411 422 1482 πὴν
442 1413 656 1466 ἀσεϐῶν
677 1414 955 1484 γινόμενοι
981 1415 1232 1486 πόλεμοι,
1256 1421 1356 1488 τῆς
1381 1419 1485 1490 γῆς
1515 1419 1668 1482 ὄντες
1696 1419 1900 1492 καθαρ-

311 1504 486 1570 τικοὶ,
519 1505 624 1558 κᾶν
655 1505 1054 1580 βλασφημῶσιν
1088 1513 1136 1564 0i
1164 1511 1262 1583 τὴν
1301 1511 1505 1568 κακίαν
1533 1513 1898 1570 ὲνυπὸστατον

1993 509 2184 570 animi,
2205 508 2274 562 de
2305 507 2508 578 jejunio
2529 515 2584 561 et
2616 506 2740 560 aliis
2769 504 3054 560 exercitiis
3091 505 3277 568 tradit,
3314 522 3331 554 ι
3370 501 3573 568 Quem-

1993 599 2286 654 admodum
2316 600 2382 654 de
2413 615 2596 654 mense
2617 597 2814 668 jejunii
2844 597 3024 668 inquit
3043 614 3088 650 ε(
3115 597 3172 652 1η
3187 595 3576 654 eocruciabitis

1993 690 2212 744 animas
2241 700 2453 744 vestras
2486 689 2553 742 “.
2603 710 2619 741 ι

2069 777 2403 833 Ulciscimini
2453 795 2671 834 causam
2703 779 2941 848 ﬁliorum
2993 777 3190 832 Israel.
3243 773 3457 848 [XXXL
3495 773 3576 846 2.]

1993 871 2256 927 Ultimum
2295 873 2400 927 hoc
2449 872 2724 944 negotium
2777 871 3013 940 injungit
3066 869 3210 925 Deus
3252 867 3406 930 Mosi,
3439 867 3574 920 iram

1991 964 2136 1020 enim
2171 963 2261 1018 Dei
2291 962 2600 1018 Madianitte
2630 961 2734 1019 sibi
2771 961 3172 1018 conflaverant.
3221 959 3341 1014 Non
3387 973 3578 1028 asper-

1993 1055 2234 1111 nandum
2267 1071 2398 1111 vero
2435 1057 2750 1112 mandatum
2774 1063 2879 1120 est,
2906 1054 3052 1124 quod
3077 1067 3337 1124 magnum
3375 1050 3580 1120 aliquid

1993 1157 2121 1206 ante
2153 1148 2364 1204 obitum
2406 1164 2618 1220 gerere,
2653 1148 3024 1217 viaticumque
3063 1161 3164 1201 ceu
3217 1143 3283 1200 ad
3315 1145 3436 1198 vita;
3463 1143 3584 1198 exi-

1995 1251 2108 1296 tum
2137 1255 2458 1310 comparare
2483 1239 2700 1295 suadet.
2727 1239 2999 1294 Caeterum
3029 1238 3138 1294 Deo
3165 1251 3280 1292 rem
3311 1251 3430 1291 eam
3463 1249 3584 1303 pro-

1997 1331 2112 1386 bari
2139 1337 2359 1386 constat
2394 1331 2498 1384 hoc
2528 1327 2674 1398 quod
2699 1327 2876 1398 jubet.
2923 1327 3096 1382 aciem
3128 1339 3315 1381 coram
3353 1321 3584 1376 Domino

1995 1429 2188 1476 contra
2220 1419 2548 1476 Madianitas
2578 1419 2799 1474 instrui.
2833 1417 3029 1472 Divina
3071 1416 3218 1472 enim
3255 1415 3392 1470 bella
3427 1420 3581 1477 sunt,

1996 1526 2118 1582 qua:
2149 1511 2217 1566 ad
2249 1511 2666 1582 exstirpandum
2698 1511 2992 1581 impiorum
3021 1518 3247 1568 terram.
3283 1503 3585 1572 sor-desque

312 1592 589 1664 λέγοντες.
1997 1613 2350 1673 peccatorum
2389 1602 2799 1673 repurgandum
2836 1600 3240 1670 suscipiuntur,
3289 1603 3584 1666 quantum-

1999 1695 2080 1750 vis
2112 1697 2204 1764 qui
2261 1702 2544 1764 peccatum
2577 1693 2894 1750 hominibus
2944 1692 3158 1762 jactant
3191 1704 3314 1746 esse
3351 1687 3584 1742 insitum

1993 1787 2430 1841 calumnientur.

385 1890 562 1962 Atque
591 1891 697 1946 hoc
721 1892 900 1962 ipsum
933 1891 1114 1963 arguit
1143 1895 1401 1950 sacerdos
1432 1896 1523 1966 qui
1574 1911 1682 1950 una
1737 1911 1998 1966 egressus
2042 1909 2126 1957 est
2175 1915 2446 1972 sacraque
2498 1915 2626 1956 vasa
2659 1913 2848 1956 secum
2900 1897 3222 1968 asporta'vit,
3255 1900 3584 1966 argumento

314 1979 566 2036 videlicet
591 1983 732 2051 quod
767 1997 857 2036 res
881 1981 1076 2036 bellica
1109 1985 1184 2038 rei
1226 1999 1398 2040 sacrae
1455 1986 1528 2040 sit
1584 2001 1748 2055 quam
1803 1986 2102 2042 simillima.
2163 1987 2358 2044 Omnis
2395 1989 2542 2043 enim
2575 1988 2808 2058 aequitas
2858 2001 2922 2041 ac
2965 1985 3182 2056 justitia
3212 1982 3321 2038 Deo
3351 1997 3486 2052 pura
3517 1995 3584 2037 ac

311 2070 520 2123 munda
545 2071 785 2126 videtur.
825 2069 997 2127 Porro
1028 2087 1058 2126 a
1097 2074 1492 2144 superstitibus
1517 2091 1658 2144 quos
1697 2075 1874 2132 Moses
1897 2076 2136 2146 reliquos
2171 2075 2284 2131 ﬁeri
2327 2076 2498 2146 jussit
2533 2089 2822 2131 numerum
2854 2087 3046 2128 eorum
3081 2073 3178 2142 qui
3209 2069 3587 2125 occubuerunt

311 2156 586 2212 aestimare
611 2157 1060 2214 licet.0cciditur
1086 2177 1214 2216 vero
1240 2169 1475 2216 cunctus
1506 2163 1783 2218 masculus
1815 2170 2074 2233 tanquam
2108 2163 2304 2230 hostis,
2333 2163 2379 2218 si
2402 2163 2468 2216 ad
2505 2171 2718 2218 aetatem
2755 2175 2912 2218 suam
2944 2157 3276 2230 pervenerit,
3305 2154 3584 2210 Israelita-

313 2259 436 2298 rum
471 2245 715 2312 futurus,
747 2246 948 2302 femina
993 2249 1120 2303 item
1169 2250 1350 2304 omnis
1391 2265 1512 2320 quae
1543 2252 1726 2306 coitus
1755 2251 2190 2321 experimentum
2225 2258 2466 2320 ceperat,
2499 2258 2724 2320 propter
2753 2255 3022 2319 patratam
3057 2244 3500 2304 fornicationem,
3530 2250 3586 2296 et

315 2329 552 2388 fortasse
587 2331 755 2405 5.28
782 2335 1130 2404 patrandum.
1161 2335 1294 2391 Nam
1335 2347 1686 2408 peccatorum
1721 2338 1903 2402 linem,
1933 2353 2056 2393 cum
2081 2339 2351 2392 rnalorum
2385 2338 2602 2408 agmine
2627 2335 2924 2391 adventare
2949 2347 3046 2404 par
3075 2343 3182 2396 cst,
3209 2330 3362 2398 juxta
3387 2329 3584 2384 Isaiam

314 2418 412 2488 qui
443 2418 618 2488 inquit
639 2420 708 2486 θ’,
743 2422 1007 2490 reliquias
1039 2426 1238 2479 messis
1268 2433 1362 2478 aut
1393 2424 1682 2478 vindemiae
1711 2439 1834 2480 esse
1861 2439 1956 2480 eos
1986 2424 2082 2493 qui
2139 2425 2400 2480 evadunt.
2455 2423 2728 2478 Caeterum
2788 2422 3056 2476 malorum
3115 2433 3284 2488 super
3317 2415 3585 2472 malitiam

314 2503 636 2561 eﬂ‘usionem
672 2508 810 2562 iram
842 2508 1131 2580 Scriptura
1159 2510 1298 2566 solet
1321 2511 1594 2582 appellare
1627 2510 1744 2577 Dei,
1774 2527 1880 2566 non
1919 2513 2140 2583 quidem
2187 2511 2534 2568 aﬂ'cctionem
2571 2511 2720 2564 illam
2751 2512 2838 2566 cui
2897 2509 3150 2566 homines
3173 2515 3304 2562 sunt
3333 2505 3583 2570 obnoxii,

317 2594 413 2649 sed
454 2609 573 2648 eam
613 2585 877 2666 sine'qua
919 2596 1011 2651 Dei
1039 2597 1260 2654 bonitas
1299 2599 1448 2653 iners
1475 2599 1600 2664 erit,
1635 2605 1972 2668 peccataque
1993 2610 2326 2656 contemnet.
2368 2600 2512 2656 Idem
2541 2615 2671 2654 vero
2700 2599 2948 2654 delectus
2987 2613 3178 2652 eorum
3207 2595 3302 2668 qui
3329 2593 3586 2648 vicerunt

316 2689 500 2746 erant,
531 2683 689 2754 quasi
733 2699 926 2740 omnes
953 2686 1098 2740 inter
1121 2701 1216 2741 eos
1240 2701 1364 2740 cum
1402 2685 1560 2739 laude
1595 2685 1976 2752 dimicassent,
2008 2689 2095 2741 cui
2143 2687 2294 2742 Pauli
2342 2687 2474 2742 illud
2523 2687 2736 2755 aspirat
2771 2702 2787 2738 :
2837 2705 2854 2738 ι
2881 2683 2938 2740 Si
2967 2700 3134 2738 unum
3165 2682 3472 2739 membrum
3507 2680 3585 2734 la-

317 2769 498 2835 borat,
531 2771 716 2825 omnia
749 2772 994 2826 membra
1026 2774 1231 2842 pariter
1282 2773 1533 2826 laborant
1559 2773 1624 2839 3',
1667 2791 1686 2823 ι
1717 2777 2178 2843 quemadmodum
2228 2775 2476 2844 ejusdem
2529 2788 2750 2845 quoque
2801 2773 3031 2828 honoris
3083 2768 3438 2842 participant.
3469 2765 3584 2822 Una

317 2873 451 2913 vero
475 2875 596 2914 cum
629 2859 842 2915 sanctis
874 2861 1075 2916 militat
1100 2861 1356 2916 Christus
1379 2861 1640 2917 sacerdos
1667 2876 1922 2932 ntagnus,
1952 2869 2006 2916 et
2041 2861 2360 2930 angelorum
2395 2861 2556 2914 turba
2589 2875 2686 2930 per
2717 2873 2876 2915 sacra
2903 2873 3032 2914 vasa
3067 2863 3480 2927 repraesentata.
3519 2851 3586 2908 Hi

317 2947 464 3000 enim
496 2947 744 3002 subsidio
767 2950 927 3004 nobis
956 2965 984 3003 a
1022 2947 1154 3014 Deo,
1185 2948 1568 3019 theologorum
1605 2949 1900 3012 sententia,
1935 2949 2255 3003 mittuntur.
2311 2947 2700 3018 Magistrorum
2735 2962 2802 3002 ac
2848 2945 3140 3002 doctorum
3175 2957 3460 3000 sermones
3491 2956 3586 3010 per

320 3033 481 3089 tubas
511 3045 564 3090 et
598 3036 755 3106 signa
782 3035 1123 3091 indicantur.
1161 3037 1237 3090 Ita
1271 3035 1418 3090 enim
1453 3035 1616 3092 facile
1639 3036 1958 3106 superiores
1984 3035 2238 3092 hostibus
2281 3036 2494 3091 nostris
2517 3045 2573 3090 et
2611 3035 2815 3091 Christi
2856 3034 3173 3096 evademus.
3203 3031 3250 3088 si
3281 3027 3585 3088 secundum

319 3119 578 3177 Davidem
610 3125 1036 3180 elamaverimus
1071 3143 1084 3178 :
1117 3141 1136 3176 ι
1175 3123 1232 3178 In
1259 3131 1316 3179 te
1347 3125 1532 3180 hostes
1563 3133 1788 3180 nostros
1843 3123 2202 3178 retundetnus
2251 3122 2318 3186 ⁸³,
2357 3141 2376 3176 ι
2413 3135 2648 3192 quorum
2693 3119 2986 3191 captivitas
3035 3119 3106 3174 ad
3151 3117 3476 3172 Eleazarum
3534 3123 3590 3170 et

319 3205 664 3280 Synagogam
693 3210 1066 3268 deferebatur.
1097 3210 1320 3267 Christo
1347 3213 1491 3267 enim
1525 3227 1698 3268 sacrae
1738 3222 2060 3268 sanctorum
2091 3222 2220 3269 sunt
2247 3214 2500 3278 virtutes,
2528 3227 2630 3267 nec
2659 3212 2910 3268 obscura:
2937 3209 3178 3282 populis.
3213 3227 3231 3260 ι
3267 3205 3416 3262 Nihil
3439 3205 3586 3261 enim

217 3299 222 3304 '
317 3304 432 3351 tam
469 3299 743 3354 occultum
767 3309 874 3364 est,
909 3301 1111 3371 inquit,
1149 3301 1298 3371 quod
1333 3317 1442 3356 non
1469 3302 1826 3358 manifestum
1859 3302 1954 3357 fiat
1977 3303 2046 3357 ⁸³.
2083 3321 2104 3354 ι

2073 3426 2189 3482 Ibat
2211 3435 2397 3480 autem
2433 3424 2612 3483 Moses
2637 3427 2693 3480 in
2729 3440 3022 3481 occursum
3066 3437 3381 3494 procerum,
3417 3421 3590 3477 hono-

2005 3517 2082 3571 ris
2105 3517 2303 3588 gratia.
2341 3515 2420 3570 Ac
2453 3516 2892 3588 reprehendebat
2923 3523 3146 3586 propter
3175 3514 3426 3584 captivos
3449 3527 3590 3584 quos

2004 3609 2194 3662 invita
2226 3617 2606 3663 servaverant.
2649 3607 2799 3663 Adeo
2853 3623 3025 3662 vero:
3068 3625 3087 3658 t
3133 3605 3306 3661 Nemo
3341 3605 3410 3660 ab
3439 3605 3588 3660 omni

2003 3715 2157 3754 naevo
2189 3715 2364 3772 purus
2394 3706 2480 3755 est
2513 3701 2583 3753 ⁸⁸.
2626 3718 2645 3752 ι

391 3429 728 3502 Προαπήντα
759 3433 872 3494 τοῖς
901 3428 1222 3502 ἀριστεῦσιν
1253 3433 1281 3484 ὁ
1306 3431 1551 3502 Μωῢσῆς
1570 3448 1585 3463 ·
1619 3433 1713 3487 καὶ
1740 3431 1898 3486 τοῦτο
1930 3462 1970 3517 Β

320 3516 420 3587 μὲν
443 3519 606 3588 τιμῆς
623 3537 638 3551 ·
667 3519 908 3590 ἐπετίμα
938 3520 994 3572 δὲ
1021 3537 1086 3572 πε
1097 3519 1149 3590 ρ“ι
1179 3519 1288 3574 τῶν
1315 3521 1732 3594 ζωγρηθέντων.
1757 3541 1775 3574 ι
1799 3523 1900 3576 Οὐ-

314 3608 430 3672 δεὶς
452 3609 560 3680 γὰρ
593 3609 832 3681 καθαρὸς
853 3611 963 3664 ἀπὸ
991 3611 1190 3681 ῥύπου.
1241 3631 1260 3664 ι

389 3834 522 3886 Item
559 3849 570 3885 :
620 3851 638 3884 ι
680 3833 763 3888 Ab
792 3831 1175 3890 affectionibus
1199 3837 1381 3904 pravis
1413 3835 1616 3890 munda
1647 3851 1732 3890 me
1753 3835 1824 3888 ⁸⁷.
1871 3853 1888 3886 ι
1923 3833 2052 3890 Item
2085 3854 2096 3888 :
2134 3853 2152 3886 ι
2187 3835 2437 3900 Domine,
2469 3835 2516 3890 si
2555 3835 2876 3904 iniquitates
2909 3844 3134 3892 nostras
3167 3835 3583 3896 observaveris,

319 3919 570 3984 Domine,
605 3921 732 3991 quis
761 3921 1070 3976 consistere
1096 3921 1298 3992 poterit
1324 3923 1408 3976 l""P
1437 3941 1456 3974 ι
1495 3921 1560 3975 Et
1587 3939 1602 3977 :
1628 3941 1646 3974 ι
1683 3921 1913 3976 Peccata
1941 3923 2068 3991 quis
2117 3923 2382 3994 intelliget
2403 3923 2498 3976 ⁸⁸2
2535 3941 2554 3974 ι
2594 3925 2856 3994 quoniam
2892 3943 2911 3976 ι
2947 3923 3128 3978 omnis
3159 3930 3348 3978 nostra
3377 3921 3590 3991 iustitia

317 4007 466 4064 velut
498 4008 663 4078 panni
695 4013 1052 4064 menstruatm
1085 4007 1335 4065 mulieris
1371 4009 1474 4063 ⁸ο.»
1511 4009 1656 4075 Quin
1689 4007 1892 4064 Paulus
1917 4027 2040 4066 cum
2061 4011 2236 4067 dicat:
2266 4029 2287 4064 ι
2325 4011 2544 4068 Nullius
2573 4011 2706 4066 mihi
2739 4027 2862 4066 sum
2885 4011 3171 4073 conscius,
3193 4025 3382 4066 verum
3413 4010 3466 4064 in
3489 4010 3591 4064 hoc

318 4095 782 4164 nonjustiflcatus
813 4111 936 4151 sum
973 4095 1040 4162 ἰ,
1077 4115 1098 4148 ι
1133 4095 1308 4150 addit.
1353 4095 1553 4152 Verum
1581 4099 1866 4152 enimvero
1909 4113 1972 4154 ea
2001 4099 2357 4169 reprehensio
2409 4115 2516 4154 non
2549 4099 2616 4154 ad
2668 4113 2862 4154 omnes
2885 4139 2902 4162 ,
2955 4097 3050 4153 sed
3103 4098 3274 4152 duces
3303 4095 3587 4166 capiarum

317 4183 684 4254 respiciebat;
709 4192 960 4256 potentes
987 4184 1133 4239 enim
1164 4185 1460 4241 efﬁcaciter
1483 4185 1898 4240 examinabuntt

2001 4188 2042 4240 ’.
2073 4185 2210 4241 Nam
2237 4205 2252 4242 :
2291 4204 2310 4238 ο
2356 4175 2723 4242 (ΖυΓιιιιιιιιιιιι
2751 4185 3176 4250 commiserunt,
3203 4184 3402 4253 inquit,
3435 4183 3504 4238 ab
3523 4199 3588 4238 eo

317 4271 600 4341 requirent
624 4287 840 4342 quoque
875 4273 1108 4328 multum
1139 4273 1211 4342 ⁹³;
1247 4293 1266 4324 r
1304 4273 1450 4329 unde
1491 4273 1626 4327 illud
1659 4273 1824 4328 etiam
1857 4291 1870 4328 :
1909 4291 1930 4326 ι
1963 4274 2208 4342 Fratres,
2235 4275 2406 4330 nolite
2433 4275 2592 4330 mulli
2627 4275 2880 4345 magistri
2905 4273 3044 4336 ﬁeri,
3077 4273 3358 4344 cognitum
3388 4271 3592 4326 haben-

319 4365 426 4422 tes,
461 4359 606 4428 quod
641 4375 706 4414 eo
735 4361 912 4430 majus
933 4361 1202 4430 judicium
1228 4361 1628 4416 sustinebimus
1650 4361 1718 4413 “.
1753 4379 1771 4412 ι
1799 4359 1903 4426 Qui
1923 4363 2068 4416 enim
2095 4361 2296 4418 sobriis
2333 4361 2684 4432 principibus
2713 4361 3056 4431 obtemperat
3089 4373 3342 4432 magnam
3371 4359 3587 4414 laudem

319 4447 682 4516 consequitur
721 4465 734 4502 :
774 4467 792 4499 ι
827 4447 1012 4514 Quare
1039 4449 1240 4506 vestris
1261 4449 1500 4504 ducibus
1531 4459 1738 4518 parete,
1773 4449 1972 4518 inquit.
2007 4450 2108 4520 ipsi
2147 4451 2299 4504 enim
2328 4449 2530 4504 animis
2557 4449 2760 4504 vestris
2785 4449 3096 4520 invigilant,
3131 4457 3390 4518 tanquam
3423 4446 3462 4500 ii
3493 4448 3588 4516 qui

318 4535 589 4592 rationem
625 4535 691 4590 de
726 4537 884 4591 nobis
921 4537 1034 4592 sint
1067 4539 1336 4594 reddituri
1367 4540 1437 4595 ’³.
1473 4557 1492 4590 ι
1521 4536 1687 4593 Iubet
1710 4545 1892 4592 autem
1923 4551 2020 4592 eos
2043 4545 2305 4608 tanquam
2337 4536 2656 4606 inquinatos
2695 4551 2816 4590 eam
2876 4537 2948 4591 ob
2986 4550 3210 4592 causam
3242 4549 3408 4606 quam
3448 4534 3590 4590 dixi-

320 4639 465 4691 mus,
493 4625 650 4680 tertia
685 4623 774 4679 die
804 4639 926 4680 sese
965 4625 1330 4694 sanctificare,
1366 4641 1429 4682 ea
1457 4627 1676 4682 scilicet
1691 4641 1814 4696 quae
1843 4625 2048 4681 Christi
2081 4625 2342 4680 saeculum
2371 4634 2496 4694 post
2521 4624 2692 4696 legem
2740 4631 2794 4678 et
2855 4623 3158 4694 prophetas
3193 4623 3440 4684 tertium,
3493 4631 3590 4676 aut

318 4711 464 4766 diem
495 4727 614 4766 eam
641 4711 696 4766 in
730 4725 840 4781 qua
875 4725 904 4764 a
935 4715 1166 4768 mortuis
1197 4715 1520 4778 resurrexit,
1555 4719 1934 4784 reprmsentat.
1971 4711 2254 4782 Septimus
2291 4711 2420 4766 item
2441 4711 2562 4767 dies
2595 4709 2758 4766 linem
2793 4711 3024 4766 denotat
3047 4710 3336 4782 praesentis
3371 4709 3584 4774 seculi,

319 4801 541 4870 quando
581 4809 864 4868 peccatum
889 4799 1118 4856 omnino
1143 4811 1456 4868 evanescet,
1489 4817 1761 4873 sacerque
1801 4799 2038 4871 populus
2059 4799 2114 4853 in
2147 4813 2366 4855 sacrum
2389 4797 2730 4869 ingredietur
2755 4799 3078 4860 tentorium,
3113 4797 3262 4868 quod
3291 4798 3583 4852 millesima

320 4903 590 4943 annorum
624 4889 934 4958 septimana
973 4889 1083 4943 fiet.
1123 4887 1392 4944 Caeterum
1417 4899 1546 4945 ante
1567 4889 2012 4945 communionem
2043 4901 2136 4942 seu
2163 4883 2648 4956 participationem
2686 4885 2944 4956 praecedit
2969 4885 3300 4956 purificatio,
3327 4901 3452 4940 nam
3477 4889 3582 4940 etsi

314 4975 462 5046 justa
493 4977 670 5032 caedes
699 4974 888 5040 fuerit,
913 4974 1108 5032 effusio
1133 4983 1316 5032 tamen
1347 4985 1432 5033 est
1463 4977 1694 5033 fraterni
1724 4975 2032 5047 sanguinis,
2081 4982 2137 5030 et
2183 4973 2298 5028 Deo
2329 4971 2586 5043 displicet
2619 4973 2858 5026 hominis
2888 4972 3192 5028 interuecio
3221 4989 3236 5040 ;
3275 4989 3400 5028 eum
3435 4972 3584 5026 enim

320 5063 389 5118 ad
417 5065 735 5131 vitam,non
768 5066 836 5117 ad
867 5073 1101 5120 mortem
1126 5065 1390 5120 condidit.
1415 5065 1766 5137 Quapropter
1808 5063 1998 5120 Davidi
2029 5061 2100 5116 ab
2126 5061 2246 5131 ipso
2269 5061 2456 5130 templi
2509 5059 2876 5114 cxstructioni
2903 5060 3252 5114 interdictum
3273 5069 3380 5116 est.
3413 5058 3588 5129 Igitur

321 5153 614 5218 secundas,
637 5167 742 5206 non
766 5153 976 5223 primas
1005 5169 1145 5224 opus
1177 5153 1302 5210 belli
1332 5154 1516 5220 habet,
1549 5154 1642 5210 Dei
1677 5153 1900 5224 quidem
1927 5149 2222 5214 sententia,
2251 5147 2506 5218 quamvis
2527 5149 2644 5217 ipse
2671 5147 2966 5202 consilium
2989 5147 3036 5200 ei
3069 5147 3401 5218 suppeditet,
3435 5165 3590 5218 quo—

319 5239 467 5295 circa
502 5240 792 5296 sacerdote
827 5255 923 5295 rex
975 5239 1222 5306 inferior,
1259 5257 1326 5296 eo
1377 5241 1523 5296 enim
1584 5240 1878 5312 augustius
1933 5239 2167 5294 sortitus
2189 5245 2276 5292 est
2311 5234 2702 5292 ministerium.
2753 5233 2912 5292 Unde
2937 5235 3018 5290 lex
3045 5237 3212 5290 etiam
3249 5237 3586 5292 homicidam

321 5327 615 5384 excindere
651 5327 929 5398 praecipit;
959 5327 1137 5384 caedes
1183 5329 1328 5384 enim
1362 5329 1430 5384 ab
1457 5327 1616 5384 initio
1639 5343 1750 5383 non
1771 5327 1874 5382 fuit
1894 5325 2090 5391 libera,
2117 5323 2215 5382 sed
2233 5323 2646 5396 dispensatione
2679 5323 2820 5382 facta
2847 5323 2971 5380 talis
2999 5331 3104 5392 est,
3123 5324 3586 5395 quemadmodum

321 5413 599 5469 abdicatio
621 5430 840 5487 quoque
869 5431 1103 5472 uxorum
1136 5423 1360 5486 propter
1389 5416 1574 5471 cordis
1599 5415 1887 5472 duritiam.

393 5613 434 5647 “
473 5613 640 5672 Num.
673 5628 825 5676 xxix,
851 5612 903 5666 ῗ.
977 5613 1022 5645 ⁸³
1047 5615 1153 5668 Isa.
1189 5629 1324 5681 xv",
1347 5614 1398 5678 5,
1427 5613 1481 5670 6.
1583 5615 1632 5648 ⁸³
1670 5616 1686 5671 l
1717 5614 1846 5671 Cor.
1877 5631 1974 5677 xu,
2003 5615 2094 5670 26.
2195 5581 2246 5647 ιί
2271 5611 2416 5668 Psal.
2445 5627 2602 5676 xuu,
2632 5612 2690 5668 6.
2787 5614 2833 5647 ⁸⁵
2859 5613 2994 5670 Luc.
3033 5627 3150 5676 vni,
3183 5613 3273 5668 l7.
3377 5609 3424 5644 ⁸⁸
3477 5609 3584 5664 Ju‘i

323 5701 434 5743 xxv,
475 5685 528 5737 4.
605 5681 650 5715 ⁸⁷
683 5683 1018 5750 ΡεειΙ.,ιιίιι,
1049 5684 1136 5738 15.
1211 5684 1258 5716 ⁸⁸
1289 5685 1438 5742 Psal.
1476 5701 1666 5748 cxxtx,
1699 5687 1754 5742 3.
1865 5687 1898 5718 "

2001 5688 2092 5740 sal.
2143 5699 2298 5748 XVIII.
2332 5683 2422 5738 15.
2533 5682 2578 5715 ⁵⁸
2653 5687 2759 5745 Isa.
2799 5700 2944 5752 thv,
2969 5684 3022 5740 ϐ.
3103 5683 3146 5714 ’ί
3185 5681 3374 5739 ICor.
3411 5699 3484 5748 IV,
3525 5683 3580 5735 4.

319 5755 366 5790 υ
395 5755 528 5826 Sap.
553 5769 627 5820 vr,
672 5754 723 5809 7.
805 5753 848 5786 ¹⁴¹
881 5752 1013 5810 Luc.
1059 5769 1156 5822 xu,
1189 5754 1277 5810 48.
1355 5755 1400 5791 ”
1439 5755 1558 5813 Jac.
1591 5771 1672 5824 ιιι,
1711 5759 1763 5818 1.
1875 5757 1894 5788 ⁹

2001 5757 2127 5814 Lebr.
2167 5769 2288 5824 xm,
2331 5753 2418 5809 I7.
