4036 6214
510 289 616 359 883
944 314 975 325 κ
1815 301 2176 365 moeorn
2199 303 2445 391 eum
3673 303 3779 375 884

577 410 755 465 Porro
785 419 845 464 nt
859 409 1028 466 nullo
1069 410 1234 468 modo
1271 412 1640 475 contaminari
1676 423 1924 485 possent,
1953 429 2089 486 pur-
2117 422 2164 479 Α

2262 415 2482 472 Σκαιῶν
2508 414 2576 470 ἑκ
2603 414 2925 488 περιουσίας
2956 414 3224 487 εἰσήγαγε
3252 414 3524 487 κάθαρσιν
3548 414 3641 469 διὰ
3670 431 3780 476 ttu-

506 502 785 574 gationem
821 516 918 573 per
945 502 1129 575 ignem
1151 511 1207 559 et
1231 514 1431 579 aquam
1461 519 1718 562 vasorum
1751 492 1974 577 quoque
2022 520 2090 562 ex

2200 512 2292 584 ρδς
2311 511 2410 566 καὶ
2438 508 2653 573 ὓδατος.
2680 506 2853 564 Τοῦτο
2880 508 2988 580 γὰρ
3014 508 3094 580 τῷ
3125 509 3271 581 λόγῳ
3291 508 3570 570 Mulierem;
3595 506 3785 562 Ἐλεά-

506 594 811 649 abundanti
830 595 1158 652 introduxit.
1177 595 1233 653 id
1274 596 1420 653 enim
1439 613 1505 655 ex
1525 597 1619 654 Dei
1651 606 1837 655 mente
1852 598 2091 655 orationi

2197 604 2304 676 ξαρ
2325 602 2636 675 προσέθηκε
2665 601 2807 657 κατὰ
2827 601 2890 656 τὸ
2922 601 3288 674 σιωπώμενον
3316 599 3506 672 μαθὼν
3528 602 3594 654 ἑκ
3615 598 3781 663 Θεοῦ,

438 677 451 713 '7
506 685 678 742 Mosis
732 686 914 741 obiter
964 687 1185 760 adjecit.
1222 686 1480 761 Eleazar,
1518 687 1671 746 velut
1702 686 1884 744 Moses
1921 689 2031 745 etia

2195 694 2269 760 ὡς
2320 695 2417 750 καὶ
2446 693 2691 762 Μωῦσῆς
2724 696 2838 759 τοῖς
2861 693 2992 766 περὶ
3018 693 3117 748 τοῦ
3141 694 3337 765 Πάσχα
3366 690 3677 764 προσέθηκε
3720 688 3785 744 τὸ

506 779 777 836 institutis
802 779 1114 847 Paschalis,
1152 780 1327 853 legem
1358 781 1613 852 hyssopi,
1648 780 1777 837 item
1805 796 1913 836 non
1936 796 2093 852 egre-

2196 787 2291 842 τοῦ
2320 776 2601 852 ὑὰσώπου,
2623 785 2720 840 xui
2750 786 2814 840 τὸ
2843 786 2920 859 μὴ
2940 785 3143 854 ἐξιέναι
3166 786 3264 858 τὴν
3295 784 3470 857 θύραν
3486 784 3595 848 ἓως
3610 783 3780 857 πρωΐ,

506 871 691 927 diendi
727 872 931 929 ostium
958 889 1121 931 mane
1145 889 1324 946 usque
1347 875 1624 951 apposuit.

577 986 745 1058 Atqui
781 1002 1041 1043 vasorum
1079 989 1394 1060 puriﬁcatio
1427 1005 1548 1048 eam
1584 1006 1712 1064 qua:
1743 991 1996 1065 homines
2027 990 2183 1061 decet
2220 982 2456 1047 maxime
2493 979 2753 1045 intendit,
2796 994 2965 1051 quam
2996 979 3218 1051 quidem
3252 979 3336 1034 lex
3362 978 3695 1051 promulgat,
3722 989 3781 1036 et

505 1075 843 1144 temporibus
872 1075 1189 1143 distinctam
1217 1076 1372 1149 facit.
1406 1076 1626 1148 Modum
1652 1094 1785 1149 vero
1815 1078 2117 1147 introducit
2161 1073 2416 1137 Christus
2445 1069 2540 1146 qui
2575 1069 2645 1125 de
2684 1077 2932 1140 tempore
2955 1084 3066 1124 non
3097 1067 3232 1124 dicit
3259 1084 3276 1135 ;
3303 1068 3420 1138 ipse
3448 1068 3596 1124 enim
3637 1075 3780 1124 tem-

504 1177 606 1233 pus
632 1170 771 1227 erat,
797 1162 889 1232 qni
933 1178 1036 1218 nos
1057 1163 1358 1239 baptizavit
1381 1170 1579 1223 sancto
1613 1166 1820 1242 Spiritu
1852 1173 1908 1221 et
1935 1165 2083 1237 igne.
2116 1163 2182 1218 Ni
2212 1163 2359 1220 enim
2386 1160 2514 1231 quis
2544 1157 2828 1229 regenitus
2863 1172 2961 1225 per
2985 1172 3185 1226 aquam
3212 1165 3268 1211 et
3291 1156 3549 1227 spiritum
3591 1156 3777 1222 fuerit,

506 1265 730 1318 regnum
766 1248 860 1304 Dei
889 1250 1071 1306 videre
1102 1266 1211 1323 non
1240 1253 1444 1327 poterit
1482 1251 1553 1306 “.
1598 1252 1679 1307 ita
1717 1252 1865 1307 enim
1904 1251 2131 1308 mundat
2158 1266 2290 1308 vasa
2313 1264 2435 1320 quae
2480 1263 2546 1303 ex
2578 1246 2793 1303 robusti
2826 1246 2993 1302 domo
3023 1245 3329 1316 diripuerat
3349 1247 3418 1299 ".
3450 1244 3582 1301 Post
3605 1260 3773 1313 quam

505 1334 884 1404 purgationem
910 1337 1093 1412 aditus
1127 1346 1377 1413 extremo
1401 1348 1612 1395 exacta:
1658 1340 2000 1410 purgationis
2039 1349 2284 1410 tempore
2320 1338 2375 1392 in
2408 1336 2708 1392 tentorium
2760 1333 2972 1404 patelit.
3007 1352 3026 1386 (
3064 1331 3184 1394 Erit
3207 1333 3353 1388 enim
3388 1341 3544 1399 tunc,
3571 1332 3772 1402 inquit,

502 1422 587 1477 via
625 1438 785 1493 pura,
814 1424 1011 1494 viaque
1042 1434 1233 1493 sancta
1263 1426 1573 1483 vocabitur.
1604 1427 1717 1485 Nec
1745 1427 2003 1485 transibit
2054 1443 2151 1498 per
2180 1427 2326 1482 illam
2357 1425 2503 1481 ullus
2542 1424 2796 1494 impurus
2837 1422 2909 1478 “.
2947 1442 2966 1476 ι
3004 1420 3207 1477 Verum
3242 1422 3298 1476 in
3353 1435 3418 1476 ea
3463 1421 3632 1476 abluti
3676 1435 3777 1488 per

500 1508 776 1564 Christum
810 1511 1207 1585 ingredientur.
1233 1511 1504 1587 Caeterum
1529 1514 1706 1588 ignem
1733 1515 1955 1587 quidem
1996 1514 2303 1587 symbolum
2324 1528 2448 1570 esse
2475 1510 2701 1567 tradunt
2719 1524 2912 1566 eorum
2944 1509 3037 1580 qui
3063 1524 3162 1580 per
3186 1508 3390 1580 ignem,
3425 1508 3582 1575 juxta
3609 1505 3778 1579 429

502 1597 757 1665 Paulum,
796 1601 1167 1678 servabuntur
1195 1603 1263 1658 ".
1295 1603 1510 1675 Aquam
1540 1618 1670 1660 vero
1694 1603 1816 1673 ejus
1843 1604 1911 1661 de
1940 1618 2052 1675 quo
2077 1602 2284 1659 dictum
2318 1602 2454 1657 illud
2476 1606 2657 1656 exstat
2690 1616 2705 1653 :
2746 1616 2764 1649 (
2803 1597 3100 1668 Aperietur
3124 1594 3247 1651 fons
3274 1594 3463 1651 domui
3491 1594 3682 1659 David,
3715 1603 3772 1648 et

501 1686 878 1743 habitantibus
904 1687 1212 1745 Jerusalem
1238 1690 1294 1745 in
1328 1688 1670 1748 ablutionem
1695 1692 2005 1762 peccatoris
2027 1698 2084 1747 et
2149 1697 2507 1746 menstruatte
2561 1688 2602 1743 ί.
2644 1707 2664 1739 ι
2699 1684 2888 1741 Potest
2927 1694 3113 1741 autem
3167 1698 3265 1739 vas
3320 1684 3769 1753 uniuscujusque

500 1789 666 1843 opera
704 1782 1101 1845 repraesentare
1122 1778 1312 1832 etiam.
1352 1796 1373 1830 (
1415 1778 1702 1850 Cujnsqne
1737 1794 1866 1834 vero
1903 1794 2044 1850 opus
2069 1780 2231 1850 quale
2261 1780 2328 1835 sit
2361 1779 2505 1849 ignis
2533 1779 2651 1847 ipse
2677 1774 2995 1845 probabit’.
3041 1792 3060 1824 ι
3098 1772 3404 1828 Probamur
3431 1787 3568 1827 vero
3599 1770 3767 1825 etiam

499 1877 595 1930 per
629 1877 823 1931 aquam
849 1879 903 1915 ε(
932 1863 1185 1923 Probasti
1212 1866 1361 1923 enim
1393 1882 1511 1935 nos,
1548 1867 1711 1931 Deus,
1735 1868 1912 1939 inquit
1937 1885 1953 1935 ;
1975 1871 2099 1941 igne
2129 1884 2231 1924 nos
2261 1866 2552 1931 excoxisti,
2587 1864 2733 1925 sicut
2756 1872 3046 1935 argentum
3084 1861 3439 1935 excoquitur,
3483 1865 3769 1930 pertrans-

498 1947 664 2006 iimus
688 1952 866 2023 ignem
903 1960 958 2007 et
989 1968 1215 2023 aquam,
1242 1963 1299 2010 et
1329 1964 1386 2010 tu
1419 1970 1522 2021 nos
1555 1955 1611 2010 in
1644 1954 1991 2027 refrigerium
2021 1955 2296 2013 adduxisti
2326 1955 2368 2009 '.
2423 1974 2443 2008 ι
2479 1954 2735 2013 Secundo
2763 1963 2949 2013 autem
2981 1966 3128 2021 aqua
3178 1949 3291 2020 igni
3336 1947 3674 2008 immittitur,
3708 1955 3773 2001 ut

498 2034 641 2105 ignis
676 2039 1146 2130 vehementiorem
1176 2042 1561 2114 purgationem
1586 2043 1816 2125 mitiget,
1871 2058 2185 2130 quanquam
2239 2059 2341 2116 nos
2371 2042 2577 2118 auxilio
2626 2057 2730 2115 suo
2783 2038 3046 2118 praevenit
3076 2046 3138 2096 ut
3171 2036 3328 2107 illum
3376 2034 3767 2107 ell‘ugeremus,

497 2142 620 2180 cum
649 2128 811 2184 nobis
840 2143 1040 2199 aquam
1071 2129 1316 2188 dedisset
1348 2130 1515 2189 Deus.

569 2212 797 2270 Recens:
820 2215 1319 2288 capitajspoh'orum
1345 2220 1691 2290 captivitatis.
1716 2220 1933 2294 [XXX],
1952 2222 2069 2296 26.]
2089 2222 2272 2296 Spolia
2291 2221 2487 2279 dividit
2507 2216 2777 2277 taminter
2803 2232 2899 2281 eos
2914 2216 3006 2288 Qui
3022 2215 3152 2276 belli
3170 2229 3299 2285 pars
3320 2211 3563 2281 fuerunt,
3583 2223 3753 2280 quam

497 2304 644 2360 inter
674 2321 772 2362 eos
811 2307 906 2377 qui
937 2307 1087 2364 domi
1119 2320 1530 2367 remanserunt.
1564 2313 1758 2368 Mutua
1784 2315 1930 2368 enim
1962 2329 2127 2385 Opera
2161 2320 2345 2386 partes
2377 2309 2661 2380 indigent;
2711 2315 2772 2362 ut
2808 2304 2989 2373 David
3022 2315 3244 2375 quoque
3273 2308 3467 2372 postea
3495 2298 3629 2354 dicit
3661 2296 3767 2351 miv

497 2393 792 2451 litantibus
825 2411 935 2453 non
970 2396 1264 2454 inferiores
1293 2413 1418 2455 esse
1448 2415 1543 2456 eos
1574 2401 1665 2470 qni
1694 2416 1883 2456 eorum
1914 2401 2110 2459 domos
2139 2396 2516 2457 custodiunt‘.
2545 2396 2612 2452 Et
2642 2392 3111 2467 quemadmodum
3142 2390 3282 2446 dixit
3313 2406 3328 2445 :
3371 2406 3391 2440 ι
3425 2387 3603 2447 Unius
3636 2399 3767 2455 par-

495 2482 567 2537 tis
599 2482 860 2553 splendor
883 2484 1128 2540 omninm
1161 2485 1223 2541 fit
1254 2487 1634 2554 communis“,
1667 2507 1686 2540 ι
1728 2489 1800 2543 ita
1834 2490 1977 2544 inter
2009 2506 2111 2546 nos
2147 2505 2365 2559 quoque
2405 2490 2637 2543 duorum
2669 2485 2925 2541 ordinum
2960 2492 3048 2539 est
3082 2480 3392 2554 permistio,
3429 2485 3480 2534 et
3512 2477 3634 2545 ejus
3669 2474 3765 2545 qui

494 2569 784 2626 inmundo
810 2581 1032 2639 manet,
1069 2580 1126 2635 et
1157 2572 1281 2643 ejus
1315 2574 1409 2646 qui
1444 2583 1638 2630 contra
1672 2576 1950 2632 diabolum
1985 2589 2206 2649 pugnat.
2243 2577 2443 2632 Eadem
2474 2575 2620 2630 enim
2653 2573 2827 2646 gloria
2861 2570 3218 2634 illustriores,
3250 2575 3306 2636 et
3338 2583 3436 2623 eos
3466 2565 3559 2637 qui
3590 2577 3766 2635 parvo

490 2673 639 2713 nexu
674 2658 783 2714 illis
809 2658 990 2731 juncti
1023 2670 1156 2716 sunt
1186 2671 1392 2717 manet.
1424 2661 1705 2734 Siquidem
1737 2662 1943 2720 Paulus
1971 2682 2190 2736 quoque
2221 2665 2292 2721 de
2320 2664 2636 2735 approbatis
2659 2662 2902 2724 locutus,
2938 2658 3158 2729 inquit:
3193 2675 3212 2719 ι
3244 2655 3310 2710 Ει
3344 2654 3399 2708 hi
3432 2666 3625 2715 omnes
3654 2665 3768 2717 nou

494 2754 850 2816 reportarunt
872 2750 1282 2820 ‘promissiones
1307 2791 1323 2816 ,
1357 2760 1416 2807 ut
1465 2768 1575 2806 non
1609 2753 1820 2822 absque
1866 2754 2026 2810 nobis
2061 2754 2456 2824 perﬁcerentur
2473 2753 2513 2807 ⁸.
2550 2771 2569 2804 ι
2604 2750 2739 2807 Tale
2768 2748 2905 2811 illud
2937 2761 3160 2819 quoque
3195 2752 3282 2801 est
3313 2761 3327 2798 :
3369 2760 3387 2807 ς
3422 2740 3645 2797 Utinam
3679 2755 3770 2794 re-

492 2850 658 2907 gnum
691 2837 1100 2906 obtinuissetis,
1130 2854 1243 2910 quo
1270 2849 1325 2895 et
1364 2855 1467 2897 nos
1501 2856 1609 2896 una
1643 2842 1926 2897 vobiscum
1964 2842 2410 2914 regnassemns".
2445 2860 2464 2894 ι
2504 2841 2633 2896 Item
2666 2839 3006 2909 psalmorum
3041 2837 3182 2892 hoc:
3216 2854 3236 2900 ς
3267 2830 3553 2888 Benedixit
3580 2828 3769 2892 Domi-

492 2941 600 2981 nus
629 2926 952 2983 timentibus
989 2928 1170 2999 ipsum
1200 2968 1214 2993 ,
1249 2937 1358 2983 tam
1395 2930 1584 2999 parvis
1612 2945 1776 3001 quam
1808 2932 2022 3000 magnis
2038 2931 2081 2986 ⁸.
2113 2950 2133 2983 ι
2174 2930 2435 2985 Eamdem
2484 2928 2629 2984 enim
2668 2928 2906 2984 fortasse
2933 2924 3373 2989 benedictionem
3409 2921 3619 2977 habent
3667 2920 3767 2989 qui

494 3014 718 3070 virtutis
748 3029 977 3095 cperunt
1008 3018 1203 3087 inopes
1227 3058 1241 3079 .
1276 3017 1383 3073 fide
1415 3019 1615 3088 aequali
1668 3030 1800 3074 sunt
1833 3019 2066 3090 praediti.
2102 3018 2372 3075 (laterum
2405 3016 2499 3088 qui
2529 3017 2754 3088 praemia
2782 3015 3069 3073 distribuit
3097 3012 3354 3071 Christus
3383 3019 3467 3067 est
3496 3010 3553 3077 in
3581 3007 3771 3080 ponti-

498 3101 600 3155 llce
633 3108 688 3156 et
715 3101 1033 3184 legislatore
1069 3103 1360 3174 ﬁguratus,
1391 3104 1480 3159 cui
1513 3105 1786 3161 assistunt
1812 3107 1988 3177 angeli
2018 3108 2278 3178 praesidio
2307 3105 2545 3162 fidelium
2576 3106 2870 3170 collocati,
2906 3119 3049 3176 quos
3080 3118 3229 3160 nunc
3257 3117 3354 3174 per
3384 3100 3667 3173 principes
3694 3098 3774 3184 si-

495 3182 794 3257 gniﬁcavit.
837 3188 1071 3246 Ctelitus
1108 3191 1253 3246 enim
1298 3192 1513 3257 veniet,
1548 3193 1642 3263 qui
1689 3193 1986 3249 virtutibus
2017 3210 2116 3250 sua
2154 3195 2377 3267 praemia
2404 3194 2556 3265 justa
2588 3193 2806 3249 ratione
2845 3199 2901 3248 et
2937 3190 3101 3247 modo
3127 3188 3406 3257 attribuit.
3438 3182 3769 3256 Ilujusmodi

499 3277 651 3332 Isaia:
680 3276 813 3333 illud
855 3286 943 3336 est
979 3296 993 3334 :
1028 3297 1048 3333 ι
1081 3280 1205 3351 Ipse
1237 3280 1614 3338 dominabitur
1645 3282 1855 3349 multis,
1886 3292 1941 3338 et
1973 3284 2195 3339 fortium
2226 3281 2404 3353 spolia
2435 3280 2640 3335 dividet
2655 3282 2734 3335 ’.ι
2762 3277 3130 3350 Quapropter,
3153 3275 3257 3333 etsi
3293 3273 3507 3345 praemii
3538 3287 3776 3331 consor-

497 3369 582 3423 tes
618 3364 779 3434 primi
814 3373 872 3435 et
905 3367 1135 3437 secundi
1164 3368 1479 3436 exsistunt,
1508 3384 1631 3425 sors
1666 3377 1848 3425 tamen
1880 3370 2083 3441 cuique
2113 3377 2263 3426 certa
2307 3369 2520 3424 ratione
2547 3368 2896 3424 decernetur.
2929 3365 3006 3431 Ex
3044 3377 3375 3437 unaquaque
3434 3361 3582 3417 enim
3618 3360 3773 3415 tribu

500 3450 709 3519 milleui
737 3452 832 3524 qui
863 3463 1178 3527 pugnarunt
1202 3456 1468 3528 aequalem
1502 3457 1953 3529 percipiunt.Qui
1982 3472 2113 3514 sane
2142 3465 2352 3529 partem
2381 3455 2875 3528 quingentesimam
2906 3451 3151 3524 pontillci
3178 3449 3453 3506 deferunt.
3484 3446 3771 3502 Primitias

501 3538 805 3615 hominum,
845 3542 949 3615 huc
972 3551 1083 3609 est,
1116 3546 1411 3612 tuulierum
1435 3586 1451 3612 ,
1486 3553 1541 3602 et
1570 3546 1803 3602 aliorum
1834 3546 2080 3601 omnium
2106 3585 2123 3613 ,
2157 3542 2669 3616 quinquagesimam
2700 3550 2911 3613 partem
2949 3550 3186 3595 cunctus
3223 3544 3403 3593 ccetus
3435 3533 3642 3590 Levitis
3671 3548 3769 3589 ex-

499 3627 674 3684 hibet.
702 3628 825 3700 lpse
852 3632 1055 3687 etenim
1083 3635 1326 3705 pontifex
1361 3634 1566 3703 unicus
1592 3643 1679 3691 est
1700 3675 1715 3703 ,
1750 3633 1952 3710 Levita:
1976 3641 2160 3691 autem
2188 3632 2526 3704 complures.
2558 3631 2709 3687 Alias
2745 3640 2929 3684 autem
2967 3627 3085 3684 ﬁeri
3117 3627 3280 3692 solet,
3318 3632 3378 3679 nt
3413 3631 3673 3694 potentes
3707 3620 3771 3675 fi—

496 3716 704 3774 delium
738 3734 931 3791 parum
964 3722 1231 3794 adjuvcnt
1260 3722 1429 3780 Deum
1452 3767 1469 3792 ,
1509 3724 1739 3781 secundi
1778 3739 1910 3781 vero
1942 3724 2178 3797 amplius
2212 3743 2227 3780 :
2272 3742 2291 3776 (
2323 3722 2477 3778 Multi
2532 3721 2678 3777 enim
2711 3720 2889 3776 vocati
2918 3758 2934 3783 ,
2974 3717 3134 3789 pauci
3169 3716 3330 3772 electi
3351 3715 3416 3770 “.
3449 3732 3470 3766 ι
3511 3713 3646 3768 Item
3680 3710 3771 3767 cui

496 3805 670 3860 multa
699 3808 1121 3878 relinquentur,
1156 3826 1222 3867 eo
1259 3812 1496 3880 amplius
1525 3812 1736 3884 diliget.
1768 3812 1847 3868 Ac
1878 3812 1957 3869 illi
2002 3812 2222 3883 quidem
2260 3812 2481 3868 nemine
2511 3809 2733 3879 interim
2779 3808 3110 3880 decerpente
3151 3805 3454 3877 quidquam
3481 3843 3497 3870 ,
3543 3801 3773 3863 Christo

498 3892 745 3960 pontiﬁci
776 3905 829 3950 et
853 3895 1026 3966 judici
1061 3913 1262 3968 magno
1288 3898 1547 3961 oB‘erunt.
1581 3898 1739 3966 Quod
1769 3898 2021 3957 fecerunt
2047 3899 2330 3973 discipuli,
2361 3906 2418 3956 et
2448 3903 2721 3972 quotquot
2760 3895 2926 3952 hodie
2955 3895 3284 3966 populorum
3317 3891 3577 3947 ductores
3613 3897 3772 3955 sunt,

500 3980 687 4039 facere
715 3981 941 4051 debent,
978 3993 1039 4041 ut
1071 3987 1288 4043 labores
1314 3988 1724 4059 praedicationis
1750 3989 2084 4061 evangelica
2120 3988 2230 4045 Deo
2263 3993 2628 4052 consecrent,
2675 3985 2873 4055 hisque
2918 3982 3164 4055 iudicem
3211 3980 3452 4053 placent.
3496 3976 3773 4046 Reliquus

499 4078 682 4129 autem
710 4081 890 4127 conus
916 4073 1191 4143 primitias
1222 4074 1402 4141 offert,
1434 4092 1623 4132 verum
1657 4076 1882 4136 nonnisi
1926 4092 2025 4147 per
2051 4074 2505 4135 intercessionem
2538 4072 2919 4128 ministrorum
2950 4084 3258 4133 sacrorum,
3290 4067 3458 4124 veluti
3484 4075 3602 4121 tum
3628 4074 3771 4119 tem-

498 4156 651 4225 poris
681 4173 780 4229 per
809 4175 1027 4216 sacram
1058 4160 1373 4218 Levitarnm
1415 4163 1643 4220 tribum.
1677 4162 1897 4222 Dictum
1923 4172 2009 4227 est
2036 4163 2182 4218 enim
2209 4202 2225 4227 ,
2260 4176 2432 4232 genus
2462 4161 2696 4217 electum
2723 4198 2740 4225 ,
2768 4167 2824 4214 et
2862 4158 3047 4230 regale
3075 4155 3442 4214 sacerdotium
3462 4153 3529 4205 ιι.
3571 4153 3642 4207 At
3687 4151 3769 4206 illi

496 4243 712 4307 fructus
740 4248 962 4318 quidem
994 4248 1265 4315 oﬂcrunt',
1295 4267 1484 4307 verum
1516 4267 1624 4308 non
1656 4252 1973 4323 specialiter
2004 4266 2253 4322 personae
2282 4248 2485 4311 Christi
2518 4247 2734 4313 fructus
2754 4245 2988 4311 faciunt.
3011 4243 3341 4316 Huiusmodi
3360 4240 3586 4313 quidam
3610 4246 3771 4295 erant

496 4333 588 4402 qui
622 4332 888 4395 collectas
922 4345 1247 4401 sanctorum
1278 4338 1502 4398 nomine
1531 4339 1624 4409 qui
1656 4339 1713 4404 in
1738 4338 2045 4395 Jerusalem
2081 4343 2276 4405 erant,
2309 4335 2689 4394 conferebant.
2718 4334 2824 4401 Qui
2867 4333 3137 4404 ampliora
3178 4332 3344 4389 etiam
3371 4328 3648 4392 olierunt,
3679 4333 3770 4381 ut-

495 4429 626 4491 pote
663 4423 759 4492 qui
798 4423 967 4479 etiam
1001 4424 1257 4493 ampliori
1291 4427 1618 4497 purgatione
1643 4428 1978 4498 indigerent.
2014 4444 2034 4480 (
2068 4425 2174 4493 Qui
2204 4424 2351 4482 enim
2384 4423 2532 4480 lotus
2560 4430 2685 4490 est,
2715 4421 2898 4494 inquit
2924 4421 3227 4486 Dominus,
3257 4434 3370 4475 non
3402 4431 3635 4475 necesse
3666 4415 3769 4471 ha-

496 4507 590 4562 bet
618 4508 861 4580 amplius
893 4524 1060 4580 quam
1091 4520 1151 4565 ut
1185 4512 1353 4582 pedes
1389 4514 1556 4581 lavet,
1588 4513 1829 4570 mundus
1857 4514 2006 4570 enim
2040 4522 2126 4571 est
2141 4514 2206 4567 η.
2239 4530 2260 4565 ι
2303 4510 2532 4579 Minima
2564 4512 2709 4567 enim
2743 4510 2997 4583 quamvis
3030 4507 3239 4569 sanctis
3265 4503 3593 4578 purgatione
3624 4516 3764 4573 opus

495 4603 605 4660 est,
627 4597 813 4668 aliqua
839 4608 1023 4659 tamen
1055 4608 1161 4664 est,
1198 4600 1472 4672 siquidem
1510 4605 1718 4675 peccati
1744 4618 1943 4662 exsors
1968 4616 2130 4660 nemo
2153 4609 2262 4658 est.
2295 4600 2466 4670 Atqui
2488 4601 2837 4671 prmmiorum
2863 4599 3106 4667 varietas
3136 4595 3419 4654 indicatur
3444 4595 3614 4651 etiam
3636 4592 3765 4660 hoc,

495 4684 642 4752 quod
677 4686 844 4741 alimn
877 4701 1049 4759 super
1078 4688 1325 4759 quinque
1355 4690 1543 4756 urbes,
1582 4691 1750 4747 alium
1787 4708 1954 4764 super
1986 4692 2173 4748 decem
2212 4691 2574 4749 constitutum
2602 4690 2672 4758 iri
2703 4689 2905 4751 dicitur
2928 4689 2992 4745 ξ’.

573 4771 690 4827 Nos
718 4776 854 4831 servi
889 4776 969 4832 tui
999 4777 1359 4839 recensuintas
1389 4794 1666 4834 numerum
1706 4789 2083 4850 pugnatorum.
2122 4777 2277 4852 [49.]
2320 4779 2650 4845 Obtulerunt
2693 4781 2969 4850 quotquot
3016 4775 3283 4848 imperata
3336 4774 3577 4832 fuerant.
3607 4768 3764 4826 Ultro

496 4870 678 4917 autem
707 4862 857 4934 jnsta
901 4866 1261 4935 gratulatoria
1296 4867 1616 4939 persolvunt
1651 4883 1751 4938 pro
1795 4867 2143 4925 subditorum
2177 4868 2393 4933 salute,
2419 4866 2567 4938 quod
2599 4865 2843 4936 ipsorum
2877 4865 3067 4935 nullus
3114 4867 3171 4937 in
3216 4862 3476 4935 conﬂictu
3505 4860 3761 4918 obiisset.

494 4946 831 5020 P0pnlorum
865 4954 1012 5015 enim
1047 4954 1331 5026 principes
1363 4966 1418 5012 et
1450 4971 1550 5011 sua
1583 4963 1640 5019 et
1671 4956 1995 5027 populorum
2046 4969 2212 5015 causa
2257 4954 2675 5027 augustioribus
2713 4954 2877 5013 donis
2908 4954 3161 5011 venerari
3193 4952 3380 5024 ,Deum
3409 4952 3629 5017 solent,
3659 4948 3764 5004 ali-

495 5037 625 5107 quid
662 5055 877 5110 semper
921 5055 988 5096 ex
1018 5041 1322 5097 abundanti
1358 5043 1621 5100 addentes
1643 5084 1659 5110 ,
1692 5052 1748 5098 et
1782 5042 2036 5099 mandata
2067 5054 2489 5115 exsuperantes.
2522 5043 2714 5112 Qualis
2761 5052 2880 5102 erat
2923 5044 3130 5111 Paulus
3168 5043 3262 5114 qui
3314 5043 3460 5107 ultra
3506 5041 3683 5111 legem
3711 5046 3763 5094 et

495 5125 812 5182 mandatum
844 5128 1072 5196 Christi,
1122 5131 1331 5185 nullum
1360 5131 1579 5186 carnale
1605 5131 1888 5201 praemium
1920 5145 1953 5185 a
1981 5132 2068 5187 sui
2101 5132 2383 5203 Evangelii
2410 5132 2701 5203 discipulis
2730 5131 3095 5204 percipiebat,
3120 5146 3186 5186 ac
3218 5129 3575 5203 Evangelium
3605 5136 3762 5183 extra

495 5221 751 5284 sumptus
780 5215 1088 5286 depnnebat
1117 5258 1134 5287 ,
1180 5219 1534 5289 quantumvis
1605 5218 1958 5289 Evangeiinm
2004 5218 2171 5292 5.30
2217 5206 2675 5282 annuntiantibns
2723 5236 2790 5277 ex
2841 5218 3139 5294 Evangelia
3181 5206 3766 5289 vivere‘przecepissel
3804 5216 3833 5237 ’

494 5301 751 5359 Christus
771 5302 836 5357 “.
864 5302 999 5360 item
1030 5320 1155 5359 cnm
1189 5322 1304 5386 non.
1330 5307 1561 5363 haberet
1588 5308 1833 5369 edictum
1863 5307 2069 5371 Christi
2098 5310 2167 5366 de
2196 5310 2543 5382 virginibus,
2589 5309 2932 5379 introduxit,
2979 5307 3128 5381 quod
3157 5308 3254 5379 qui
3282 5319 3505 5377 carnem
3541 5309 3763 5368 necant,

558 5526 605 5560 ’³⁸
626 5523 788 5590 Joan.
837 5537 922 5581 ιιι.
961 5522 1018 5578 5.
1155 5523 1199 5555 ⁸⁷
1239 5521 1426 5577 Matth.
1487 5539 1606 5589 ιιι,
1651 5522 1744 5578 29.
1850 5526 1897 5558 "
1941 5525 2046 5582 lsa.
2095 5542 2152 5579 xx

2170 5541 2259 5591 xv,
2320 5524 2374 5579 8.
2473 5522 2570 5577 “1
2606 5523 2734 5581 Cor.
2796 5540 2892 5590 nl,
2964 5523 3052 5578 l5.
3156 5521 3449 5577 ’Zachar.
3503 5536 3669 5591 ιιιιη
3707 5520 3760 5574 Ι.

494 5599 518 5641 ³
553 5596 570 5650 Ι
600 5595 729 5652 Cor.
756 5610 838 5653 ιιι.
878 5594 968 5651 15.
1062 5593 1082 5625 ⁸
1117 5592 1263 5649 Psal.
1294 5608 1420 5654 va,
1449 5593 1536 5646 lli.
1641 5594 1664 5624 ⁵
1705 5596 1850 5651 Psal.
1884 5608 2056 5661 vau,

2166 5637 2178 5652 .
2246 5589 2287 5629 ’⁸
2324 5595 2473 5651 Psal.
2501 5611 2729 5658 Lxxxu,
2768 5595 2856 5649 l'l.
2960 5596 2981 5626 ⁸
3022 5594 3187 5649 llcbr.
3217 5592 3403 5661 v.39.
3515 5591 3538 5623 '
3582 5589 3760 5661 lCor.

494 5667 656 5736 iv,i8.
763 5666 787 5699 ⁸
824 5666 974 5722 Psal.
1032 5679 1188 5724 cxm.
1220 5664 1309 5736 l3.
1352 5735 1359 5736 ί
1425 5666 1444 5695 ³
1490 5663 1748 5736 Isaae"),
1790 5666 1875 5736 12.
1989 5659 2088 5721 "vl

2170 5668 2268 5723 ltb.
2301 5682 2432 5734 xxii,
2466 5667 2550 5733 ll.
2670 5668 2711 5699 “
2754 5667 2771 5720 Ι
2800 5665 2945 5723 Pctr.
2979 5683 3040 5732 ιι,
3080 5664 3137 5733 9.
3246 5666 3287 5696 ι’
3326 5659 3485 5718 Joan.
3517 5676 3642 5733 xui.
3672 5659 3764 5735 ιῦ.

496 5737 540 5781 i’
578 5735 711 5801 Luc.
742 5754 857 5806 χιχ,
898 5737 985 5804 l7,
1026 5737 1109 5793 19.
1191 5735 1234 5767 ⁸⁸
1276 5736 1294 5788 l
1327 5735 1454 5794 Cor.
1493 5750 1567 5801 ix,
1591 5733 1747 5792 2-19.
