4024 6194
323 270 434 337 885

1418 264 1951 330 COMMENTARII
1985 260 2065 327 IN
2091 260 2483 327 NUMEROS.

3475 255 3582 319 886

321 379 672 453 splendidum
715 393 782 435 ac
825 378 1037 433 lautum
1087 375 1143 433 in
1174 377 1403 434 Christo
1440 377 1644 432 donum
1693 372 2008 430 oderant".
2053 371 2119 429 Et
2161 368 2625 443 quemadmodum
2677 365 2744 453 in,
2782 361 3138 419 tabernaculo
3178 364 3587 432 reponebantur

322 452 470 527 dona
503 468 713 533 oblata,
750 469 824 521 ita
857 465 1228 522 Ecclesiarum
1260 480 1394 536 opes
1425 471 1742 521 sanctorum
1772 460 2135 532 gioriationes
2178 463 2497 530 perpetuam
2530 452 2673 525 apud
2725 452 2893 507 Deum
2929 456 3347 534 consequuntur
3375 466 3582 506 memo-

323 557 460 613 riam
487 597 502 620 ,
537 571 602 611 ac
635 569 772 611 cura
819 554 1007 610 divina
1051 554 1266 625 seipsos
1298 534 1498 625 dignos
1525 550 1703 606 sancti
1733 546 1992 605 reddunt.
2025 544 2140 605 liae
2166 545 2315 602 enim
2347 543 2454 600 sibi
2485 540 2621 599 illud
2647 539 2763 596 vult
2795 536 2939 607 quod
2971 534 3173 591 dicitur
3200 578 3216 604 ,
3254 551 3439 593 coram
3482 540 3578 592 Do.

322 646 473 701 mino
510 643 692 713 posita
724 658 871 698 esse.
888 700 893 715 ι

389 730 498 784 Τοῦ
516 706 747 801 ignaui},
774 730 808 800 ἠ
835 706 934 800 μὲν
957 727 1057 791 ὕλη
1079 727 1341 799 κοσμικὴ,
1367 729 1479 798 ἠδὲ
1508 729 1705 801 χρῆσις
1726 727 1893 783 πνεύ-

2067 719 2247 775 Porro
2283 716 2406 774 auri
2454 714 2676 786 quidem
2727 710 2959 768 materia
3009 708 3078 765 ad
3129 716 3380 764 ornatum
3431 706 3586 765 facit.

323 828 526 898 ματική
548 842 564 864 ο
598 825 851 896 καθάπερ
884 828 981 878 καὶ
1009 825 1116 879 τῶν
1141 822 1351 893 δώρων,
1382 823 1566 889 suae;
1596 822 1697 893 μὲν
1716 823 1747 877 ὁ
1768 841 1901 896 χρυ-

323 920 432 982 σὸς,
465 918 527 973 τδ
556 917 613 972 δὲ
639 919 697 972 ὲν
729 916 914 980 αὐτοῖς
940 911 1077 981 εἶδος
1099 914 1208 970 ἀπὸ
1231 916 1328 986 τῆς
1355 914 1551 986 τέχνης
1568 916 1667 986 οὐχ
1690 914 1898 981 ὑλικὸν,

323 1010 461 1064 ἀλλὰ
486 1008 579 1063 νοῦ
611 1008 841 1078 καρπός.

406 1187 813 1259 ’Δπογράφεται
834 1186 901 1240 τὰ
917 1186 1084 1258 δῶρα.
1107 1188 1188 1239 Δι’
1207 1179 1282 1243 ὧν
1309 1185 1419 1258 γὰρ
1443 1184 1905 1258 καρποφοροῢμεν

320 1285 397 1345 εἰς
446 1281 669 1352 ἀρετὴν,
704 1277 793 1332 διὰ
833 1277 1038 1332 τούτων
1078 1277 1530 1348 μνημονευόμεθα
1576 1276 1730 1349 παρὰ
1756 1276 1897 1347 Θεῷ.

321 1372 459 1427 Οὐδὲ
490 1370 600 1441 γὰρ
631 1368 808 1432 ἄλλως
834 1367 1017 1437 τίμιον
1042 1367 1104 1420 τὸ
1134 1366 1320 1436 φυτὸν,
1345 1368 1395 1419 si
1416 1366 1492 1437 μὴ
1515 1365 1606 1420 διὰ
1634 1366 1730 1420 τοῦ
1761 1383 1900 1438 καρ-

318 1464 442 1517 ποῦ.
474 1462 726 1524 Τοιοῦτος
755 1463 785 1515 ὁ
816 1460 924 1514 τῶν
946 1458 1261 1513 ἀποστὸλων
1294 1459 1525 1529 καρπὸς,
1552 1458 1629 1523 ὥς
1653 1458 1756 1512 πού
1787 1476 1895 1530 φη-

318 1572 401 1608 σιν
422 1571 433 1583 ·
471 1555 591 1607 ’Ίνα
640 1552 868 1622 γένηται
916 1554 950 1621 ὴ
1004 1550 1291 1622 προσφορὰ
1318 1550 1426 1604 τῶν
1458 1549 1628 1605 ὲθνῶν
1657 1550 1895 1624 εὐπρόσ-

315 1645 524 1709 δεκτος,
559 1642 871 1715 ἡγιασμένη
901 1644 960 1696 ὲν
987 1640 1268 1712 Πνεύματι
1296 1641 1461 1713 ἁγίῳ.

386 1822 500 1876 Kal
519 1820 708 1889 κτήνη
726 1817 805 1892 ἦν
819 1820 1055 1887 πλῆθος
1082 1819 1208 1886 τοῖς
1226 1820 1377 1887 υἱοῖς
1403 1822 1655 1891 Ῥουϐίμ.
1676 1822 1787 1895 Τὴν
1808 1825 1895 1878 αἱ-

320 1915 444 1967 τίαν
479 1912 756 1984 πρόλεγει,
786 1912 853 1966 δι’
876 1913 941 1984 ἢν
982 1911 1083 1982 τῆς
1119 1911 1224 1979 ἔξω
1252 1912 1343 1965 τοῦ
1380 1912 1643 1984 Ἰορδάνου
1670 1915 1772 1985 γῆς
1801 1917 1898 1969 ὲπ-

318 2003 599 2075 εθύμησαν
619 2020 633 2037 ·
665 2004 764 2073 οὐχ
793 2002 868 2067 ὡς
897 2003 1185 2057 ἀπολιπεῖν
1217 2006 1590 2077 προῃρημένοι
1611 2007 1710 2070 τὰς
1731 2008 1896 2073 ἄλλας

321 2095 513 2164 φυλάς.
531 2095 590 2148 Ὅ
622 2094 679 2147 δὲ
700 2093 941 2165 Μωῦσῆς
965 2091 1324 2164 ἀνθρωπίνως
1342 2095 1522 2149 αὐτῶν
1544 2097 1779 2169 ἠγνόησε
1800 2097 1899 2171 τὴν

321 2185 580 2240 διάνοιαν.
613 2185 689 2239 Οὐ
732 2185 841 2256 γὰρ
884 2184 1063 2240 πάντα
1091 2184 1397 2257 προφήταις
1420 2188 1900 2245 ἀποκαλύπτεταιο

321 2276 440 2331 ἀλλ’
465 2273 757 2344 ἀγνοοῦσιν
786 2274 897 2328 ἐσθ’
931 2274 1019 2328 ὅτε
1051 2274 1187 2346 πρὸς
1216 2276 1277 2329 τὸ
1305 2279 1779 2349 συμφέρον.”Οθεν
1810 2281 1908 2334 αὐ-

320 2369 433 2429 τοῖς
468 2363 799 2435 ἐπετίμησεν
833 2362 1097 2434 ἀρχικῶς,
1130 2362 1225 2416 καὶ
1251 2361 1360 2416 τῶν
1390 2364 1519 2436 περὶ
1567 2362 1905 2438 ἀπειθησάν-

322 2474 431 2509 των
467 2455 605 2527 πρὸς
636 2455 698 2509 τὸ
729 2454 804 2525 μὴ
834 2453 1095 2507 εἰσελθεῖν
1127 2456 1207 2519 εἰς
1237 2454 1336 2525 τὴν
1381 2455 1486 2527 γῆν
1533 2455 1635 2526 τῆς
1664 2458 1904 2526 ἐπαγγε-

323 2547 442 2607 λίας
465 2546 797 2616 ὑπέμνησεν,
818 2537 908 2601 οἶα
931 2542 1251 2598 πεπόνθασι.
1271 2545 1344 2597 Τὸ
1363 2543 1418 2597 δὲ
1439 2545 1665 2614 ἀκριϐὲς
1690 2547 1897 2616 μαθὼν,

324 2636 703 2707 συνεχώρησεν
731 2637 824 2691 ἐπὶ
850 2633 1146 2706 συνθήκαις
1168 2633 1262 2688 τοῦ
1291 2634 1652 2706 συμμαχῆσαι
1681 2640 1792 2700 τοῖς
1811 2638 1904 2692 ἄλ-

322 2729 530 2794 λοις.“0
559 2728 654 2783 καὶ
683 2727 976 2793 δείκνυσιν,
994 2725 1069 2792 ὡς
1093 2724 1228 2796 πρὸς
1249 2725 1312 2779 τὸ
1340 2726 1617 2801 συμφέρον
1640 2728 1898 2801 ἠγνόησε.

2002 828 2139 870 usus
2170 808 2350 866 autem
2401 806 2714 879 spiritualis
2762 814 2872 871 est,
2900 800 3362 873 quemadmodum
3410 799 3587 856 dono-

2001 919 2125 960 rum
2154 916 2375 975 quoque
2403 897 2634 955 materia
2659 909 2828 951 aurea
2865 904 2969 960 est,
3003 892 3175 964 ﬁgura
3213 900 3395 947 autem
3418 906 3586 962 quam

2001 995 2073 1052 ab
2116 1004 2236 1050 arte
2278 990 2573 1063 acquisivit
2603 1003 2715 1044 non
2751 984 3054 1043 materialis
3089 995 3207 1053 est,
3252 983 3348 1041 sed
3383 984 3587 1040 mentis
3635 1005 3638 1013 ν

2046 1092 2242 1141 uetus.

2046 1092 2242 1141 uetus.

2002 1084 2043 1149 ᾗ
2074 1174 2473 1231 Describuntur
2508 1184 2637 1225 vero
2666 1170 2809 1224 dona
2838 1185 2853 1236 ;
2894 1183 2991 1239 per
3029 1180 3390 1237 quascunque
3436 1164 3583 1219 enim

2000 1267 2233 1323 virtutes
2266 1263 2503 1318 fructum
2534 1259 2788 1325 edimus,
2819 1274 2916 1331 per
2938 1257 3159 1315 easdem
3186 1270 3408 1328 quoque
3440 1255 3585 1309 celc-
3674 1311 3679 1317 ,

1998 1358 2128 1415 bres
2182 1355 2326 1428 apud
2376 1354 2548 1410 Deum
2609 1352 2793 1407 limus.
2855 1348 2976 1405 Non
3021 1348 3167 1403 enim
3216 1348 3322 1403 alia
3374 1346 3586 1400 ratione

1999 1465 2160 1520 quam
2208 1447 2393 1502 fructu
2432 1445 2489 1500 in
2551 1441 2974 1500 aestimationem
3020 1440 3205 1509 planta
3237 1446 3412 1492 venit.
3440 1434 3589 1495 Talis

1999 1539 2376 1611 apostolorum
2426 1535 2530 1591 i‘uit
2575 1533 2833 1598 fructus,
2867 1528 3335 1602 quemadmodum
3381 1526 3587 1585 alicubi

1998 1630 2295 1702 Apostolus
2327 1628 2508 1698 inquit
2526 1626 2571 1660 “
2601 1642 2616 1678 :
2642 1622 2974 1695 Utgentium
3024 1620 3231 1679 oblatio
3278 1626 3505 1689 accepta
3533 1628 3587 1672 et

1999 1714 2340 1780 sanctiﬁcata
2375 1722 2431 1775 in
2462 1720 2673 1791 Spiritu
2716 1725 2911 1774 sancto
2938 1715 3055 1770 ﬁat.

2075 1815 2139 1870 Et
2161 1829 2404 1883 pecorum
2426 1827 2620 1883 magna
2640 1819 2757 1864 erat
2773 1807 2924 1877 copia
2948 1805 3078 1876 ﬁliis
3099 1802 3301 1863 Ruben.
3345 1798 3583 1874 iXXXIl,

1999 1904 2078 1978 1.]
2109 1905 2341 1960 Causam
2378 1903 2450 1959 ob
2488 1916 2653 1973 quam
2689 1909 2893 1955 terram
2925 1898 3007 1952 cis
3031 1894 3332 1950 Jordanem
3381 1893 3589 1965 appeti-

2000 2003 2217 2061 verunt,
2253 1993 2506 2068 prazilgit.
2538 1991 2694 2063 Quod
2727 1989 2986 2046 videlicet
3012 2003 3123 2043 non
3151 1985 3500 2043 induxissent
3531 1985 3585 2037 in

2001 2088 2248 2142 animum
2290 2085 2531 2156 reliquas
2577 2082 2759 2138 tribus
2791 2081 3070 2138 deserere.
3104 2080 3173 2133 At
3218 2077 3397 2133 Moses
3440 2076 3589 2145 ipso-

2001 2193 2123 2234 rum
2143 2174 2439 2234 cousilium
2463 2174 2785 2229 humanitus
2808 2171 3104 2244 ignoravit,
3133 2170 3278 2226 sicut
3305 2167 3588 2239 prophetis

2001 2285 2113 2326 non
2141 2270 2328 2326 omnia
2356 2269 2691 2332 revelantur,
2730 2265 2825 2322 sed
2855 2279 2965 2320 non
3004 2264 3125 2319 sine
3164 2262 3349 2332 aliquo
3371 2260 3586 2314 emolu-

2005 2370 2192 2417 mento
2240 2359 2542 2430 aliquando
2591 2360 2863 2431 ignorant.
2915 2355 3262 2426 Quapropter
3310 2368 3408 2409 eos
3445 2353 3585 2408 satis

2005 2454 2298 2523 imperiose
2328 2452 2652 2523 increpavit,
2682 2460 2735 2505 et
2765 2466 2955 2506 eorum
2984 2448 3080 2520 qui
3112 2447 3264 2519 prius
3292 2447 3345 2500 in
3377 2453 3582 2501 terram

2007 2546 2396 2616 promissionis
2432 2543 2647 2616 ingredi
2685 2541 3037 2606 recusabant,
3071 2537 3394 2594 memoriam
3421 2535 3583 2591 refri-

2007 2636 2276 2700 cavit,et
2316 2644 2518 2706 quanta
2558 2634 2919 2706 pertulerint,
2965 2630 3245 2685 indicavit.
3274 2628 3413 2683 Cum
3455 2641 3584 2681 vero

2009 2745 2123 2785 rem
2166 2730 2405 2800 penitius
2440 2722 2812 2798 cognovisset,
2839 2724 2942 2780 {ide
2969 2724 3255 2779 societatis
3287 2721 3496 2777 bellica:
3517 2720 3585 2776 ab

2003 2822 2139 2892 ipsis
2171 2822 2465 2892 postulata,
2495 2821 2637 2876 votis
2666 2834 2859 2875 eorum
2892 2818 3105 2873 annuit.
3138 2815 3295 2883 Quod
3326 2829 3459 2870 sane
3480 2829 3583 2870 ar-

2002 2913 2122 2984 guit
2158 2915 2336 2984 ipsum
2370 2913 2437 2968 ad
2477 2912 2773 2967 utilitatem
2803 2912 3108 2982 ignorasse.

393 3024 557 3093 Atqui
590 3022 775 3079 omnia
799 3021 867 3078 ad
894 3020 1067 3076 Deum
1089 3019 1495 3083 accommodat,
1524 3032 1588 3074 ac
1615 3019 1979 3077 deiectionem
2010 3034 2237 3094 peccatu
2249 3040 2297 3080 m
2329 3034 2524 3080 contra
2555 3024 2847 3081 Dominum
2880 3030 3066 3087 vocat,
3091 3031 3145 3075 et
3175 3019 3581 3089 possessionem

327 3112 461 3182 ipsis
491 3110 812 3166 tradendam
836 3149 852 3176 ,
883 3123 1074 3165 coram
1103 3107 1336 3163 Domino
1370 3108 1632 3162 traditum
1668 3109 1736 3165 iri
1772 3110 1923 3167 dicit.
1955 3111 2091 3168 Cum
2128 3115 2273 3169 enim
2307 3115 2529 3186 pietatis
2564 3129 2627 3169 ac
2662 3113 2946 3183 religionis
2974 3112 3047 3166 sit
3077 3111 3359 3180 magister,
3392 3122 3583 3163 omnes

325 3212 458 3254 suas
509 3198 681 3253 animi
716 3196 863 3253 vires
911 3195 1116 3264 ubique
1150 3194 1207 3249 in
1245 3192 1414 3251 Deum
1444 3195 1718 3263 intendit,
1764 3204 1819 3252 ct
1865 3201 2126 3270 populum
2162 3202 2217 3256 in
2248 3200 2602 3256 concordiam
2645 3199 2864 3271 redigit.
2897 3198 3244 3268 Quapropter
3290 3211 3413 3250 cum
3468 3209 3582 3249 rem

327 3300 483 3341 suam
512 3293 818 3354 promotam
844 3299 970 3341 esse
1001 3281 1288 3347 viderent,
1318 3280 1593 3337 instructa
1621 3284 1741 3340 acie
1766 3283 2065 3344 Jordanem
2093 3291 2526 3361 pertransituros
2554 3303 2615 3345 se
2644 3302 2768 3344 esse
2796 3286 3072 3357 recipiunt
3095 3324 3109 3349 ,
3153 3297 3219 3341 ac
3251 3282 3496 3338 indicant
3527 3281 3581 3335 in

324 3374 501 3429 oculis
533 3372 747 3428 Domini
785 3373 1073 3444 ipsiusque
1129 3369 1393 3440 auspiciis
1428 3371 1530 3427 hoc
1557 3372 1759 3428 bellum
1796 3373 1933 3431 fore.

395 3485 485 3556 Τῷ
517 3485 692 3555 Ἰησθῦ
720 3486 814 3539 καὶ
834 3483 913 3556 τῷ
942 3486 1191 3556 ἀρχιερεῖ
1217 3485 1346 3557 περὶ
1375 3484 1552 3539 αὐτῶν
1582 3485 1901 3552 ἐνετείλατο,

2079 3485 2345 3541 Craterum
2392 3485 2559 3543 Iosue
2605 3492 2661 3540 et
2707 3482 2949 3557 pontiﬁci
2994 3481 3061 3537 de
3106 3478 3239 3559 ipsis
3282 3475 3584 3544 mandavit,

322 3578 399 3641 ὡς
422 3577 605 3650 ἄρχων
630 3577 855 3646 ἀγαθὸς,
887 3581 982 3631 καὶ
1009 3577 1084 3649 μὴ
1106 3577 1201 3631 τοῦ
1233 3577 1426 3648 χρόνου
1456 3579 1616 3650 μόνου
1646 3579 1739 3634 τοῦ
1769 3581 1901 3636 καθ’

2013 3578 2139 3632 boni
2183 3578 2411 3641 functus,
2447 3577 2625 3635 cilicio
2675 3578 2960 3661 principis,
2996 3578 3090 3647 qui
3132 3587 3243 3628 non
3275 3579 3483 3634 tantum
3515 3568 3582 3623 ad

323 3664 516 3724 ἑαυτὸν
549 3668 965 3740 προνοούμενος.

2010 3686 2070 3727 se
2098 3680 2151 3727 et
2177 3687 2275 3726 sua
2301 3671 2518 3742 negotia
2552 3679 2786 3743 spectat,

395 3783 629 3850 Quidam
657 3797 791 3838 vero
814 3780 1063 3847 tradunt,
1104 3781 1253 3852 quod
1276 3781 1348 3837 ob
1380 3781 1689 3852 portionem
1723 3791 1934 3854 quanta
1962 3784 2074 3840 illis
2103 3784 2310 3851 cessit,
2346 3795 2841 3857 quantumcunque
2872 3783 3093 3853 pascuis
3128 3798 3409 3855 pecorum,
3446 3797 3583 3837 uxo-

324 3872 479 3927 ribus
507 3871 635 3926 item
666 3885 733 3926 ac
760 3870 953 3927 liberis
991 3869 1190 3926 idonea
1212 3870 1333 3927 visa
1361 3878 1532 3937 esset,
1559 3868 1856 3927 Jordanem
1891 3887 2239 3947 nequaquam
2267 3873 2633 3943 traiecissent,
2657 3887 2761 3930 nec
2791 3881 3018 3928 eatenus
3041 3872 3263 3943 quidem
3295 3881 3351 3926 ut
3376 3868 3583 3927 bellum

326 3972 401 4013 ae,
423 3957 673 4026 praelium
709 3955 1036 4027 conspicere
1083 3963 1349 4026 possent,
1381 3957 1507 4012 cum
1540 3956 1653 4026 jam
1687 3957 1744 4011 in
1787 3959 2071 4015 consortio
2095 3959 2284 4029 gloriae
2321 3960 2556 4015 aliorum
2590 3960 2867 4015 steterint.
2905 3958 3105 4014 Verum
3164 3957 3579 4014 obsecundasse

328 4043 462 4099 Mosi
495 4045 624 4116 quia
658 4043 1015 4099 minitaretur
1048 4043 1178 4100 belli
1210 4043 1435 4115 quidem
1464 4051 1749 4100 consortes
1783 4042 2000 4099 futuros
2024 4085 2039 4112 ,
2087 4046 2239 4115 atqui
2290 4057 2452 4102 terra:
2496 4054 2704 4111 sanctae
2732 4059 2843 4101 non
2876 4044 3195 4114 participes.
3235 4041 3332 4097 His
3365 4042 3580 4100 similes

324 4132 576 4191 nonnulli
609 4140 738 4187 sunt
764 4170 781 4196 ,
813 4131 907 4202 qui
939 4129 1089 4187 curis
1118 4131 1287 4201 hujus
1321 4131 1447 4187 vitae
1479 4131 1650 4211 victi,
1687 4131 1871 4187 studio
1896 4146 2026 4206 erga
2051 4129 2220 4188 Deum
2247 4133 2684 4209 elanguescunt:
2725 4151 2744 4185 ι
2773 4131 2936 4195 Multi,
2963 4132 3112 4187 enim
3155 4130 3331 4185 vocati
3359 4169 3374 4196 ,
3425 4130 3584 4201 pauci

323 4235 457 4275 vero
486 4219 729 4275 electi".
757 4237 778 4271 ι
816 4216 931 4275 Etsi
962 4219 1111 4274 enim
1149 4219 1333 4275 vocati
1367 4217 1436 4274 ad
1468 4205 1629 4274 (idem
1696 4218 1900 4276 fuerint
1923 4260 1938 4286 ,
1981 4229 2204 4291 propter
2234 4205 2543 4291 voluptates
2573 4220 2631 4276 in
2660 4220 2961 4291 proborum
3002 4232 3235 4274 numero
3265 4232 3585 4288 permanere

321 4308 543 4363 nolunt.
573 4306 653 4360 Ac
681 4306 748 4359 ad
778 4305 952 4375 ipsam
988 4304 1212 4375 quidem
1244 4306 1503 4377 baptismi
1535 4305 1772 4378 gratiam
1800 4307 1948 4364 lento
1979 4323 2174 4380 gressu
2208 4310 2503 4376 accedunt,
2527 4318 2737 4381 quanto
2764 4307 2997 4367 lentiore
3029 4320 3162 4363 vero
3206 4305 3274 4362 ad
3321 4320 3583 4377 persecu-

323 4396 529 4450 tionem
555 4434 572 4459 ,
620 4393 667 4448 si
714 4408 840 4449 cum
876 4394 999 4450 aliis
1031 4394 1242 4452 sanctis
1268 4408 1331 4450 ea
1366 4393 1672 4465 aliquando
1700 4394 2027 4465 perferenda
2065 4396 2147 4452 sit
2163 4399 2190 4452 l~
2209 4396 2369 4468 Degis
2388 4412 2522 4454 vero
2551 4398 2754 4454 divina
2779 4396 3048 4453 conviciis
3090 4395 3286 4451 saltem
3335 4394 3558 4450 excitati

322 4486 517 4554 iraque
547 4480 732 4537 divina
763 4481 1060 4551 aliquando
1087 4482 1364 4549 exterriti,
1395 4450 1717 4539 mediocres“
1744 4482 1984 4540 acleves
2023 4450 2316 4556 attingunt)
2336 4450 2749 4556 labores}:
2780 4450 3102 4555 proceribus
3133 4450 3277 4538 forte
3301 4450 3582 4556 ieiunam:

321 4571 624 4643 aliquando
661 4571 806 4627 bello
839 4573 1025 4642 petitis
1060 4571 1325 4628 Ecclesiis
1356 4587 1452 4629 eos
1481 4574 1839 4641 aemulantur,
1865 4586 2144 4643 nunquam
2174 4574 2354 4628 adhuc
2383 4574 2634 4643 persuasi
2679 4581 2739 4628 ut
2783 4588 2873 4629 res
2897 4571 3086 4627 mundi
3119 4572 3287 4641 hujus
3316 4578 3579 4626 contem-

323 4669 480 4726 nant,
510 4660 608 4717 sed
642 4659 878 4717 subinde
905 4659 975 4716 ad
1007 4674 1139 4716 suas
1171 4675 1306 4730 opes
1332 4669 1705 4725 revertuntur,
1742 4670 2101 4730 terrenasque
2154 4661 2466 4732 voluptates
2497 4668 2551 4718 et
2574 4662 2791 4732 lepores
2830 4660 3258 4728 amplectuntur.
3292 4657 3474 4724 Quare
3497 4659 3581 4714 di-

332 4748 567 4817 scipulis
600 4748 718 4804 suis
751 4747 1009 4802 Christus
1038 4747 1326 4817 praecipit:
1363 4766 1383 4799 ι
1412 4748 1694 4803 Attendite
1715 4764 1783 4809 ne
1814 4756 2113 4805 oncrentur
2139 4749 2308 4805 corda
2340 4758 2521 4804 vestra
2553 4750 2705 4805 curis
2729 4758 2783 4804 et
2811 4747 3108 4818 angoribus
3136 4746 3300 4816 hujus
3329 4746 3451 4801 vitae
3469 4746 3532 4801 ¹⁸.
3560 4764 3578 4796 ι

324 4833 403 4887 Ac
438 4833 633 4888 horum
659 4834 883 4904 quidem
916 4842 1103 4905 typum
1138 4833 1440 4904 pnclerunt
1465 4833 1663 4890 Ruben
1683 4843 1739 4890 et
1768 4833 1881 4894 Gad
1910 4874 1925 4899 ,
1959 4833 2051 4889 ille
2078 4835 2298 4903 quidem
2331 4837 2728 4907 primogenitus
2754 4876 2770 4902 ,
2820 4835 2910 4891 hic
2956 4848 3086 4889 vero
3118 4834 3333 4889 ancilla:
3367 4833 3583 4903 chphzn

324 4918 492 4975 ﬁlius.
526 4919 620 4977 Isti
645 4922 852 4978 etenim
889 4921 1237 4993 primogeniti
1280 4929 1411 4977 sunt
1437 4937 1534 4991 per
1564 4921 1762 4988 tidem;
1792 4921 2038 4978 Ecclesia
2065 4926 2211 4979 enim
2238 4934 2325 4981 est
2356 4926 2856 4996 primogenitorum
2884 4923 3288 4994 descriptorum
3319 4925 3372 4976 iit
3403 4923 3580 4985 cmlis.

324 5008 419 5076 qui
447 5009 708 5069 eximiam
738 5008 885 5079 apud
914 5008 1084 5065 Deum
1116 5017 1320 5064 sortem
1357 5018 1487 5064 sunt
1522 5011 1726 5075 sortiti,
1777 5018 2050 5079 quatenus
2076 5012 2330 5066 videlicet
2361 5011 2429 5066 ad
2459 5013 2691 5082 gratiam
2723 5012 2939 5077 attinet,
2972 5025 3083 5067 non
3116 5018 3295 5067 autem
3333 5018 3462 5064 sunt
3499 5011 3580 5074 in;

324 5095 483 5164 genui
534 5109 599 5150 ac
622 5096 895 5151 libertatis
923 5106 1221 5162 amatores,
1263 5111 1389 5150 cum
1421 5094 1808 5157 ail‘ectiouibus
1845 5098 2200 5153 aucillentur.
2228 5097 2329 5154 Hic
2362 5082 2567 5169 aliquis
2600 5098 2843 5167 objicere
2871 5096 3335 5169 possit,_lsr_aelis
3365 5112 3580 5167 quoque

298 5182 771 5277 primogenitum,
801 5192 984 5277 genus
1004 5185 1319 5277 pecuinum,
1350 5183 1511 5249 rude,
1542 5197 1607 5237 ac
1638 5183 1903 5238 illiberale
1926 5185 2165 5241 Jordanc
2195 5184 2361 5241 iluvio
2390 5185 2573 5240 dirimi
2608 5186 2869 5241 maluisse
2886 5201 2946 5239 ac
2983 5185 3246 5255 separari,
3275 5200 3377 5239 nec
3414 5186 3581 5254 parti-

321 5269 509 5338 cipare
542 5269 773 5325 terratin
804 5285 912 5341 qua
936 5269 1031 5325 Dei
1061 5278 1117 5325 et
1143 5272 1287 5325 aedes
1316 5278 1369 5325 et
1394 5270 1576 5329 cultus
1604 5269 1728 5336 fuit,
1747 5272 2004 5341 quamvis
2034 5272 2101 5325 ad
2136 5287 2254 5327 eam
2279 5280 2531 5327 vocatum
2560 5277 2728 5336 esset,
2751 5271 3024 5342 simulque
3046 5272 3339 5326 deduxisse
3369 5284 3464 5324 eos
3490 5271 3579 5337 qui

324 5356 508 5412 verbis
540 5358 677 5428 legis
705 5358 1085 5414 crediderunt.
1105 5356 1377 5435 Caeterum
1408 5357 1802 5429 procrastinati
1834 5366 1983 5425 sunt,
2014 5359 2156 5414 alius
2185 5360 2407 5428 quidem
2441 5359 2675 5414 dicendo
2711 5378 2723 5415 :
2764 5358 2945 5435 431
2993 5377 3013 5410 ι
3048 5360 3254 5428 Agrum
3284 5358 3411 5421 emi,
3442 5357 3581 5409 alius

325 5455 478 5507 vero,
502 5442 745 5499 Uxorem
775 5444 990 5510 duxi",
1026 5462 1046 5496 ι
1076 5451 1132 5499 et
1165 5460 1287 5514 qua:
1315 5444 1595 5514 deinceps.
1636 5443 1907 5510 Quocirca
1937 5462 2047 5500 non
2081 5447 2380 5501 deveniunt
2414 5447 2469 5501 in
2503 5431 2811 5502 amicitiam
2838 5431 3052 5502 Domini
3085 5447 3351 5500 dicentis:
3377 5442 3581 5498 Servus

322 5541 433 5584 non
469 5532 620 5587 novit
646 5531 779 5602 quid
823 5531 988 5588 faciat
1018 5531 1185 5587 herus
1212 5531 1422 5602 ipsius,
1458 5546 1555 5590 vos
1587 5541 1770 5587 autem
1800 5534 2010 5589 amicos
2047 5534 2235 5587 vocavi
2263 5550 2276 5600 ;
2315 5534 2495 5589 omnia
2525 5549 2645 5604 quae
2671 5549 2699 5588 a
2722 5534 2882 5591 Patre
2911 5548 3033 5589 meo
3064 5533 3248 5586 audivi
3281 5533 3440 5587 vobis
3476 5531 3578 5588 feci

398 5669 439 5702 ³⁸
479 5670 499 5721 i
530 5667 656 5725 Cur.
689 5685 782 5736 vn,
813 5670 903 5728 25.
987 5669 1029 5701 “
1071 5670 1226 5724 llom.
1264 5685 1353 5737 xv,
1389 5669 1475 5724 16.
1556 5669 1813 5727 "Matth.
1847 5687 1901 5726 χ)

2018 5671 2103 5727 Η.
2182 5669 2383 5726 mLuc.
2416 5688 2526 5738 ut,
2563 5673 2649 5728 5i.
2730 5673 2770 5705 ¹⁹
2812 5672 2946 5730 huc.
2972 5685 3079 5733 xw,
3118 5668 3299 5723 16-20.
