2012 3097
173 109 222 141 891
839 109 978 139 PROCOIJ

1033 108 1156 139 GAZEI
1751 105 1805 136 892

173 169 236 189 cum
250 161 354 189 lsraele
371 161 494 188 habituri
508 162 572 193 sint,
591 162 731 196 praebens.
752 162 835 198 Atqui
853 161 1022 198 refugiorum
1044 163 1195 190 multitudo
1225 163 1299 190 lumc
1323 162 1403 189 ﬂuent
1419 160 1592 196 propositum
1615 159 1710 192 habet,
1729 163 1759 186 ut
1776 168 1804 188 In

174 203 348 240 longitudine
363 205 470 231 viarum
487 204 651 236 homicidas,
671 213 706 233 ne
721 206 749 232 in
773 211 953 241 cognatorum
975 215 1073 234 manus
1089 207 1224 239 incidant,
1241 207 1377 233 sublevet.
1396 205 1476 232 Sicut
1494 205 1571 231 clare
1587 204 1613 230 in
1631 203 1806 231 Deuterouo-

174 249 231 275 mio
249 252 351 275 exstat.
378 247 479 275 Verum
502 249 644 276 enimvero
673 249 774 277 caedem
815 255 998 285 spontancam
1024 257 1039 276 a
1069 258 1123 277 non
1152 254 1304 285 spontanea
1338 248 1412 276 notis
1436 255 1468 275 ac
1491 247 1579 283 signis
1601 247 1742 277 distinxit,
1770 255 1807 274 ne

175 300 226 326 pro
240 303 242 307 -
257 297 333 326 ptum
350 292 439 319 cuivis
453 296 526 319 esset
552 292 665 320 dicere:
692 294 798 321 Invitus
816 294 880 326 feci,
904 301 960 328 quo
982 293 1066 321 simul
1092 293 1235 320 hominmn
1254 292 1418 320 immodicos
1445 295 1542 323 aestus,
1558 292 1660 325 quibus
1684 290 1805 318 insidias

174 336 291 362 caedium
309 335 413 370 lugent,
424 335 511 363 sedat.
523 335 550 362 Si
564 337 636 363 enim
650 338 736 364 telum
748 338 880 365 emissum
896 338 929 365 ad
941 337 1042 364 caedem
1060 336 1191 364 idoneum
1217 336 1310 368 fuerit,
1322 340 1476 370 spontanea
1492 335 1582 362 caedes
1601 335 1658 361 haec
1674 337 1727 361 est.
1743 334 1805 362 Non

175 379 328 406 absurdum
345 386 411 405 vero
426 379 478 406 erit
498 380 520 406 si
535 384 664 414 putemus
680 388 727 408 eos
744 388 855 416 quoque
875 389 933 409 suae
947 381 1034 416 ipsius
1046 380 1146 407 anima:
1160 387 1279 407 caesores
1295 379 1426 414 esse,qui
1441 378 1563 413 peccatis
1580 385 1642 405 sese
1668 378 1806 405 obnoxios

176 423 295 455 faciunt,
308 422 335 449 in
352 422 484 449 otTensam
505 422 554 450 Dei
576 423 601 450 vi
622 429 718 451 contra
733 425 834 452 mentis
849 425 1008 453 instinctum
1027 431 1089 451 sese
1103 423 1284 455 adducentes,
1299 422 1380 458 433
1404 422 1486 457 idque
1499 427 1604 449 naturae
1621 425 1723 449 nostra:
1738 429 1806 456 par-

175 467 225 493 tim
240 467 317 497 vitio,
331 474 392 500 qua:
405 470 524 493 mentem
543 466 663 495 hominis
681 467 715 494 ab
732 468 845 496 ineunte
863 469 955 496 statim
977 474 1058 497 tetate
1082 469 1373 503 concupiscentiarum
1397 468 1507 503 legibus
1525 468 1595 502 regit
1612 471 1639 495 et
1655 468 1804 502 gubernat.

175 510 350 544 Quapropter
379 509 480 537 misera
499 509 620 538 hominis
637 511 727 538 anima
744 512 815 546 fugae
839 520 871 539 ex
894 513 997 540 mundo
1012 517 1040 540 et
1055 520 1174 548 corpore
1198 519 1308 547 pmnam
1326 512 1456 543 sustinet,
1482 518 1564 546 quam
1582 510 1649 537 facit
1665 511 1692 537 in
1709 511 1805 537 urbem

177 553 288 588 refugii,
303 561 354 580 ceu
372 561 433 580 cum
455 553 533 587 longa
548 557 672 588 tempora
689 555 788 581 mortis
812 554 905 583 abdita
925 556 1087 588 incoluerit,
1102 557 1147 583 vix
1166 556 1275 583 tandem
1292 556 1406 583 liberata
1418 555 1524 582 Christi
1540 555 1633 590 magni
1648 555 1806 582 sacerdotis

177 601 274 624 morte.
286 596 337 628 Qui
354 604 416 622 cum
429 595 499 622 infra
517 601 600 629 esset,
616 596 723 624 dimisit
740 597 870 632 inquiens
884 609 890 626 :
909 608 917 624 ι
935 599 1122 634 Egredimini;
1139 604 1166 627 et
1177 599 1211 626 iis
1221 599 1268 634 qui
1283 598 1443 626 intenebris
1459 602 1539 625 erant
1552 597 1738 625 :Revelamini
1751 599 1802 624 ³¹.ι

177 639 229 671 Qui
254 640 344 673 reipsa
366 647 483 674 magnus
506 640 630 674 pontifex
660 645 714 671 est,
741 641 820 675 juxta
839 641 927 669 illud:
947 652 956 667 ‹
970 642 1030 678 Ipse
1047 643 1100 670 erit
1126 650 1255 677 magnus,
1274 647 1302 670 et
1320 642 1407 669 Filius
1433 641 1561 676 Supremi
1587 640 1775 668 vocabitur".
1793 651 1803 668 ι

178 684 253 711 Alias
269 683 340 710 enim
357 688 458 717 praeter
471 683 606 710 rationem
622 688 675 715 est,
691 688 720 710 ut
735 691 787 711 non
799 684 956 712 dimittatur
970 693 1036 713 reus
1047 686 1101 713 nisi
1113 690 1238 713 mortuus
1254 686 1289 713 sit
1301 686 1347 713 ille
1362 693 1446 721 penes
1455 693 1535 720 quem
1547 689 1669 720 potestas
1685 685 1807 711 interce-

177 726 258 753 dendi
275 729 327 757 est.
347 726 558 753 convenientius
577 727 650 753 enim
670 731 723 759 est,
736 732 765 753 ut
785 728 858 754 vivat
873 736 906 755 ac
927 728 1101 763 deprecetur.
1113 729 1215 756 Verum
1231 730 1292 764 ipsa
1306 737 1416 764 quoque
1425 729 1540 757 emissio
1554 736 1608 756 non
1622 728 1736 763 aequalis
1750 733 1805 761 est,

178 779 241 798 cum
260 771 331 798 alius
351 770 466 803 dudum,
485 771 557 798 alius
571 779 658 806 nuper
673 771 785 805 fugerit,
799 773 1029 807 quemadmodum
1045 773 1125 801 inferi
1140 781 1252 808 quoque
1267 774 1339 801 alios
1351 774 1461 808 longius
1480 773 1550 800 alios
1568 772 1680 800 brevius
1697 776 1807 806 tempus

181 820 341 842 tenuerunt.
357 814 465 847 Quibus
491 815 622 842 omnibus
636 815 741 842 Christi
759 815 890 843 subvenit
915 818 1049 851 potentia.
1064 825 1169 852 eosque
1194 817 1314 844 vinculis
1335 817 1473 845 liberavit.
1493 816 1661 844 lntetcessio
1687 816 1761 843 enim
1774 823 1808 842 ea

179 858 232 885 fuit
248 859 365 885 maxima
383 866 443 893 quae
456 866 506 892 pro
522 858 612 885 salute
625 859 779 886 extorrium
795 859 867 886 facta
883 865 938 892 est.
950 860 1061 896 quando
1078 861 1209 888 videlicet
1225 868 1239 887 a
1253 860 1386 896 paradiso
1402 860 1531 887 Christus
1548 859 1633 891 venit,
1645 863 1673 886 et
1688 867 1703 886 a
1720 863 1808 886 morte

178 902 303 930 exsulem
320 902 440 929 reduxit.
459 901 518 928 Non
535 902 669 936 permittit
685 909 750 929 vero
773 910 888 930 munera
905 905 1047 939 accipere,
1069 913 1159 940 neque
1182 912 1232 940 pro
1252 904 1418 932 dimissione
1435 904 1485 937 rei,
1502 911 1592 938 neque
1608 911 1658 938 pro
1676 902 1738 938 fuga
1756 902 1810 929 ho-

180 946 287 973 micidae
305 953 357 973 non
375 945 532 980 spontanci.
549 944 650 972 Eadem
666 946 740 973 enim
755 946 871 974 intentio
883 951 925 975 est
936 948 1008 982 ejus,
1020 949 1093 984 quod
1109 949 1186 976 illum
1201 952 1330 984 oporteat
1347 947 1429 981 mori,
1446 952 1474 975 et
1487 947 1547 982 ejus
1563 946 1638 981 quod
1661 947 1734 973 hunc
1752 953 1810 973 non

180 990 262 1016 liceat
279 997 394 1016 munera
407 993 521 1024 propter
541 988 674 1024 eti'tlgere.

216 1046 452 1073 Scribiturautem
469 1047 494 1072 in
507 1046 647 1073 nonnullis
665 1047 880 1081 exemplaribus,
892 1057 901 1073 ι
911 1055 966 1075 non

1055 1049 1192 1084 Γράφεται
1207 1049 1261 1076 τῶν
1276 1048 1453 1084 ἀντιγράφων
1461 1048 1489 1074 ἐν
1497 1046 1590 1080 ἐνίοις,
1604 1055 1613 1072 ι
1629 1045 1666 1081 μὴ
1675 1045 1784 1079 φυγεῖν.
1797 1053 1807 1070 ι

180 1093 310 1127 clfugere,
326 1102 334 1119 ι
348 1096 377 1120 ut
389 1093 425 1120 sit
434 1100 546 1120 sensus:
558 1100 612 1120 non
624 1092 755 1120 sumenda
767 1100 827 1120 esse
841 1101 967 1128 munera.

1032 1093 1110 1133 Ἰναῇ
1127 1103 1133 1110 ’
1148 1095 1194 1131 Μὴ
1209 1095 1262 1121 δεῖν
1287 1094 1379 1123 λαϐεῖν
1413 1094 1487 1129 δῶρα
1511 1094 1557 1119 ἐπὶ
1592 1092 1632 1127 τῷ
1663 1100 1810 1128 συγχωρη-

182 1143 211 1165 ιιι
235 1139 261 1165 in
284 1147 335 1165 sua
365 1143 436 1166 terra
461 1137 598 1171 habitare,
619 1145 721 1173 -neque
751 1137 845 1174 fugere
871 1146 970 1167 conce-

1032 1141 1102 1176 ἱῆναι
1116 1141 1165 1176 τὴν
1178 1141 1282 1168 οίκείαν
1293 1141 1401 1177 οίκῆσαι
1416 1140 1479 1176 γῆν,
1496 1140 1544 1166 καὶ
1560 1138 1598 1174 μὴ
1615 1139 1721 1173 φυγεῖν.

181 1185 273 1212 datur.
1036 1185 1040 1188 ”

219 1241 252 1268 Et
279 1251 330 1269 non
359 1242 544 1270 contaminetis
564 1247 664 1269 terram
688 1243 768 1270 aede.
787 1241 909 1278 [χχχιι.
922 1241 981 1278 53.]
1005 1241 1126 1270 Pollutio
1149 1242 1222 1270 enini
1251 1247 1331 1270 terra:
1347 1241 1483 1277 injustitia
1503 1244 1557 1274 est,
1570 1238 1725 1275 puriticatio
1744 1245 1812 1266 vero

180 1285 299 1320 justitia.

217 1331 285 1358 Nam
306 1331 379 1366 quod
396 1331 498 1358 dicitur
521 1334 622 1358 terram
649 1331 762 1366 injustis
782 1332 904 1359 cmdibus
924 1332 972 1359 ob-

182 1378 293 1405 noxiam
323 1385 394 1409 esse,
427 1381 454 1404 et
480 1377 638 1412 expiatione
659 1384 720 1411 qua!
739 1377 813 1412 justa
831 1378 973 1413 punitione

183 1426 301 1454 constet,
312 1422 446 1457 indigere,
462 1422 553 1448 innuit
569 1425 670 1448 terram
684 1429 739 1449 non
757 1421 784 1448 in
802 1422 882 1457 culpa
901 1430 973 1454 esse,

182 1476 277 1496 verum
305 1469 331 1495 in
360 1468 520 1503 pollutionis
549 1471 633 1495 sorte.
648 1476 658 1493 ι
677 1466 715 1494 Ne
732 1468 889 1503 {inquinetis
901 1469 973 1496 enim

182 1514 409 1549 terram,inquit,
433 1521 515 1547 super
537 1520 591 1548 qua
610 1512 738 1540 habitatis
765 1520 825 1539 vos.
845 1525 854 1541 ι
870 1513 971 1540 Verum

183 1567 262 1588 terra:
279 1560 351 1587 ttnde
364 1559 426 1587 talis
445 1559 532 1586 honor
549 1566 581 1586 ac
595 1558 770 1586 reverentia?
787 1568 796 1584 ι
813 1557 902 1594 Super
918 1566 971 1594 qua

183 1613 235 1641 ego
253 1606 401 1633 tentorium
419 1612 507 1631 meum
522 1604 601 1639 figam
615 1608 686 1632 inter
701 1612 760 1632 vos.
780 1614 789 1631 ι
806 1604 884 1631 Nulla
899 1605 972 1632 enim

184 1651 290 1679 ratione
317 1658 370 1677 una
398 1655 471 1678 terra
498 1650 533 1677 ab
561 1650 614 1677 alia
643 1654 686 1677 est
716 1650 865 1685 disjuncta,
891 1658 972 1685 quam

185 1697 313 1733 puritatis
333 1700 361 1725 et
388 1696 543 1724 sanctitatis
570 1704 623 1731 qua
654 1703 776 1731 praesens
810 1695 881 1724 Deus
900 1696 975 1724 excio

183 1744 267 1779 pitur.

221 1789 255 1816 Et
268 1790 315 1816 tibi
327 1793 351 1816 et
369 1789 482 1816 Domino
500 1794 589 1816 nostra
605 1789 731 1824 pru'cepit
747 1791 812 1815 dare
828 1788 972 1816 htvredila-

185 1840 235 1862 tem
250 1833 381 1869 Zelpaad.
400 1832 452 1870 [2.]
464 1833 485 1860 E
503 1841 533 1861 re
562 1833 693 1868 peculiari
722 1833 820 1861 iterum
836 1833 877 1861 lex
892 1841 974 1869 gene-

186 1880 254 1907 ralis
266 1879 417 1906 derivatur.
444 1879 504 1906 Non
529 1879 602 1913 quod
635 1879 707 1906 Deus
722 1879 788 1914 quid
804 1878 877 1906 facto
903 1881 976 1906 esset

186 1933 256 1960 opus
280 1925 397 1952 antehac
422 1925 598 1959 ignoraverit,
631 1932 726 1952 verum
751 1925 815 1960 quia
845 1925 977 1959 temporis

186 1972 420 2007 opportunitatem
432 1971 609 2011 exspectavit.
621 1970 857 2004 Quemadmodum
869 1978 978 2006 quoque

187 2019 214 2045 in
232 2018 383 2052 blasphemi
401 2018 521 2053 negotio,
537 2018 670 2052 ejusitem
688 2018 736 2053 qui
757 2017 907 2045 Sabbatum
921 2025 977 2044 non

187 2064 394 2096 observaverat,
409 2067 437 2090 et
451 2063 478 2090 iu
495 2064 548 2091 hoc
561 2064 621 2098 ipso
643 2063 761 2090 filiarum
776 2063 905 2098 Zelpaad.
923 2062 979 2091 Ve-

189 2118 249 2137 rum
264 2114 320 2137 tum
337 2109 446 2144 quidem
468 2113 558 2136 astute
572 2113 717 2136 tacuerunt
736 2109 857 2144 ipsarum
873 2109 979 2136 contri-

189 2155 278 2188 bules,
309 2154 387 2182 veriti
417 2154 545 2182 videlicet
565 2154 588 2181 si
605 2154 819 2189 interrogarent,
836 2153 909 2188 quod
931 2153 978 2182 Dei

189 2201 335 2237 imperium
351 2199 485 2236 impedire
503 2199 672 2227 viderentur.
684 2198 743 2227 lam
758 2207 822 2227 vero
831 2207 889 2226 eam
907 2207 980 2235 qua:-

190 2248 306 2275 sti0nem
321 2246 445 2282 proferre
460 2245 514 2273 illis
537 2249 578 2272 est
602 2245 702 2279 visum,
719 2245 920 2280 prospicientes
938 2245 980 2272 vi-

190 2294 288 2321 delicet
304 2292 423 2327 longius,
449 2299 484 2319 ne
499 2292 609 2319 occasio
641 2299 673 2318 ac
690 2291 766 2318 radix
786 2291 981 2326 pullulasceret

191 2338 363 2366 confusionis
373 2337 508 2371 tribuum,
522 2338 544 2364 si
559 2337 621 2365 filia:
634 2337 675 2363 hae
691 2336 879 2364 hmrcditatem
894 2342 982 2364 nactae

193 2393 240 2420 per
256 2385 367 2420 nuptias
385 2383 588 2411 contribulibus
601 2391 653 2409 non
668 2383 860 2415 miscerentur,
873 2383 982 2418 quando

194 2438 244 2458 nec
270 2430 458 2458 haereditatum
487 2430 609 2457 reversio
630 2428 826 2463 annojubilazo
849 2436 981 2456 concessa

193 2477 283 2504 locum
301 2476 587 2510 habuit.Quapropter
597 2476 683 2510 legem
702 2474 788 2502 sancit
802 2474 883 2508 Deus,
897 2482 983 2509 quan-
997 2491 1018 2518 ο

195 2522 295 2548 ἰυιιινὶε
306 2521 408 2548 dudum
427 2521 494 2556 legis
510 2520 702 2548 necessitatem
715 2520 851 2553 cognitam
870 2519 981 2546 habuis-

194 2570 245 2592 set.
264 2566 302 2592 lta
314 2565 441 2592 Christus
458 2573 567 2600 quoque
582 2564 616 2592 ad
628 2563 694 2590 Jairi
712 2568 824 2591 vocatus
847 2563 930 2590 tiliam
947 2563 982 2597 ”,

195 2612 253 2645 ejus
269 2615 384 2638 mortem
401 2618 416 2639 e
433 2618 485 2646 qua
501 2618 561 2638 eam
582 2610 690 2637 reduxit
707 2617 759 2636 non
787 2609 920 2644 praedicit;
939 2617 983 2637 res

194 2657 267 2684 enim
285 2655 384 2683 divina:
397 2655 495 2683 nonad
512 2655 723 2683 ostentationem
740 2655 886 2682 humanam
907 2661 982 2681 com-

195 2706 296 2738 parata:
321 2706 394 2730 sunt.
418 2701 515 2730 Servat
531 2710 596 2729 vero
623 2700 762 2733 decorttm,
785 2708 858 2728 nunc
873 2700 983 2735 quidem

1059 1331 1097 1358 Τδ
1122 1332 1211 1366 λέγειν
1233 1332 1327 1367 ἔνοχον
1348 1330 1418 1359 εἶναι
1441 1331 1490 1366 τὴν
1505 1332 1556 1365 γῆν
1578 1329 1626 1355 ἐπὶ
1639 1330 1695 1360 τοῖς
1708 1327 1814 1359 ἀδίκοις

1024 1378 1134 1413 αἵμασι,
1146 1379 1193 1405 καὶ
1211 1378 1327 1413 ἱλασμοῦ
1344 1377 1457 1413 χρῄζειν
1476 1377 1520 1403 διὰ
1544 1376 1593 1410 τῆς
1607 1375 1714 1405 δικαίας
1731 1373 1815 1400 κολά-

1025 1431 1105 1454 σεως.
1131 1423 1168 1454 ῶς
1195 1423 1375 1458 μιαινομένην
1405 1422 1491 1456 λέγει,
1520 1421 1567 1447 καὶ
1582 1420 1630 1455 οὐχ
1657 1419 1695 1451 ὡς
1711 1418 1814 1445 αἰτίαν.

1028 1477 1037 1493 ι
1056 1469 1093 1494 Οὐ
1111 1469 1232 1503 μιανεῐτε
1242 1468 1307 1505 γὰρ,
1328 1469 1406 1503 φησὶ,
1421 1468 1470 1502 τὴν
1483 1467 1535 1502 γῆν
1548 1467 1591 1501 ἐφ’
1613 1463 1646 1502 ἧς
1661 1465 1816 1492 κατοικεῖτε

1025 1514 1068 1540 ἐπ’
1080 1514 1176 1549 αὐτῆς.
1199 1519 1208 1540 1
1223 1514 1320 1550 Τίμιος
1335 1514 1363 1541 δὲ
1378 1515 1395 1549 ἡ
1412 1514 1448 1549 γῆ
1461 1522 1467 1529 ·
1488 1512 1581 1546 butt;
1599 1522 1608 1538 ι
1621 1511 1679 1547 Ἐφ’
1704 1508 1738 1546 ἧς
1758 1509 1817 1543 ἐγὼ

1026 1558 1232 1593 κατασκηνώσω
1246 1559 1275 1585 ἐν
1288 1559 1362 1594 ὑμῖν.
1374 1567 1383 1584 ι
1397 1558 1436 1593 Γῆ
1449 1557 1504 1594 γὰρ
1516 1558 1568 1592 γῆς
1589 1556 1733 1590 ἀδιάφορος
1750 1554 1818 1589 περὶ

1026 1603 1211 1639 καθαρότητα·
1222 1604 1288 1631 Θεοῦ
1300 1604 1328 1631 δὲ
1337 1603 1489 1640 παρουσίαν
1500 1603 1580 1635 in:ng
1585 1601 1697 1637 ξαμένη.
1707 1599 1818 1637 καθαρὰ

1028 1650 1075 1677 καὶ
1088 1650 1165 1685 ἁγία.

1063 1783 1117 1811 Καὶ
1141 1782 1181 1815 τῷ
1201 1783 1299 1816 Καρίῳ
1324 1782 1474 1814 συνέταξε
1498 1781 1603 1815 Κύριος
1632 1780 1738 1807 δοῦναι
1759 1780 1820 1814 τὴν

1028 1830 1230 1863 κληρονομίαν
1243 1828 1386 1856 Σαλπαὰό
1413 1827 1467 1855 τοῦ
1491 1826 1626 1861 ἀδελφοῦ
1655 1826 1739 1861 ἡμῶν
1752 1827 1820 1860 ταῖς

1028 1875 1211 1911 θυγατράσιν
1226 1874 1330 1902 αὑτοῦ.
1344 1874 1458 1909 Ἕτερος
1472 1875 1505 1900 ἐκ
1519 1872 1634 1907 μερικοῦ
1654 1873 1820 1907 πράγματος

1027 1921 1171 1953 καθολικδς
1185 1920 1333 1956 ἐκφέρεται
1351 1920 1443 1955 νόμος,
1461 1919 1511 1953 οὐχ
1526 1918 1563 1949 ὡς
1578 1917 1647 1944 Θεοῦ
1659 1917 1710 1952 τὴν
1722 1917 1820 1952 χρείαν

1028 1968 1277 2003 προαγνοήσαντος,
1308 1966 1358 2001 τὴν
1380 1966 1427 1992 ἐπὶ
1450 1964 1547 2000 καιροῦ
1563 1964 1592 1990 δὲ
1610 1964 1820 1998 περιμείναντος

1028 2012 1113 2045 θέσιν,
1130 2013 1167 2044 ὡς
1180 2013 1225 2038 ἐπὶ
1242 2012 1287 2038 τοῦ
1300 2011 1473 2047 βλασφήμου,
1489 2013 1537 2039 καὶ
1557 2012 1605 2039 τοῦ
1634 2013 1664 2038 τὸ
1680 2011 1820 2038 Σάϐϐατον

1031 2056 1069 2092 μὴ
1082 2057 1262 2092 τηρήσαντας,
1280 2056 1327 2083 καὶ
1352 2056 1407 2083 τῶν
1432 2057 1480 2084 τοῦ
1502 2057 1631 2084 Σαλπαὰδ
1648 2057 1818 2092 θυγατέρων.

1035 2103 1116 2130 Ἀλλά
1127 2103 1188 2130 τότε
1203 2104 1252 2139 μὲν
1267 2103 1423 2140 ἐσιώπησαν
1449 2104 1571 2137 εὐλαϐῶς
1594 2106 1620 2132 οί
1637 2105 1739 2131 τούτων
1753 2105 1820 2138 ὁμός

1030 2150 1118 2185 φυλοι,
1133 2149 1271 2182 δείσαντες
1285 2150 1333 2186 τὴν
1348 2150 1493 2186 ἐρώτησιν,
1513 2152 1551 2187 μὴ
1566 2152 1613 2178 καὶ
1632 2150 1694 2186 δόξῃ
1706 2150 1823 2186 κώλυμα

1030 2195 1077 2222 τοῦ
1105 2196 1310 2231 ἐπιτάγματος·
1340 2197 1387 2223 νῦν
1401 2197 1429 2223 δὲ
1447 2197 1548 2232 ταύτην
1567 2198 1733 2234 προσάγουσι
1754 2206 1823 2232 προ-
1842 2201 1846 2203 ’

1031 2239 1090 2275 νοίᾳ
1106 2239 1152 2265 τοῦ
1170 2240 1324 2274 μέλλοντος,
1337 2241 1374 2275 μὴ
1384 2241 1429 2267 καὶ
1441 2241 1579 2277 πρόφασις
1589 2242 1702 2277 γένηται
1720 2241 1824 2277 συγχύ-

1033 2294 1102 2317 σεως
1118 2285 1173 2312 τῶν
1192 2285 1295 2320 φυλῶν,
1316 2287 1341 2312 εἰ
1362 2286 1514 2322 θυγατέρες
1542 2287 1761 2323 κληρονομοῦσαι
1784 2288 1824 2323 μὴ

1031 2333 1163 2367 γαμοῖντο
1175 2334 1230 2363 τοῖς
1241 2332 1388 2367 ὁμοφύλοις
1403 2342 1409 2348 ·
1427 2334 1471 2360 ὅτε
1494 2334 1561 2371 μηδὲ
1584 2333 1675 2369 χώραν
1701 2331 1774 2368 εἶχεν
1805 2336 1822 2369 ἡ

1033 2379 1064 2404 ἐκ
1077 2377 1123 2404 τοῦ
1147 2378 1303 2412 Ἰωϐηλαίου
1320 2378 1375 2405 τῶν
1400 2379 1509 2415 κλήρων
1528 2380 1697 2415 ἀναστροφή.
1720 2380 1764 2405 Διὸ
1779 2389 1825 2405 νο-

1035 2423 1146 2458 μοθετεῖ
1160 2423 1237 2456 Θεὸς,
1256 2424 1345 2450 καίτοι
1361 2426 1496 2460 προγνοὺς
1518 2425 1602 2452 πάλαι
1613 2425 1661 2453 τοῦ
1681 2425 1763 2460 νόμου
1774 2425 1825 2459 τὴν

1035 2470 1139 2505 χρείαν.
1153 2469 1231 2496 Οὕτω
1262 2471 1392 2505 Χριστὸς,
1410 2471 1479 2505 πρὸς
1497 2471 1547 2506 τὴν
1576 2471 1691 2505 Ἰαείρου
1713 2470 1825 2506 κληθεὶς

1036 2515 1185 2550 θυγατέρα,
1202 2515 1233 2542 οὑ
1248 2515 1375 2550 προλέγει
1387 2516 1489 2552 ταύτης
1500 2516 1546 2543 τὸν
1561 2517 1687 2548 Θάνατον,
1697 2516 1726 2543 ὃν
1742 2525 1826 2550 γεγο-

1036 2560 1102 2587 νὸτα
1134 2561 1249 2587 ἰάσατο·
1279 2562 1309 2588 οὐ
1337 2562 1392 2598 γὰρ
1421 2563 1460 2594 είς
1482 2563 1614 2594 ἐπίδειξιν
1626 2561 1774 2597 ἀνθρώπου
1791 2563 1826 2590 τὰ

1037 2608 1113 2642 παρὰ
1128 2607 1196 2633 Θεοῦ
1210 2615 1216 2622 ·
1235 2607 1365 2642 φυλάττει
1384 2607 1412 2633 δὲ
1426 2608 1456 2634 τὸ
1478 2608 1577 2634 οἰκεῖον
1592 2609 1625 2642 τῇ
1638 2606 1759 2639 ἀξιώσει,
1776 2607 1825 2633 νῦν

1038 2653 1089 2687 μὲν
1107 2652 1154 2680 ἰὼν
1169 2652 1366 2687 φιλανθρώπως
1378 2652 1415 2685 ὡς
1425 2652 1640 2688 ἐπισκεψόμενος
1649 2674 1658 2685 ,
1674 2653 1722 2679 νῦν
1734 2653 1762 2679 δὲ
1779 2653 1827 2679 ἀν-

1039 2699 1121 2727 ιστῶν
1135 2700 1344 2735 τελευτήσασαν.

195 2749 352 2777 humaniter
375 2749 407 2776 ad
433 2757 493 2776 eam
524 2747 808 2783 eundo,exploratum
824 2755 883 2774 eam
905 2747 1003 2782 quasi,
1026 2755 1098 2774 nunc
1115 2754 1179 2774 vero
1193 2746 1349 2774 dvfunctam
1368 2745 1525 2774 excitando.
1545 2743 1626 2772 lubet
1645 2748 1736 2771 autem
1753 2750 1828 2770 nunc

231 2829 250 2843 “
269 2828 321 2856 lsa.
341 2837 412 2863 xm,
426 2830 450 2857 9.

167 2956 303 3076 Γ

496 2827 513 2842 “
529 2827 596 2854 Luc.
613 2836 631 2864 ι,
649 2826 721 2855 52.“
733 2825 798 2854 Luc.
815 2834 872 2856 nn.
887 2826 931 2854 Μ.
