4036 6214
399 266 510 329 895

1709 274 2065 340 PROCOPII
2102 279 2350 343 GAZIEI

3575 280 3685 343 896

467 374 643 466 Porro
662 374 844 466 lioreb
877 388 1235 450 represent“
1288 383 1498 439 cultum
1532 384 1760 454 legalem
1785 404 1800 455 ;
1824 388 1939 445 illic
1973 390 2118 445 enim
2168 391 2343 464 legem
2390 400 2743 466 acceperunt,
2784 407 2816 449 e
2848 407 2961 465 qua
3006 404 3131 449 sese
3165 405 3385 447 movere
3414 401 3687 462 tanquam

397 478 463 518 ex
492 464 686 520 umbra
720 464 789 520 ad
826 467 1141 536 v’eritatem,
1172 470 1464 540 jubentur.

474 569 595 626 Non
646 581 829 642 potero
878 574 1025 631 solus
1085 578 1348 634 sustinere
1393 596 1506 636 vos.
1553 578 1698 653 [ια]
1747 581 1875 638 Haec
1929 583 1984 638 in

2165 589 2247 643 Οὐ
2282 588 2624 661 δυνήσομαι
2650 592 2839 662 μόνος
2868 591 3073 662 φέρειν
3109 587 3289 659 ὐμᾶςο
3313 586 3505 641 Ταῦτα
3533 589 3593 643 έν
3615 592 3691 660 τῇ

400 662 588 718 Exodo
650 664 933 722 adhaerent
979 668 1267 726 codicibus
1318 670 1691 729 Samariticis.
1750 674 1987 741 Quando

400 755 654 811 videlicet
678 771 841 813 socer
865 758 1032 815 Mosis
1057 761 1108 817 ei
1138 763 1442 830 consuluit,
1474 772 1535 820 ut
1561 765 1751 835 plures
1778 767 1989 837 princi-

400 860 495 916 pes
527 848 845 918 reipublicae
867 851 1257 909 constitueret.
1296 854 1362 909 Et
1386 856 1441 910 in
1474 871 1693 912 summa
1721 872 1845 928 quas
1864 874 1989 928 per—

401 937 659 994 hibentur
687 941 914 1011 quidem
951 945 1100 999 dicta
1132 961 1280 1013 esse,
1315 961 1427 1001 non
1463 962 1591 1004 esse
1627 947 1781 1005 dicta
1811 949 1990 1007 mani-

401 1026 541 1084 feste
559 1030 615 1085 in
637 1029 989 1090 Samariticis
1006 1037 1424 1107 exemplaribus
1461 1038 1763 1096 invenitur.
1788 1039 1990 1107 Quem-

400 1121 694 1178 admodum
729 1125 863 1181 illud
901 1142 1126 1199 quoque
1170 1131 1321 1200 quod
1357 1130 1452 1185 lilii
1485 1130 1655 1189 Israel
1683 1132 1752 1189 ad
1781 1133 1987 1191 Mosam

400 1212 468 1268 de
497 1215 947 1284 exploratoribus
990 1220 1270 1287 dixerint,
1322 1238 1448 1279 cum
1494 1233 1678 1280 tamen
1726 1225 1842 1279 veri
1880 1242 1989 1280 non

400 1304 674 1363 dissimile
704 1310 800 1375 sit,
832 1325 930 1365 eos
958 1310 1268 1369 ditiidentes
1296 1313 1404 1369 Deo
1427 1322 1592 1371 terra:
1621 1318 1991 1387 cognitionem

401 1398 601 1457 habere
642 1403 914 1461 voluisse.
964 1406 1321 1479 Quapmpter
1369 1424 1505 1465 sane
1534 1424 1660 1464 cum
1696 1410 1867 1466 Deum
1905 1411 1992 1466 in-

402 1499 737 1563 terrogasset
767 1494 970 1561 Muses,
1013 1514 1127 1552 non
1166 1499 1288 1554 sine
1339 1499 1730 1570 indignatione
1777 1515 1843 1556 ac
1883 1500 1991 1557 fre—

401 1584 538 1638 mitu
570 1600 635 1640 ex
675 1587 771 1642 illo
802 1589 1001 1644 audit:
1037 1608 1058 1644 ι
1097 1591 1328 1647 Dimitte
1368 1593 1466 1648 tibi
1521 1594 1623 1663 ipsi
1680 1592 1854 1657 viros,
1896 1593 1993 1663 qui

2104 681 2303 753 Ἐξόδῳ
2331 684 2662 755 πρόσκειται
2702 686 2816 749 τοῖς
2856 685 3279 755 Σαμαρειτικοῐς
3303 682 3690 753 ἀντιγράφοις,

2090 774 2180 828 ὅτε
2208 777 2303 829 καὶ
2323 779 2352 831 ὁ
2378 777 2643 850 πενθερὸς
2672 777 2822 849 αὐτῷ
2847 777 3239 832 συνεϐούλευσε
3272 775 3692 847 μερικωτέρους

2089 866 2363 939 ἄρχοντας
2412 872 2758 941 καταστῆσαι
2830 870 2940 925 Καὶ
2988 867 3244 932 καθόλου,
3286 867 3356 921 τὰ
3411 866 3691 938 λεγόμενα

2093 960 2197 1030 μὶν
2231 961 2512 1033 εἰρῆσθαι,
2536 962 2614 1034 μὴ
2644 963 2914 1035 εἰρημένα
2945 962 3002 1016 δὲ
3033 959 3306 1032 φανερῶς,
3331 960 3390 1014 ιν
3422 960 3537 1024 τοῖς
3572 960 3686 1013 Σα-

2097 1056 2438 1124 μαρειτικοῖς
2495 1055 2858 1127 ἀντιγράφοις
2917 1054 3267 1125 εὑρίσκεται’
3321 1053 3417 1105 καὶ
3456 1051 3519 1105 τὸ
3552 1051 3689 1125 περὶ

2091 1144 2202 1197 τῶν
2230 1144 2364 1199 υίῶν
2408 1146 2649 1219 Ἰσραὴλ,
2676 1145 2754 1211 ὡς
2783 1146 2967 1202 αὐτῶν
3002 1144 3305 1215 εἰρηκότων
3351 1141 3430 1215 τῷ
3458 1143 3695 1197 Μωῦσεῐ

2092 1236 2223 1307 περὶ
2242 1235 2354 1289 τῶν
2377 1239 2768 1291 κατασκόπων.
2804 1239 2966 1301 Εἰκὸς
3001 1240 3111 1308 γὰρ
3137 1232 3206 1309 ἦν
3237 1236 3691 1300 ἁποστατοῦντας

2093 1324 2293 1389 αὐτοὺς
2324 1324 2402 1395 τῷ
2439 1325 2583 1395 Θεῷ,
2611 1327 2713 1397 τὴν
2751 1328 2858 1397 γῆν
2915 1326 3172 1398 ὶθελῆσαι
3222 1324 3437 1395 μαθεῖν.
3468 1324 3563 1378 Διὸ
3591 1325 3691 1379 καὶ

2094 1416 2475 1487 ἐρωτήσαντος
2507 1419 2642 1473 Μωῦ
2655 1419 2788 1482 rem;
2813 1419 2911 1474 τὸν
2940 1418 3096 1485 Θεὸν,
3132 1418 3253 1489 μετ’
3295 1416 3692 1489 ὲμδριμήσεὼς

2097 1524 2285 1577 φησιν,
2328 1525 2352 1560 α
2398 1508 2741 1564 Ἀπόστειλον
2774 1509 2989 1581 σεαυτῷ
3012 1509 3233 1581 ἄνδρας,
3275 1510 3375 1563 καὶ
3404 1524 3688 1563 κατασκε-

2100 1598 2397 1668 ψάσθωσαν
2423 1600 2522 1673 τὴν
2551 1601 2677 1672 γῆν,
2710 1619 2728 1653 ι
2775 1601 2851 1666 ὡς
2880 1601 2944 1674 δὴ
2976 1599 3399 1670 ἀπιστοὺμενος.

332 1700 335 1707 <
399 1679 690 1747 explorent
730 1688 937 1736 terram
966 1682 1051 1751 “,
1102 1704 1132 1737 ιι
1164 1694 1433 1757 tanquam
1483 1685 1744 1740 videlicet
1783 1685 1996 1742 diliide-

400 1776 505 1824 ret.

476 1883 547 1938 Et
570 1884 793 1954 pertulit
825 1894 873 1940 te
897 1886 1180 1943 Dominus.
1208 1886 1349 1960 [δι]
1386 1886 1755 1960 Symmachus
1791 1888 2026 1957 portavit
2081 1888 2180 1946 ait.
2215 1887 2274 1943 Id
2306 1904 2438 1945 vero
2472 1887 2690 1959 proprie
2722 1884 2997 1958 signiﬁcat
3031 1898 3235 1955 pueros
3264 1882 3587 1944 iracundos,
3621 1897 3694 1939 ac

404 1972 659 2028 irritatos
697 1989 942 2035 versare,
971 1991 1037 2029 ac
1077 1992 1187 2031 una
1230 1977 1615 2042 balbutiendo,
1655 1991 1890 2047 seseque
1924 1977 2037 2033 illis
2073 1977 2411 2043 demittendo
2445 1976 2747 2032 sustinere.
2790 1974 2884 2028 Sic
2928 1973 3075 2030 enim
3120 1970 3266 2028 Deus
3307 1971 3691 2027 inﬁrmitatem

403 2076 596 2114 eorum
626 2061 681 2114 in
712 2075 772 2116 se
796 2063 1073 2133 recipiens
1105 2064 1370 2134 paulatim
1404 2079 1501 2121 eos
1531 2065 1599 2119 ad
1631 2064 1831 2119 altiora
1861 2064 2076 2120 eduxit.

472 2173 541 2228 Et
573 2174 701 2227 mihi
724 2178 1025 2232 succensuit
1053 2177 1312 2234 Dominus
1328 2189 1545 2250 propter
1573 2197 1685 2236 vos.
1710 2180 1849 2253 [37.]
1878 2180 1992 2252 Ego

2164 2178 2275 2233 Kal
2307 2177 2439 2248 ἐμοί
2468 2175 2739 2247 ἐθυμώθη
2776 2176 2993 2244 Κύριος
3019 2174 3097 2229 δι’
3144 2172 3321 2245 ὑμᾶς.
3365 2174 3509 2243 Ἐγὼ
3553 2175 3693 2245 γὰρ,

403 2266 549 2321 enim
582 2266 701 2336 ipse
730 2283 839 2323 non
872 2268 1081 2337 perﬁde
1107 2271 1219 2341 egi,
1251 2272 1455 2341 inquit,
1486 2281 1684 2328 vestrae
1708 2288 1843 2327 vero
1871 2289 1993 2343 per-

2105 2272 2288 2341 φησὶν,
2315 2271 2417 2324 οὐκ
2446 2269 2725 2338 ἠπείθησα
2759 2266 2839 2339 τῷ
2887 2267 3030 2338 Θεῷ,
3081 2267 3219 2322 ἀλλὰ
3264 2269 3365 2338 τὴν
3412 2268 3699 2339 ὑμετέραν

404 2359 547 2415 θόίεε
567 2375 693 2415 cum
729 2376 914 2417 essem
953 2362 1249 2435 impatiens
1284 2365 1479 2422 leviter
1501 2364 1570 2422 de
1606 2367 1765 2422 vobis
1795 2366 1989 2431 statui,

2105 2363 2415 2432 ἀντιλογίαν
2441 2363 2516 2433 μὴ
2548 2361 2736 2433 φέρων
2764 2362 2861 2417 καὶ
2903 2360 3215 2426 ἀπείθειαν,
3249 2361 3534 2435 ὀλιγώρως
3557 2361 3698 2431 περὶ

402 2453 680 2524 verbaque
707 2453 891 2511 eﬂ‘utii
920 2471 1043 2527 qua:
1083 2456 1254 2513 talem
1295 2458 1629 2515 sententiam
1675 2467 1872 2515 contra
1906 2474 1992 2516 me

2105 2456 2247 2527 ὑμᾶς
2269 2454 2538 2525 διετέθην,
2565 2455 2661 2509 καὶ
2690 2454 2911 2525 ῥήματα
2934 2452 3292 2525 ἐφθεγξάμην
3329 2453 3432 2525 τὴν
3465 2453 3697 2524 ἀπόφαν-

403 2545 736 2602 elicuerunt.

2105 2566 2186 2603 σιν
2229 2548 2439 2620 ταύτην
2473 2549 2778 2619 κινήσοντα
2807 2546 2927 2602 κατ’
2960 2545 3123 2617 ἐμοῦ.

474 2658 687 2713 Armati
715 2658 1120 2729 praﬁcisciminl
1154 2667 1279 2714 ante
1309 2660 1509 2729 fratres
1532 2669 1755 2716 vestros.
1787 2658 1879 2732 [ll,
1903 2657 1985 2731 4.]
2019 2657 2273 2714 Edictum
2314 2658 2417 2714 hoc
2450 2666 2538 2715 est
2577 2658 2795 2714 duabus
2820 2659 3077 2715 tribubus
3107 2673 3232 2714 cum
3276 2655 3536 2714 dimidia.
3568 2655 3702 2713 Ca:-

405 2753 586 2800 terum
614 2744 822 2801 inlimis
856 2748 1046 2817 prima:
1083 2746 1139 2801 in
1174 2746 1548 2817 promissione
1603 2747 1954 2803 deferuntur.
1987 2746 2198 2802 Idcirco
2226 2747 2321 2817 qui
2354 2762 2384 2801 a
2425 2745 2577 2804 Mose
2617 2746 2939 2802 haereditate
2992 2745 3169 2803 dotali
3219 2745 3463 2807 fuerant.
3520 2745 3697 2815 primi

407 2833 802 2903 promissionis
831 2843 1120 2906 compotes
1155 2832 1291 2890 facti
1312 2844 1463 2892 sunt.
1497 2835 1575 2890 De
1610 2834 2044 2907 perfectioribus
2072 2833 2223 2889 enim
2252 2833 2460 2889 dictum
2498 2833 2631 2890 illud
2663 2845 2784 2891 est:
2815 2853 2835 2887 ι
2869 2835 2962 2891 lsti
2986 2850 3182 2894 omnes
3211 2834 3269 2891 in
3307 2833 3698 2891 testimonium

406 2922 630 2978 adducti
671 2938 778 2978 non
822 2932 1182 2993 reportarunt
1210 2924 1638 2995 prontissiones,
1678 2943 1696 2976 ι
1738 2932 1793 2980 et
1826 2925 2066 2996 reliqua.

480 3036 606 3094 Non
628 3036 836 3093 addelis
876 3038 946 3091 ad
980 3037 1215 3093 verbum.
1250 3035 1363 3108 [Ν.
1393 3036 1479 3109 2.]
1516 3037 1649 3093 item
1672 3037 1839 3108 paulo
1869 3042 1995 3107 post

409 3129 554 3185 dicet
590 3148 606 3185 :
643 3149 661 3180 ι
686 3127 806 3183 Non
835 3127 1147 3184 declinabis
1171 3128 1257 3183 vel
1297 3127 1367 3183 ad
1407 3128 1693 3184 dexteram
1740 3127 1827 3184 vel
1861 3128 1996 3184 sini-

410 3226 583 3276 stram
610 3216 679 3271 “.
720 3237 740 3270 ι
786 3216 848 3272 In
886 3214 1207 3276 Proverbiis
1239 3217 1406 3272 etiam
1435 3217 1750 3274 Solomonis
1781 3217 1994 3287 inquit:

417 3329 438 3365 ε
473 3308 554 3364 Ne
582 3309 755 3366 addas
782 3309 969 3366 verbis
1004 3310 1098 3366 Dei
1132 3310 1461 3382 quidquam.
1498 3325 1567 3368 ne
1591 3320 1643 3367 te
1675 3311 1995 3382 redarguat,

411 3400 720 3460 etmendas
767 3402 868 3459 (ias
895 3403 965 3459 “.
1005 3422 1026 3457 ι
1065 3401 1247 3461 Verba
1285 3404 1434 3460 enim
1468 3403 1560 3459 Dei
1590 3417 1717 3458 cum
1748 3403 1909 3474 plena
1942 3409 1999 3457 et

413 3492 657 3565 perfecta
710 3494 1004 3563 exsistant,
1067 3496 1282 3553 nullum
1311 3495 1630 3552 auctarium
1671 3494 1994 3551 admittunt.

412 3582 571 3641 Unde
632 3583 767 3639 illud
820 3600 1042 3656 quoque
1098 3584 1168 3643 de
1214 3585 1443 3641 Christo
1496 3585 1708 3640 dictum
1764 3593 1995 3641 exstat:

418 3693 439 3728 ι
475 3673 774 3746 Postquam
806 3653 1219 3737 consummavit
1246 3679 1413 3736 verba
1444 3693 1545 3737 sua
1580 3680 1635 3735 in
1666 3695 1830 3736 aures
1853 3681 2002 3751 ipso—
2029 3653 2073 3712 (ί

414 3783 537 3824 rum
563 3768 630 3823 “.
673 3788 693 3821 ι

485 3859 757 3928 Quoniam
781 3860 894 3916 lucc
928 3870 1009 3919 est
1046 3864 1312 3933 sapientia
1341 3872 1517 3919 vestra
1557 3872 1606 3918 et
1627 3865 1875 3920 scientia.
1897 3861 2000 3937 [6.]

2176 3037 2260 3092 Οὐ
2292 3034 2674 3104 προσθήσετε
2701 3033 2853 3105 πρὸς
2877 3034 2946 3091 τὸ
2993 3033 3177 3108 ῥῆμα.
3211 3036 3322 3091 Καὶ
3358 3033 3476 3106 μετ’
3509 3033 3695 3104 ὀλίγον

2102 3131 2240 3201 ὲρεῐ,
2278 3127 2381 3182 οὐκ
2426 3126 2700 3190 ἐκκλινεῖς
2756 3126 2908 3195 δεξιὰ
2950 3128 3074 3184 οὐδὲ
3132 3126 3412 3199 εὐώνυμα.
3472 3126 3588 3180 Καὶ
3634 3127 3699 3179 ἓν

2104 3219 2433 3290 Παροιμίαις
2484 3219 2638 3290 φησί·
2696 3237 2715 3270 ι
2753 3218 2846 3290 Μὴ
2907 3217 3157 3291 προσθῇς
3205 3220 3322 3282 τοῖς
3364 3215 3547 3287 λόγοις
3592 3215 3699 3271 τοῦ

2104 3310 2263 3377 Θεοῦ,
2297 3312 2385 3366 ἵνα
2414 3311 2490 3382 μὴ
2517 3310 2718 3384 ἐλέγξῃ
2746 3329 2830 3378 σε,
2865 3313 2964 3367 καὶ
2990 3310 3196 3382 ψευδὴς
3229 3311 3387 3383 γένη.
3432 3329 3451 3362 ι
3492 3310 3566 3364 Οὐ
3601 3310 3695 3364 δέ-

2104 3422 2289 3477 χονται
2316 3403 2426 3476 γὰρ
2448 3402 2770 3476 προσθήκην
2798 3404 2849 3458 οἱ
2881 3403 3034 3473 λόγοι
3056 3404 3289 3474 Κυρίου,
3319 3403 3549 3475 πλήρεις
3584 3402 3695 3456 ὑπ-

2103 3498 2387 3569 άρχοντες.
2411 3496 2646 3567 Εἴρηται
2673 3494 2805 3565 γοῦν
2839 3496 2970 3568 περὶ
2996 3496 3094 3551 τοῦ
3122 3498 3164 3552 Χ
3173 3494 3383 3569 ριστοῦ·
3414 3514 3436 3548 ι
3469 3496 3697 3569 Ἐπειδὴ

2103 3590 2395 3662 ἐπλήρωσε
2416 3589 2485 3643 τὰ
2509 3590 2734 3662 ῥήματα
2759 3586 2927 3644 αὐτοῦ
2960 3590 3041 3653 είς
3065 3589 3166 3654 τὰς
3194 3589 3365 3654 ἀκοὰς
3391 3587 3595 3644 αὐτῶν.
3633 3607 3655 3641 s

2170 3859 2292 3913 Ὅτι
2311 3857 2466 3926 αὕτη
2495 3857 2535 3927 ἡ
2566 3858 2754 3927 σοφία
2773 3857 2944 3928 ὑμῶν
2970 3858 3072 3914 καί
3106 3859 3145 3926 ἡ
3170 3859 3449 3925 σύνεσις.
3506 3857 3699 3928 Σοφῶν

413 3951 642 4007 Summa
680 3951 829 4006 enim
876 3953 1152 4023 sapientia
1202 3964 1260 4010 et
1307 3955 1535 4010 scientia
1575 3963 1662 4011 est
1683 3956 2002 4012 observatio

2105 3951 2213 4024 γὰρ
2238 3950 2339 4009 καὶ
2384 3949 2623 4006 συνετῶν
2662 3953 2697 4023 ἠ
2726 3951 2943 4023 φυλακὴ
3000 3952 3112 4007 τῶν
3167 3951 3400 4006 ἐντολῶν
3458 3951 3691 4023 Κυρίου.

413 4044 800 4101 mandatorum
821 4044 1066 4102 Domini.
1084 4046 1221 4102 illud
1254 4062 1383 4104 vero
1406 4048 1551 4119 quod
1573 4048 1783 4105 dicitur
1814 4063 2001 4104 coram

415 4137 652 4209 populis,
681 4153 987 4195 consonum
1025 4139 1155 4195 huic
1183 4148 1270 4196 est
1301 4155 1317 4193 :
1375 4160 1394 4193 ι
1429 4139 1639 4197 Luceat
1687 4143 1782 4197 lux
1816 4150 2003 4197 vestra

413 4242 605 4285 coram
632 4228 971 4291 hominibus.
1012 4238 1071 4284 ut
1105 4230 1330 4287 videant
1356 4232 1422 4300 δ’,
1464 4250 1483 4284 ι
1520 4239 1576 4289 et
1616 4233 1853 4305 reliqua.

2100 4044 2175 4099 Τὸ
2196 4044 2255 4099 δὲ
2285 4042 2600 4116 είρημὲνον,
2639 4062 2657 4097 ι
2696 4042 2943 4098 ἐναντίον
2971 4043 3081 4099 τῶν
3106 4043 3282 4098 ὲθνῶν
3304 4084 3320 4112 ,
3350 4062 3370 4097 s
3406 4046 3700 4115 συμφωνεί

2100 4136 2181 4210 τῷ
2201 4154 2217 4169 ⁸
2248 4156 2269 4191 ι
2301 4135 2593 4209 Δαμψάτω
2609 4134 2673 4189 τὸ
2689 4135 2808 4205 φῶς
2824 4137 2982 4208 ὑμῶν
2996 4135 3311 4209 ἔμπροσθεν
3335 4136 3447 4192 τῶν
3481 4135 3692 4209 ἀνθρὼ-

2111 4248 2254 4297 πων,
2281 4229 2434 4294 ὅπως
2465 4227 2534 4284 ἂν
2562 4228 2742 4296 tam,
2783 4247 2803 4283 ι
2831 4230 2928 4284 καὶ
2954 4229 3024 4284 τὰ
3047 4229 3233 4285 λοιπὰ.

482 4342 561 4397 Ita
584 4342 731 4398 enim
768 4341 838 4398 ad
869 4340 1045 4399 Deum
1072 4345 1306 4416 propius
1335 4347 1641 4404 acceditur.
1681 4347 1840 4415 Quod
1893 4346 2035 4402 idem
2073 4345 2254 4404 innuit
2299 4344 2446 4416 quod
2472 4344 2746 4417 sequitur,
2780 4361 2851 4401 ne
2902 4356 3126 4417 propter
3159 4352 3388 4417 peccata
3445 4344 3694 4415 ipsorum

413 4431 607 4507 procul
640 4431 886 4488 recedat.
920 4451 940 4485 ι
975 4432 1205 4489 Peccata
1246 4436 1393 4490 enim
1435 4444 1640 4501 vestra,
1703 4435 1923 4507 inquit,
1987 4434 2335 4489 intervallum
2392 4431 2637 4489 etiiciunt
2676 4433 2821 4489 inter
2869 4448 2955 4489 me
3012 4441 3068 4490 et
3118 4447 3238 4489 ves.
3280 4451 3300 4486 ι
3335 4431 3403 4488 Et
3441 4432 3642 4488 iterum
3679 4448 3694 4487 τ

421 4536 441 4572 ι
478 4503 809 4575 Contendite
843 4519 913 4574 ad
940 4535 1063 4588 me;
1099 4527 1156 4575 et
1184 4536 1287 4591 ego
1316 4522 1384 4577 ad
1417 4538 1517 4578 vos
1550 4503 1905 4586 contend-am.
1933 4531 1988 4577 et
2014 4536 2115 4592 ego
2143 4531 2196 4578 te
2230 4521 2413 4576 adhuc
2436 4520 2731 4592 eloquente
2774 4518 2954 4576 dicam
2983 4539 2998 4575 :
3033 4518 3176 4575 Ecce
3202 4520 3398 4576 adsum
3421 4519 3488 4575 “.
3528 4539 3550 4571 ι

489 4605 612 4661 Νοη
636 4606 847 4677 facietis
883 4606 1028 4664 vobis
1080 4608 1210 4676 ipsis
1269 4609 1621 4665 simulacrum
1674 4609 1947 4680 sculptile.
1991 4607 2083 4682 [ν.
2115 4607 2198 4681 8.]
2235 4607 2508 4665 Similiter
2564 4608 2619 4662 in
2676 4606 2891 4674 Exodo,
2930 4607 3024 4662 ubi
3058 4608 3225 4663 etiam
3254 4607 3322 4662 de
3352 4607 3531 4663 stellis
3561 4606 3700 4662 dicit

418 4693 885 4765 quemadmodum
921 4695 1208 4751 distribuit
1230 4711 1324 4752 eas
1350 4698 1572 4768 populis
1601 4699 1670 4752 δ’.
1703 4699 1806 4766 Qui
1841 4699 1989 4754 enim
2020 4714 2087 4753 ex
2115 4695 2526 4768 longanimitate
2572 4695 2781 4767 aliquid
2817 4710 2926 4750 non
2978 4695 3269 4765 prohibet,
3339 4703 3535 4750 auctor
3577 4695 3700 4766 ejus

419 4789 526 4837 est.
560 4780 834 4849 Quoniam
867 4782 1037 4855 igitur
1064 4782 1324 4840 lsraelem
1358 4786 1545 4857 elegit,
1579 4788 1759 4843 locum
1789 4786 1958 4844 habet
1986 4786 2153 4859 E36
2183 4784 2321 4841 illud
2367 4785 2668 4853 distribuit,
2698 4783 2846 4856 quod
2879 4786 3300 4842 concessionem
3338 4794 3562 4856 propter
3598 4800 3700 4840 nos

422 4868 628 4924 factam
652 4869 858 4936 innuit,
903 4870 1218 4941 cuiusmodi
1244 4882 1297 4929 et
1331 4873 1462 4928 illud
1488 4884 1575 4930 est
1604 4891 1617 4927 :
1651 4894 1669 4927 ι
1708 4872 1957 4930 Tradidit
1989 4889 2087 4933 eos
2118 4874 2337 4944 spiritui
2373 4873 2687 4943 vertiginis,
2714 4872 2865 4928 dedit
2894 4872 3089 4928 oculos
3113 4881 3171 4927 ut
3201 4887 3311 4927 non
3345 4870 3619 4937 viderent,
3645 4879 3699 4926 et

420 4973 586 5013 aures
616 4966 676 5013 ut
709 4973 817 5013 non
853 4958 1111 5017 audirent
1130 4961 1198 5017 ⁸⁸.
1236 4981 1256 5015 ι
1300 4960 1433 5018 Tale
1463 4971 1547 5020 est
1577 4964 1723 5035 quod
1755 4964 1975 5020 dicetur
2006 4973 2230 5036 postea:
2270 4980 2289 5014 ι
2328 4960 2447 5017 Non
2483 4962 2633 5017 dedit
2663 4961 2819 5018 vobis
2848 4958 2991 5017 Deus
3024 4962 3339 5027 scientiam,
3372 4975 3475 5016 nec
3507 4961 3699 5015 oculos

423 5045 491 5100 ad
529 5045 841 5113 videndum,
881 5064 982 5105 nec
1014 5064 1176 5107 aures
1202 5052 1267 5105 ad
1309 5050 1642 5107 audiendum
1667 5053 1737 5105 εί.
1778 5074 1795 5105 ο
1833 5051 2098 5120 Quamvis
2154 5050 2385 5107 dixisset
2439 5050 2593 5121 prius
2626 5067 2639 5103 :
2679 5067 2700 5101 ι
2756 5047 2872 5106 Vos
2922 5049 3140 5106 vidistis
3189 5063 3537 5121 quaecunque
3572 5047 3698 5102 fecit

424 5134 692 5193 Dominus
720 5136 773 5191 in
801 5147 950 5193 terra
977 5137 1198 5211 Egypti
1233 5142 1303 5196 ⁸⁸.
1341 5160 1358 5194 ι
1388 5141 1660 5208 Quocirca
1692 5141 1832 5197 bene
1861 5143 1914 5197 in
1951 5139 2056 5196 Job
2087 5140 2297 5196 dictum
2322 5148 2409 5195 est
2442 5158 2455 5193 :
2497 5156 2518 5190 ι
2558 5137 2766 5207 lmpios
2805 5154 2938 5202 vero
2986 5154 3097 5195 non
3146 5146 3334 5195 servat
3366 5144 3571 5208 praeter
3600 5152 3697 5190 vo-

421 5223 693 5280 luntatem
727 5225 973 5295 ipsorum
1001 5228 1069 5281 ⁸³.
1104 5246 1123 5280 ι
1150 5228 1285 5284 Nam
1322 5232 1583 5303 praecepit
1606 5244 1744 5287 sane
1772 5232 2013 5286 advenas
2056 5228 2359 5298 suscipere,
2392 5226 2440 5283 si
2467 5225 2605 5282 illud
2646 5226 2946 5290 distribuit,
2978 5226 3049 5281 de
3086 5225 3182 5283 Dei
3211 5224 3560 5282 haereditaria
3593 5223 3698 5275 lato

427 5311 634 5381 gitione
664 5310 834 5384 impie
872 5313 1310 5373 intellexerimus
1342 5333 1357 5372 :
1394 5335 1413 5369 ι
1453 5315 1558 5385 Qui
1585 5318 1703 5374 vult
1734 5324 1795 5372 ut
1822 5331 2016 5372 omnes
2042 5315 2294 5372 homines
2317 5320 2633 5380 serventur,
2664 5321 2723 5370 et
2755 5314 2811 5371 in
2838 5314 3178 5385 agnitionem
3213 5312 3467 5370 veritatis
3503 5326 3697 5382 pervev

428 5399 584 5455 niant
617 5399 683 5453 “.
716 5417 737 5452 ι

499 5576 546 5606 ⁸³
581 5576 747 5630 Num.
823 5570 1012 5640 xm,3.
1083 5575 1127 5609 ιδ
1159 5574 1313 5630 Deut.
1351 5591 1403 5633 v.
1436 5574 1525 5629 3‘2.
1603 5571 1648 5606 ’δ’
1689 5572 1853 5629 Prov.
1890 5591 1993 5630 xxx

2105 5615 2112 5629 .
2190 5574 2234 5615 ⁸ο
2266 5574 2401 5631 Luc.
2426 5593 2524 5643 vn,
2557 5576 2607 5632 1.
2684 5574 2732 5608 ⁸⁷
2775 5574 2970 5631 Matth.
3005 5575 3154 5642 v.16.
3229 5576 3277 5609 “
3320 5573 3426 5631 lsa.
3459 5588 3617 5638 uni,
3642 5572 3693 5626 9.

429 5647 474 5717 ’ξ
512 5642 623 5717 lino
650 5647 803 5701 Deut.
840 5662 913 5717 tv,
962 5646 1051 5701 ιι).
1129 5647 1173 5678 ⁸ο
1209 5645 1310 5700 lsa.
1354 5660 1427 5709 vt,
1459 5643 1528 5712 9;
1566 5643 1761 5700 Matth.
1801 5661 1924 5713 xm,
1964 5647 2002 5701 ι

2105 5646 2173 5703 ὶ5.
2248 5647 2294 5682 ⁵⁸
2328 5648 2489 5705 Deut.
2522 5662 2675 5717 χχιιι,
2708 5648 2762 5704 4.
2835 5647 2882 5680 ⁸⁸
2914 5648 3047 5705 ibid.
3082 5648 3138 5704 2.
3217 5647 3263 5680 "
3295 5643 3617 5708 Jolunvr,
3645 5643 3697 5697 ti.

432 5713 476 5749 “
512 5714 693 5770 l'l'itn.
740 5732 799 5781 ιι,
836 5716 889 5770 6.
