4036 6214
325 349 432 418 397
1233 348 1770 412 COMMENTARII
1805 351 1890 412 IN
1929 346 2636 414 DEUTERONOMIUM.
3503 309 3609 408 ass

401 461 668 536 Προλέγει
689 461 758 515 τὰ
778 460 842 514 ὲκ
873 461 1246 533 παραϐάσεως
1271 464 1459 528 αὐτοῖς
1480 465 1718 534 ἐσόμενα
1741 463 1912 530 δεινὰ,
1945 470 1988 526 Α

2090 461 2348 517 Prmdicit
2391 475 2522 516 vero
2583 459 2668 516 eis
2715 471 2969 530 quaenam
3011 457 3154 511 mala
3189 471 3252 512 ex
3292 463 3609 527 transgres-

328 557 428 611 καὶ
453 555 530 618 ὡς
557 551 713 607 ἔσται
741 551 834 606 διὰ
875 552 1168 622 μετανοίας
1196 553 1463 624 σωθῆναι.
1505 553 1618 607 Καὶ
1659 554 1771 607 τῶν
1812 571 1912 624 ση-

2019 555 2176 610 sione
2201 555 2314 608 sint
2339 559 2610 608 eventura
2634 590 2651 616 ,
2699 561 2753 606 et
2788 547 3068 619 quomodo
3105 563 3198 616 per
3232 547 3609 617 paenitentiam

333 649 504 718 μείων
536 645 970 716 ὑπομιμνήσκει,
1023 646 1120 699 καὶ
1167 646 1272 716 τῆς
1326 647 1650 716 ἐπιφανείας
1707 647 1810 716 τῆς
1860 648 1918 700 ὲν

2019 647 2230 702 reditus
2253 644 2321 698 ad
2354 644 2591 699 salutem
2625 643 2696 698 sit
2733 641 2980 706 futurus,
3017 639 3450 696 commonefacit
3483 641 3611 696 item

332 741 480 796 Σινᾶ.
511 737 622 793 Καὶ
659 738 742 792 ὅτι
781 754 802 790 ι
839 735 1080 792 Τοιαῦτα
1125 737 1227 791 οὐκ
1273 738 1498 808 ἐποίησε
1549 739 1712 793 παντὶ
1750 739 1918 805 ἔθνει,

2017 751 2116 792 eos
2145 736 2454 806 signorum,
2483 735 2611 787 item
2639 731 3010 804 apparitionis
3028 745 3196 802 quam
3223 731 3276 784 in
3305 729 3436 784 Sina
3461 732 3609 785 fecit.

331 832 427 886 καὶ
449 831 522 886 τὰ
543 831 792 902 κρίματα
822 829 988 885 αὐτοῦ
1031 829 1136 885 οὐκ
1169 831 1442 903 ἐδήλωσεν
1478 832 1686 899 αὐτοῖς,
1725 852 1746 885 ι
1777 835 1918 888 κατὰ

2023 829 2270 899 Denique
2303 827 2450 899 quod
2484 827 2568 883 his
2600 836 2765 895 atque
2792 821 3106 890 huiusmodi
3150 839 3264 878 non
3297 837 3432 878 usus
3467 829 3614 878 esset

329 926 424 979 τὸν
446 921 634 978 Δασιδ.
2023 935 2150 974 cum
2191 921 2410 974 cunctis
2461 917 2742 988 gentibus.
2801 915 3073 986 Quodque
3097 914 3308 984 judicia
3349 928 3450 968 sua
3502 928 3613 968 non

2024 1009 2384 1081 patefecisset
2411 1011 2517 1078 eis,
2545 1010 2701 1080 juxta
2733 1009 2991 1062 Davidem
3033 1007 3104 1064 ⁸⁵.

405 1117 533 1172 Νοιι
563 1133 686 1173 cum
717 1117 962 1187 patribus
985 1120 1176 1176 vestris
1199 1105 1398 1192 pepigit
1419 1121 1592 1192 [trdus
1617 1123 1736 1188 hoc,
1766 1123 1858 1179 sed
1883 1126 2174 1192 uobiscum,
2223 1135 2335 1181 etc.
2393 1123 2498 1198 [3.]
2528 1125 2645 1180 Non
2686 1125 2832 1179 enim
2886 1137 3028 1193 opus
3059 1119 3296 1175 habebat
3337 1117 3615 1174 Abraham

335 1208 658 1278 posterique
687 1207 868 1279 ipsius
898 1207 1108 1265 foedere
1135 1207 1307 1266 Mosis
1335 1211 1651 1266 ministerio
1673 1212 1884 1268 exciso.
1918 1213 2054 1268 Nam
2101 1215 2250 1286 justo
2281 1215 2370 1269 lex
2407 1215 2588 1284 posita
2624 1226 2734 1266 non
2767 1221 2870 1266 est.

407 1323 522 1376 Οὐκ
546 1322 656 1394 ἄρα
688 1323 758 1378 τὰ
809 1327 868 1378 ἐν
911 1325 990 1397 τῷ
1020 1325 1172 1398 νόμῳ
1197 1321 1480 1392 Μωΰσέως
1512 1330 1560 1382 oi
1613 1328 1721 1402 πρὸ
1745 1329 1918 1384 Μωΰα

2099 1329 2211 1386 Nec
2249 1331 2443 1402 utique
2481 1329 2619 1400 justi
2652 1337 2920 1400 qumquot
2965 1336 3092 1382 ante
3135 1326 3341 1383 Moscm
3395 1325 3617 1382 fuerunt

337 1413 476 1481 σέως
505 1415 810 1486 ἐφύλαττον
836 1415 1059 1474 δίκαιοι.

2025 1421 2198 1494 legem
2234 1421 2403 1478 Mosis
2432 1421 2825 1478 observarunt.

411 1547 542 1604 Hier
581 1559 762 1605 autem
793 1559 918 1606 sunt
937 1561 1228 1622 praerepta,
1255 1552 1421 1620 ritus,
1439 1554 1652 1623 judicia
1681 1571 1800 1626 qua
1825 1556 2077 1626 prwcepit
2125 1554 2388 1610 Dominus
2439 1553 2578 1609 Deus
2615 1565 2802 1620 vester,
2835 1565 2892 1608 ut
2918 1571 3007 1608 vos
3039 1553 3282 1608 docerem
3307 1561 3362 1606 ut
3394 1551 3618 1622 faciatis

335 1651 398 1690 ea
430 1637 482 1690 in
511 1645 660 1691 terra
689 1634 758 1691 ad
781 1652 944 1707 quam
973 1653 1065 1692 vos
1111 1639 1378 1696 transitis.
1415 1638 1531 1712 [VL
1563 1641 1643 1713 1.]
1681 1641 1791 1698 Lex
1821 1643 1968 1700 enim
2003 1643 2070 1698 ab
2125 1643 2196 1699 iis
2231 1643 2324 1714 qui
2371 1650 2526 1698 extra
2577 1651 2780 1698 terram
2847 1642 3118 1705 habitant,
3165 1641 3452 1696 observari
3503 1654 3616 1695 non

339 1731 576 1794 poterat,
611 1737 714 1780 nec
741 1723 934 1796 utique
961 1723 1226 1780 omnibus
1254 1725 1339 1781 lex
1371 1731 1580 1800 scripta
1614 1731 1956 1800 congruebat
1993 1731 2240 1802 populis.

405 1861 669 1917 Βούλεται
698 1859 897 1923 αὐτοὺς
925 1855 1158 1932 μελετᾷν
1186 1859 1276 1914 ἀεὶ
1319 1861 1412 1915 τὸν
1455 1863 1642 1934 νόμον,
1672 1861 1770 1917 καὶ
1794 1864 1922 1928 τοὺς
1953 1849 1995 1904 Β

2093 1859 2153 1916 ln
2208 1861 2296 1918 his
2348 1875 2480 1918 vero
2519 1861 2790 1918 sententia
2847 1860 2969 1931 ejus
3004 1868 3111 1927 est,
3165 1867 3224 1915 ut
3257 1876 3480 1932 semper
3511 1861 3617 1935 legi

336 1953 397 2020 ιε
428 1951 612 2008 αὐτῶν
639 1950 938 2004 διδάσκειν.
969 1949 1106 2021 Περὶ
1127 1949 1331 2014 παντὸς
1360 1949 1470 2023 γὰρ
1507 1949 1716 2004 δικαίου
1754 1953 1923 2022 φησὶν

2031 1954 2315 2018 studeant,
2336 1968 2578 2023 suosque
2613 1952 2820 2008 liberos
2853 1952 3112 2007 doceant.
3145 1951 3220 2008 De
3251 1953 3449 2023 quovis
3472 1953 3617 2008 enim

333 2047 363 2098 ὁ
403 2043 587 2098 Δαϐἰδ·
622 2061 640 2095 ι
695 2039 758 2095 Ὀ
783 2043 948 2112 νόμος
973 2039 1070 2094 τοῦ
1116 2041 1250 2095 Θεοῦ
1300 2041 1466 2097 αὐτοῦ
1500 2044 1560 2096 ἐν
1599 2044 1798 2116 καρδίᾳ
1821 2045 1921 2097 αὐ-

2027 2045 2179 2115 justo
2207 2043 2378 2100 David
2411 2045 2626 2116 inquit:
2678 2063 2697 2097 ι
2729 2043 2840 2100 Lex
2879 2041 2972 2099 Dei
3008 2045 3094 2099 sui
3133 2045 3186 2099 in
3211 2043 3376 2100 corde
3419 2047 3616 2116 ipsius.

334 2137 452 2204 τοῦ,
482 2139 581 2208 οὐχ
607 2133 1134 2205 ὕποσκελισθήσεται
1160 2135 1228 2188 τὰ
1259 2133 1573 2206 διαδήματα
1603 2135 1790 2191 αὐτοῦ.
1827 2155 1847 2189 s

2031 2135 2150 2191 Non
2203 2137 2688 2193 labefartabuntur
2706 2147 2924 2207 gressus
2937 2134 3123 2202 ejus,"
3147 2152 3167 2188 ι
3191 2137 3442 2194 custodia
3473 2141 3617 2193 enim

2031 2229 2240 2296 cordis,
2273 2230 2405 2300 legis
2435 2229 2751 2286 observatio
2789 2235 2899 2288 est.

415 2333 521 2390 Vos
561 2338 700 2390 enim
720 2335 850 2390 estis
874 2335 1146 2405 perpauci.
1178 2333 1312 2406 [Vll,
1345 2334 1426 2408 7.]
1445 2335 1602 2392 Haud
1633 2339 1813 2410 inepte
1841 2341 1908 2396 ad
1942 2342 2066 2400 illos
2096 2347 2189 2416 qui
2230 2355 2488 2416 expertes
2524 2343 2864 2402 baat'editatis
2901 2352 3059 2400 erant
3089 2343 3296 2400 dictum
3326 2354 3410 2402 est
3447 2345 3618 2398 illud:

337 2422 638 2480 Paueiores
670 2425 888 2479 cunctis
919 2423 1137 2494 populis
1178 2423 1336 2490 estis,
1375 2433 1538 2495 atque
1591 2426 1728 2482 adeo
1775 2428 2034 2486 sitniliter
2091 2431 2220 2486 huic
2266 2449 2279 2485 :
2318 2451 2338 2484 ι
2379 2431 2550 2488 Pauci
2606 2433 2698 2503 qui
2755 2441 3054 2489 servantur
3089 2431 3158 2488 ⁵⁷.
3202 2449 3222 2483 ι
3271 2430 3400 2487 item
3443 2431 3615 2486 huic:

343 2531 362 2564 ι
395 2511 727 2568 Contendite
750 2511 964 2584 ingredi
995 2527 1091 2582 per
1125 2517 1335 2565 arctam
1371 2521 1588 2581 portam
1616 2513 1681 2565 ⁵⁸.
1723 2533 1743 2566 s

411 2599 768 2655 Frumentum
798 2609 974 2664 tuum,
1013 2598 1194 2652 vinum
1225 2607 1394 2663 tuum,
1424 2609 1474 2652 et
1503 2600 1678 2654 oleum
1706 2611 1878 2654 tuum.
1908 2602 2051 2676 [15.]
2083 2603 2176 2661 Dei
2207 2605 2352 2660 enim
2387 2606 2650 2678 legitimis
2681 2607 2809 2662 filiis
2837 2615 3028 2662 sancte
3056 2621 3119 2662 ac
3151 2605 3394 2662 feliciter
3425 2607 3620 2662 cedent

337 2687 544 2744 Christi
573 2687 969 2759 mysteriorum
1028 2685 1380 2756 participatio
1409 2695 1465 2741 et
1500 2703 1624 2758 quae
1653 2704 1750 2758 per
1789 2688 2054 2760 Spiritum
2090 2701 2344 2748 sanctum
2397 2695 2455 2748 lit
2497 2696 2706 2750 unctio.
2735 2695 2838 2761 Qui
2869 2697 3058 2765 utique
3091 2696 3160 2750 ah
3192 2695 3619 2766 {egritudinibus

342 2785 540 2838 anima:
563 2781 720 2837 liberi
751 2788 882 2836 sunt
913 2794 976 2834 ac
1011 2779 1307 2835 immunes.
1339 2777 1561 2835 Necnon
1593 2795 1726 2836 vero
1773 2781 1956 2836 anima
1983 2779 2079 2836 Dei
2111 2781 2361 2838 studiosa
2385 2783 2474 2839 his
2507 2781 2848 2840 fertilissima
2871 2791 2977 2852 est,
3009 2799 3150 2854 quas
3181 2791 3364 2840 tamen
3395 2784 3618 2840 virtutis

341 2871 602 2941 operibus
635 2869 875 2940 repellit,
910 2877 1077 2938 atque
1102 2867 1358 2924 discutit.
3441 2863 3446 2868 '

413 2957 682 3026 Quoniam
712 2973 838 3029 gens
881 2955 994 3011 hac
1021 2972 1104 3010 me
1129 2955 1364 3035 amplior
1392 2965 1492 3012 est.
1541 2951 1682 3028 [17.]

423 3089 514 3144 Ἐν
541 3091 610 3162 τῇ
647 3089 844 3160 Ἐξόδῳ
881 3089 1326 3164 παραοαῤῥύνων
1357 3091 1578 3158 αὐτοὺς,
1617 3091 1926 3155 δεδοικότας

2108 3091 2172 3146 ιη
2211 3089 2401 3146 Exodo
2436 3105 2564 3146 cum
2597 3091 2958 3148 confirmaret
2977 3107 3074 3150 eos
3103 3093 3310 3150 veritos
3337 3091 3625 3166 [Egyptia-

343 3181 452 3236 τῶν
484 3183 800 3251 Αἰγυπτίων
822 3181 926 3254 ,τὴν
957 3181 1196 3252 δύναμιν
1216 3221 1232 3247 ,
1271 3182 1480 3251 ἔφασκε
1501 3199 1514 3214 ο
1551 3202 1569 3234 ι
1602 3183 1808 3254 Κύριος
1834 3199 1931 3236 ποι

2035 3197 2159 3236 rum
2191 3183 2354 3248 vires,
2385 3183 2562 3252 inquit
2599 3199 2614 3236 :
2657 3202 2675 3235 ι
2709 3181 2974 3238 Dominus
3005 3185 3376 3255 prepugnabit
3402 3201 3500 3254 pro
3524 3201 3623 3240 vo-

343 3273 576 3345 λεμήσει
629 3273 772 3345 ὑπὲρ
827 3275 1002 3345 ὑμῶν,
1049 3275 1147 3330 καὶ
1200 3275 1360 3345 ὑμεῖς
1403 3276 1715 3348 σιγήσεσθε.
1753 3295 1772 3327 s
1816 3276 1932 3329 Ἐν-

2038 3274 2146 3338 bis,
2184 3260 2396 3344 vosque
2447 3276 2748 3344 quicscetis
2783 3275 2850 3329 '9.
2899 3293 2919 3328 ι
2966 3275 3069 3332 llic
3111 3293 3240 3332 vero
3289 3279 3619 3332 memoriam

343 3366 521 3422 ταῠθα
553 3367 611 3422 δὲ
651 3369 760 3422 τῶν
799 3368 902 3441 ἤδη
963 3368 1196 3439 δυνάμει
1251 3367 1388 3422 Θεοῦ
1433 3345 1936 3440 καιηγωνισμένων

1816 3369 1936 3424 ἔνων
1963 3345 2006 3403 c
2040 3381 2232 3422 eorum
2257 3367 2351 3438 qui
2375 3367 2468 3422 Dei
2502 3368 2707 3426 virtute
2732 3368 2936 3424 devicti
2971 3378 3102 3424 sunt
3133 3369 3410 3426 refricuit.

345 3459 564 3532 ὑπέμνη
573 3475 652 3514 σε.

421 3593 630 3650 Cuncta
659 3591 921 3647 mandata
953 3592 1082 3648 lucc.
1116 3591 1279 3666 [Vlll,
1313 3593 1392 3665 1.]
1435 3591 1555 3650 Non
1607 3595 1765 3649 aliter
1815 3601 2016 3664 praeter
2047 3593 2304 3662 pristina,
2336 3607 2396 3648 ea
2433 3594 2548 3664 ipsa
2599 3609 2729 3650 vero
2775 3595 2905 3650 hinc
2955 3594 3266 3650 claritatem
3321 3597 3626 3654 asciscant.

349 3682 622 3734 Caeterum
653 3679 1027 3734 infirmitatem
1061 3695 1172 3751 prae
1205 3695 1266 3735 se
1299 3679 1543 3736 ferentes
1570 3696 1599 3733 a
1649 3683 1814 3735 rebus
1847 3679 2148 3735 sensilibus
2183 3694 2248 3733 ac
2281 3683 2655 3750 temporaneis
2686 3689 2906 3737 avocat.

421 3765 492 3820 Et
529 3765 894 3819 recordaberis
929 3767 1164 3820 universi
1207 3767 1439 3833 itineris,
1497 3784 1590 3836 per
1646 3771 1786 3838 quod
1843 3765 2064 3821 deduxit
2101 3776 2148 3820 te
2205 3767 2464 3822 Dominus
2520 3769 2662 3824 Deus
2727 3779 2869 3824 tuus.
2907 3769 3010 3842 [2.]
3045 3769 3100 3825 Si
3141 3771 3265 3841 ejus
3301 3773 3626 3828 recordatus

353 3853 548 3918 fueris,
575 3854 630 3906 in
653 3853 1058 3908 tentationibus
1089 3855 1323 3924 reliquis
1351 3871 1461 3910 non
1499 3855 1660 3910 facile
1691 3854 2005 3910 collaberis.
2061 3853 2274 3908 Etenim
2322 3855 2490 3910 David
2552 3871 2678 3912 cum
2707 3859 2920 3913 solidus
2963 3861 3015 3913 in
3045 3857 3160 3915 Deo
3189 3871 3359 3922 esset,
3393 3863 3572 3930 inquit
3611 3881 3622 3918 :

356 3961 376 3994 s
410 3942 587 3998 Proba
619 3957 728 4005 me,
761 3941 1012 4007 Domine,
1045 3951 1098 3998 et
1127 3958 1223 3998 cor
1253 3959 1434 3998 meum
1460 3944 1682 4014 explora
1714 3945 1780 3998 °°.
1817 3961 1836 3995 ι
1873 3943 2004 3996 item
2033 3957 2046 3993 :
2097 3960 2116 3993 ι
2148 3942 2402 3998 Probasti
2435 3959 2556 4010 nos,
2592 3953 2646 3998 et
2704 3947 2928 4000 tentasti
2973 3963 3092 4012 nos,
3155 3950 3624 4017 quemadmedmu

351 4039 596 4085 tentatur
625 4037 912 4100 argentum
941 4027 1006 4084 ⁸³.
1049 4048 1068 4081 ι
1097 4029 1178 4084 Ad
1215 4029 1476 4086 Davidem
1503 4031 1632 4085 item
1661 4031 1844 4100 inquit
1873 4029 2018 4086 Deus
2047 4049 2062 4084 :
2094 4049 2114 4082 ι
2153 4031 2234 4084 An
2277 4039 2442 4101 putas
2471 4045 2557 4088 me
2611 4035 2718 4087 alia
2767 4036 2982 4090 ratione
3013 4043 3194 4090 tecum
3223 4037 3426 4106 egisse,
3458 4053 3625 4108 quam

351 4128 412 4174 ut
445 4133 742 4189 appareres
768 4117 1000 4187 justus?
1041 4137 1060 4170 ι
1089 4115 1250 4173 Tales
1283 4133 1377 4174 eos
1417 4133 1542 4174 esse
1566 4123 1764 4174 asserit
1798 4117 2058 4188 parabole
2091 4119 2185 4188 qui
2241 4135 2406 4188 super
2443 4131 2651 4190 petram
2689 4121 2885 4178 domos
2944 4131 3342 4178 exstruxerunt
3394 4127 3460 4180 “.
3521 4125 3624 4192 Qui

350 4209 570 4278 quidem
598 4223 694 4278 per
721 4208 901 4278 ignem
929 4215 982 4262 ct
1007 4222 1205 4278 aquam
1232 4207 1482 4272 eluctati,
1516 4207 1570 4262 in
1603 4208 1954 4280 refrigerium
1985 4209 2411 4270 contenderunt,
2447 4219 2502 4264 et
2549 4209 2834 4280 spirituale
2869 4226 3072 4264 manna
3106 4223 3494 4282 perceperunt.
3537 4216 3628 4270 ln-

351 4295 680 4350 tellexerunt
709 4309 840 4349 vero
879 4309 986 4350 non
1019 4295 1139 4350 solo
1169 4310 1306 4364 pane
1339 4295 1616 4350 hominem
1656 4295 1928 4358 victitare,
1981 4309 2169 4350 verum
2201 4311 2316 4352 uno
2349 4313 2572 4369 quoque
2601 4300 2770 4356 verbo
2795 4301 2940 4369 quod
2969 4315 3066 4370 per
3093 4315 3156 4356 os
3187 4299 3282 4356 Dei
3315 4304 3616 4372 egreditur.

352 4381 470 4439 Hoc
499 4382 646 4438 enim
675 4383 748 4436 ibi
779 4381 1000 4452 quidem
1028 4381 1242 4437 dictum
1273 4391 1381 4447 est,
1416 4381 1642 4437 allatum
1669 4397 1800 4438 vero
1833 4397 1861 4435 a
1900 4382 2196 4439 Servatore
2225 4383 2279 4436 in
2317 4385 2626 4441 certamine
2679 4397 2872 4442 contra
2907 4387 3184 4442 diabolum
3209 4399 3295 4442 est
3323 4390 3387 4452 “.
3419 4389 3618 4446 Serva-

355 4483 494 4538 tore,
531 4473 780 4542 inquam,
818 4472 910 4541 qui
951 4480 1006 4526 et
1037 4481 1278 4528 veterem
1305 4481 1360 4528 et
1403 4487 1601 4526 novam
1633 4473 1804 4542 legem
1839 4472 2042 4526 sanxit.
2073 4471 2342 4528 Caeterum
2381 4485 2508 4530 ante
2533 4490 2734 4530 manna
2779 4474 3096 4531 fruitionem
3145 4476 3331 4547 priore
3357 4479 3620 4534 alimento

354 4569 636 4632 assumpto
669 4560 920 4615 aﬂlietari
943 4575 1008 4615 ac
1043 4560 1348 4618 famescere
1370 4571 1608 4632 Oportet.
1635 4560 1809 4616 Porro
1838 4561 2062 4616 verbum
2109 4577 2308 4616 manna
2361 4572 2502 4628 erat,
2534 4564 2664 4620 licet
2694 4565 2856 4636 panis
2899 4581 3122 4636 quoque
3147 4574 3318 4633 esset,
3354 4569 3620 4638 quemad-

351 4649 576 4706 modum
605 4647 786 4704 Moses
811 4650 978 4703 etiam
1007 4650 1482 4721 interrogantibus
1515 4651 1814 4720 respondet
1847 4665 1863 4705 :
1929 4667 1948 4702 ι
1989 4649 2096 4705 Iste
2129 4657 2212 4705 est
2261 4653 2420 4720 panis
2455 4667 2618 4722 quem
2683 4653 2954 4710 Dominus
3001 4655 3164 4710 nobis
3219 4658 3620 4712 comedendum

351 4738 610 4808 apposuit
641 4737 710 4791 “.
747 4755 765 4788 ι
803 4735 955 4792 Istud
983 4735 1146 4808 537
1169 4747 1254 4793 est
1285 4738 1512 4794 verbum
1549 4737 1697 4807 quod
1729 4739 1910 4794 sanxit
1948 4736 2238 4802 Dominus,
2277 4741 2425 4796 unde
2451 4756 2588 4798 sane
2625 4741 2808 4797 tenuis
2845 4751 2900 4798 et
2931 4743 3091 4798 albus
3121 4744 3309 4800 dictus
3335 4755 3442 4800 est.
3471 4746 3625 4802 Exile

351 4827 499 4880 enim
521 4825 745 4880 verbum
777 4831 886 4888 est,
911 4833 965 4879 et
994 4827 1102 4878 tale
1131 4825 1278 4895 quod
1306 4828 1606 4896 pertransit
1635 4836 1868 4882 cunctos
1901 4826 2132 4896 spiritus
2201 4827 2588 4899 intelligentes,
2642 4831 2902 4897 mundos,
2959 4831 3339 4890 tenuissimos.
3389 4833 3624 4892 Net-non

353 4927 484 4970 vero
504 4914 622 4982 ipsa
655 4927 880 4982 quoque
913 4911 1182 4982 sapientia
1219 4913 1452 4982 spiritus
1485 4923 1570 4969 est
1594 4914 1930 4984 intelligens,
1967 4923 2218 4978 sanctus,
2251 4917 2546 4987 unigenus,
2589 4919 2830 4987 amplus,
2857 4919 3062 4975 tenuis.

430 5027 560 5082 Erat
585 5044 748 5098 porro
771 5027 949 5082 simile
979 5043 1144 5099 grano
1179 5029 1470 5084 coriandri.
1509 5028 1670 5102 [V111,
1705 5029 1786 5101 5.]
1819 5029 2072 5084 Tradunt
2124 5031 2407 5086 coriandri
2455 5042 2712 5088 naturam
2747 5033 2973 5103 penitus
3019 5035 3214 5090 semini
3266 5038 3621 5107 respondere,

354 5119 494 5173 adeo
525 5127 584 5170 ut
614 5117 662 5171 si
691 5116 1012 5172 succidatur
1036 5119 1203 5173 etiam
1237 5118 1517 5174 coriandri
1551 5135 1762 5180 semen,
1809 5120 1917 5174 vim
1950 5133 2108 5173 suam
2141 5135 2252 5173 non
2283 5120 2528 5187 amittat,
2563 5129 2624 5175 ut
2665 5123 2902 5178 sementi
2933 5121 3194 5178 idoneum
3231 5127 3470 5197 amplius
3513 5143 3622 5182 non

352 5205 606 5259 exsistat.
641 5203 973 5272 Hujusmodi
1021 5207 1252 5259 verbum
1305 5212 1389 5260 est
1421 5206 1667 5272 ontnino,
1719 5206 1882 5276 cujus
1932 5209 2115 5262 omnis
2145 5208 2416 5278 particula
2465 5209 2534 5264 ad
2565 5218 2728 5266 terra:
2780 5213 2989 5267 eultmn
3025 5223 3220 5268 natura
3256 5225 3386 5286 apta
3421 5225 3530 5282 est,
3573 5219 3619 5274 si

355 5293 646 5346 mandetur
679 5293 986 5346 commodae
1037 5303 1092 5348 et
1123 5293 1282 5348 bonae
1315 5303 1498 5358 terrae,
1525 5293 1627 5349 hoc
1652 5303 1740 5350 est
1787 5295 2006 5350 animm.
2041 5295 2138 5351 Est
2190 5311 2360 5365 porro
2405 5297 2592 5352 album
2622 5299 2812 5354 etiam.
2843 5297 3051 5354 Lumen
3100 5301 3248 5356 enim
3284 5304 3508 5358 verbum
3536 5313 3622 5359 est

358 5381 520 5449 idque
553 5379 924 5448 spiendidum,
976 5395 1042 5436 ac
1081 5382 1314 5449 proinde
1355 5397 1578 5452 quoque
1615 5384 1799 5438 album
1832 5383 2012 5454 ipsum
2040 5383 2370 5454 intelligenti
2401 5385 2471 5440 ab
2499 5401 2678 5457 eoque
2713 5389 2947 5442 nutrito.
2979 5387 3076 5443 Est
3107 5389 3234 5444 item
3267 5393 3384 5446 saxi
3415 5393 3614 5446 simile.

354 5469 678 5521 Contortum
718 5467 924 5521 etenim
939 5476 1064 5547 _est,
1094 5477 1149 5523 et
1175 5469 1493 5538 neutiquam
1523 5469 1837 5535 ﬂaccidum,
1871 5485 2050 5540 neque
2105 5471 2335 5539 fluxum,
2367 5489 2557 5528 verum
2606 5491 2854 5532 saxeum.
2900 5477 3136 5532 leeste
3166 5479 3365 5547 quippe
3389 5480 3616 5534 verbum

354 5563 457 5622 est,
491 5567 555 5606 ac
587 5553 750 5608 nobis
783 5539 1034 5612 caeles‘tia
1069 5555 1359 5626 promittit.

429 5733 642 5810 “:Psal.
675 5749 876 5810 csum,
911 5734 970 5810 ἢ,
1001 5803 1035 5810 _
1080 5733 1126 5810 ἐξ
1161 5731 1309 5787 Psal.
1339 5732 1649 5810 xx_xv't.__5_1_,
1691 5731 1782 5810 δῷ.
1891 5729 2023 5810 "1s:

2015 5747 2265 5810 _a._x_x.lv_,_
2430 5737 2475 5770 ⁸⁸
2507 5737 2706 5794 Matth.
2739 5757 2836 5804 vn,
2871 5742 2957 5795 13.
3063 5743 3110 5775 "
3152 5743 3326 5799 Exod.
3363 5759 3476 5810 xiv,
3525 5743 3609 5799 Η.

363 5803 408 5835 ἐ’
445 5803 591 5858 l‘sal.
635 5820 762 5872 xxv,
795 5803 850 5857 9..
929 5803 972 5834 ⁶¹
1001 5803 1149 5859 Psal.
1182 5817 1308 5872 μιν,
1351 5804 1438 5858 10.
1515 5803 1559 5834 "
1593 5801 1790 5856 Matth.
1829 5817 1925 5868 vn,

1710 5803 1790 5856 ιιι.
1829 5817 1925 5868 vn,
1957 5803 2048 5868 (ξι,
2226 5807 2268 5839 ⁶³
2301 5806 2493 5863 Matth.
2534 5826 2606 5875 tr,
2639 5810 2691 5865 4.
2773 5801 3028 5866 “Exod.
3071 5827 3182 5870 xw.
3239 5815 3301 5870 t5
