4036 6214
454 290 559 389 899

1810 315 2169 386 PROCOPII
2207 317 2453 389 GAZ/EI

3618 334 3719 399 900

518 432 641 490 Non
677 428 817 489 dixit
850 442 979 489 Vero
1026 450 1043 488 :
1093 422 1296 489 Verum
1342 431 1506 489 etiam
1538 433 1595 490 in
1643 435 1794 491 omni
1839 437 2026 502 verbo,

2210 442 2324 494 Ούκ
2354 437 2479 494 εἶπε
2512 441 2590 506 δὲ,
2653 440 2812 495 Ἀλλά
2859 440 2954 496 καὶ
3005 442 3102 496 ἐπὶ
3151 444 3314 498 παντὶ
3344 446 3572 518 ῥήματι,
3608 451 3701 504 άλὶ

447 540 641 583 verum
676 526 796 581 sine
843 524 1048 591 etiam:
1092 532 1353 595 tanquam
1414 529 1464 580 si
1514 525 1753 584 dixisset
1788 544 1803 581 :
1832 525 1951 582 Non
1986 528 2040 581 in

449 619 557 674 hoc.
579 632 692 687 quo
724 617 933 687 putatis
961 617 1102 683 solo,
1146 632 1334 673 verum
1380 619 1436 672 in
1507 618 1635 674 hoc.
1676 617 2029 674 Manifestum

447 716 536 765 est
570 717 752 763 autem
788 706 937 779 quod
962 723 1165 763 manna
1195 720 1265 763 ex
1297 722 1395 764 ore
1423 709 1787 778 proﬁciscens
1814 710 2041 767 verbum

447 809 590 856 erat.
621 799 756 855 Nam
784 815 1077 857 commune
1107 799 1314 871 aliquid
1342 800 1510 857 habet
1540 815 1765 869 manna,
1807 816 1919 872 quo
1940 802 2041 858 do-

446 912 639 953 cemur
686 911 796 952 non
855 896 976 953 solo
1034 911 1175 967 pane
1210 896 1486 953 hominm
1536 898 1744 964 vivere,
1788 912 1914 952 cum
1948 896 2043 953 Dei

451 990 647 1053 verbo,
671 1002 783 1059 quo
819 987 1083 1044 vivimus.

534 1081 913 1136 Vestimentum
942 1090 1089 1134 tuum
1121 1091 1282 1151 super
1325 1088 1375 1134 te
1402 1096 1506 1136 non
1531 1087 1610 1135 est
1638 1079 1914 1147 detritum,
1952 1097 2046 1136 nec

446 1175 600 1245 pedes
620 1175 698 1229 tui
717 1173 1104 1229 intumuerunt.
1125 1172 1292 1245 [V111,
1307 1172 1389 1247 4.]
1414 1172 1703 1229 Prioribus
1727 1172 1833 1229 hoc
1855 1176 2044 1229 statim

447 1267 758 1338 subjungit,
805 1281 877 1321 ne
905 1252 1129 1322 causam
1160 1280 1257 1321 seu
1289 1266 1670 1323 testimonium
1702 1266 1835 1321 hinc
1877 1265 2046 1321 habe~

446 1367 572 1416 rent
601 1358 802 1430 quibus
855 1357 911 1413 in
946 1357 1248 1413 securitate
1294 1357 1492 1429 degere
1526 1357 1745 1412 animus
1792 1356 1895 1411 est.
1926 1354 2047 1422 Quo

449 1466 586 1509 sane
621 1449 882 1507 Servatur
920 1448 979 1503 in
1026 1446 1342 1520 Evangeliis
1395 1462 1522 1502 cum
1580 1447 1715 1501 viris
1773 1445 2046 1516 supersti-

447 1543 593 1597 tiose
618 1541 787 1597 etiam
826 1539 1001 1611 legem
1043 1538 1508 1610 amplectentibus
1534 1551 1707 1609 agens
1745 1552 1886 1593 usus
1935 1542 2043 1593 est.

454 1653 475 1687 ι
506 1635 565 1691 Si
596 1634 744 1690 enim
775 1631 913 1688 Mosi
934 1630 1343 1698 credidissetis,
1376 1630 1578 1699 inquit,
1612 1631 1809 1699 utique
1832 1636 1885 1683 et
1906 1628 2044 1683 mihi

2142 530 2274 585 ἄνευ
2305 529 2401 583 τοῦ
2425 569 2440 591 ,
2470 531 2573 583 καί
2598 546 2610 558 ·
2634 530 2710 595 ὡς
2743 530 2933 601 ἔλεγεν
2951 547 2964 563 ·
2994 530 3111 586 Ούκ
3142 533 3236 587 ἐπὶ
3275 535 3431 607 τῷδε,
3453 530 3498 605 ᾧ
3548 538 3722 595 οἴεσθε

2144 623 2315 694 μόνῳ,
2354 622 2472 676 ἀλλ’
2519 623 2613 677 ἐπὶ
2643 622 2801 694 τῷδε.
2836 624 2948 679 Καὶ
2991 625 3171 697 δῆλον,
3204 627 3286 680 ὅτι
3343 630 3406 682 τὺ
3454 630 3633 700 μάννα
3662 634 3722 688 τδ

2144 716 2583 786 ἐκπορευόμενον
2635 718 2701 770 ὲκ
2728 715 2824 771 τοῦ
2881 717 3179 788 στόματος.
3211 720 3364 791 ῥῆμα
3390 716 3491 792 ἦν·
3528 725 3648 779 επεὶ
3677 744 3729 782 τι

2143 810 2325 863 κοινὸν
2371 810 2489 882 ἔχει
2533 809 2598 864 τὸ
2640 811 2818 881 μάννα
2858 811 2916 878 ἔξ
2965 808 3029 868 οὖ
3075 813 3466 886 διδασκόμεθα,
3513 819 3614 874 οὐκ
3642 821 3727 875 ἔπ’

2142 899 2295 972 ἄρτῳ
2356 903 2506 974 μόνῳ
2550 901 2651 973 ζῇν
2695 902 2788 956 τὸν
2835 901 3145 975 ἄνθρωπον,
3190 905 3330 978 πρὸς
3366 907 3429 961 τὸ
3465 908 3561 962 τοῦ
3594 911 3728 966 Θεοῦ

2145 985 2746 1064 ῆμώφῷωμη

2222 1084 2298 1139 Τὰ
2335 1083 2535 1155 ἱμάτιά
2565 1100 2683 1141 σου
2725 1088 2799 1141 οὐ
2847 1087 3288 1156 κατετρίϐησαν
3313 1088 3435 1144 ἀπὸ
3474 1091 3594 1146 σοῦ
3613 1098 3627 1122 δ
3674 1094 3733 1147 οι

2146 1175 2331 1242 πόδες
2357 1191 2478 1232 σου
2511 1179 2625 1232 οὐκ
2646 1177 3062 1247 ἐτυνιώθησαν.
3106 1180 3291 1252 Ἰκανὴ
3322 1183 3599 1252 μαρτυρία
3621 1186 3731 1246 τοῖς

2147 1266 2495 1353 βουλομένοις
2518 1267 2619 1351 ζῇν
2662 1269 3109 1353 άπερισπάστως.
3145 1264 3333 1344 ’ῌπερ
3364 1275 3394 1327 6
3443 1273 3634 1347 Σωτὴρ
3670 1278 3732 1329 ὲν

2150 1358 2508 1426 memmi;
2530 1360 2593 1413 οὐ
2624 1360 2894 1431 κέχρηται
2924 1362 3062 1434 πρὸς
3090 1362 3292 1433 ἄνδρας
3315 1364 3409 1419 τὸν
3430 1366 3596 1437 νόμον
3631 1383 3732 1437 με-

2144 1448 2415 1513 λετῶντας
2474 1449 2756 1521 διακενῆς.
2823 1452 2929 1506 «Et
2987 1454 3096 1524 γὰρ
3157 1455 3474 1509 ἐπιστεύετε
3501 1496 3518 1521 ,
3573 1458 3731 1527 φησὶ,

2146 1539 2393 1602 Μωῦσεῐ,
2432 1539 2755 1595 ἐπιστεύετε
2801 1539 2871 1595 ἂν
2896 1542 3010 1619 ,καὶ
3053 1542 3197 1613 ἐμοίι
3237 1556 3257 1596 t
3306 1544 3473 1600 Ὅθεν
3515 1548 3581 1602 tit
3618 1549 3734 1602 τῶν

2148 1631 2285 1683 πᾶσι
2316 1629 2601 1702 προδήλων
2630 1631 2829 1695 αὐτοὺς
2857 1632 3139 1703 ἐκτρέπει,
3179 1632 3248 1688 τά
3269 1637 3496 1691 πετεινά
3520 1638 3615 1692 καὶ
3635 1639 3731 1693 τοῦ

449 1724 833 1781 credidissetls
855 1723 923 1777 ⁸⁸.
958 1741 978 1777 ι
1032 1721 1193 1778 Unde
1226 1720 1391 1778 rebus
1441 1721 1702 1777 omnibus
1734 1718 2040 1776 manifestis

2150 1722 2325 1794 ἀγροῦ
2354 1723 2424 1776 τά
2451 1723 2616 1795 κρίνα
2640 1723 2920 1797 προσθείς.
2951 1724 3068 1781 Ούκ
3101 1726 3411 1798 ἐδεήθησαν
3442 1730 3501 1783 δὲ
3531 1730 3733 1804 ὓποδηο

449 1834 570 1884 eos,
597 1817 844 1872 volatilia
873 1816 1005 1871 coeli
1036 1814 1265 1886 liliaque
1301 1814 1422 1889 agri
1450 1812 1837 1886 proponendo,
1869 1829 1901 1868 a
1931 1813 2040 1870 sol-

2155 1814 2344 1886 μάτων
2364 1816 2417 1869 οἱ
2447 1816 2638 1882 πάλαι,
2676 1816 2950 1889 μηδεμιᾶς
2978 1816 3159 1891 λύμης
3183 1818 3249 1873 ὲκ
3274 1820 3376 1892 τῆς
3404 1821 3525 1875 ὁδοῦ
3551 1840 3733 1893 προσ-

450 1906 739 1964 licitudine
763 1905 1038 1962 convertit
1061 1905 1128 1960 “.
1175 1903 1298 1961 Non
1347 1915 1618 1977 eguerunt
1667 1912 1885 1962 veteres
1926 1905 2043 1961 cal—

449 2000 774 2064 ceamentis,
838 2013 905 2055 eo
958 1996 1105 2069 quod
1163 1997 1330 2068 pedes
1383 2013 1573 2053 eorum
1627 1998 1778 2052 nulla
1826 1997 2046 2054 itineris

451 2091 755 2162 asperitate
785 2096 1174 2145 attererentnr.
1212 2088 1358 2156 Quin
1390 2089 1560 2145 etiam
1602 2088 1917 2145 habuerunt
1948 2105 2045 2145 ve-

449 2188 709 2243 stimenta
753 2200 862 2240 non
897 2185 1112 2251 attrita,
1139 2184 1279 2240 item
1302 2199 1527 2252 manna,
1556 2198 1759 2255 aquam
1806 2185 2046 2254 denique

450 2283 659 2353 largam
690 2294 756 2334 ex
779 2288 957 2350 petra,
987 2276 1211 2333 abunde
1240 2276 1504 2332 universa
1546 2275 1617 2330 ad
1646 2274 1838 2330 vitam.
1870 2274 2046 2331 Caete—

450 2387 579 2426 rum
613 2367 890 2442 superﬂua
922 2384 1023 2424 sua
1064 2376 1121 2423 et
1168 2366 1409 2438 insipida
1443 2365 1919 2436 concupiscentia,
1953 2364 2044 2420 in-

449 2463 652 2519 teritus
686 2473 914 2515 usuram
974 2456 1222 2529 sibiipsis
1261 2454 1538 2522 fecerunt,
1572 2453 2038 2524 quemadmodum

452 2571 555 2612 nos
589 2568 811 2626 quoque
840 2567 965 2608 cum
1007 2551 1176 2608 rebus
1223 2548 1541 2604 carnalibus
1585 2547 1787 2605 addicti
1823 2560 2037 2603 sumus.

455 2666 476 2703 ι
502 2649 624 2703 Non
657 2647 804 2702 enim
854 2645 1108 2717 potestis,
1149 2642 1354 2713 inquit,
1403 2639 1619 2698 duobus
1648 2636 1890 2695 dominis
1916 2644 2038 2694 ser-

454 2748 570 2798 vire
591 2740 660 2795 ".
698 2758 717 2791 ι
750 2736 909 2806 Quod
942 2737 988 2793 si
1017 2745 1198 2791 autem
1233 2733 1301 2789 ad
1345 2731 1511 2789 breve
1543 2740 1765 2801 tempus
1791 2728 2044 2800 discipli—

2143 1907 2477 1979 τριϐομένης
2528 1908 2711 1963 αὐτῶν
2749 1910 2865 1972 τοίς
2912 1908 3110 1963 ποσίνο
3148 1906 3294 1982 εἶχον
3326 1912 3384 1967 δὲ
3429 1913 3527 1968 καὶ
3571 1916 3732 1986 ἀτρι-

2146 1998 2262 2063 ϐεῖς
2293 1999 2551 2070 ἐσθῆτας,
2601 2000 2699 2054 καὶ
2725 2000 2788 2055 τὸ
2820 2001 3021 2072 μάννα,
3067 2004 3164 2058 καὶ
3202 2007 3304 2076 τῆς
3330 2004 3642 2076 άκροτόμου
3672 2006 3737 2061 τὸ

2096 2164 2104 2170 1
2148 2087 2315 2161 ὕδωρ,
2362 2089 2543 2144 πάντα
2585 2090 2723 2163 πρὸς
2767 2090 2914 2163 ζωὴν
2957 2094 3232 2166 αὐτάρκη.
3270 2096 3510 2168 Περιττὴ
3550 2097 3612 2152 δὲ
3637 2099 3736 2155 καὶ

2145 2180 2409 2251 ἀνόνητος
2437 2182 2707 2255 ἐπιθυμία
2743 2187 2838 2239 τδν
2859 2185 3083 2256 suam
3118 2188 3305 2253 αὐτοῖς
3341 2181 3732 2261 προεξενησεν,

2143 2272 2221 2335 ὼς
2258 2274 2354 2327 καὶ
2374 2277 2511 2344 ἡμῖν
2538 2275 2609 2331 τὰ
2647 2278 2890 2349 σαρκικὰ
2921 2279 3299 2351 περιέπουσιν.
3339 2299 3361 2334 ι
3387 2282 3461 2337 Οὐ
3499 2283 3737 2339 δύνασθε

2142 2363 2272 2435 γάρ,
2307 2365 2462 2437 φησὶ,
2497 2365 2621 2421 δυσὶ
2645 2368 2857 2440 κυρίοις
2888 2360 3182 2426 δουλεύειν.
3217 2390 3236 2425 ι
3283 2372 3347 2426 Ei
3372 2370 3433 2425 δὲ
3457 2373 3554 2429 καὶ
3594 2375 3743 2447 πρδς

2143 2452 2319 2524 βραχὺ
2373 2456 2739 2521 παιδευτικῶς
2788 2457 2896 2513 τῶν
2941 2458 3269 2533 ἐπιτηδείων
3315 2450 3730 2537 ὑστερηθῶμεν.

2139 2542 2301 2615 δῆλον
2326 2543 2403 2609 ὡς
2443 2545 2529 2599 ἵνα
2568 2546 2959 2619 περιεχὼμεθα
2988 2550 3047 2602 ἐν
3089 2550 3265 2605 ἅπασι
3292 2551 3387 2605 τοῦ
3422 2553 3581 2608 Θεοῦ.
3615 2554 3732 2608 K6-

2146 2651 2239 2706 ρος
2284 2636 2393 2708 γὰρ
2428 2637 2613 2710 πατὴρ
2664 2639 2910 2711 ὕϐρεως’
2956 2639 3116 2711 ὕϐρις
3142 2643 3222 2711 δὲ,
3256 2643 3670 2716 ὑπερηφανίας·
3699 2647 3735 2717 ἠ

2147 2724 2226 2792 δὲ,
2265 2728 2545 2792 πτώσεως.
3205 2766 3224 2780 ο
3782 2732 3787 2735 ’

450 2844 540 2886 nte
560 2844 727 2885 causa
757 2827 922 2883 rebus
951 2824 1281 2882 necessariis
1311 2822 1561 2878 destituti
1625 2821 1916 2886 fuerimus,
1973 2826 2091 2873 tum
2131 2825 2358 2887 apparet
2408 2829 2765 2890 quantopere.
2804 2835 2996 2879 omnes
3058 2838 3149 2880 res
3212 2824 3430 2882 divinas
3489 2827 3736 2899 amplcxi

452 2919 744 2980 fuerimus.
779 2918 1021 2975 Satietas
1044 2917 1191 2973 enim
1221 2921 1380 2987 pater
1410 2913 1760 2971 contumeliae
1788 2921 1893 2980 est,
1925 2909 2262 2972 contumelia
2307 2909 2483 2968 fastus
2524 2926 2590 2967 ac
2635 2913 2931 2983 superbiae,
2961 2930 3027 2972 ea
3086 2902 3324 2988 denique
3404 2919 3596 2989 lapsus
3671 2936 3739 2977 ac

450 3012 730 3068 interitus.

525 3105 659 3175 Ejus
702 3102 793 3175 qui
842 3110 890 3156 te
933 3097 1155 3154 deduxit
1201 3110 1297 3165 per
1343 3094 1612 3151 desertum
1662 3102 1872 3150 vastum
1902 3101 1971 3148 -et
2019 3088 2346 3148 horrendum
2377 3087 2535 3144 illud.
2586 3087 2734 3162 [15.]
2777 3088 2881 3145 Ubi
2916 3104 3153 3162 serpens
3200 3093 3460 3151 mordens
3490 3104 3547 3150 et
3577 3111 3741 3153 scor-

452 3195 604 3267 pius.

521 3281 995 3353 Quemadmodum
1076 3279 1183 3351 ipsi
1227 3317 1243 3344 ,
1295 3284 1587 3349 postquam
1658 3279 2107 3347 permeassentc

451 3392 606 3436 mare
660 3373 952 3440 Rubrum,
1003 3371 1061 3427 in
1120 3384 1232 3442 quo
1293 3368 1590 3441 Apostolus
1627 3382 1723 3422 eos
1792 3365 2036 3436 baptiza-

453 3483 542 3527 tos
587 3482 711 3525 esse
748 3466 805 3521 in
849 3463 1053 3520 Mosem
1101 3462 1282 3533 inquit
1328 3462 1412 3529 “,
1440 3465 1803 3532 peragrarunt
1852 3457 2038 3513 deser-

453 3571 579 3618 tum
629 3557 954 3614 horriﬁcum
1017 3554 1111 3610 ubi
1172 3567 1405 3625 serpens
1461 3551 1719 3606 mordens
1771 3557 1828 3605 et
1879 3563 2035 3605 scor-

454 3657 600 3725 pius,
633 3652 727 3722 qui
753 3651 983 3719 ﬁguram
1021 3646 1334 3719 spiritualis
1365 3641 1638 3714 serpentis
1683 3644 1843 3713 gerit,
1874 3654 2034 3711 quem

450 3746 619 3802 etiam
649 3738 1093 3798 conculcandum
1122 3736 1390 3794 Dominus
1423 3735 1587 3791 nobis
1626 3733 1881 3791 exhibuit
1910 3750 1924 3787 :
1960 3732 2035 3787 ita

450 3850 675 3908 quoque
724 3840 852 3905 post
881 3832 1153 3902 baptisma
1185 3844 1377 3886 verum
1434 3843 1535 3900 per
1581 3825 1914 3888 tentationes
1942 3824 2039 3880 de-

449 3930 736 3985 ducuntur
783 3926 838 3979 in
892 3923 1174 3980 desertum
1224 3921 1435 3987 ﬁdeles,
1489 3928 1611 3974 uta
1658 3917 1880 3975 diabolo
1917 3924 2037 3971 ten-

450 4026 641 4076 tentnr
680 4033 696 4071 :
738 4029 973 4087 quorum
1020 4013 1251 4086 ﬁguram
1300 4011 1559 4068 Christus
1604 4009 1864 4074 sustinet,
1910 4022 2034 4063 cum

450 4127 563 4184 quo
591 4111 659 4166 ad
691 4117 1025 4164 tentatorem
1069 4105 1264 4162 dicunt
1294 4121 1308 4161 :
1352 4123 1371 4156 ι
1402 4102 1522 4159 Non
1557 4103 1610 4159 in
1639 4117 1782 4174 pane
1804 4101 1928 4157 solo
1954 4099 2036 4155 νίς

451 4203 667 4262 ctitabit
704 4201 871 4256 homo
896 4200 963 4254 ⁶’.
1015 4217 1035 4252 ι

522 4295 591 4352 In
627 4304 822 4350 terram
862 4293 1053 4347 bonum
1100 4299 1149 4345 et
1197 4289 1452 4359 amplam.
1483 4283 1590 4361 [7.]
1622 4284 1759 4341 Illud
1809 4283 2034 4355 quidem

451 4387 795 4446 fertilitatem
821 4384 1053 4447 indicat,
1086 4383 1192 4437 hoc
1220 4395 1352 4437 vero
1382 4377 1786 4449 longitudinem
1817 4385 1873 4432 et
1912 4376 2037 4431 lati-

453 4481 697 4536 tudinem
733 4475 998 4547 regionis.
1033 4471 1153 4527 Non
1187 4472 1333 4527 enim
1360 4469 1656 4542 Egyptus,
1688 4468 1735 4522 si
1764 4468 1812 4522 ei
1842 4466 2034 4522 confe~

451 4580 629 4635 ratur,
666 4574 817 4622 tanta
859 4572 965 4619 est.
1001 4564 1137 4616 Item
1184 4573 1382 4614 rursus
1435 4558 1805 4627 distinguens,
1858 4552 2035 4622 inquit

2210 3261 2428 3342 Ὥσπερ
2472 3263 2620 3323 οὗτοι
2660 3269 2798 3338 μετὰ
2823 3269 2884 3324 τὸ
2914 3268 3144 3325 διελθεῖν
3185 3272 3283 3342 τὴν
3320 3273 3589 3347 Ἐρυθρὰν
3628 3276 3732 3330 θά-

2145 3365 2372 3427 λασσαν,
2405 3362 2501 3417 καὶ
2528 3356 2563 3436 ᾖ
2594 3377 2763 3433 φησιν
2812 3362 2842 3414 ὁ
2883 3362 3226 3428 ’Δπόστολος,
3259 3366 3338 3427 είς
3356 3366 3450 3418 τὸν
3481 3367 3736 3438 Μωῦσῆν

2144 3453 2536 3527 βαπτισθῆναι,
2591 3452 2810 3524 διῆλθον
2859 3452 2957 3525 τὴν
2982 3453 3191 3524 ἔρημον
3227 3454 3328 3524 τὴν
3358 3455 3628 3527 φοϐεράν,
3671 3456 3735 3515 οὗ

2140 3546 2267 3616 δφις
2300 3545 2513 3600 δάκνων
2545 3545 2642 3599 καὶ¹
2668 3545 2952 3618 σκορπίος,
2991 3544 3166 3611 τύπος
3203 3546 3357 3611 ὄντες
3395 3548 3491 3602 τοῦ
3531 3552 3732 3622 νοητοῦ

2142 3639 2346 3708 δφεως,
2369 3637 2457 3707 ἐφ’
2482 3637 2541 3692 ὃν
2571 3637 2665 3692 καὶ
2694 3638 2888 3692 πατεῖν
2914 3638 2943 3691 ὁ
2966 3638 3173 3707 Κύριος
3195 3639 3352 3711 ἡμῶν
3387 3639 3731 3713 ἐδωρήσατο·

2082 3754 2097 3763 ο
2140 3728 2286 3785 οὕτω
2316 3731 2409 3784 καὶ
2435 3730 2577 3800 μετὰ
2598 3730 2659 3783 τὸ
2682 3728 2938 3800 ἀληθινὸν
2967 3728 3258 3801 βάπτισμα
3280 3730 3369 3785 διὰ
3396 3734 3734 3804 πειρασμῶν

2141 3822 2432 3892 ἐξάγονται
2481 3822 2563 3884 εἰς
2601 3819 2703 3892 τὴν
2754 3820 2963 3894 ἔρημον
3006 3822 3058 3875 oi
3099 3821 3321 3886 πιστοὶ,
3363 3822 3737 3893 πειρασθῆναι

2143 3913 2250 3967 ὑπὸ
2276 3910 2372 3966 τού
2413 3909 2686 3977 διαϐόλου,
2738 3904 2814 3967 ὧν
2852 3911 3025 3975 τύπος
3063 3912 3299 3984 Χριστός
3328 3929 3343 3945 ·
3386 3913 3507 3983 μεθ’
3547 3907 3611 3967 οὗ
3639 3913 3736 3968 λέ-

2141 4019 2299 4072 γουσι
2328 4001 2408 4071 τῷ
2438 4002 2753 4073 πειράζοντι
2777 4019 2792 4036 σ
2830 4021 2851 4056 ι
2873 4001 2988 4058 οὐκ
3015 4003 3103 4057 in‘
3130 4002 3284 4075 άρτῳ
3311 4003 3460 4075 μόνῳ
3497 4004 3735 4075 ζήσεται

2143 4092 2243 4149 ἄνθ
2250 4111 2456 4166 ρωπος.
2498 4114 2516 4147 ι

2214 4270 2318 4335 Εἰς
2347 4268 2466 4339 γῆν
2495 4267 2733 4338 ἀγαθὴν
2775 4267 2873 4324 καί
2909 4268 3176 4338 πολλήν.
3207 4269 3281 4322 Τὸ
3316 4268 3438 4338 μὲν,
3485 4268 3551 4322 τὸ
3588 4268 3736 4337 γόνι-

2146 4381 2246 4432 μον
2278 4363 2433 4433 δηλοῖ
2452 4378 2468 4393 ⁸
2496 4362 2557 4416 τὸ
2583 4362 2662 4428 δὲ,
2693 4362 2871 4433 μῆκος
2913 4363 3008 4416 καὶ
3044 4361 3246 4426 πλάτος
3276 4362 3377 4431 τῆς
3406 4361 3621 4434 χώρας.
3656 4364 3734 4416 Οὐ

2139 4455 2380 4527 τοσαύτη
2422 4454 2533 4528 γάρ
2565 4457 2600 4526 ἡ
2646 4455 2926 4523 Αἴγυπτος
2979 4454 3235 4524 πρὸς.....
3266 4455 3380 4525 (87)
3413 4455 3579 4509 πάλιν
3611 4455 3735 4508 δια-

2143 4547 2400 4611 στέλλων,
2429 4548 2619 4618 φησὶν,
2650 4545 2796 4618 ὕδωρ
2845 4546 2993 4618 ἔχειν
3031 4547 3094 4611 ἐξ
3111 4546 3346 4618 ούρανοῦ
3382 4549 3479 4600 ml
3512 4545 3732 4618 πηγῶν.

452 4633 653 4731 aquam
684 4657 905 4714 caelitus
952 4669 1015 4710 ac
1057 4668 1126 4708 ex
1178 4650 1427 4707 fontibus
1484 4649 1713 4713 habere,
1765 4646 1860 4701 illa
1891 4644 2037 4701 enim

2144 4638 2219 4693 Τό
2244 4640 2354 4711 γὰρ
2390 4638 2609 4708 ἐκείνης
2652 4638 3002 4693 ἐπείσακτον.
3032 4633 3169 4692 Εἷτα
3212 4638 3415 4692 πεδίων
3446 4637 3733 4709 μνησθεὶς,

453 4758 654 4823 praeter
710 4746 1008 4804 ascititiam
1064 4742 1268 4798 nullam
1315 4739 1513 4795 habet;
1562 4736 1769 4792 Deinde
1812 4750 1937 4790 cum
1978 4734 2037 4790 in

452 4855 775 4915 camporum
801 4838 1133 4896 mentionem
1179 4834 1489 4899 incidisset,
1535 4838 1700 4901 atque
1742 4828 1849 4885 hoc
1882 4842 2037 4884 com-

454 4948 619 4990 mune
669 4946 795 4988 cum
846 4929 1086 5002 Egypto
1133 4927 1321 4992 habet,
1372 4923 1438 4977 de
1481 4919 1748 4976 montibus
1800 4916 2030 4974 addidit.

454 5023 626 5080 Porro
665 5030 957 5096 postquam
997 5021 1067 5077 de
1094 5017 1440 5091 vulgaribus,
1471 5022 1604 5085 puta
1644 5009 1715 5066 de
1759 5009 1948 5066 tritico
1978 5016 2034 5064 et

454 5115 664 5170 hordeo
693 5114 948 5175 dixisset,
976 5110 1163 5167 statim
1211 5112 1278 5164 dc
1313 5101 1688 5177 peculiaribus
1720 5100 1843 5169 ejus
1871 5108 2034 5156 terra:

453 5205 706 5277 frugibus
741 5202 928 5259 infert.
974 5201 1095 5269 Quo
1134 5200 1359 5272 quidem
1406 5196 1655 5251 indicare
1702 5193 1839 5259 vult,
1890 5192 2036 5264 quod

454 5296 547 5350 illa
595 5310 721 5351 cum
775 5295 880 5349 hac
922 5292 996 5349 sit
1041 5289 1402 5353 conferenda,
1448 5284 1544 5344 sed
1590 5299 1700 5339 non
1749 5298 1781 5339 e
1821 5291 2037 5339 contra.

2142 4730 2334 4802 δπειδὴ
2391 4730 2552 4785 τοῦτο
2608 4730 2790 4785 κοινὸν
2838 4730 2975 4801 πρὸς
3020 4730 3124 4802 τὴν
3171 4729 3477 4799 Αἴγυπτον,
3522 4729 3587 4782 τὸ
3615 4729 3736 4782 τῶν

2143 4822 2332 4892 ὀρέων
2363 4823 2697 4894 προσέθηκε.
2752 4822 2923 4876 Πάλιν
2967 4819 3141 4876 εἰπὼν
3181 4820 3361 4885 κοινὰ,
3392 4820 3609 4892 πυροὺς
3639 4817 3738 4872 καὶ

2141 4916 2358 4988 κριθάς,
2405 4917 2532 4980 τοὺς
2584 4914 2887 4979 ίδιάξοντας
2935 4914 3188 4985 ἐπιφέρει
3229 4912 3517 4984 καρποὺς,
3560 4907 3739 4975 δεῖξαι

2141 5007 2491 5080 βουλόμενος,
2528 5006 2601 5062 τὰ
2654 5007 2757 5078 μὲν
2803 5008 3025 5079 ἐκείνης
3071 5006 3223 5077 παρά
3248 5004 3446 5077 ταύτῃ,
3482 5001 3600 5059 ἀλλ’
3632 5002 3738 5055 ούκ

2139 5099 2435 5154 ἀνάπαλιν.
2508 5099 2694 5172 Ὀλίγη
2755 5098 2815 5153 δὲ
2867 5099 2969 5170 τῆς
3027 5098 3311 5167 Αἰγύπτου
3377 5096 3478 5149 καὶ
3538 5093 3737 5157 ἐλαία,

2143 5192 2269 5262 ἥτις
2343 5190 2469 5246 οὐδὲ
2529 5192 2666 5264 πρὸς
2725 5190 2905 5246 ἔλαιον
2978 5190 3286 5262 ἐπιτήδειος
3307 5231 3323 5256 ,
3384 5186 3486 5241 καὶ
3550 5187 3741 5257 ἄμπε-

2146 5284 2258 5349 λος.

454 5389 599 5458 Quin
636 5384 805 5444 etiam
858 5385 964 5442 olei
1010 5385 1172 5454 inops
1217 5380 1487 5452 Egyptus
1519 5385 1628 5445 est,
1684 5384 1876 5448 utpote
1918 5389 2042 5447 quae
2080 5376 2147 5431 ad
2197 5378 2304 5435 olei
2377 5387 2633 5435 naturam
2720 5376 3069 5434 minimesit
3124 5371 3561 5438 accommodata,
3608 5369 3739 5425 item

460 5486 685 5541 vitium.

531 5524 2040 5638 ingmmw.unmnuﬁm%.ﬂmma

2183 5561 2619 5632 κιὼικε
2700 5524 3163 5629 ”ωωιψη.

532 5759 647 5833 (87)
682 5761 783 5818 "is.
825 5759 954 5833 πρὸς
991 5759 1185 5831 αὐτὴν.

1969 5678 2206 5738 NOTAE.
