4036 6214
438 334 551 401 903

1777 337 2135 404 PROCOPII
2175 340 2420 405 ΟΑΖίΕΙ

3615 338 3726 404 9οί

441 447 613 505 Josue
641 446 788 504 enim
826 445 996 522 ωε
1037 450 1095 508 in
1125 449 1361 525 Gilgalis
1394 452 1748 512 circumcidit
1780 471 1899 513 eos.
1932 454 2040 513 Ve-

2152 458 2365 531 ριέτεμε
2401 475 2416 492 ο
2452 458 2555 532 τὴν
2586 457 2643 514 δὲ
2676 457 2777 531 τῆς
2828 456 3079 534 καρδίας,
3121 454 3200 524 ὡς
3249 456 3582 529 τιμιωτέραν
3613 457 3718 511 ὑπ-

440 555 564 596 rum
592 540 782 615 corqjs
823 542 1202 599 concisionem
1250 559 1351 600 ceu
1401 544 1708 616 digniorem
1765 548 1886 603 loco
1912 547 2034 619 eius

442 630 654 699 posuit.

2144 552 2363 609 ἐϐαλεν.

512 737 655 794 Deus
676 737 916 796 deorum.
943 738 1083 814 [l7.]
1114 738 1190 797 De
1214 741 1498 811 iudicibus
1553 745 1979 817 intelligendum
2036 748 2141 803 boc
2187 730 2291 803 est.
2320 745 2455 802 Nam
2490 745 2802 818 Apostolus
2829 761 3055 819 quoque
3094 762 3191 804 eos
3231 746 3325 818 qui
3357 743 3728 801 dicuntnrclii

443 841 545 882 nec
577 827 632 883 in
660 829 808 885 cmlo
841 844 944 885 nec
967 830 1022 885 in
1060 838 1209 887 terra
1237 845 1385 896 esse,
1419 834 1660 899 asserit;
1697 848 1727 888 a
1763 833 2087 891 cultoribus
2122 850 2219 891 seu
2253 834 2645 890 adoratoribus
2685 848 2819 891 vero
2872 835 2991 891 suis
3019 833 3100 890 dii
3148 833 3282 890 dicti
3318 840 3448 889 sunt
3466 832 3531 886 “.
3563 830 3728 898 Quod

448 931 584 972 vero
612 916 835 987 judices
876 916 1166 991 Scriptura
1228 920 1371 977 Deos
1439 930 1745 992 nuncupet,
1784 921 2054 979 indicium
2088 921 2299 978 faciunt
2326 920 2695 994 Symmachus
2730 929 2788 978 et
2809 922 3042 993 Aquilas
3065 920 3160 992 qui
3188 920 3402 977 dictum
3432 918 3593 985 illud,
3629 919 3729 973 ubi

443 1005 688 1073 positum
710 1014 813 1071 est,
846 1005 1090 1063 adduces
1119 1021 1247 1064 eum
1287 1009 1355 1063 ad
1393 1007 1658 1071 tribunal,
1680 1007 1910 1064 adduces
1937 1024 2058 1064 eum
2088 1008 2158 1063 ad
2189 1007 2337 1076 deos,
2370 1015 2501 1064 sunt
2535 1007 2908 1080 interpretati.

516 1137 709 1194 Denuo
757 1152 892 1193 vero
930 1152 1019 1194 res
1058 1137 1114 1193 in
1156 1135 1397 1212 Egypto
1466 1148 1521 1196 et
1559 1139 1785 1198 deserto
1852 1150 2038 1213 gestas

447 1230 504 1287 in
560 1228 887 1287 memoriam
938 1230 1275 1298 inculcavit,
1332 1233 1581 1306 adeoque
1642 1236 1712 1291 ab
1758 1235 2039 1293 oblivione

447 1337 641 1379 eorum
693 1337 945 1379 asserere
1003 1320 1201 1379 sedulo
1270 1332 1507 1381 conatus
1538 1334 1647 1393 est,
1679 1324 1842 1398 juxta
1880 1324 2037 1382 Pauli

446 1414 784 1485 exemplum,
812 1413 906 1485 qui
952 1413 1135 1485 inquit
1182 1431 1200 1470 :
1240 1434 1260 1467 ι
1288 1412 1538 1482 Fratres,
1569 1416 1820 1474 eamdem
1878 1419 2040 1477 vobis

447 1505 683 1563 subinde
719 1503 1056 1560 cantilenam
1089 1518 1294 1561 canere
1344 1507 1478 1562 mihi
1516 1507 1739 1579 quidem
1772 1523 1885 1564 non
1913 1523 2037 1568 mo-

446 1598 673 1663 lestum,
705 1597 866 1653 vobis
889 1612 1018 1652 vero
1044 1598 1180 1654 utile
1212 1608 1296 1654 est
1312 1597 1380 1653 ⁸⁸.
1408 1617 1429 1652 ι

516 1691 587 1748 Et
620 1698 890 1747 moverunt
924 1702 992 1746 ea:
1041 1690 1261 1749 Beroth.
1304 1672 1630 1765 [6.]ISupra
1682 1692 1738 1749 in
1786 1691 2045 1751 Numeris

2212 1134 2387 1195 Πάλιν
2418 1139 2704 1212 ὑπέμνησε
2727 1141 2835 1196 τῶν
2868 1143 2926 1195 ἐν
2960 1141 3225 1214 Αἰγύπτῳ
3287 1140 3383 1197 καὶ
3417 1143 3483 1214 τῇ
3507 1142 3728 1215 ἐρήμῳ.

2143 1231 2364 1304 μνήμην
2392 1230 2627 1302 ἄληστον
2669 1232 2854 1295 αὐτοῖς
2913 1232 3215 1304 ἐμποιῆσαι
3250 1232 3592 1300 σπουδάζων,
3626 1252 3730 1288 κα-

2138 1323 2209 1378 τὰ
2256 1323 2350 1378 τὸν
2409 1322 2641 1393 λέγοντα
2669 1323 2883 1380 Παῦλον
2920 1340 2939 1358 ·
3005 1345 3024 1378 ι
3066 1324 3333 1396 ’Δδελφολη
3365 1325 3427 1380 τὸ
3470 1326 3540 1382 τὰ
3582 1327 3733 1382 αὐτὰ

2139 1415 2352 1486 λέγειν,
2415 1416 2541 1486 ἐμοὶ
2605 1413 2707 1488 μέν
2768 1415 2871 1471 οὐκ
2915 1414 3187 1488 ὀκνηρὸν,
3250 1417 3382 1489 ὑμῖν
3433 1417 3493 1473 δέ
3546 1419 3732 1490 ἀσφαο

2142 1506 2256 1571 λίς.
2272 1525 2292 1561 ι

2220 1690 2332 1748 Καὶ
2364 1687 2612 1760 ἀπῆραν
2650 1688 2722 1745 ἐκ
2754 1689 2981 1761 Βηρώθ.
3012 1690 3161 1744 ’Δνω
3207 1690 3266 1745 ἐν
3293 1692 3405 1757 τοῖς
3449 1691 3733 1765 ’Δριθμοῖς

446 1798 576 1839 cum
615 1783 883 1838 stationes
927 1796 995 1837 ae
1029 1782 1396 1854 migrationes
1442 1785 1684 1842 ﬁliorum
1745 1784 1914 1843 Israel
1950 1802 2041 1843 re-

2152 1785 2463 1853 καταλέγων
2510 1783 2637 1847 τοὺς
2686 1783 2965 1854 σταθμοὺς
3017 1783 3116 1841 καὶ
3168 1782 3269 1848 τὰς
3299 1783 3563 1853 ἐπάρσεις
3615 1784 3735 1838 τῶν

447 1880 725 1939 censeret,
757 1873 968 1929 nullam
1006 1873 1114 1929 loci
1150 1875 1319 1945 hujus
1347 1878 1681 1933 mentionem
1713 1875 1868 1933 fecit.
1893 1877 2043 1933 'I‘an-

450 1978 565 2023 tum
616 1966 759 2023 enim
819 1965 1024 2021 dixit"
1092 1966 1371 2026 Aaronem
1419 1968 1478 2025 in
1534 1979 1724 2026 monte
1786 1969 1861 2027 0r
1919 1971 2037 2025 vita

449 2058 776 2115 defunctum
806 2073 952 2114 esse.
985 2055 1104 2114 illic
1160 2058 1310 2115 enim
1364 2060 1762 2131 compendiose
1787 2076 1853 2115 ac
1884 2076 2040 2117 sum-

2145 1877 2281 1931 υἱῶν
2316 1875 2554 1949 Ἰσραὴλ,
2604 1875 2708 1930 οὐκ
2758 1873 3008 1946 ἐμνήσθη
3037 1874 3133 1930 τοῦ
3156 1874 3323 1930 τόπου
3354 1875 3549 1929 τούτου
3569 1892 3583 1907 ⁸
3610 1875 3734 1930 ἀλλ’

2143 1968 2268 2024 εἷπε
2324 1968 2419 2023 τὸν
2453 1967 2665 2041 ’Λαρὼν
2706 1970 2763 2023 ἐν
2790 1969 2894 2039 Ὥρ
2942 1967 3020 2039 τῷ
3077 1966 3196 2039 δρει
3250 1964 3732 2037 τετελευτηκέναι.

2156 2060 2424 2116 Ἐνταῦθα
2480 2060 2592 2130 γὰρ
2621 2062 2681 2115 ἐν
2730 2060 2969 2130 ἐπιτομῇ
3032 2056 3631 2127 ἀνακεφαλαιοὺμενος.
3668 2058 3734 2111 οὐ

450 2151 639 2204 matim
666 2149 948 2220 attingens
977 2150 1192 2215 omnia,
1221 2151 1342 2206 loca
1365 2159 1420 2207 et
1447 2160 1697 2222 tempora
1717 2152 1913 2208 ordine
1940 2167 2042 2208 suo

2152 2154 2422 2224 μέμνηται
2468 2151 2612 2206 κατὰ
2660 2151 2818 2218 τάξιν
2868 2150 2980 2205 τῶν
3025 2150 3232 2213 τόπων,
3257 2149 3292 2219 ἢ
3320 2148 3429 2203 τῶν
3494 2150 3733 2221 καιρῶν.

451 2254 885 2298 commemorare
931 2241 1139 2297 omisit.
1176 2241 1485 2313 Antequam
1532 2243 1680 2298 enim
1711 2242 1767 2297 in
1789 2241 1866 2297 0r
1886 2258 2044 2297 mon-

451 2340 561 2388 tem
589 2333 897 2397 venissent,
942 2333 1168 2402 vitaque
1203 2333 1388 2386 Aaron
1421 2330 1722 2387 defunctus
1784 2341 1957 2394 esset,
1988 2334 2042 2386 iu

449 2423 675 2496 Gadgad
715 2432 769 2478 et
815 2422 1077 2478 Etebatha
1137 2430 1429 2478 venerunt.
1499 2423 1603 2478 Hie
1661 2437 1793 2479 vero
1847 2423 2044 2479 ordine

448 2517 775 2591 retrogrado
797 2525 1109 2573 enumerat.
1133 2514 1204 2570 Et
1228 2530 1454 2571 rursum
1486 2514 1553 2570 ad
1595 2515 1781 2584 priora
1808 2514 2043 2571 reverti.

2145 2247 2256 2301 Καὶ
2277 2245 2389 2316 γὰρ
2422 2244 2552 2317 πρὶν
2583 2242 2761 2298 ἐλθεῖν
2785 2244 2843 2297 ἐν
2870 2243 2971 2314 "Op
3003 2241 3084 2312 τῷ
3112 2242 3230 2313 ὄρει
3273 2243 3372 2296 καὶ
3473 2241 3735 2313 τελευτῆ-

2148 2355 2237 2393 σαι
2263 2338 2354 2391 τὸν
2369 2337 2602 2411 Ἀαρὼν,
2634 2332 2803 2408 ἦλθον
2829 2336 2909 2400 εἰς
2944 2334 3155 2404 Γαδγὰδ
3181 2335 3277 2389 καὶ
3306 2335 3391 2398 εἰς
3430 2333 3723 2391 Ἐτεσαθά,

2156 2428 2423 2483 Ἐνταῦθα
2448 2427 2505 2481 δέ
2533 2426 2762 2492 ἐναλλάξ
2796 2440 2930 2498 φησι
2952 2465 2971 2494 ,
3022 2428 3116 2481 καὶ
3146 2427 3312 2482 πάλιν
3356 2428 3733 2499 ἐπαωτρέχει

2143 2521 2236 2574 ἐπὶ
2283 2520 2354 2575 τὰ
2394 2520 2660 2591 πρότερα,
2720 2518 2936 2588 λέγων*
2980 2537 2999 2571 ι
3042 2520 3131 2572 Ἐν
3178 2519 3375 2590 ἐκεινῳ
3416 2519 3497 2588 τῷ
3521 2520 3734 2591 ικαιρῷ

451 2623 564 2680 tur,
598 2627 722 2669 cum
757 2610 980 2681 inquit:
1029 2626 1048 2660 ι
1075 2606 1154 2662 Εο
1179 2616 1433 2678 tempore
1466 2606 1748 2677 separavit
1776 2604 2042 2662 Dominus

2152 2606 2407 2661 διέστειλε
2436 2606 2643 2678 Κύριος
2683 2607 2785 2678 τὴν
2824 2607 3001 2678 φυλὴν
3029 2608 3183 2662 Λευῒ.
3206 2626 3226 2660 ι
3261 2607 3435 2663 Τοῦτο
3452 2608 3510 2663 δέ
3535 2610 3733 2682 ἐποίησά

450 2705 660 2762 tribum
719 2701 870 2758 Levi.
918 2720 938 2755 ι
999 2698 1157 2757 Istud
1211 2714 1342 2755 vero
1400 2697 1532 2754 fecit
1571 2699 1624 2752 in
1664 2707 1850 2753 monte
1885 2697 2040 2762 Sina,

450 2797 545 2854 ubi
590 2795 959 2867 quadraginta
1006 2791 1205 2846 diebus
1263 2800 1321 2846 et
1372 2790 1632 2846 noctibus
1689 2805 1789 2862 pro
1840 2788 2043 2861 populo

452 2888 689 2944 cadente
717 2884 1011 2941 Dominum
1040 2882 1373 2954 deprecatus
1395 2888 1502 2936 est.
1566 2911 1573 2915 -

530 2979 625 3037 Ubi
653 2976 961 3034 scminabas
1020 2990 1197 3029 semen
1258 2979 1496 3035 tuum,et
1549 2962 1774 3043 rigabas.
1825 2970 2042 3040 pedibus

2146 2715 2238 2753 σεν
2269 2701 2327 2753 ἐν
2361 2698 2581 2771 τῷῦρει
2630 2699 2791 2764 Σινᾶ,
2868 2694 3002 2752 ὅπου
3050 2699 3146 2754 καὶ
3174 2701 3235 2753 ἐν
3271 2698 3321 2771 μ’
3344 2700 3584 2772 ἡμέραις
3634 2702 3735 2755 καὶ

2145 2791 2295 2859 νυξὶν
2319 2792 2670 2866 ὑπερηύξατο
2692 2790 2788 2847 τοῦ
2819 2790 2953 2845 λαοῦ
2987 2792 3339 2858 πταίσαντος.

2219 2974 2387 3028 Ἐστι
2417 2972 2526 3044 γὰρ
2558 2966 2637 3044 γῆ
2662 2974 2751 3040 εἰς
2781 2971 2861 3041 ἣν
2878 2972 2962 3029 σὺ
2990 2975 3413 3045 εισπορεύῃμ..
3437 2975 3534 3031 καὶ
3555 2977 3730 3031 ποτί-

453 3073 562 3128 tuis
585 3109 601 3137 ,
649 3064 1089 3142 quemadmodum
1166 3060 1411 3119 hortum'
1438 3063 1669 3119 olerum.
1728 3062 1829 3135 [XI
1860 3103 1875 3130 ,
1912 3060 2041 3135 10.]

2152 3064 2282 3127 [cum
2304 3064 2433 3142 τοῖς
2452 3065 2640 3120 ποσὶν
2669 3063 2888 3131 αὐτῶν,
2945 3066 3090 3121 ὡσεὶ
3145 3064 3349 3136 κῆπον
3407 3069 3730 3137 laxa-iac.

456 3140 669 3223 Deinde
693 3166 881 3221 addit:
911 3183 931 3217 ι
953 3162 1089 3218 Nam
1118 3162 1263 3220 Deus
1290 3162 1513 3234 inspicit
1537 3172 1741 3219 terram
1762 3163 1990 3234 jugiter,
2016 3181 2035 3215 ι

2152 3141 2593 3230 [Ἐπίσκοπεῖται
2627 3156 2725 3228 τῆς
2746 3157 3078 3228 ἐπαγγελίας
3113 3160 3213 3231 τὴν
3262 3158 3368 3231 γῆν
3413 3158 3731 3226 διαπαντὸς,

456 3270 554 3311 seu
592 3274 609 3304 ι
636 3253 899 3322 Explorat
938 3268 1082 3319 eam,
1111 3270 1130 3304 ι
1172 3254 1478 3308 secundum
1511 3254 1653 3309 alios
1686 3254 2042 3325 interpretes.

456 3347 638 3418 luquit
687 3346 878 3411 etiam,
910 3345 1056 3415 quod
1097 3362 1116 3396 ι
1149 3344 1307 3400 Oculi
1352 3344 1571 3401 Domini
1627 3345 1720 3401 Dei
1780 3361 1948 3418 super
1980 3360 2045 3400 ea

456 3441 566 3497 sint
593 3440 661 3495 ab
690 3439 849 3495 initio
889 3438 1020 3491 anni
1067 3452 1245 3507 usque
1292 3438 1359 3491 ad
1395 3436 1557 3494 finem
1608 3438 1760 3493 anni.
1799 3458 1819 3491 ι
1852 3439 1924 3493 At
1959 3439 2046 3495 his

458 3532 684 3602 quidem
715 3530 945 3601 puerilis
1000 3528 1166 3585 Israel
1224 3530 1457 3599 regitur,
1506 3530 1666 3587 nobis
1704 3545 1837 3587 vero
1886 3532 2045 3601 juxta

458 3639 712 3680 normam
744 3623 975 3691 spiritus
1003 3622 1355 3678 cxtendenda
1378 3632 1527 3677 sunt.
1560 3622 1686 3691 Ipse
1714 3623 1861 3679 enim
1898 3622 2046 3678 Deus

458 3719 630 3772 totius
683 3716 875 3770 mundi
921 3715 1149 3770 fabrica:
1199 3713 1386 3784 opifex
1437 3724 1547 3779 est,
1574 3723 1630 3770 et
1663 3714 2045 3770 misericordia

455 3812 579 3881 ejus
614 3809 817 3865 referta
857 3817 947 3864 est
985 3818 1155 3863 terra.
1186 3807 1407 3879 Saepius
1432 3822 1563 3862 vero
1591 3814 1797 3863 terram
1830 3808 1902 3861 ob
1931 3807 2049 3877 pie-

459 3913 625 3958 tatem
660 3902 969 3957 incolarum
1021 3900 1267 3971 inspicit.
1329 3899 1497 3971 Atqui
1538 3908 1684 3955 terra
1732 3900 2044 3969 spiritualis

454 3995 777 4053 celestibus
833 3993 1105 4049 imbribus
1154 3995 1548 4058 humectatur,
1605 3992 1925 4062 nullamque
1976 4006 2046 4046 ex

454 4091 645 4146 mundi
680 4088 952 4159 sapientia
984 4096 1234 4152 terrena,
1265 4087 1373 4142 sub
1397 4085 1634 4157 pedibus
1657 4087 1780 4154 ejus
1812 4092 2045 4155 propter

454 4182 875 4254 depressionem
916 4194 981 4235 ac
1020 4177 1387 4249 abjectionem
1421 4184 1584 4232 terra:
1614 4175 1801 4246 hujus,
1834 4181 2043 4244 partem

454 4276 621 4346 capit.
656 4274 908 4331 Ecclesia
972 4272 1163 4343 itaque
1214 4279 1323 4336 est,
1357 4284 1525 4342 quam
1575 4267 1721 4324 Deus
1746 4267 1949 4338 jugiter
1977 4267 2047 4322 ab

459 4368 617 4422 initio
650 4366 781 4421 anni
841 4364 1027 4426 electi,
1054 4363 1215 4431 juxta
1242 4360 1441 4417 Isaiam
1459 4360 1529 4424 ⁸⁷,
1578 4375 1755 4428 usque
1779 4358 1846 4413 ad
1881 4359 2043 4413 linem

2144 3250 2314 3321 ἥγουν
2342 3250 2567 3321 ἐκζητεῖ
2602 3248 2795 3322 αὐτὴν,
2841 3251 2987 3304 κατὰ
3038 3251 3166 3315 τοὺς
3212 3250 3408 3316 ἄλλους
3463 3253 3738 3323 ἑρμηνευ-

2143 3341 2288 3415 τάς.]
2317 3340 2502 3397 Ταῦτα
2529 3343 2587 3397 δέ
2614 3342 2909 3412 λεγόμενα,
2944 3344 3037 3397 τὸν
3089 3343 3190 3416 μὲν
3225 3344 3565 3417 μειρακιώδη
3594 3362 3736 3416 προ-

2143 3433 2402 3507 τρέπεται
2435 3434 2677 3506 Ἰσραὴλ,
2715 3436 2848 3507 ἡμῖν
2876 3435 2933 3490 δέ
2967 3436 3176 3506 νοητῶς
3208 3437 3519 3494 ἐπιϐάλλειν
3573 3436 3735 3491 δίδω-

2146 3543 2200 3580 σι
2237 3525 2348 3598 (88)
2386 3528 2499 3589 τοῖς
2556 3526 2894 3597 λεγομένοις.
2937 3526 3113 3592 Αὐτὸς
3160 3528 3270 3600 γάρ
3325 3529 3470 3582 ἐστιν
3498 3529 3528 3582 ό
3552 3527 3738 3598 πάσης

2143 3619 2244 3688 τῆς
2267 3617 2501 3682 κτίσεως
2534 3618 2785 3689 ποιητὴς,
2814 3619 2908 3672 καὶ
2953 3619 3052 3673 τοῦ
3085 3619 3269 3682 ἐλέους
3303 3619 3470 3673 αὑτοῦ
3518 3620 3736 3691 πλήρης

2146 3712 2183 3782 ἡ
2205 3711 2310 3782 γῆ*
2364 3711 2462 3765 καὶ
2497 3710 2557 3764 οὐ
2594 3710 2794 3782 μᾶλλον
2828 3710 2941 3780 (89)
2990 3711 3199 3781 ταύτην
3224 3711 3398 3782 ἐφορᾷ
3429 3711 3462 3782 ἢ
3494 3711 3733 3780 ἐκείνην,

2146 3803 2195 3855 εἰ
2226 3801 2301 3874 μή
2330 3819 2384 3856 τι
2414 3801 2502 3856 διὰ
2523 3801 2624 3874 τὴν
2656 3803 2765 3856 τῶν
2784 3802 3089 3874 οἰκητόρων
3126 3803 3438 3871 εὐσέϐειαν.
3470 3802 3652 3871 ὐπερ
3678 3802 3738 3855 δέ

2145 3890 2325 3959 εἷπον,
2380 3894 2598 3949 δίδωσιν
2643 3896 2867 3958 ἐννοεῖν,
2921 3895 2999 3957 ὡς
3035 3894 3097 3949 οὐ
3130 3895 3260 3965 περὶ
3308 3898 3413 3966 γῆς
3472 3894 3738 3966 αἰσθητῆς

2146 3988 2333 4050 αὐτοῖς
2360 3985 2657 4056 διελέγετο,
2709 3986 2847 4041 ἀλλὰ
2877 3988 3005 4059 περὶ⁵
3034 3988 3235 4059 νοητῆς
3283 3989 3378 4041 καὶ
3411 3991 3524 4052 τοῖς
3557 3988 3617 4053 ἐξ
3644 3990 3728 4041 οῦ-

2150 4077 2312 4150 ρανοῦ
2340 4079 2571 4151 δμὸροις
2616 4079 2998 4152 πιαινομένης,
3056 4081 3152 4134 καὶ
3189 4081 3356 4152 μηδὲν
3387 4081 3452 4135 ἐκ
3483 4081 3584 4152 τῆς
3639 4081 3732 4136 τοῦ

2147 4170 2353 4241 κόσμου
2405 4169 2598 4239 σοφίας
2638 4170 2733 4223 καὶ
2780 4170 2977 4241 γηῖνης
3029 4170 3578 4244 μεταλαμϐανούσης,
3632 4174 3731 4243 τῆς

2148 4261 2256 4317 ὑπὸ
2281 4260 2449 4325 πόδας
2474 4260 2756 4331 κειμένης,
2780 4260 2948 4315 διὰτὸ
2963 4262 3219 4317 ταπεινὸν
3242 4265 3342 4317 καὶ
3369 4262 3727 4338 χαμαίζηλοι).

2147 4353 2367 4426 Ταύτην
2398 4354 2497 4419 τὴν
2525 4353 2649 4423 γῆν,
2683 4354 2862 4408 εῐτουν
2888 4354 2986 4427 τὴν
3033 4356 3390 4428 Ἐκκλησίαν,
3444 4357 3738 4420 διαπαντὸς

453 4460 578 4528 ejus
628 4456 873 4530 inspicit.
908 4452 965 4507 lu
1000 4467 1112 4523 quo
1167 4452 1363 4506 imbris
1409 4454 1587 4507 instar
1651 4450 1747 4505 Dei
1809 4449 2039 4505 verbum

2152 4449 2376 4520 ἐφορᾷό
2404 4447 2559 4516 Θεὸς,
2590 4448 2884 4522 ἀπ’ἁρχῆς
2932 4468 2992 4505 τε
3044 4451 3141 4506 τοῦ
3190 4452 3440 4507 ἐνιαυτοῦ
3493 4452 3603 4523 (90)
3626 4453 3736 4517 ¹καὶ

455 4566 621 4617 super
675 4556 878 4603 terram
932 4552 1021 4598 est
1076 4544 1388 4613 delapsum,
1430 4544 1523 4613 qui
1591 4542 1755 4597 etiam
1814 4540 2040 4611 inspicit

456 4653 621 4708 super
651 4650 846 4691 omnes
880 4634 974 4704 qui
1003 4634 1307 4687 habitatam
1343 4633 1519 4702 ipsius
1548 4632 1850 4687 Ecclesium
1882 4634 2039 4688 inco-

455 4731 575 4786 lunt
609 4747 624 4783 :
663 4727 865 4783 i0euli
934 4726 1081 4782 enim
1144 4724 1268 4794 ejus
1327 4724 1498 4795 justis
1549 4732 1679 4780 sunt
1725 4725 1943 4793 intenti,
1975 4739 2041 4780 ac

454 4836 618 4877 aures
648 4820 823 4891 ipsius
865 4819 1170 4889 precationi
1200 4819 1445 4890 ipsorum
1468 4816 1536 4871 ⁸⁸.
1564 4834 1584 4869 ι

2143 4539 2251 4605 ἕως
2299 4541 2399 4613 τῆς
2446 4541 2759 4609 συντελεῖας
2789 4542 2885 4598 τοῦ
2926 4544 3176 4600 ἐνιαυτοῦ
3199 4562 3212 4577 ·
3251 4546 3443 4600 τοῦτον
3482 4548 3592 4619 γὰρ
3642 4545 3736 4599 καὶ

2149 4632 2415 4688 ἐκάλεσεν
2457 4634 2686 4699 Ἡσαΐας
2726 4634 2978 4690 ἐνιαυτὸν
3026 4637 3236 4707 Κυρίου
3273 4637 3502 4702 δεκτὸν,
3548 4636 3674 4693 καθ’
3708 4636 3738 4691 ὃ

2150 4723 2473 4795 ἐπέλαμψεν
2500 4727 2528 4779 ό
2566 4727 2866 4797 μονογενὴς
2926 4725 3022 4780 τοῦ
3070 4725 3209 4782 Θεοῦ
3265 4729 3464 4797 Λόγος,
3515 4728 3609 4782 καὶ
3661 4728 3736 4791 ὡς

2152 4816 2307 4881 ὕετδς
2365 4816 2570 4888 κατέση
2604 4818 2697 4871 ἐπὶ
2724 4820 2822 4890 τὴν
2855 4819 2961 4891 γῆν
2984 4834 2999 4849 ·
3034 4820 3131 4876 καὶ
3158 4820 3450 4875 ἐπιϐλέπει
3483 4822 3577 4875 ἐπὶ
3600 4822 3738 4876 πᾶν·

452 4932 551 4978 τας
597 4916 725 4979 τοὺς
774 4914 1164 4977 κατοικοῦντας
1223 4912 1323 4980 τὴν
1388 4910 1736 4997 οἰκουμένην,
1789 4908 2039 4964 τουτέστι
2109 4909 2209 4980 τὴν
2258 4907 2430 4963 αὐτοῦ
2488 4908 2838 4982 Ἐκκλησίαν.
2904 4929 2925 4963 ι
2963 4911 3027 4966 Ol
3070 4911 3342 4983 ὀφθαλμοὶ
3380 4912 3491 4986 γὰρ
3546 4912 3737 5001 αὑτοῦ,

455 5008 641 5079 φησιν,
668 5008 755 5061 ἐπὶ
791 5008 1055 5071 δικαίους,
1120 5006 1217 5060 καὶ¹
1258 4997 1375 5058 ὦτα
1415 4989 1585 5058 αὗτοῦ
1628 5003 1708 5065 εἰς
1740 5000 1928 5073 δέησιν
1961 5000 2166 5056 αὐτῶν.
2200 5020 2218 5053 ι

530 5103 911 5173 Tempeslivam
941 5116 988 5158 et
1023 5101 1339 5157 serotinum.
1374 5096 1516 5171 [ιι]
1567 5097 1836 5153 (laterum
1871 5097 2036 5152 nobis

455 5197 885 5267 perlectioribus
907 5195 1289 5266 tempestivam
1327 5191 1551 5262 quidem
1586 5206 1681 5260 per
1716 5190 2035 5260 prophetas,

454 5378 500 5413 “
534 5376 707 5434 lCor.
743 5376 863 5441 Vili,
890 5375 943 5437 5,
970 5374 1022 5429 6.
1108 5375 1153 5408 ⁸³
1178 5373 1417 5444 Philipp.
1454 5391 1537 5437 ιιι,
1564 5375 1615 5429 ί.
1698 5375 1744 5405 ⁸⁸
1765 5328 2042 5437 Numas,

2152 5377 2175 5426 '.
2256 5373 2301 5404 ‘"
2339 5373 2444 5430 lsa.
2484 5389 2597 5440 ut,
2697 5378 2752 5449 2,

2221 5095 2495 5166 Πρώΐμον
2524 5096 2624 5150 καὶ
2677 5096 2920 5166 ὄψιμον.
2965 5099 3127 5170 Ἡμῖν
3150 5099 3206 5153 δέ
3240 5104 3353 5166 τοῖς
3383 5101 3741 5173 τελειοτέροις

2146 5191 2240 5245 τὸν
2277 5189 2365 5243 διὰ
2397 5189 2503 5243 τῶν
2561 5190 2856 5261 προερητῶν
2914 5192 3168 5264 πρώῖμον
3223 5194 3373 5260 ὄντα,
3407 5195 3504 5250 καὶ
3528 5196 3618 5251 τὸν
3653 5194 3743 5249 ἐπὶ

2862 5377 2907 5409 ⁸⁸
2928 5378 3078 5435 Psal.
3101 5392 3296 5443 usui,
3332 5377 3416 5435 16.

1985 5496 2222 5551 NUTE.

1985 5496 2125 5551 NUT
2188 5530 2222 5551 ι.

515 5588 629 5660 (83)
687 5588 883 5660 'Hpéic
916 5586 983 5660 δέ
1016 5585 1237 5660 νοητῶςΔ
1270 5584 1587 5641 ἐπιϐάλλειν
1640 5591 1817 5642 ποιεῖ.
1873 5588 2048 5652 Αὐτὸς
2127 5496 2256 5644 fat.
2292 5588 2479 5660 Μηδὲν
2500 5591 2566 5647 ἐκ
2587 5589 2710 5660 τῆς,
2740 5607 2827 5647 κτ.
2860 5589 2920 5645 Ὀ
2946 5592 3067 5645 αὐτ.

452 5656 586 5729 γὰρ,
611 5656 704 5713 ’κτ.
754 5656 812 5711 ‘0
834 5658 933 5729 τῆς
963 5657 1105 5729 Afir.
1130 5656 1262 5729 κὼδ,

2221 5659 2335 5730 ξ90)
2367 5660 2474 5714 Τοῦ
2501 5658 2763 5715 ἐκλεκτοῦ
2790 5701 2806 5721 ,
2851 5663 2993 5715 κατὰ
3037 5663 3130 5715 τὸν
3193 5662 3446 5730 Ἠσαταν,
3484 5658 3739 5722 ἐνιαυτοῦ

551 5729 642 5813 $9)
680 5728 922 5813 Πλέοκδὲ
950 5727 1054 5811 γῆν
1087 5728 1270 5813 ἐφορᾷ
1309 5726 1397 5810 ᾆιὰ
1436 5728 1536 5813 τὴν
1569 5727 1683 5813 τῶν
1739 5727 2048 5813 οἰκητόρων
2145 5725 2251 5796 ἕως
2279 5725 2379 5802 τῆς
2410 5730 2745 5796 συντελείας,
2782 5729 2905 5786 καθ’
2931 5730 3013 5794 ὃν,
3046 5749 3133 5787 κτ.
3180 5732 3239 5788 ὐ
3268 5734 3403 5790 αὐτ.

452 5799 756 5854 εὐσέϐειαν.
795 5800 859 5851 'H
889 5797 1056 5871 νοητὴ
1082 5797 1136 5851 δὲ
1166 5798 1235 5870 τῆ
1273 5797 1549 5870 οὐρανίοις
1576 5799 1805 5870 ὄμϐροις
1829 5797 2046 5854 πιαίνε-
