4036 6214
435 354 447 364 ’
466 338 566 401 ειη

1773 330 2123 393 PROCOPII
2154 331 2398 393 GALEI

3620 329 3739 393 908

459 463 668 504 moram
718 447 914 503 mdium
959 446 1279 503 sublimium
1331 447 1476 502 idola
1531 448 1950 509 convulserunt,
1985 463 2049 501 ac

2153 466 2259 501 νων
2282 449 2384 503 κάτ
2406 467 2432 500 ι)
2451 447 2555 501 τῶν
2582 443 2839 511 εἰδώλων,
2857 447 2906 499 oi
2942 447 3278 518 Σαμαρεῖται
3300 448 3733 519 προσεὺχῠνται,

466 542 520 594 in
550 552 786 595 caverna
845 537 1090 608 quadam
1143 536 1626 593 montis'Garisim
1665 535 2047 606 (quemadmo-

393 628 407 687 ξ
459 633 592 686 ιΙιιιιι
645 629 873 684 traditio
931 629 1121 698 habet)
1176 629 1612 684 abscondcrunt.
1665 628 1803 682 Cum
1862 628 2050 698 itaque

458 726 652 779 subtus
674 722 821 778 idola
849 723 1094 792 jaceaut,
1163 721 1420 792 quamvis
1456 721 1510 776 id
1547 722 1946 791 ignoraverint,
1982 736 2048 776 eo

457 817 712 873 conversi
764 815 1021 871 adorant.
1056 812 1176 868 Non
1207 806 1351 868 enim
1394 812 1680 883 Scriptura
1707 820 1892 884 potest
1939 812 2048 867 fal-

458 911 593 974 lere,
618 924 741 979 qua:
781 909 961 979 inquit
990 925 1007 962 :
1040 905 1519 962 «Permansernnt
1551 904 1824 961 facientes
1869 906 2045 977 legem

459 1003 578 1071 Dei,
612 1010 668 1059 et
705 1002 1009 1057 adorantes
1033 1001 1280 1071 ipsorum
1327 999 1473 1054 idola
1491 1000 1560 1055 ’⁷.
1586 1019 1605 1053 ι
1658 998 1928 1055 Czeterum
1954 1016 2050 1056 su-

450 1111 557 1168 per
593 1103 779 1149 monte
805 1093 914 1149 isto
952 1108 1117 1165 quem
1141 1092 1385 1147 Garizim
1422 1093 1716 1164 putabant,
1750 1108 1876 1148 cum
1907 1100 2049 1147 tem-

454 1172 606 1251 plum
657 1186 1066 1242 cxstrnxissent
1096 1224 1112 1249 ,
1167 1184 1370 1239 ibidem
1420 1194 1545 1238 vota
1589 1199 1689 1239 sua
1741 1183 2048 1241 faciebant.

459 1279 619 1350 Atqui
653 1293 781 1333 vero
806 1278 851 1334 si
886 1276 1125 1332 Garizim
1152 1286 1211 1331 et
1238 1276 1421 1332 Gaebal
1453 1284 1668 1331 montes
1689 1275 1782 1345 qui
1808 1283 1936 1330 sunt
1967 1275 2051 1329 al-

458 1370 683 1431 tissimi.
732 1366 957 1437 Neapoli
983 1366 1621 1436 adjacebant,quomodo
1642 1364 1756 1420 fieri
1785 1372 2052 1436 potest,ut

459 1460 998 1518 infernebenedictio
1019 1476 1115 1516 seu
1139 1458 1452 1513 maledictio
1477 1472 1719 1529 superne
1736 1457 1790 1511 in
1818 1466 2051 1526 utraque

458 1553 747 1617 immensa,
778 1551 1159 1605 ntetiamnnm
1206 1547 1393 1602 videre
1426 1557 1533 1613 est,
1566 1547 1860 1601 altitudine
1903 1547 2050 1601 edita

456 1643 846 1700 exaudiretur?
870 1655 998 1696 cum
1021 1639 1274 1695 videlicet
1294 1639 1348 1692 in
1364 1648 1605 1693 montem
1635 1638 1728 1709 qui
1757 1639 1897 1708 apud
1927 1638 2051 1693 illos

458 1735 704 1788 Garizim
747 1732 1057 1803 appellatur
1093 1738 1482 1786 sescentorum
1532 1730 1773 1784 millium
1796 1737 1850 1784 et
1878 1729 2049 1784 unius

459 1824 727 1896 graduum
756 1825 827 1879 sit
852 1805 1141 1879 ascensus:
1190 1819 1365 1876 liabet
1393 1820 1622 1892 insuper
1658 1822 1825 1876 etiam
1872 1822 2046 1878 series

462 1917 585 1972 libri
616 1915 786 1971 Josne
808 1915 955 1985 quod
1010 1914 1119 1969 duo
1150 1911 1243 1968 isti
1308 1919 1528 1969 montes
1560 1913 1631 1969 ab
1654 1914 1867 1969 oriente
1908 1912 2049 1968 Jeri-

2151 541 2253 595 κᾶν
2290 541 2595 612 ἠγνοήκασι
2628 538 2805 592 τοῦτο.
2842 538 3130 592 ’Λδύνατον
3160 539 3268 609 γὰρ
3301 538 3602 608 ψεύσασθαι
3632 539 3745 608 τὴν

2151 633 2372 704 Γραφὴν
2425 632 2712 701 λέγουσαν,
2750 652 2769 683 ‹
2798 631 3062 701 Ἔμειναν
3108 629 3391 693 ποιοῦντες
3427 630 3518 684 τὸν
3565 633 3743 698 νόμον

2148 724 2243 778 τοῦ
2302 724 2461 790 Θεοῦ,
2496 709 2610 778 ’καὶ
2671 722 3112 794 προσκυνοῦντες
3145 720 3214 775 τὰ
3244 720 3425 775 αὐτῶν
3449 721 3670 777 εἴδωλα.
3717 740 3738 772 ι

2162 816 2287 870 Ἑπί
2317 816 2375 869 δὲ
2401 816 2495 869 τοῦ
2544 815 2733 887 ὅρους,
2780 816 2918 886 ὅπερ
2969 813 3228 884 ἐνόμισαν
3284 812 3569 890 Γαριζεὶν,
3605 813 3745 867 ναὸν

2148 906 2662 969 κατασκευάσαντες
2686 904 2940 977 ηὖχοντο“
2977 906 3158 959 καίτοι
3183 908 3230 958 εἰ
3251 900 3319 976 ἦν
3345 905 3603 976 Γαριζεὶν
3640 906 3745 958 καὶ

2148 998 2355 1052 Γαιῦάλ
2376 998 2480 1069 ὅρη
2509 997 2577 1052 τά
2621 997 3012 1069 παρακείμενα
3058 997 3360 1061 Νεαπόλει,
3417 998 3562 1068 ἅπερ
3596 1000 3745 1051 είσὶν

2150 1087 2487 1159 ὑψηλότατα,
2536 1088 2654 1150 πῶς
2687 1086 2754 1141 ἂν
2783 1087 3084 1159 κάτωθενῆ
3120 1088 3221 1158 τῆς
3268 1087 3522 1156 εὐλογίας
3558 1089 3592 1160 ἦ
3634 1090 3742 1157 τῆς

2149 1181 2397 1252 κατάρας
2457 1182 2692 1252 ἤκουον,
2743 1182 3012 1253 ἑκατέρας
3062 1182 3173 1235 ἄνω
3240 1180 3574 1251 λεγομένης,
3639 1183 3743 1234 καὶ

2151 1273 2403 1327 πλείστου
2454 1274 2549 1327 τοῦ
2600 1274 2791 1342 ὕψους,
2823 1274 2898 1338 ὡς
2928 1274 3023 1327 νῦν
3076 1277 3291 1345 ὁρᾶται,
3330 1275 3732 1344 τυγχάνοντοςς

2150 1364 2244 1427 Εἰς
2264 1365 2370 1433 γὰρ
2398 1365 2459 1417 τὸ
2490 1365 2620 1434 παρ’
2646 1366 2824 1417 αὐτῶν
2847 1365 3141 1435 λεγόμενον
3174 1365 3449 1432 Γαριζεὶν,
3474 1365 3524 1418 α’
3554 1366 3651 1418 καὶ
3672 1365 3728 1434 φ’

2151 1455 2228 1519 ὥς
2262 1473 2423 1525 φασι,
2476 1457 2734 1527 βαθμῖσιν
2784 1458 3125 1527 άνέρχονται.
3165 1459 3319 1527 Ἔχει
3343 1457 3399 1511 δὲ
3421 1459 3514 1511 καὶ
3542 1460 3574 1523 ἡ
3604 1460 3741 1510 duco-

2149 1546 2338 1599 λουθῐα
2387 1549 2485 1617 τῆς
2545 1546 2732 1617 βίϐλου
2773 1547 2876 1602 τοῦ
2924 1547 3122 1620 Ἰησοῦ,
3156 1549 3231 1612 ὡς
3284 1550 3426 1604 κατά
3462 1550 3738 1619 ἀνατολὴν

2164 1638 2422 1709 Ἱεριχοῦς
2451 1640 2517 1693 τὰ
2543 1640 2653 1692 δύω
2681 1628 3023 1710 καθέστηκεν
3067 1640 3193 1712 ὄρη,
3245 1640 3373 1693 ἔνθα
3419 1641 3513 1693 καὶ
3568 1643 3738 1706 τόπος

2152 1732 2219 1784 τὰ
2250 1731 2508 1799 Γάλγαλα
2560 1731 2671 1784 δύω
2717 1733 2969 1801 σημείοις
3029 1733 3310 1801 ἀπέχοντα
3351 1731 3452 1801 τῆς
3500 1733 3737 1795 πόλεως.

2165 1822 2231 1876 Ἦ
2256 1823 2313 1876 δὲ
2346 1824 2551 1894 Σίκιμα
2597 1825 2694 1893 τῆς
2732 1825 2993 1896 Ἱεριχτῦς
3024 1823 3342 1896 βορειοτέρα
3378 1842 3438 1877 τε
3474 1827 3564 1879 δαὶ
3594 1828 3740 1879 ὐτι-

2156 1914 2374 1985 κωτέρα
2401 1914 2650 1986 σημείοις
2685 1917 2856 1986 αὐτῆς
2891 1916 3173 1986 ἀπέχουσα
3200 1915 3299 1985 νβ’.

459 2008 685 2063 cltuntis
723 2008 811 2062 siti
842 2007 1066 2072 fuerint,
1106 2006 1203 2063 ubi
1229 2005 1391 2062 locus
1423 2020 1647 2078 quoque
1668 2004 1919 2075 Calgala,
1955 2006 2048 2075 qui
2088 2007 2159 2061 ab
2182 2007 2314 2062 urbe
2337 2007 2403 2062 ad
2430 2009 2735 2063 secundum
2780 2008 3015 2079 lapidem
3062 2007 3247 2064 distat.
3311 2006 3547 2063 Sicltima
3605 2025 3740 2061 vero

459 2098 527 2153 ad
565 2100 993 2171 septentrionem
1056 2106 1110 2156 ct
1166 2095 1427 2155 occasum
1506 2097 1853 2157 Ierichuntis
1923 2098 2097 2170 vergit
2134 2099 2331 2171 magis,
2375 2114 2439 2155 ac
2483 2101 2548 2154 ad
2585 2102 2870 2172 quinquag
2907 2104 3107 2157 simum
3142 2102 3447 2157 secundum
3488 2102 3734 2172 lapidem

459 2196 530 2249 ab
560 2208 622 2248 ea
654 2193 841 2248 distat.

533 2304 636 2363 Sed
691 2320 810 2359 eum
865 2303 1041 2359 locum
1073 2318 1226 2372 quem
1249 2301 1464 2374 elegerit
1494 2300 1751 2356 Dominus
1788 2300 1927 2358 Deus
1978 2309 2169 2358 vester.
2224 2298 2369 2373 (XII,
2424 2296 2506 2371 5.]
2566 2297 2687 2366 Quo
2738 2300 2861 2355 loco
2916 2300 3180 2368 deinceps
3223 2301 3501 2372 adempto.
3570 2306 3737 2361 simul

453 2408 680 2465 qttoque
724 2395 792 2447 ab
845 2393 1127 2448 oblatione
1198 2393 1550 2447 victimarum
1630 2406 1773 2461 quas
1842 2392 1915 2448 ab
1972 2391 2135 2447 initio
2183 2397 2542 2445 concesserat
2604 2397 2829 2458 propter
2890 2389 3349 2443 consuetudinem
3400 2405 3524 2460 qua:
3569 2395 3721 2458 apud

460 2482 750 2554 :Egyptios
794 2480 1121 2543 inoleverat,
1177 2494 1482 2550 quamque-
1506 2478 1777 2549 prrccipiti
1834 2481 2142 2535 mutatione
2175 2479 2399 2534 abolere
2431 2493 2540 2534 non
2594 2486 2874 2548 poterant,
2913 2490 3205 2535 cessarunt
3230 2478 3552 2549 antiquando.
3585 2479 3727 2535 Cun

450 2570 696 2626 consilio
719 2568 870 2624 enim
902 2578 957 2623 et
983 2567 1131 2624 bona
1163 2570 1346 2633 venia,
1379 2581 1492 2621 non
1521 2567 1795 2622 violentia
1824 2569 2067 2623 salutem
2098 2566 2339 2624 confert.

530 2686 869 2754 Quacumque
905 2699 994 2738 vos
1042 2682 1128 2737 hic
1196 2682 1407 2753 facietis
1462 2682 1639 2739 hodie.
1699 2681 1806 2755 [8.]
1862 2680 2044 2737 Etiam

454 2779 639 2834 adhuc
661 2774 961 2844 superstite
994 2774 1186 2843 utique
1216 2773 1366 2829 Mose
1393 2776 1731 2846 transgressi
1797 2782 1951 2839 sunt,
1990 2784 2047 2830 et

454 2884 639 2925 tamen
661 2868 879 2924 veniam
909 2874 1041 2922 sunt
1063 2867 1347 2921 consecuti
1378 2907 1393 2931 ,
1431 2884 1451 2918 ι
1502 2866 1745 2922 Necdum
1777 2866 1924 2922 enim
1951 2881 2046 2922 ve-

458 2962 642 3026 nistis,
702 2959 909 3030 inquit,
937 2958 993 3012 in
1030 2958 1341 3026 requiem.»
1380 2956 1537 3015 Unde
1609 2959 1714 3014 sub
1769 2958 2045 3030 praeputio

462 3071 568 3110 non
592 3051 926 3108 recusabant
958 3049 1243 3105 custodire
1278 3050 1476 3121 legem,
1513 3066 1697 3120 neque
1729 3050 1938 3121 ubique
1969 3050 2048 3104 vi-

461 3147 660 3200 ctimas
679 3140 879 3196 offerre
903 3141 1116 3196 licitum
1139 3148 1278 3196 erat.
1298 3138 1418 3195 Jam
1446 3156 1598 3207 vero,
1618 3142 1776 3211 juxta
1804 3140 2046 3211 prophe-

448 3241 573 3285 tam
609 3270 625 3295 ,
665 3225 1173 3283 «Ubivislocorum
1200 3230 1490 3285 incensum
1525 3230 1780 3286 adoletur
1829 3230 2043 3285 nomini

452 3323 602 3385 eius,
636 3330 687 3375 et
707 3320 933 3374 victima
962 3333 1098 3389 pura
1130 3318 1361 3375 offertur
1383 3321 1454 3379 ’⁸.
1483 3339 1501 3373 ι

542 3412 917 3469 Verumtamen
964 3412 1018 3465 in
1053 3413 1199 3465 omni
1226 3413 1394 3466 animi
1429 3414 1510 3467 tui
1541 3398 1806 3467 desiderio
1842 3421 2050 3466 macta-
2076 3414 2120 3473 Ο

461 3506 544 3561 bis
572 3504 881 3561 ctrornedes
919 3519 1108 3557 carnea
1146 3519 1483 3577 quascunque
1510 3501 1656 3576 με]
1707 3502 1932 3557 Clarum
1964 3510 2049 3557 est

457 3593 608 3666 quod
636 3608 744 3649 non
766 3603 897 3649 sunt
919 3593 1305 3649 distinctiones
1335 3608 1430 3649 seu
1450 3592 1726 3650 sacrificia
1756 3592 1900 3663 apud
1947 3591 2051 3645 Do-

454 3687 674 3740 minum
735 3684 937 3740 Deum.
985 3682 1133 3751 Quin
1165 3698 1266 3755 pro
1312 3683 1511 3752 lubito,
1538 3685 1734 3756 inquit,
1766 3698 1972 3755 coques
1996 3692 2051 3738 et

456 3778 743 3834 comedes.

2226 2687 2310 2740 Οὐ
2330 2683 2616 2751 ποιήσετε
2633 2684 2828 2737 πάντα
2860 2681 2900 2737 ἂ
2932 2681 3102 2751 ὑμεῖς
3136 2680 3356 2737 ποιεῖτε
3396 2676 3536 2747 ὦδε.
3612 2683 3731 2736 Kal.

2152 2773 2354 2840 ζῶντος
2386 2775 2495 2848 ἄρα
2527 2774 2807 2838 Μωῦσέως
2865 2774 3218 2845 παρέϐαινον,
3281 2774 3379 2828 καὶ
3414 2774 3566 2844 ὅμως
3605 2791 3740 2826 acv-

2151 2866 2531 2935 εγινώσκοντο.
2582 2885 2600 2918 ι
2621 2867 2696 2920 Οὐ
2731 2867 2841 2938 γάρ
2898 2867 3097 2936 ἥκατε.
3132 2865 3322 2935 φησὶν,
3368 2864 3477 2928 ἓως
3506 2863 3602 2917 τοῦ
3632 2865 3734 2919 νῦν

2150 2958 2231 3022 είς
2279 2958 2378 3029 τὴν
2429 2957 2794 3013 κατάπαυσιν.
2835 2977 2852 3008 ι
2925 2956 3090 3011 Ὅθεν
3146 2958 3234 3010 ἐπ’
3288 2957 3577 3028 ἀκριϐείας
3632 2959 3740 3010 οὒκ

2151 3048 2460 3120 ἁπῃτοῦντο
2498 3048 2791 3119 φυλάττειν
2829 3047 2921 3101 τὸν
2977 3047 3163 3118 νόμον,
3202 3046 3324 3099 οὐδὲ
3349 3046 3535 3110 θυσίας
3566 3063 3743 3116 προσ-

2124 3140 2343 3212 ’φέρειν
2397 3139 2545 3210 ἐξῆν.
2598 3139 2713 3193 Νὖν
2759 3139 2838 3199 δὲ.
2892 3139 3038 3193 κατὰ
3093 3138 3186 3191 τὸν
3231 3138 3539 3207 προφήτην,
3582 3156 3601 3188 ι
3647 3137 3738 3190 Ἐν

2155 3232 2318 3285 παντὶ
2344 3230 2494 3301 τόπῳ
2515 3229 2771 3300 θυμίαμα
2790 3228 3169 3303 προσφέρεται
3187 3228 3265 3298 τῷ
3289 3228 3515 3297 ὀνόματι
3540 3228 3735 3291 αὑτοῦ,

2153 3323 2248 3377 καὶ
2278 3321 2440 3376 θυσία
2469 3321 2712 3393 καθαρά.
2752 3341 2771 3374 ι

2234 3414 2386 3468 Ἀλλ’
2418 3413 2488 3466 ἐν
2532 3413 2704 3482 πάσῃ
2749 3413 3031 3481 ἐπιθυμίᾳ
3061 3410 3268 3482 ψυχῆς
3324 3428 3442 3466 σου
3500 3412 3731 3477 θύσεις,

2156 3506 2255 3561 καὶ
2282 3504 2447 3576 φυγῇ
2469 3505 2635 3575 κρέα,
2666 3506 2763 3559 ὅσα
2795 3506 3041 3576 δηλονότι
3073 3506 3146 3576 μή
3172 3507 3308 3558 εἰσιν
3339 3494 3695 3576 ἀφορίσματα
3719 3546 3734 3566 ,

2155 3600 2189 3669 ἢ
2221 3599 2569 3669 θυσιάσματα
2602 3598 2794 3669 Κυρίῳ
2818 3592 2894 3670 τῷ
2920 3598 3062 3670 Θεῷ.
3083 3598 3170 3664 Ὠς
3201 3597 3490 3669 ἐπιθυμεῖς
3522 3597 3603 3662 δὲ,
3633 3613 3739 3669 φη-

2158 3691 2264 3758 σὶν,
2282 3690 2510 3763 ἐφήσεις
2528 3691 2619 3744 καὶ
2640 3693 2812 3761 φαγῇ.

537 3886 854 3942 Immundas
884 3888 938 3943 in
972 3898 1042 3953 te,
1066 3897 1114 3942 et
1143 3890 1373 3943 mundus
1395 3888 1597 3957 pariter
1618 3887 1891 3943 comedent
1930 3896 2041 3941 tam
2070 3900 2318 3955 capream
2350 3899 2512 3956 quam
2566 3899 2797 3937 cervum.
2841 3881 3203 3938 Sauctiflcata
3260 3882 3434 3944 enim,
3469 3891 3529 3936 nt
3563 3897 3732 3951 snpe-

464 3976 582 4031 rius
632 3976 835 4046 inquit,
904 3976 1144 4031 mundus
1172 3977 1350 4029 solum
1405 3976 1682 4032 comedet.
1715 3974 2039 4046 Atquidam
2081 3987 2337 4043 capream
2387 3980 2441 4025 et
2473 3985 2698 4025 cervum
2768 3971 3000 4040 reliquis
3055 3971 3386 4025 animalibus
3445 3972 3735 4023 mundiora

463 4079 590 4120 esse
646 4064 1062 4119 existimarunt.
1114 4062 1316 4119 Verum
1382 4064 1728 4118 contrarium
1782 4063 1983 4117 innuit.
2039 4060 2112 4115 Ea
2140 4062 2286 4117 enim
2317 4061 2565 4131 quiviue
2611 4060 2923 4115 mundioris
2964 4066 3123 4113 erant
3168 4074 3275 4114 non
3339 4059 3728 4114 comedebant.

456 4152 609 4220 Quid
634 4151 802 4225 igitur
846 4152 1035 4207 dicere
1065 4151 1342 4206 intendit?
1375 4150 1511 4213 Illud
1553 4150 1830 4217 videlicet,
1895 4148 2044 4219 quod
2079 4150 2133 4204 hi
2172 4152 2264 4219 qui
2316 4162 2418 4204 ove
2469 4154 2565 4201 aut
2615 4147 2753 4203 bove
2781 4155 2876 4201 aut
2902 4145 3091 4216 aliquo
3143 4146 3265 4214 ejus
3330 4146 3553 4216 generis
3580 4146 3730 4200 vesci

463 4239 745 4303 volebant,
771 4238 826 4294 id
858 4239 1039 4310 ipsum
1072 4253 1184 4309 quo
1226 4239 1679 4293 sanetilicaretur
1706 4237 1773 4291 ad
1806 4240 1988 4292 altare
2016 4235 2369 4302 deferebant,
2404 4245 2575 4305 atque
2622 4235 2697 4288 ita
2730 4234 2952 4290 tandem
3008 4232 3397 4289 vescebantur.
3457 4233 3731 4286 Caeterum

462 4342 725 4399 capream
752 4327 838 4381 vel
866 4341 1094 4380 cervum
1151 4341 1251 4382 nec
1298 4333 1543 4379 mactare
1601 4338 1703 4379 nec
1756 4322 1960 4378 offerre
1980 4323 2188 4377 licitum
2218 4330 2370 4390 erat;
2406 4321 2716 4377 inferebant
2760 4323 2909 4376 enim
2944 4321 3080 4375 nulli
3117 4321 3226 4376 nisi
3256 4320 3349 4390 qui
3378 4320 3433 4373 in
3476 4321 3613 4374 urbe
3639 4321 3732 4373 ubi

464 4415 731 4487 templum
763 4426 827 4467 ac
859 4415 1026 4468 etiam
1052 4427 1203 4478 arca,
1239 4424 1422 4469 erant.
1450 4411 1624 4465 Porro
1654 4425 1823 4481 super
1847 4424 2047 4480 caprea
2076 4417 2171 4462 aut
2200 4425 2364 4465 cervo
2400 4409 2733 4481 simpliciter
2756 4408 3100 4464 sanctificari
3126 4416 3338 4463 tantum
3371 4407 3731 4487 interdictum

467 4484 608 4567 erat,
656 4508 865 4571 quanto
887 4500 1063 4569 magis
1096 4501 1433 4555 sacrificare.
1470 4498 1825 4568 Quaecunque
1859 4498 2067 4569 igitur,
2102 4497 2302 4566 inquit,
2337 4505 2491 4551 extra
2522 4496 2944 4551 tabernaculum
2978 4509 3076 4550 aut
3140 4498 3407 4567 templum
3455 4484 3731 4550 immolari

463 4591 831 4661 contingeret,
858 4587 1055 4641 edendi
1088 4587 1311 4658 quidem
1355 4587 1597 4641 libertati
1628 4585 1879 4655 subjecta
1914 4600 2059 4650 esse,
2089 4586 2227 4640 nihil
2262 4585 2561 4655 quidquam
2599 4591 2785 4639 tamen
2815 4584 2920 4639 etsi
2955 4584 3093 4639 forte
3124 4586 3480 4640 sacerdotum
3506 4584 3729 4646 fuerint,

469 4679 539 4733 ab
568 4674 869 4732 immundis
894 4673 1142 4730 d'iﬂerre.
1179 4675 1257 4730 Ac
1286 4689 1351 4729 ea
1373 4670 1597 4743 quidem
1633 4672 1837 4743 ubique
1873 4672 2119 4727 locorum
2154 4672 2317 4728 edere
2348 4670 2431 4727 fas
2466 4678 2605 4726 erat.
2639 4667 2815 4724 Sacra
2849 4685 2983 4726 vero
3016 4672 3074 4726 in
3103 4671 3223 4727 loco
3250 4669 3409 4743 44],
3469 4671 3734 4726 duntaxat

465 4780 501 4820 a
534 4764 645 4821 Deo
675 4763 917 4819 delecto.

539 4854 677 4912 Illud
735 4868 865 4910 vero
911 4849 1145 4909 subinde
1190 4849 1493 4920 ingeminat
1540 4865 1556 4903 :
1611 4868 1631 4900 ι
1659 4848 1896 4903 Attende
1944 4846 2048 4902 tibi

2226 4845 2500 4927 Ἐπιλέγει
2542 4850 2782 4919 συνεχῶς
2807 4848 2889 4911 τὸ.
2927 4869 2945 4901 ι
2977 4851 3218 4922 Πρόσεχε
3245 4849 3480 4922 σεαυτῷ.
3510 4868 3528 4902 ι
3562 4851 3734 4922 Ὅπερ

470 4948 595 5019 ipsi.
624 4965 642 4999 ι
683 4944 841 5012 Quod
900 4943 1122 5012 quidem
1174 4944 1348 4997 exteri
1402 4939 1757 5006 traductum,
1794 4941 1848 4995 in
1884 4960 1903 4993 ι
1940 4939 2049 4994 Co-

470 5048 674 5103 gnosce
706 5034 944 5101 teipsum
977 5049 996 5081 ο
1034 5031 1222 5085 tritum
1264 5045 1330 5085 ae
1375 5045 1477 5085 ceu
1515 5031 1792 5100 peculiare
1820 5044 2050 5101 prover-

396 5175 403 5195 ε
473 5127 623 5181 bium
650 5132 956 5180 verterunt.
992 5123 1071 5178 Ad
1105 5124 1358 5178 eumdem
1392 5121 1617 5177 modum
1652 5123 1783 5178 illud
1831 5136 2052 5194 quoque

472 5219 528 5273 in
553 5216 845 5287 Scriptura
885 5215 1132 5271 dicitur:
1168 5233 1187 5267 ι
1224 5214 1515 5284 Sapientes
1554 5223 1683 5269 sunt
1712 5215 1805 5284 qui
1838 5214 2053 5285 seipsos

473 5315 679 5362 norunt
696 5306 765 5359 ”.
799 5323 819 5359 ι
850 5304 1137 5360 Etiterum
1157 5320 1174 5360 :
1196 5322 1215 5357 ι
1245 5304 1415 5359 Sinon
1439 5304 1775 5375 cognoveris
1798 5304 2053 5375 teipsam,

474 5396 702 5469 pulchra
734 5396 1087 5452 mulierum‘.
1122 5415 1141 5448 ι
1178 5396 1358 5467 Atque
1407 5398 1513 5453 hoc
1556 5413 1691 5453 sane
1736 5396 1929 5452 sedulo
1970 5396 2057 5451 in-

475 5490 659 5544 culcat
690 5488 834 5544 Deus
860 5529 876 5555 ,
911 5497 968 5542 ut
1001 5486 1093 5559 qui
1129 5503 1238 5543 non
1270 5487 1485 5542 nesciat
1531 5488 1740 5558 peccati
1775 5487 2056 5542 cumulum

476 5580 535 5636 in
570 5580 690 5651 ipso
723 5579 992 5650 propositi
1045 5586 1195 5633 motu
1248 5578 1457 5649 augeri.
1499 5578 1732 5637 Sensata
1779 5578 1924 5633 enim
1972 5585 2055 5632 est

549 5758 592 5794 "
614 5757 679 5813 IV
706 5756 841 5828 Reg.
867 5773 1000 5823 xvu,
1028 5759 1113 5817 5'2,
1137 5756 1219 5811 33.
1300 5758 1347 5791 ”
1381 5757 1616 5812 Malach.
1680 5774 1717 5819 ι,
1761 5756 1842 5810 ll.

1946 5758 1990 5787 ’ν
2023 5745 2185 5810 Prov.
2226 5772 2344 5822 xm,
2370 5754 2463 5812 9.0,

2156 4938 2205 4989 oi
2229 4938 2328 5007 τῆς
2354 4937 2460 5004 ἔξω
2495 4939 2815 5011 φιλοσοφίας
2855 4942 3255 5012 μεταϐαλόντες
3292 4945 3373 5006 εἰς
3404 4943 3487 5009 τὸ,
3520 4960 3539 4993 ι
3564 4940 3735 4995 Γνῶθι

2158 5030 2406 5093 σεαυτὸν,
2439 5048 2459 5081 ι
2505 5031 2964 5105 πολυθρύλλητον,
2994 5032 3069 5095 ὡς
3110 5033 3240 5086 ἴδιον
3279 5033 3610 5103 ἀπόφθεγμα
3644 5050 3738 5085 πε-

2158 5122 2440 5191 ποιήκασι.
2472 5123 2585 5176 Καὶ
2613 5124 2701 5177 ἐπ’
2732 5124 2903 5195 αὐτῆς
2930 5124 2990 5178 δέ
3026 5141 3191 5195 φησιν
3229 5123 3361 5178 αὐτὸ
3402 5125 3501 5193 τῆς
3541 5124 3737 5189 λέξεως

2157 5216 2191 5284 ἠ
2224 5215 2436 5287 Γραφή’
2489 5233 2508 5267 ι
2536 5216 2600 5270 Οί
2629 5216 2685 5269 δὲ
2717 5217 2931 5270 ἑαυτῶν
2965 5215 3337 5286 ἐπιγνώμονες
3369 5216 3543 5285 σοφοί.
3572 5234 3593 5268 ι
3633 5215 3742 5269 Καὶ

2163 5302 2377 5369 πάλιν,ι
2400 5304 2527 5359 Ἐὰν
2553 5305 2628 5378 μὴ
2648 5308 2887 5379 ἐπιγνῷς
2911 5310 3214 5379 σεαυτὴν,ή
3241 5306 3376 5377 καλὴ
3394 5308 3452 5360 ὲν
3467 5307 3735 5376 γυναιξί.»

2164 5394 2333 5450 Τοῦτο
2379 5397 2437 5452 δὲ
2487 5397 2622 5461 θεὸς
2668 5399 3106 5469 παρακελεύεται
3165 5399 3428 5468 συνεχῶς,
3456 5398 3615 5462 εἰδὼς
3645 5400 3743 5469 τῆς

2167 5488 2442 5558 ἁμαρτίας
2469 5489 2529 5542 τὸ
2554 5489 2754 5557 πλῆθος
2788 5492 2846 5544 ὲν
2872 5493 2935 5562 τῇ
2964 5492 3108 5561 ὁρμῇ
3141 5489 3482 5560 πληροῦσθαι
3510 5493 3577 5561 τῇ
3605 5490 3744 5544 κατὰ

2164 5579 2441 5648 πρόθεσιν.
2462 5580 2586 5633 Ἐπὶ
2617 5580 2709 5635 νοῦ
2741 5582 2850 5652 γὰρ
2874 5584 2903 5635 ὁ
2926 5583 3081 5649 λόγος
3113 5580 3247 5653 πρὸς
3270 5576 3460 5635 ἑαυτου
3485 5581 3742 5652 ἐπιστρέ-

2550 5758 2564 5789 ¹
2612 5746 2772 5811 l‘.:int.
2806 5774 2842 5823 ι,
2880 5759 2928 5812 7.
