4024 6194
373 189 477 255 909

1247 186 1784 251 COMMENTARII
1821 184 1902 245 IN
1959 183 2661 246 DEUTERONOMIUM.

3546 175 3653 240 910

375 321 590 375 φοντος,
639 304 772 375 ὅπερ
826 301 1108 374 ὀφθαλμοῦ
1145 302 1239 357 τοῦ
1275 302 1476 369 ἔξωθεν
1519 304 1752 377 ὁρῶντος
1805 301 1960 355 ἁλλό-

2083 301 2250 354 )ratio
2278 301 2399 370 ejus
2434 303 2525 371 qui
2564 300 2758 356 oculos
2806 299 2857 351 in
2896 313 2953 353 sc
2980 296 3285 360 convertit,
3315 311 3342 349 ει
3377 311 3486 366 quo
3516 286 3653 350 alie-

373 411 542 468 τριον.

2068 409 2173 446 nus
2200 402 2285 448 est
2316 395 2511 449 oculus
2543 393 2665 463 ejus
2695 391 2788 463 qui
2822 390 2972 445 foras
3008 389 3295 459 prospicit.

447 510 658 565 Etenim
691 511 834 580 ﬁlios
865 527 989 565 suos
1022 518 1069 563 et
1101 510 1245 580 ﬁlias
1277 506 1551 579 suas'igue
1579 509 2000 562 eombusseruut.
2036 505 2188 579 {31.}
2233 482 2635 563 Daztuoniacum
2669 507 2817 562 enim
2854 516 2942 562 est
2968 507 3272 560 naturalem
3309 504 3652 561 all'cctionetu

371 614 502 671 erga
551 609 835 668 acceptam
873 598 1118 652 sobolem
1167 597 1519 651 conculcarc.
1557 615 1574 647 ι
1611 596 1743 649 Nam
1776 596 1960 648 omnia
1989 596 2199 649 creavit
2229 593 2373 650 Deus
2410 602 2469 647 ut
2507 603 2693 649 essent
2716 634 2731 657 .
2785 595 2861 649 ita
2910 608 3129 664 quoque
3177 593 3564 663 generationes
3600 604 3656 646 ιιι
3710 642 3717 649 ,

374 687 641 743 mundum
674 693 1111 751 conscrvarent;
1163 701 1267 740 nec
1308 693 1391 740 est
1422 685 1672 739 Plutonis
1702 685 1849 754 regia
1885 698 2050 753 super
2078 692 2245 736 terra.
2284 681 2484 736 Verum
2517 681 2722 738 diaboli
2757 681 2965 737 invidia
3004 681 3060 736 in
3093 680 3359 734 annulum
3391 694 3542 733 mors
3574 680 3659 732 iu-

372 776 572 831 vasit’.
620 794 638 826 ι

451 896 534 950 Οὐ
588 893 963 963 προσθήσεις
1009 893 1102 946 ἐπ’
1135 891 1349 959 αὐτοῦ,
1388 891 1533 945 οὐδὲ
1557 889 1805 960 ἀφελεῖς
1850 887 1964 942 ἀπ’

374 986 591 1043 αὐτοῦ.
626 986 813 1039 Διττδν
849 984 911 1037 τὸ
945 986 1312 1057 ἁμαρτάνειν·
1366 984 1399 1054 ἦ
1432 984 1494 1035 τὸ
1534 982 1884 1042 ὑποὸαίνειν,
1929 979 1963 1048 ἢ
1992 1054 1995 1056 _

374 1080 436 1132 τὸ
479 1077 833 1148 ὑπερϐαίνειν
874 1079 975 1139 τὰς
1004 1076 1247 1139 ἐντολάς.
1279 1076 1343 1128 Ol
1381 1074 1480 1145 μὲν
1517 1074 1626 1143 γὰρ
1655 1074 1964 1145 ἐγκρατεῖς,

375 1172 454 1241 τῷ
486 1169 709 1239 ποιῆσαι
740 1166 1005 1238 στάθμιον
1041 1168 1209 1237 μέγα,
1232 1165 1578 1236 ἀφωρίκασιν
1610 1165 1837 1227 ἑαυτοὺς
1865 1164 1966 1233 τῆς

390 1259 749 1329 Ἐκκλησίας·
777 1259 827 1310 ot
860 1256 917 1309 δὲ
945 1256 1304 1327 ὑδαρέστερον
1338 1255 1408 1308 τὰ
1439 1255 1568 1324 περὶ
1595 1255 1720 1316 τοὺς
1751 1253 1966 1322 γάμους

378 1352 595 1414 καὶτὰς
614 1349 823 1422 τροφὰς
848 1348 1329 1418 οίκονομήσαντες,
1358 1347 1437 1417 τῷ
1461 1347 1724 1415 στάθμιον
1752 1347 1967 1407 ἑαυτοῖς

379 1444 748 1512 πεποιηκέναι
783 1440 1002 1512 μικρὸν,
1036 1439 1097 1492 ού
1127 1439 1410 1505 τεύξονται
1433 1438 1532 1509 τῆς
1566 1437 1845 1508 βασιλείας
1872 1436 1966 1490 τοῦ

377 1536 536 1591 Θεοῦ.
561 1536 781 1588 Δέδεσαι
807 1533 947 1604 μετὰ
970 1530 1265 1600 γυναικὸς;
1309 1530 1436 1584 Ἐὰν
1465 1530 1727 1601 στάθμιον
1757 1528 1970 1600 σεαυτῷ

2141 884 2264 940 Non
2297 884 2459 939 addes
2493 888 2563 939 ad
2604 888 2777 955 ipsum
2801 928 2816 952 ,
2852 903 3016 957 neque
3042 892 3252 954 auferes
3282 883 3346 938 ab
3384 899 3466 938 eo.
3502 879 3658 954 [32.]
3755 891 3771 907 ⁸

2072 973 2279 1045 Duplex
2329 976 2473 1028 enim
2538 977 2590 1029 in
2632 985 2918 1045 peccatum
2962 976 3152 1043 lapsus
3197 982 3324 1037 εει,
3365 974 3451 1028 vel
3492 988 3662 1043 supra

2066 1068 2149 1121 vel
2184 1067 2323 1122 infra
2363 1067 2459 1123 Dei
2504 1070 2756 1123 mandata
2807 1062 3201 1139 delinquendo.
3241 1067 3472 1134 Quidam
3492 1066 3659 1148 oenim

2068 1167 2436 1229 prmpotentcs
2473 1160 2578 1214 sibi
2617 1160 2720 1214 nisi
2756 1160 2859 1219 hoc
2892 1162 3038 1230 quod
3083 1170 3345 1214 stateram
3383 1161 3659 1229 ingentem

2075 1267 2190 1307 suae
2228 1252 2354 1305 vita:
2392 1251 2783 1317 fabricasscnt,
2818 1254 3035 1323 seipsos
3059 1254 3128 1306 ah
3164 1251 3409 1308 Ecclesia
3446 1254 3665 1304 abstra-

2076 1348 2295 1396 xerunt.
2320 1340 2551 1408 Quidam
2583 1358 2713 1396 vcro
2746 1343 2970 1397 Iluidius
3005 1358 3070 1396 ac
3102 1343 3417 1409 languidius
3454 1341 3521 1395 d'l:
3547 1355 3665 1393 ma-

2076 1432 2339 1486 trimonio
2375 1433 2614 1503 itemque
2643 1433 2785 1490 cibis
2817 1443 3161 1501 statuentes,
3196 1436 3301 1491 hoc
3348 1437 3468 1506 ipso
3510 1436 3662 1505 quod

2076 1532 2338 1581 stateram
2392 1543 2615 1595 parvam
2668 1539 2989 1591 erexerunt,
3027 1528 3117 1583 Dei
3167 1545 3394 1598 regnum
3428 1530 3662 1598 adipisci

383 1628 527 1699 μέγα
574 1600 834 1696 ποιήσῃς,
873 1623 936 1675 ού
986 1620 1296 1691 φροντίζεις
1352 1621 1452 1690 τῆς
1500 1600 1794 1695 γυναικός·
1842 1618 1971 1672 ἀλλ’

2083 1632 2185 1672 non
2243 1626 2524 1701 poterunt.
2570 1618 2973 1689 Conglutinare
3021 1635 3148 1674 cum
3195 1622 3399 1693 uxore?
3440 1623 3497 1676 Si
3550 1633 3667 1677 sta-

379 1720 483 1789 ὅρα
516 1717 591 1788 μὴ
625 1719 691 1787 τῇ
733 1717 798 1786 σῇ
834 1711 1106 1784 ἀπόληται
1134 1710 1485 1784 σωφροσύνῃ,
1528 1710 1596 1763 δι’
1622 1711 1689 1780 ἢν
1734 1709 1969 1779 Χριστὸς

378 1810 643 1864 ἀπέθανε.
685 1807 808 1859 Τῶν
844 1805 902 1858 δὲ
939 1807 1041 1874 τῆς
1065 1803 1415 1874 δικαιοσύνης
1450 1803 1666 1874 μέτρων
1693 1800 1968 1865 ἔκπτωσις

377 1899 587 1955 τούτων
619 1900 783 1953 ἐκάτε
792 1914 901 1969 ρον.

2077 1715 2250 1763 teram
2305 1708 2403 1763 tibi
2454 1708 2562 1778 ipsi
2616 1724 2874 1780 magnam
2930 1708 3147 1774 feceris,
3179 1712 3328 1765 nulla
3373 1720 3427 1766 te
3473 1712 3665 1766 uxoris

2075 1812 2208 1854 cura
2240 1800 2446 1869 tangit;
2468 1810 2523 1854 at
2544 1815 2680 1855 cave
2708 1816 2778 1856 ne
2804 1800 3084 1871 pudicitia:
3098 1817 3163 1856 ac
3183 1802 3667 1871 motlestimjzlcttt-

2077 1906 2192 1943 ram
2246 1889 2454 1952 faciat,
2501 1892 2572 1945 ob
2622 1907 2789 1961 quam
2827 1892 3087 1948 Christus
3138 1904 3369 1948 mortem
3419 1896 3664 1965 pertulit.

2074 1979 2344 2035 Caeterum
2382 1988 2563 2035 utrum
2592 1982 2848 2053 elegeris,
2885 1995 2914 2034 a
2938 1981 3170 2052 iustitia:
3208 1996 3467 2036 mensura
3513 1982 3667 2037 exci-

2075 2073 2248 2128 deris.

456 2200 535 2256 Eo
563 2198 701 2272 quod
728 2197 1071 2269 defectione»:
1105 2212 1136 2250 a
1177 2194 1400 2250 Domino
1439 2193 1546 2248 Deo
1578 2202 1748 2249 vestro
1781 2195 1851 2248 sit
1885 2194 2113 2253 locutus.
2145 2198 2330 2272 [XIIL
2364 2200 2444 2275 5.]
2492 2202 2549 2258 Si
2585 2204 2732 2259 enim
2764 2205 3018 2272 corporis
3047 2202 3227 2259 credes
3274 2203 3429 2261 cado
3476 2214 3665 2259 mutua

380 2289 692 2348 restituitur
727 2305 742 2343 :
773 2297 978 2356 quanto
1006 2283 1180 2353 magis
1229 2284 1283 2337 id
1322 2284 1634 2339 faciendum
1668 2291 1794 2346 est,
1836 2285 1881 2339 si
1915 2287 2039 2355 quis
2069 2290 2313 2342 aninmm
2348 2305 2581 2361 corpore
2606 2332 2624 2357 ,
2673 2293 2986 2349 Servatoris
3021 2308 3244 2364 qucque
3278 2295 3599 2349 testimonio
3620 2298 3665 2358 ⁸,

381 2377 824 2451 praestantiorem
863 2373 1180 2428 interﬁciat.
1215 2371 1388 2426 Porro
1424 2371 1767 2425 daemonibus
1799 2373 1947 2425 nulla
1986 2373 2119 2431 fides
2149 2377 2438 2433 tribuenda
2494 2390 2579 2434 est
2604 2421 2619 2443 ,
2659 2381 2762 2435 etsi
2789 2384 2928 2436 'vera
2961 2381 3259 2451 aliquando
3292 2378 3554 2437 dixerint.
3588 2381 3666 2437 Ea

381 2467 529 2522 enim
559 2480 667 2519 non
696 2463 767 2516 ob
796 2461 1080 2516 veritatem
1110 2460 1305 2514 dicunt
1341 2459 1634 2529 prmeipue,
1666 2473 1856 2512 verum
1891 2467 1950 2513 ut
1982 2460 2067 2514 his
2096 2462 2381 2518 tneudacia
2410 2466 2774 2520 commiscere
2803 2475 3029 2537 queant.
3061 2467 3197 2521 Nam
3222 2466 3448 2523 decreta
3481 2469 3667 2525 divina

380 2571 453 2611 ex
479 2554 595 2624 ipsa
630 2551 918 2619 Scriptura
950 2563 1110 2604 sacra
1145 2548 1569 2603 accuratissime
1606 2546 1733 2600 licet
1768 2560 2123 2617 cognoscere.
2153 2549 2426 2616 Quocirca
2454 2554 2709 2611 Christus
2743 2557 2909 2611 etiam
2946 2572 3041 2612 eos
3084 2542 3427 2626 increpavit,
3457 2560 3551 2628 qui
3582 2561 3667 2613 di-

382 2644 580 2698 cebant
615 2658 630 2693 ς
671 2655 690 2688 ι
722 2637 989 2691 Novimus
1028 2643 1080 2691 te
1109 2635 1236 2704 quis
1264 2634 1409 2689 sis‘.
1445 2652 1463 2684 ι
1496 2634 1574 2687 Ita
1610 2631 1809 2687 Paulus
1843 2635 2007 2690 etiam
2046 2653 2143 2693 eos
2172 2640 2266 2708 qui
2294 2641 2555 2696 dicebant
2589 2662 2602 2698 :
2643 2663 2661 2695 ι
2695 2642 2956 2700 Homines
2991 2645 3077 2700 isti
3104 2644 3197 2700 Dei
3233 2648 3489 2703 altissimi
3521 2650 3666 2719 servi

385 2738 553 2787 sunt.
584 2734 641 2784 et
671 2725 1002 2782 denuntiant
1035 2725 1198 2779 vobis
1228 2725 1370 2777 viam
1419 2722 1620 2778 salutis
1642 2722 1685 2775 ⁸.
1721 2741 1740 2773 ι
1790 2720 2052 2787 Quamvis
2082 2728 2306 2796 gravius
2349 2728 2504 2801 nihil.
2529 2729 2801 2798 dixerint;
2834 2748 3022 2788 verum
3055 2734 3315 2802 quoniam
3352 2734 3665 2791 dmmuuum

384 2818 561 2890 elogia
590 2833 620 2870 a
650 2814 880 2871 rudibus
911 2813 1153 2868 discerni
1183 2827 1293 2867 non
1322 2818 1576 2881 possunt,
1617 2810 1787 2866 semel
1825 2804 1907 2865 eis
1934 2826 2150 2867 omnem
2179 2813 2337 2870 fidem
2373 2833 2537 2887 quam
2569 2818 2875 2875 infamibus
2914 2822 3221 2876 tribuerent
3255 2814 3516 2884 exclusit.
3540 2842 3665 2879 c::nt

387 2906 569 2976 inquit
602 2927 615 2961 :
650 2923 669 2957 ι
702 2902 872 2969 Tace,
899 2901 1222 2957 obmutesce
1238 2901 1278 2954 ⁸.
1314 2919 1332 2951 ι
1375 2897 1520 2965 Quid
1559 2897 2005 2970 praedicationem
2035 2904 2432 2974 apostolicam,
2464 2905 2785 2977 dignitatem
2818 2925 2847 2962 α
2885 2917 2936 2964 te
2970 2925 3200 2981 prorsus
3231 2911 3463 2967 alienam
3496 2921 3670 2970 surri-

388 2997 513 3066 piS?
1046 3056 1053 3059 Α
1144 3004 1150 3010 ’

455 3111 600 3167 Ἐὰν
624 3110 693 3164 δὲ
731 3106 1129 3177 παρακαλέσῃ
1158 3121 1231 3161 σε
1261 3108 1294 3159 ὀ
1325 3092 1589 3173 ἁδελφός
1615 3119 1730 3157 σου
1761 3101 1830 3155 ἐκ
1858 3117 1971 3156 πα-

2152 3104 2211 3160 8ί
2244 3118 2293 3162 te
2322 3109 2690 3164 sollicitaverit
2720 3110 2889 3178 frater
2922 3121 3043 3167 tuus
3071 3129 3136 3168 ex
3171 3125 3339 3183 patre.
3538 3116 3673 3170 Fide.

387 3204 525 3274 τρός
552 3218 692 3259 σου.
733 3202 979 3262 Πίστεως
1008 3198 1408 3268 ἀδικουμένης,
1443 3195 1655 3269 sepem
1679 3193 1840 3263 φύσις
1885 3194 1980 3247 καλΙ

386 3297 565 3364 γένος.
597 3289 725 3348 Οἷον
771 3293 832 3346 τὺ
878 3290 975 3345 τοῦ
1023 3290 1277 3361 Σωτῆρος
1297 3296 1315 3351 ,’
1351 3308 1368 3340 ι
1391 3289 1449 3342 ’0
1480 3285 1650 3356 φιλῶν
1695 3286 1910 3358 πατέρα
1943 3286 1976 3356 ἢ

393 3382 605 3458 μητέρα
633 3386 774 3456 ὑπὲρ
818 3384 918 3456 ἐμὲ
965 3384 1065 3437 οὐκ
1114 3382 1229 3436 ἔστι
1281 3400 1385 3452 μου
1420 3377 1592 3446 ἄξιοςζ
1627 3400 1645 3432 ι
1697 3379 1897 3434 Καλὸν
1923 3378 1980 3432 δὲ

388 3478 626 3547 ἁρμόσαι
661 3477 874 3539 τούτοις
918 3475 1007 3529 διὰ
1038 3475 1148 3544 (95)
1199 3474 1269 3527 τὰ
1310 3474 1581 3544 εἰρημένα
1617 3472 1696 3543 τῷ
1728 3475 1980 3543 μακαρίῳ

399 3569 641 3641 Ἱερεμίᾳ
666 3609 681 3635 ,
729 3567 922 3639 ἔχοντα
971 3565 1178 3628 οὕτως·
1221 3565 1524 3626 (Ἕκαστος
1556 3563 1666 3616 ἀπὸ
1698 3561 1792 3615 τού
1832 3563 1977 3630 πλη-

391 3661 506 3714 σίον
557 3660 724 3713 αὐτοῦ
763 3658 1098 3728 φυλάξασθε,
1131 3656 1225 3710 καὶ
1266 3657 1350 3708 ἐπ’
1375 3653 1625 3723 ἀδελφοῖς
1673 3653 1852 3706 αὐτῶν
1903 3652 1979 3723 μὴ

390 3752 714 3814 πεποίθατε,
749 3753 832 3804 ὅτι
877 3752 985 3813 πᾶς
1028 3749 1259 3817 ἀδελφὸς
1308 3747 1518 3819 πτέηρνῃ
1563 3746 1807 3815 πτερνιεῖ
1832 3785 1847 3803 ,
1885 3744 1980 3797 καὶ

389 3845 498 3906 πᾶς
528 3844 681 3913 φίλος
709 3842 899 3905 δολίως
923 3841 1240 3912 πορεύεται,
1269 3838 1502 3900 ἕκαστος
1527 3837 1670 3891 κατὰ
1698 3836 1796 3889 τοῦ
1823 3835 1978 3909 φίλου

391 3935 555 3989 αὐτοῦ
608 3934 905 4007 πορεύεται
957 3930 1449 4003 κατεπαιρόμενος,
1477 3928 1738 4000 ἀλήθειαν
1784 3929 1846 3981 ού
1905 3927 1980 4000 μὴ

388 4028 678 4101 Ααλήσωσι.
708 4047 728 4080 ι

462 4122 547 4175 οὐ
579 4119 921 4188 sanctiﬁcata.
960 4117 1052 4184 Ἐξ
1098 4115 1420 4190 Ἑλληνικῆς
1456 4114 1746 4186 συνηθείας
1778 4116 1810 4187 ὴ
1838 4115 1980 4182 λέξις

391 4215 803 4276 παρέσπασται.
823 4210 1140 4265 Ἀπόλλωνα
1159 4210 1267 4281 γάρ
1289 4226 1413 4262 τινα
1456 4206 1812 4279 μυθολογοῦσι
1836 4207 1979 4273 θεὸν,

390 4304 483 4356 τὸν
513 4302 677 4356 αὐτὸν
705 4298 844 4356 εἶναι
865 4302 1116 4371 λέγοντες
1142 4301 1220 4371 τῷ
1250 4300 1404 4372 ἡλίῳ,
1428 4300 1486 4353 ὃν
1518 4316 1625 4371 περ
1650 4299 1979 4369 ὀνομάζουσι

391 4391 604 4457 Φοῖϐον,
639 4391 730 4444 τὸν
762 4390 1000 4463 καθαρὸν
1022 4390 1186 4463 δῆοεν
1216 4390 1596 4461 σημαίνοντες.
1633 4390 1797 4459 Δηλοῖ
1826 4385 1973 4460 οὖνὴ

388 4483 539 4552 λέξις
571 4484 634 4537 τὺ
669 4482 745 4554 μὴ
775 4481 1287 4556 περικαθαίρεσϐαι.
1318 4482 1394 4535 Ού
1426 4482 1532 4554 γὰρ
1579 4477 1688 4535 οἶδε
1724 4480 1977 4551 σώματος

387 4576 675 4647 καθαρμὸς
711 4575 1022 4647 μολυσμοὺς
1048 4573 1308 4644 ἀπονίψαι
1333 4573 1531 4646 ψυχῆς.
1566 4573 1680 4645 Τὴν
1717 4573 1891 4646 ἀρχὴν
1922 4574 1979 4627 δὲ

392 4667 647 4738 μολύνειν
676 4668 778 4721 ούκ
823 4661 934 4720 οἶδε
979 4665 1194 4738 νεκρὸς,
1231 4664 1264 4736 ἦ
1294 4664 1459 4736 λεχὼ,
1491 4665 1587 4719 καὶ
1618 4666 1690 4718 τὰ
1728 4662 1976 4718 τοιαῦτα.

387 4758 525 4812 Θεοῦ
554 4758 611 4813 δὲ
640 4746 805 4830 μόνου
836 4758 1208 4829 περικαοᾶραι
1238 4755 1417 4828 ψυχὴν
1436 4799 1452 4821 ,
1481 4755 1677 4826 ἄφεσίν
1710 4772 1771 4808 τε
1794 4753 1980 4808 δοῦναι

394 4849 988 4922 πλημμελημάτων.’0
1040 4848 1343 4918 πεποίηκεν
1373 4851 1402 4902 ὁ
1434 4844 1692 4919 Χριστὸς,
1726 4847 1788 4900 τὸ
1837 4845 1980 4902 θεῖον

387 4943 522 5012 ἡμῖν
549 4943 941 5013 δωρησάμενος
977 4938 1647 5012 βάπτισμαέΩσπερλγὰρ
1699 4928 1863 5009 νόμον
1894 4954 1979 5000 τις

388 5034 645 5106 παραϐὰς
672 5034 961 5105 κοσμικδν,
993 5036 1093 5088 οὐκ
1137 5034 1205 5088 ἂν
1232 5032 1393 5103 φύγοι
1424 5032 1521 5103 τὴν
1555 5030 1734 5112 δίκην,
1775 5029 1850 5100 μὴ
1880 5028 1979 5100 βα-

389 5127 587 5190 σ·.λέως
640 5128 855 5199 ἡμέρου
902 5127 1274 5197 χαρισαμένου
1324 5124 1424 5196 τὴν
1463 5126 1693 5195 ἄφεσιν·
1720 5121 1863 5176 οὕτω
1895 5137 1979 5184 τις

2083 3202 2228 3254 enim
2264 3202 2486 3267 violata,
2518 3204 2700 3259 valeat
2718 3215 2953 3269 natura,
2986 3207 3164 3261 valeat
3188 3211 3463 3278 cognatio.
3501 3211 3673 3277 Quale

2081 3304 2133 3346 et
2166 3293 2477 3351 Servatoris
2532 3296 2667 3351 illud
2703 3305 2788 3352 est
2820 3315 2836 3351 :
2879 3316 2897 3349 ι
2928 3298 3029 3364 Qui
3083 3312 3291 3367 patrem
3339 3319 3403 3357 ac
3443 3312 3669 3356 matrem

2082 3388 2320 3456 amplius
2375 3403 2460 3442 me
2512 3389 2714 3460 diligit,
2753 3405 2862 3444 non
2916 3407 3001 3446 me
3043 3392 3243 3463 dignus
3293 3395 3438 3448 cst'.
3472 3414 3490 3445 ι
3542 3393 3674 3449 Tale

2082 3477 2244 3532 etiam
2278 3478 2382 3532 hoc
2409 3478 2661 3539 Jercmiue
2689 3492 2772 3535 est
2803 3501 2817 3535 :
2847 3501 2864 3534 ι
2895 3484 2937 3535 Α
2966 3487 3217 3553 proximo
3252 3501 3353 3539 suo
3385 3488 3489 3541 sibi
3517 3489 3673 3558 quis-

2081 3583 2189 3636 que
2219 3578 2411 3622 caveat
2437 3609 2451 3630 .
2483 3582 2539 3625 et
2572 3571 2624 3623 in
2660 3571 2929 3629 fratribus
2961 3576 3079 3629 suis
3114 3593 3221 3630 non
3266 3577 3523 3632 fiduciam
3555 3583 3672 3634 col-

2085 3656 2245 3710 locet.
2288 3658 2560 3722 Quoniam
2597 3661 2781 3716 ouinis
2817 3658 2985 3718 frater
3039 3642 3491 3734 supplantatioue
3539 3684 3673 3737 διψ-

2082 3747 2391 3815 plautahit,
2422 3758 2477 3803 ct
2525 3751 2706 3805 omnis
2754 3753 2966 3809 amicus
3016 3749 3397 3817 fraudulenter
3446 3756 3668 3813 incedit.

2082 3839 2330 3908 Quisque
2383 3842 2635 3909 proximo
2681 3859 2782 3897 suo
2837 3845 3062 3910 illudet,
3092 3848 3378 3927 veritatem
3433 3865 3542 3904 nou
3593 3853 3674 3904 lo-

2082 3933 2432 4043 queritur“...
2464 3934 2527 3987 Et
2559 3942 2682 4004 post
2717 3935 2823 3990 alia
2852 3938 3034 3992 denuo
3071 3939 3262 3994 eadem
3300 3941 3456 3997 dicit.

2156 4107 2239 4162 Ne
2264 4109 2499 4179 purgetis
2531 4116 2641 4167 ισοξ.
2680 4110 2845 4185 μιν,
2879 4113 2950 4186 1.]
2992 4114 3066 4169 Ex
3092 4114 3408 4170 Grmcorum
3436 4133 3674 4173 consuc-

2085 4202 2277 4257 tudine
2305 4219 2406 4258 vox
2443 4205 2559 4258 haec
2594 4207 2847 4261 traducta
2869 4217 2971 4262 est.
2994 4207 3307 4277 Apollinem
3334 4210 3481 4264 enim
3507 4210 3670 4266 deum

2081 4291 2372 4361 quemdam
2395 4309 2518 4349 esse
2542 4293 2883 4360 fabulantur.
2903 4314 3065 4368 quem
3088 4299 3340 4354 eumdem
3365 4301 3534 4356 solem
3552 4316 3675 4357 esse

2070 4383 2292 4438 .dicunt.
2324 4383 2496 4451 Quem
2545 4385 2767 4455 quidem
2815 4387 3085 4444 Phazltum
3126 4391 3435 4456 nominant,
3473 4408 3673 4461 purum

2085 4477 2341 4532 videlicet
2365 4493 2488 4533 esse
2520 4478 2853 4536 indicantes.
2888 4479 3166 4537 Iudicatur
3197 4482 3366 4553 igitur
3393 4483 3494 4538 hac
3519 4499 3671 4548 voce.

2083 4584 2153 4624 ne
2189 4585 2312 4625 sese
2362 4570 2628 4627 defteceut
2677 4586 2743 4626 ac
2791 4567 3120 4645 depurgent.
3150 4574 3472 4631 Purilicatio
3524 4577 3673 4630 enim

2082 4660 2334 4730 corporis
2390 4662 2542 4717 labes
2594 4663 2764 4718 animi
2820 4666 2999 4720 nescit
3059 4666 3305 4721 abluere.
3358 4665 3674 4738 Principem

2082 4767 2214 4808 vero
2248 4753 2488 4807 hominis
2520 4763 2731 4825 partem
2757 4795 2774 4820 ,
2807 4757 3070 4821 cadaver,
3108 4767 3202 4811 aut
3233 4773 3505 4828 puerpera
3531 4797 3547 4819 ,
3580 4769 3676 4811 aut

2084 4844 2189 4897 alia
2222 4844 2538 4913 huiusmodi
2562 4860 2671 4900 non
2698 4855 2933 4915 possunt
2971 4849 3371 4905 contaminare.
3405 4848 3673 4903 Caeterum

2087 4934 2261 4989 solius
2291 4932 2387 4988 Dei
2413 4943 2502 4989 est
2540 4950 2776 5005 purgare
2804 4934 3048 4989 animum
3078 4951 3142 4990 ac
3172 4936 3551 4991 veniatn‘dare
3580 4936 3677 4988 dc-

2088 5026 2362 5080 lictorum.
2396 5023 2553 5090 Quod
2590 5024 2850 5081 Christus
2901 5025 3032 5080 fecit
3077 5026 3317 5081 divinam
3358 5042 3482 5082 cum
3516 5026 3677 5080 nobis

2092 5118 2416 5174 tinctionem
2478 5116 2725 5172 donavit.
2759 5118 3237 5185 Quemadmodum
3271 5121 3418 5177 enim
3449 5118 3516 5175 -εἱ
3546 5119 3676 5190 quis

458 5307 480 5374 ἕ
520 5304 651 5374 Sap.
684 5320 721 5367 I,
755 5304 933 5366 Ηςιι.
964 5304 1054 5359 2L
1135 5283 1154 5333 ⁵
1194 5302 1384 5356 Matth.
1455 5317 1516 5368 κ,
1550 5301 1631 5355 l8.
1711 5300 1731 5330 τ’
1769 5297 1975 5351 Joan.v

2090 5298 2141 5352 ι).
2222 5296 2381 5351 “Act.
2416 5312 2528 5359 ενι,
2569 5294 2655 5351 l7.
2731 5296 2751 5327 ⁸
2790 5294 3039 5365 Μαι-ων,
3074 5296 3163 5352 ’59.
3243 5296 3556 5362 ’Matth.x,
3583 5295 3674 5352 37.

390 5375 411 5405 ⁸
444 5373 651 5432 .icrcut.
685 5390 761 5441 Ix,
787 5376 842 5437 4,
880 5376 933 5428 5.

1914 5483 2149 5539 NOTAE.

462 5585 699 5656 (93)"16.
731 5583 848 5639 καί.
885 5582 943 5637 Ὀ
960 5583 1017 5635 δὲ
1043 5583 1140 5652 τῆς
1174 5542 1313 5650 Adv.
1354 5578 1484 5638 κώδ.
1518 5577 1775 5634 Τοιοῦτον
1824 5578 1919 5632 καὶ
1953 5578 2013 5632 τὸ
2067 5575 2357 5649 Ἱερεμίου,
2381 5574 2674 5645 Ἕκαστος,
2700 5590 2790 5629 κτ.
