4036 6214
467 260 566 377 έΗ

1806 293 2166 372 Pnocoeit
2206 311 2448 372 Gszm

3623 310 3734 374 91:

465 434 848 494 transgressus
899 420 1067 490 legem
1119 418 1413 472 humanam
1455 417 1671 485 fuisset,
1699 431 1916 489 pinnam
1949 432 2048 470 non

2161 419 2401 488 προσιὼν
2433 420 2509 490 τῷ
2539 421 2699 490 φύσει
2730 422 2885 494 Θεῷ,
2929 424 3221 479 ἀκούσεται
3252 423 3518 491 λέγοντος,
3554 445 3570 475 ι
3594 424 3742 488 Ἐξά

467 514 734 586 effugerit,
765 513 818 566 ni
869 527 961 566 rex
995 519 1319 581 niaiisuetus
1353 509 1730 564 remissionem
1767 509 2041 564 contulis-

2147 511 2262 578 ειμι
2287 513 2316 564 ὁ
2347 510 2647 580 ἐξαλείφων
2691 514 2804 577 τὰς,
2835 516 3066 586 ἀνομίας
3097 533 3211 576 σου,
3241 516 3336 568 καὶ
3378 515 3438 566 οὐ
3485 515 3561 585 μὴ
3601 532 3752 584 μνη·
3797 583 3802 586 η

358 591 382 665 ξ
462 617 568 671 set,
598 607 670 659 ita
707 605 752 660 si
803 605 926 674 quis
963 601 1260 656 arcesserit
1309 599 1374 653 ad
1409 608 1603 663 natura
1632 599 1824 667 Deum,
1859 601 2043 657 audiet

2152 601 2444 672 σθὴτομαι.
2481 623 2500 654 ι
2537 603 2602 656 Τί
2634 601 2726 658 οὖν
2771 607 3007 678 ἐροῦμεν
3055 608 3184 678 περὶ
3231 607 3339 659 τῶν
3385 607 3525 660 κατὰ
3573 608 3764 676 νόμον

371 771 380 804 l

358 885 372 952 "
463 877 1051 962 depurific:iti0iiibiis
1105 877 1158 931 in
1207 875 1323 947 lege
1373 877 1693 932 constitutis
1747 875 2046 932 dicemus?

462 713 586 753 eum
641 695 878 751 dicere:
919 713 936 745 ι
974 693 1084 764 Ego
1138 707 1256 747 sum
1318 692 1413 763 qui
1471 692 1673 747 induco
1730 693 2047 763 iniquitates

464 797 706 853 vestras,
745 801 844 842 nec
901 801 1138 855 unquam
1197 783 1530 840 recordabor
1548 785 1590 838 ’.
1626 804 1644 836 ι
1681 783 1825 850 Quid
1877 785 2076 854 igitur.

2153 690 2508 762 xzﬂipasuv;
2558 695 2786 766 Πρῶτον
2834 698 2957 768 μὲν,
3006 699 3176 752 τύπον
3229 694 3372 752 εἷναι
3416 697 3764 768 καθᾶρσεως

2156 784 2493 854 κρείττονος·
2529 787 2610 842 ἔτι
2641 789 2698 842 δὲ
2723 789 3005 862 διαφέρειν
3047 791 3156 844 τῶν
3189 790 3518 861 Ἑλληνικῶν
3543 831 3557 854 ,
3596 791 3764 845 αἵτι-

2144 892 2233 937 νες
2261 879 2378 944 μετ’
2407 879 2630 947 ἐπῳδῶν
2652 883 2898 949 ἐγίνοντο
2923 882 3068 936 ἁλῶν
3101 900 3184 948 τε,
3222 885 3317 936 καὶ
3351 884 3583 954 δάφνης,
3617 899 3762 952 κρι-

465 971 552 1026 Pri
566 988 710 1025 mum
742 971 964 1042 quidem
999 985 1111 1040 pra:
1143 985 1203 1024 se
1237 969 1466 1041 figuram
1500 969 1901 1038 puriticationis
1929 984 2046 1024 mc-

2152 967 2242 1037 Βῆς
2287 986 2346 1022 τε
2392 973 2486 1024 καὶ
2515 971 2797 1043 Θαλάσσης
2817 1013 2834 1039 ,
2864 975 2962 1029 καὶ
3005 975 3242 1044 παρόδου
3273 975 3363 1027 διὰ
3394 975 3724 1044 πυρός.“Ετρ
3745 979 3762 998 ’

465 1067 618 1120 lioris
664 1063 830 1120 ferre.
878 1063 1106 1132 Insuper
1155 1077 1284 1116 vero
1333 1077 1364 1116 a
1413 1060 1750 1116 Graecanieis
1801 1059 2044 1128 differre,

2152 1053 2221 1113 ὧν
2269 1063 2476 1132 κυρίως
2525 1066 2608 1132 τὸ,
2637 1065 2983 1136 φοιεήσετε.
3017 1066 3132 1134 Τῆς
3154 1067 3261 1138 γὰρ
3295 1065 3762 1136 εἰδωλολατρείας

463 1158 608 1228 quod
645 1172 724 1212 ea:
757 1170 882 1211 cum
922 1153 1418 1216 incantationibus,
1448 1153 1685 1216 salibus,
1721 1155 1895 1218 lauro,
1921 1155 2048 1206 hor-
2143 1151 2204 1204 τὺ
2233 1151 2459 1222 χρῆμα.

463 1249 588 1310 deo.
621 1247 758 1302 mari
791 1254 846 1301 et
875 1244 1198 1300 transitione
1237 1243 1418 1316 442
1461 1258 1556 1315 per
1587 1244 1770 1314 ignem
1803 1243 1924 1298 fieri
1981 1241 2251 1298 solebant.
2321 1243 2397 1300 De
2467 1247 2669 1317 quibus
2719 1261 2941 1320 proprie
3019 1247 3309 1322 φοισήοετε
3357 1248 3580 1304 dicitur.
3643 1251 3760 1303 let

461 1341 608 1397 enim
648 1337 974 1395 idololatria:
1004 1337 1163 1407 plena
1191 1345 1296 1393 est.

532 1519 800 1586 Quoniam
830 1534 932 1572 non
962 1525 1042 1572 est
1073 1517 1128 1571 in
1156 1525 1204 1571 te
1237 1531 1460 1587 pauper.
1496 1514 1638 1588 μιν,
1661 1515 1742 1585 4.]
1784 1515 1899 1572 Hoc
1929 1519 2094 1572 etiam
2127 1517 2303 1573 Lucas
2333 1518 2400 1571 in.
2419 1517 2573 1572 Actis
2599 1515 2802 1571 habet:
2835 1535 2858 1568 ς
2889 1515 2950 1570 Et
2983 1514 3160 1586 gratia
3197 1522 3318 1569 erat
3346 1527 3513 1583 super
3539 1527 3756 1568 omnes

459 1623 595 1675 eos;
633 1623 814 1677 neque
843 1607 990 1662 enim
1027 1619 1234 1676 pauper
1265 1605 1565 1674 quisquam
1598 1615 1718 1660 erat
1755 1607 1898 1660 inter
1925 1607 2101 1672 eos”,
2134 1624 2152 1656 ι
2193 1605 2369 1661 dehis
2397 1605 2492 1675 qui
2521 1605 2872 1659 crediderant
2911 1595 3162 1672 loquens.
3196 1600 3453 1669 Praecipit
3485 1616 3621 1654 vero
3661 1603 3756 1654 lex

463 1711 493 1751 a
524 1695 811 1766 peregrino
845 1693 1066 1765 exigere
1094 1707 1190 1748 seu
1221 1693 1497 1762 appellare
1530 1691 1744 1757 debita,
1779 1699 1834 1746 at
1882 1692 2099 1748 civibus
2132 1693 2365 1763 benigne
2399 1692 2782 1748 remissionem
2814 1689 3002 1762 largiri
3036 1705 3179 1744 anno
3210 1689 3446 1760 septimo
3467 1730 3481 1754 ,
3511 1690 3609 1757 qui
3654 1703 3752 1740 re-

459 1784 748 1839 volutione
800 1797 897 1837 sua
947 1781 1210 1836 instantis
1261 1781 1448 1836 saeculi
1501 1779 2032 1834 consummationem
2061 1781 2356 1850 significat.
2387 1780 2489 1836 Cui
2527 1781 2704 1836 vicina
2739 1781 2916 1835 octavi
2951 1779 3058 1834 diei
3089 1777 3427 1834 resurrectio
3451 1785 3536 1832 est
3564 1817 3578 1835 ,
3634 1791 3755 1846 qna

462 1872 719 1928 Christus
774 1871 1097 1925 incarnatus
1148 1867 1473 1924 domesticis
1523 1867 1746 1936 quidem
1799 1865 1916 1922 suis
1953 1865 2072 1921 ﬁdei
2103 1865 2287 1921 debita
2337 1869 2547 1922 remisit
2583 1885 2598 1922 :
2631 1868 2882 1924 infideles
2913 1881 3044 1922 vero
3079 1881 3202 1922 reos
3231 1866 3542 1920 constituit.
3581 1862 3757 1919 linito

463 1974 600 2016 sane
633 1958 927 2029 discipulis
953 1957 1072 2012 suis
1099 1955 1279 2011 dixit:
1317 1972 1338 2008 vl
1370 1953 1440 2009 Ut
1471 1955 1516 2010 si
1551 1953 1900 2024 perstiteritis
1932 1953 1986 2007 in
2021 1953 2186 2008 verbo
2217 1969 2374 2018 meo,
2411 1955 2701 2009 veritatem
2736 1953 3085 2025 cognoscatis
3108 1991 3125 2016 ,
3155 1961 3210 2008 et
3239 1953 3442 2006 veritas
3471 1965 3570 2004 vos
3599 1950 3749 2003 libe-

463 2046 630 2102 ret“.
663 2064 684 2098 ι
736 2045 946 2100 Alienis
997 2059 1128 2098 vero
1177 2042 1319 2096 dixit
1351 2059 1365 2096 :
1404 2059 1424 2093 ι
1458 2043 1516 2096 Si
1574 2057 1683 2096 non
1727 2039 2071 2096 credideritis
2115 2040 2262 2110 quod
2315 2057 2416 2110 ego
2457 2057 2602 2108 sum,
2638 2042 2692 2096 in
2747 2044 2986 2111 peccatis
3013 2039 3212 2094 vestris
3245 2037 3589 2094 occumbetis
3614 2038 3686 2089 ".
3725 2055 3746 2086 ι

462 2134 738 2201 Quocirca
771 2131 1132 2202 pecuniarum
1161 2129 1508 2184 debitoribus
1539 2143 1642 2183 nos
1671 2138 1976 2198 comparat,
2001 2137 2057 2182 et
2079 2127 2132 2182 in
2163 2129 2480 2198 precatione
2508 2143 2610 2184 sua
2633 2129 2943 2184 debitorum
2975 2127 3362 2183 remissionem
3397 2132 3580 2194 petere
3611 2125 3751 2178 hor-

464 2231 632 2277 tatur.

539 2307 717 2379 Neque
747 2305 1092 2361 contristetur
1119 2319 1214 2357 cor
1239 2312 1386 2357 tuum
1417 2303 1464 2357 si
1497 2302 1545 2358 ci
1573 2300 1802 2356 dederis.
1844 2300 1962 2375 [7.]
2007 2301 2096 2358 Sic
2138 2318 2358 2374 quoque
2386 2303 2442 2358 in
2476 2303 2716 2360 secunda
2748 2303 2815 2360 ad
2849 2291 3168 2359 Corinthios
3196 2301 3492 2372 Apostolus
3519 2321 3532 2355 :
3566 2320 3583 2352 ι
3614 2299 3743 2354 Non

463 2406 587 2452 eum
621 2395 906 2458 rumstitia,
935 2401 1029 2446 aut
1058 2399 1270 2453 coacte,
1301 2391 1528 2444 hilarem
1563 2391 1708 2444 enim
1739 2391 1984 2444 datorem
2017 2402 2164 2446 amat
2195 2391 2337 2448 Deus
2361 2393 2424 2447 ".
2459 2413 2477 2446 ι

536 2483 738 2538 Set-vict
771 2481 867 2534 tibi
891 2493 985 2534 sea:
1015 2479 1194 2532 annis.
1228 2475 1368 2550 [η]
1407 2479 1547 2532 Ante
1572 2477 1880 2532 Servatoris
1907 2479 2198 2534 adventum
2229 2481 2334 2553 legi
2363 2481 2648 2538 servitutis
2694 2479 2863 2536 Israel
2897 2482 3164 2538 astrictus
3189 2525 3204 2544 .
3233 2492 3398 2554 atque
3432 2482 3537 2536 sub
3567 2479 3746 2533 disci-

462 2573 612 2644 plina
644 2578 783 2624 erat.
811 2567 1116 2624 Postremis
1149 2583 1277 2623 vero
1323 2566 1668 2636 temporibus
1693 2607 1708 2630 ,
1756 2581 1881 2619 cum
1927 2565 2324 2624 humanitatem
2365 2571 2694 2634 ascivisset,
2737 2570 3019 2625 servitutis
3053 2571 3284 2641 spiritus
3331 2580 3416 2626 est
3456 2570 3742 2632 sublatus,

463 2669 773 2730 sponteque
805 2668 860 2714 et
891 2657 1066 2730 gratis
1098 2657 1150 2710 in
1183 2656 1325 2712 filios
1357 2664 1489 2710 sunt
1533 2653 1796 2724 ailoptali.
1837 2653 1958 2709 Non
2005 2655 2150 2709 enim
2194 2656 2326 2724 legis
2367 2673 2622 2728 operum,
2650 2657 2746 2712 sed
2784 2658 2909 2712 fidei
2944 2658 3149 2712 viatico
3198 2667 3421 2729 accepto
3458 2658 3743 2711 victimam

465 2748 875 2802 immaculataai
927 2747 996 2800 ab
1049 2745 1249 2800 ovibus
1301 2752 1607 2797 extractam
1629 2781 1644 2806 ,
1672 2756 1867 2804 ovem,
1901 2743 2161 2810 inquam,
2196 2744 2262 2798 ad
2295 2745 2567 2800 lanienam
2604 2745 2776 2800 nosrri
2811 2746 2987 2814 gratia
3015 2745 3348 2811 adductam.
3379 2743 3744 2799 Frumentum

464 2841 618 2902 item,
657 2852 722 2892 ac
753 2839 939 2892 vinum
963 2875 978 2899 ,
1015 2843 1265 2888 sanctam
1295 2832 1468 2901 ipsius
1503 2847 1725 2886 carnem
1759 2841 1814 2887 et
1847 2832 2168 2902 sanguinem
2193 2873 2205 2896 ,
2239 2833 2484 2902 adeoque
2522 2847 2620 2902 per
2651 2833 2768 2902 ipsa
2801 2833 3108 2888 libertatem
3144 2833 3382 2887 assecuti
3411 2847 3629 2887 sumus.

533 2945 689 3014 Quod
723 2946 768 3000 si
799 2960 932 3000 vero
964 2944 1078 3015 lege
1108 2942 1382 2998 carnalem
1415 2941 1636 2995 fratrem
1667 2941 1906 2996 libertati
1938 2939 2040 2995 do-

2213 2945 2276 2998 Ei
2310 2942 2369 2996 δὲ
2413 2943 2558 2998 κατὰ
2592 2943 2757 3014 νόμον
2799 2943 2891 2997 τὸν
2956 2943 3272 3014 σωματικὸν
3312 2943 3539 3013 ἀδελφὸν
3567 2961 3748 3014 apo?

465 3052 602 3090 nare
631 3034 1030 3097 conveniebat,
1063 3039 1273 3101 quanto
1305 3031 1477 3101 magis
1511 3030 1857 3100 spiritualem
1890 3031 2049 3086 nobis

464 3125 762 3180 eoiivenit?
790 3125 868 3179 Ac
899 3137 1026 3178 cum
1068 3121 1384 3191 huiusmodi
1419 3129 1676 3190 tanquam
1707 3135 1830 3173 cum
1865 3119 2050 3175 liberis

465 3215 783 3272 conversari
809 3221 1060 3284 oportet,
1101 3228 1166 3266 ac
1201 3213 1324 3266 illos
1357 3209 1603 3267 Dominis
1633 3212 1751 3266 suis
1786 3222 2048 3284 tanquam

466 3306 866 3362 anianzissimis
898 3304 1102 3368 favere,
1140 3304 1293 3358 nullo
1323 3303 1612 3358 Servitutis
1645 3302 1853 3373 pudore
1896 3303 2044 3368 duci,

467 3401 832 3464 virtutemque
878 3393 935 3448 in
989 3393 1184 3464 primis
1210 3392 1519 3446 consectari
1541 3431 1557 3456 ,
1584 3393 2044 3462 quemadmodum

461 3489 716 3542 fecerunt
765 3485 800 3540 ii
842 3499 980 3556 quos
1031 3484 1296 3540 absolutae
1341 3483 1580 3540 libertati
1612 3484 1858 3539 melioris
1903 3492 2046 3540 nota:

467 3577 718 3632 homines
747 3574 1128 3631 reddiderunt.
1167 3572 1332 3630 Juxta
1372 3573 1549 3628 illud:
1577 3591 1596 3625 ι
1631 3571 1886 3628 Liberum
1917 3589 2049 3629 eum

466 3684 496 3722 a
531 3681 584 3722 te
607 3667 870 3732 dimittes,
902 3685 920 3719 ι
949 3681 1060 3722 non
1091 3665 1160 3721 ad
1192 3673 1407 3736 tempus
1431 3662 1757 3736 praefinitum
1805 3666 2045 3735 aliquod,

467 3759 696 3826 spiritus
725 3757 872 3812 enim
904 3757 1053 3810 omni
1085 3763 1329 3826 tempore
1377 3763 1462 3810 est
1515 3754 1788 3826 superior.
1822 3759 1898 3808 Ac
1933 3759 2048 3826 spi-

467 3829 760 3905 ritualibus
785 3849 1004 3921 quidem
1038 3864 1215 3903 annus
1245 3849 1529 3918 septimus,
1565 3847 1752 3903 mundi
1780 3849 2048 3902 ’consum-

467 3943 636 3995 matio
661 3956 878 4010 semper
908 3945 1108 4010 praesto
1134 3947 1240 3994 est.

2154 3035 2292 3105 ἧκεν
2319 3031 2660 3104 ἐλευθεροῦν,
2695 3033 2846 3104 πόσῳ
2879 3049 2942 3102 γε
2975 3035 3068 3088 τὸν
3111 3035 3256 3089 κατὰ
3287 3033 3504 3104 πνεῦμα
3535 3035 3743 3105 μᾶλλο)

2155 3128 2325 3200 ἡμίν;
2359 3127 2466 3180 Καὶ
2511 3125 2594 3179 δεῖ
2635 3128 2750 3190 τοῖς
2793 3126 3056 3191 τοιούτοις
3088 3126 3166 3191 ὡς
3196 3127 3509 3196 ἐλευθέροις
3559 3131 3744 3182 συνεῖ-

2155 3235 2264 3282 ναι,
2290 3215 2578 3281 κάκείνους
2602 3217 2678 3283 ὡς
2705 3219 3014 3288 ἀγαπητοῖς
3050 3217 3256 3272 εὐνοεῖν
3281 3219 3392 3280 τοῖς
3423 3217 3736 3280 δεσπόταις,

2159 3308 2233 3380 μὴ
2261 3307 2323 3361 τὸ
2349 3307 2536 3361 δοῦλον
2565 3308 3018 3380 αἰσχυνομένους,
3049 3308 3250 3378 ἀρετὴν
3274 3307 3329 3360 δὲ
3361 3308 3657 3372 διώκοντας
3681 3311 3742 3363 ὲν

2151 3391 2304 3469 ᾧπερ
2329 3398 2516 3470 ἔτυχον
2549 3399 2815 3470 σχήματι.
2845 3399 2952 3464 Οὓς
2971 3400 3020 3452 οἱ
3047 3399 3269 3463 τελείως
3299 3399 3620 3470 ἐλευθεροῦν
3635 3417 3737 3463 ιες,

2152 3490 2440 3562 ἀμείνους,
2471 3491 2611 3544 κατὰ
2643 3491 2704 3546 τὸ
2723 3531 2739 3554 ,
2777 3511 2795 3544 ι
2823 3492 3235 3557 Ἑξαποστελεῖς
3265 3493 3424 3546 αὐτὸν
3449 3493 3738 3568 ἐλεύθερον

2154 3582 2263 3636 ἀπὸ
2297 3581 2414 3650 σοῦ,
2449 3601 2468 3634 ι
2505 3584 2606 3636 οὐκ
2635 3584 2691 3636 ὲν
2715 3583 3007 3655 ὡρισμένῳ
3033 3585 3140 3638 cui:
3168 3583 3362 3654 χρόνῳ.
3393 3583 3603 3654 Χρόνου
3629 3587 3739 3654 γὰρ

2154 3678 2400 3746 κρεῖττον
2419 3676 2480 3728 τὸ
2502 3676 2893 3746 πνευματικὸν,
2911 3678 3008 3730 καὶ
3023 3678 3110 3731 ἀεὶ
3131 3677 3342 3740 τούτοις
3363 3675 3570 3748 ἑϐδόμη
3598 3677 3740 3745 πάρα

2157 3781 2305 3819 εστιν
2337 3769 2368 3838 ἠ
2397 3766 2490 3820 τοῦ
2522 3767 2726 3837 κόσμου
2757 3767 3062 3823 συντέλεια.

540 4058 608 4113 Et
640 4060 939 4130 perforabis
966 4074 1150 4112 aurem
1171 4058 1286 4128 ejus
1311 4057 1380 4112 ad
1403 4058 1598 4113 ostium
1625 4058 1676 4114 in
1709 4058 1921 4123 limine,
1943 4071 1989 4113 et
2016 4063 2118 4114 erit
2146 4061 2382 4130 famulus
2415 4073 2536 4130 tuus
2569 4065 2624 4118 in
2653 4066 3057 4134 sempiternum,
3088 4075 3194 4120 etc.
3229 4063 3366 4137 [ll]
3406 4063 3736 4134 Quicunque

469 4159 595 4221 post
629 4155 981 4218 peccatorum
1017 4147 1402 4202 remissionem
1430 4146 1496 4202 ad
1529 4145 1801 4201 libertatis
1834 4146 2156 4217 dignitatem
2189 4151 2475 4220 pervenire
2515 4167 2622 4206 non
2645 4163 2978 4223 potuerunt,
3017 4167 3192 4222 neque
3217 4153 3437 4206 sincero
3465 4167 3595 4222 erga
3629 4149 3735 4204 Do-

470 4238 676 4292 minum
705 4234 904 4302 affectu
943 4248 1134 4298 aurem
1158 4233 1650 4297 circumciderunt,
1679 4233 2037 4288 nihilominus
2069 4249 2196 4290 vero
2232 4238 2286 4292 in
2318 4237 2564 4294 inferiori
2592 4238 2909 4296 conditione
2947 4237 3052 4295 sub
3087 4239 3208 4310 ipso
3238 4239 3306 4292 ad
3341 4238 3546 4293 ostium
3575 4241 3634 4292 in
3669 4239 3736 4292 li-

468 4325 620 4381 mine
649 4340 774 4380 csse
803 4325 1036 4386 volunt,
1070 4335 1349 4391 nunquam
1379 4318 1526 4374 enim
1561 4335 1628 4374 ex
1662 4320 1917 4390 praesenti
1953 4321 2214 4376 servitute
2237 4325 2420 4392 egredi
2450 4333 2952 4394 praesumpserant,
2987 4340 3176 4378 aurem
3210 4326 3406 4378 subula
3439 4323 3730 4394 perforan-

469 4423 582 4467 tur.
622 4413 744 4480 Quo
777 4412 1047 4466 foramine
1075 4407 1260 4463 edocti
1289 4408 1426 4462 bene
1457 4408 1668 4462 servire
1697 4415 1994 4477 poterunt,
2037 4408 2214 4464 donec
2255 4411 2539 4466 servitutis
2569 4416 2750 4481 spatio
2781 4421 3012 4478 exacto,
3047 4413 3188 4466 inter
3233 4412 3604 4465 mercenarios
3631 4411 3731 4464 de-

470 4502 706 4570 scripti,
736 4500 805 4554 ad
836 4499 1074 4552 filiorum
1105 4494 1428 4566 dignitatem
1458 4495 1671 4566 seipsos
1703 4493 2012 4549 intrudant.
2047 4495 2302 4553 Christus
2336 4499 2479 4554 enim
2526 4503 2698 4570 prima
2735 4503 2905 4570 figura
2943 4501 3144 4555 liberos
3179 4497 3342 4554 cilicit
3365 4541 3379 4564 ,
3432 4499 3634 4554 fratres
3676 4506 3733 4552 et

471 4591 678 4642 amicos
711 4584 1004 4640 vocitando
1039 4601 1054 4639 :
1089 4603 1108 4635 ι
1143 4582 1349 4638 Servus
1379 4582 1526 4634 enim
1563 4583 1760 4646 nescit,
1797 4583 2010 4652 inquit,
2049 4583 2380 4638 voluntatem
2416 4582 2630 4638 Domini
2665 4585 2826 4640 sui".
2864 4607 2882 4638 ι
2917 4585 3022 4652 Qui
3067 4601 3194 4640 vero
3224 4585 3434 4640 servire
3465 4584 3618 4654 cupit
3651 4583 3732 4636 in-

471 4675 720 4732 stituitur
751 4682 810 4727 ut
840 4673 1026 4726 dicere
1053 4671 1262 4742 possit:
1296 4687 1314 4720 ι
1347 4667 1648 4738 Disciplina
1681 4669 1892 4746 Domini
1927 4685 2092 4728 aures
2123 4687 2274 4726 meas
2298 4672 2549 4740 aperit".
2587 4691 2605 4723 ο
2641 4671 2898 4728 Fortasse
2925 4677 3056 4728 vero
3083 4673 3246 4728 etiam
3279 4673 3431 4726 velut
3460 4671 3552 4740 qui
3584 4683 3730 4740 pra:—

470 4771 654 4818 seutes
683 4775 772 4815 res
807 4759 934 4814 boni
964 4755 1309 4812 consuluerit
1335 4795 1350 4821 ,
1397 4757 1544 4811 auris
1572 4754 1888 4828 perforatur
1913 4799 1927 4823 ,
1979 4773 2046 4814 ne
2078 4758 2122 4814 si
2164 4759 2402 4812 naturali
2433 4767 2648 4812 tantum
2691 4759 2962 4814 foramine
2987 4771 3176 4814 vocem
3211 4757 3366 4812 audit
3391 4797 3406 4821 ,
3459 4757 3730 4811 libertatis

469 4851 778 4904 orationem
807 4847 1053 4916 excipiat
1080 4843 1400 4915 aliquando,
1432 4860 1556 4901 cum
1589 4845 1790 4916 dignus
1822 4861 1926 4901 non
1956 4848 2026 4902 sit
2048 4846 2348 4916 perfectam
2381 4846 2740 4913 auditionem,
2773 4861 2880 4916 qua
2919 4861 3206 4901 sermones
3237 4858 3472 4900 arcanos
3501 4843 3730 4898 haurire

475 4938 683 5010 possit,
713 4935 1024 5004 acquirere.
1061 4932 1275 4988 Iudicat
1306 4932 1453 4987 enim
1487 4931 1800 5001 huiusmodi
1837 4935 2117 4989 hominum
2146 4935 2374 4988 auribus
2412 4949 2698 4989 sermones
2733 4934 3082 4988 sublimiores
3113 4932 3396 5002 impertire
3425 4946 3533 4986 non
3563 4945 3730 5001 opor—

474 5041 607 5077 αισι-υ.
637 5024 806 5078 Lacte
836 5023 978 5077 enim
1004 5035 1099 5076 eos
1128 5028 1341 5092 potare,
1367 5035 1474 5074 non
1501 5021 1726 5086 eduliis,
1751 5030 1994 5091 Oportet,
2024 5023 2180 5092 juxta
2209 5021 2380 5075 illud:
2407 5038 2426 5071 ‹
2449 5018 2526 5074 Ne
2556 5019 2864 5090 proiiciatis
2893 5019 3220 5088 margaritas
3250 5027 3378 5074 ante
3407 5033 3604 5088 porcos
3624 5017 3720 5071 “.r

470 5114 644 5165 l'nrro
675 5110 1071 5180 sempiternum
1107 5108 1382 5176 cujusque
1411 5107 1654 5162 hominis
1686 5109 1848 5160 vitam
1879 5124 2007 5162 ιιυηι
2029 5117 2178 5177 upat.
2209 5107 2382 5174 Quale
2411 5108 2540 5161 illud
2569 5107 2712 5178 apud
2746 5107 2974 5161 Paulum
3007 5115 3090 5162 est
3111 5146 3126 5170 ,
3168 5126 3186 5158 ι
3222 5105 3339 5161 Non
3379 5107 3726 5162 cotnederem
3790 5134 3797 5152 ι

471 5215 668 5252 mrims
699 5201 754 5251 in
785 5206 1073 5252 aeternum.
1102 5213 1122 5245 ι
1162 5193 1326 5249 Forte
1359 5208 1489 5248 vero
1519 5205 1736 5264 tempus
1765 5195 1896 5247 illud
1930 5196 2105 5248 innuit
2135 5212 2242 5266 quo
2263 5199 2330 5251 de
2361 5197 2628 5251 servitute
2660 5197 3019 5260 conveniunt,
3039 5209 3164 5248 cum
3197 5195 3340 5249 alius
3371 5201 3636 5249 aeternum
3671 5200 3727 5247 et

473 5291 638 5338 vitam
665 5289 922 5354 suppetet
952 5293 1168 5350 tempus
1201 5283 1333 5335 illud
1365 5297 1474 5352 quo
1498 5297 1528 5335 e
1561 5280 1830 5336 servitute
1859 5281 1926 5334 ad
1957 5296 2177 5351 operam
2214 5286 2610 5338 mercenariam
2647 5283 2888 5345 transiit,
2916 5290 2970 5336 et
3001 5282 3127 5336 inde
3156 5279 3225 5333 ad
3255 5279 3460 5336 filiatus
3483 5280 3723 5350 dignita-

465 5379 576 5430 tem
587 5409 600 5424 .

543 5463 667 5518 Λωι
716 5462 904 5532 poterit
954 5463 1230 5518 immolare
1273 5461 1471 5538 pascha
1526 5463 1579 5518 in
1633 5461 1744 5515 ulla
1773 5463 2044 5516 civitatum

2222 5464 2303 5516 Οὐ
2330 5461 2569 5532 δυνήσῃ
2619 5462 2803 5518 θῦσαι
2835 5463 2903 5516 τὸ
2947 5462 3158 5532 πάσχα
3197 5461 3269 5514 ἐν
3313 5455 3562 5528 οὐδεμιᾷ
3611 5455 3729 5512 τῶν·

1099 5640 1144 5671 ¹⁰
1184 5639 1302 5692 Aet.
1343 5652 1415 5698 tv,
1447 5638 1538 5692 54.

1073 5710 1115 5740 ⁸⁸
1153 5709 1344 5762 Matth.
1379 5725 1473 5772 vn,
1511 5713 1543 5763 h

541 5641 564 5704 ?
607 5639 710 5694 lsa.
743 5655 895 5700 xuii,
931 5639 1020 5694 εδ.

471 5709 514 5742 ⁸⁸
553 5708 696 5766 l‘sal.
741 5725 871 5772 xvn,
901 5710 988 5765 Siti.

1625 5640 1665 5670 ¹¹
1708 5637 1867 5692 Joan.
1897 5653 2009 5702 rm,
2046 5637 2134 5692 5'2.

2215 5639 2254 5670 "
2295 5639 2424 5694 ibid.
2455 5639 2550 5694 ΞΗ.
2623 5641 2666 5672 ¹³
2705 5639 2745 5694 li
2786 5641 2911 5697 Cor.
2964 5662 3038 5709 ix,
3090 5643 3140 5697 7.
3221 5647 3264 5678 "‘
3300 5645 3398 5702 Joa
3418 5663 3474 5704 ιι.
3515 5651 3604 5700 ιν,
3637 5637 3720 5696 15-
