4036 6214
411 363 515 426 913

1326 372 1865 439 COMMENTARII
1900 378 1983 438 IN
2024 374 2719 438 DEUTERONOMIUM.

3460 400 3469 409 -
3552 370 3668 436 est

409 471 641 528 ,πόλεών
672 486 807 531 σου,
852 472 944 543 Εἷς
972 478 1079 551 γὰρ
1111 480 1293 546 τόπος,
1330 484 1424 537 καὶ
1460 484 1558 554 μία
1588 486 1764 551 πόλις,
1809 489 1841 557 ἡ
1891 504 1982 539 κα-

2100 496 2333 549 tuarum,
2359 493 2462 539 etc.
2490 483 2657 556 [XVL
2677 481 2758 555 5.]
2787 479 2993 536 Unicus
3019 479 3163 535 enim
3182 479 3337 533 locus
3358 488 3440 535 est
3464 462 3671 534 eturbs

414 570 600 639 θολικὴ
642 571 959 643 Ἐκκλησία,
993 576 1026 644 ὴ
1061 577 1155 629 καὶ
1184 578 1448 649 νομίμους
1478 581 1679 651 ἔχουσα
1712 584 1842 646 τοὺς
1888 583 1997 654 ἱερ-

406 662 664 729 ουργοὺς,
701 662 816 716 ἀλλ’
864 664 958 733 οὐχ
1026 668 1240 732 ἑαυτοῖς
1283 671 1636 739 ἁρπάζοντας
1684 673 1782 743 τὴν
1827 674 1995 744 τιμὴν

402 754 549 805 κατὰ
586 755 712 817 τοὺς
742 756 1184 821 ἀποστατοῦντας
1216 762 1313 829 τῆς
1345 763 1691 835 Ἑκκλησέας.
1720 760 1892 837 Οἵπερ
1918 766 1993 831 ὡς

404 844 599 913 ταῦροί
632 864 774 908 τινες
798 842 1058 918 ’ὑϐρισταὶ
1100 852 1236 920 πρὸς
1272 854 1331 905 τὸ
1364 854 1518 923 σφίσι
1548 854 1741 908 δοκοῦν
1784 856 1980 910 ῐενται.

406 933 557 1005 Αὕτη
588 924 765 989 τοίνυν
799 940 831 1008 ἠ
867 940 1021 1003 πόλις
1060 942 1341 1011 ἐπιτηδεία
1387 945 1521 1017 μόνη
1565 946 1702 1018 πρὸς
1754 948 1855 1018 τὴν
1893 947 1988 1001 τοῦ

405 1027 591 1095 πάσχα
627 1027 836 1081 θυσίαν.
871 1031 935 1083 Αἱ
967 1032 1074 1102 γὰρ
1118 1033 1225 1085 τῶν
1257 1035 1522 1106 αἱρέσεων
1567 1039 1802 1110 μάνδραι
1843 1044 1987 1096 κατά

404 1116 566 1188 νόμον
596 1118 914 1189 ἀπόϐλητοι.
1493 1119 1499 1124 “

487 1298 578 1351 Ἐν
618 1310 719 1367 μεν
743 1290 838 1354 οὗν
875 1296 1137 1375 Αἰγύπτῳ
1182 1302 1334 1360 θύειν
1379 1308 1566 1371 αὐτοῖς
1615 1310 1775 1379 μόνον
1808 1328 1983 1382 προσ-

403 1389 663 1444 τέτακται
717 1390 808 1446 τὸν
839 1394 1013 1463 ἀμνόν
1037 1410 1050 1424 ⁸
1090 1398 1146 1449 ὲν
1201 1398 1482 1469 ’Δριθμοῖς
1516 1401 1571 1454 δὲ
1621 1403 1717 1455 καὶ
1748 1402 1984 1458 ἐνταῦθα

403 1481 713 1551 προσέθηκε
751 1482 882 1552 βόας
911 1487 1010 1539 καὶ
1039 1487 1311 1559 πρόϐατα.

474 1570 567 1634 Τὸ,
610 1590 628 1621 ι
660 1573 918 1644 Ἐψήσεις
945 1577 1039 1630 καὶ
1065 1578 1349 1646 ὀπτήσεις,
1376 1597 1396 1632 s
1434 1582 1496 1634 οὒ
1528 1583 1666 1654 πρὸς
1690 1583 1781 1637 τὸν
1812 1583 1986 1654 ἀμνὸν

2094 578 2278 641 unica,
2304 576 2654 639 uaiversalis,
2684 576 2926 643 inquam,
2958 571 3221 635 Ecclesia,
3245 587 3366 641 qua!
3400 571 3671 640 legitimos

2092 684 2312 738 quoque
2343 668 2623 722 sacriﬁcus
2656 666 2816 740 M3
2860 664 3042 719 habet.
3079 662 3182 729 Qui
3226 678 3363 718 sane
3409 661 3669 729 honorem

2094 775 2202 813 non
2221 759 2324 813 sibi
2349 774 2404 811 ra
2415 758 2628 827 piunt,q
2640 756 2961 811 uemadmod
2974 771 3059 808 um
3087 754 3348 808 Ecclesia:
3362 754 3671 808 desertores

2093 844 2273 900 facere
2316 847 2516 911 solent,
2549 846 2642 917 qui
2678 854 2956 899 taurorum
2993 844 3356 914 quorumdam
3384 849 3671 896 contmna-

2094 942 2239 995 cium
2274 942 2449 995 instar
2481 940 2598 995 suis
2628 939 2882 994 feruntur
2908 938 3143 1006 placitis.
3182 935 3307 991 llaac
3333 937 3501 1007 igitur
3531 934 3671 991 civi-

2095 1039 2180 1085 tas
2227 1032 2343 1085 sola
2394 1032 2459 1085 ad
2513 1031 2791 1100 paschalis
2838 1030 3266 1084 immolationem
3313 1037 3397 1083 est
3449 1028 3668 1082 idonea.

2095 1120 2492 1176 llazretieorum
2524 1121 2667 1176 enim
2698 1116 2975 1191 spelunca:
2996 1121 3153 1190 juxta
3180 1121 3349 1191 legem
3385 1119 3673 1190 repudian-

2095 1219 2205 1267 tur.

2162 1302 2217 1356 lu
2256 1303 2493 1374 {Egypto
2522 1305 2703 1373 itaque
2733 1304 2909 1359 solum
2952 1317 3150 1373 agnum
3199 1312 3442 1358 mactare
3477 1304 3557 1360 eis
3582 1310 3669 1359 est

2088 1406 2447 1469 praceptttiii.
2482 1396 2537 1451 ln
2583 1396 2837 1452 Numeris
2871 1413 3001 1453 vero
3037 1404 3202 1468 atque
3256 1397 3344 1461 hic
3391 1396 3557 1451 boves
3613 1402 3673 1449 et

2089 1504 2223 1545 ovus
2253 1489 2525 1559 apposuit.

2157 1580 2429 1634 Craterum
2499 1580 2688 1651 illud;
2722 1579 2937 1650 Coques
2986 1590 3039 1635 et
3092 1580 3376 1645 assahisn
3434 1598 3542 1637 non
3597 1586 3672 1641 ad

398 1662 721 1719 ἀποδέδοται
745 1682 758 1696 °
795 1666 938 1721 ὀπτὰ
971 1670 1082 1740 γὰρ
1125 1670 1286 1740 μόνον
1319 1672 1422 1744 ἔφη
1459 1674 1569 1727 δεῖν
1602 1676 1804 1729 ἐσθίειν
1838 1677 1982 1730 ἐκεί-

2089 1686 2286 1740 agnum
2333 1679 2418 1725 est
2469 1671 2725 1735 relatum,
2771 1686 2929 1726 assas
2987 1671 3133 1726 enim
3167 1680 3376 1726 tantum
3428 1674 3497 1727 ab
3556 1676 3669 1729 illis

401 1771 524 1816 νους
546 1754 614 1806 τὰ
647 1757 781 1824 κρέα
801 1773 812 1784 ·
841 1760 977 1829 πρὸς
1002 1760 1060 1813 δὲ
1095 1761 1166 1814 τὰ
1197 1762 1360 1817 λοιπά
1395 1764 1462 1817 τὰ
1494 1766 1633 1834 μετά
1666 1768 1758 1819 τὸν
1788 1766 1980 1836 ἀμνὸν,

397 1847 495 1899 καὶ
535 1848 633 1911 τὰς
672 1850 1002 1915 ὑπολοεπους
1054 1855 1252 1917 θυσξας
1289 1856 1388 1921 τὰς
1443 1858 1746 1927 τηνικαῦτα
1812 1876 1979 1929 προσ-

396 1937 695 2008 αγομένας,
714 1944 795 2004 εἰς
825 1941 997 2014 ἰδικὴν
1025 1942 1231 2013 βρῶσιν
1266 1946 1522 2016 θυόμενα.

471 2113 625 2166 Οὐδὲ
650 2114 1090 2184 entry-dicamut
1124 2120 1472 2187 πρόσωπον.
1508 2122 1613 2175 Τὸν
1648 2124 1754 2194 γὰρ
1784 2125 1993 2197 κριτὴν

350 2280 359 2288 ο
396 2207 669 2275 προσήκει
692 2208 862 2260 τύπον
886 2207 1082 2273 σώζειν
1104 2212 1367 2282 Χριστοῦ.

467 2294 573 2346 Καὶ
633 2296 1158 2364 λιθοϐολήσουσιν
1216 2305 1460 2370 αὐτούς.
1520 2305 1801 2369 ’Δσεὸείας
1865 2306 1974 2378 γὰρ

395 2386 791 2456 προκειμένης,
849 2390 943 2443 καὶ
979 2388 1046 2445 δι’
1088 2393 1349 2458 εὐσεϐοῦς
1393 2394 1761 2468 σκληρότητος
1809 2397 1974 2467 θερα-

395 2478 651 2533 πευέσθω
673 2473 829 2545 Θεός.

2091 1776 2288 1816 carnes
2321 1760 2686 1819 comedendas
2717 1775 2839 1816 esse
2885 1761 3087 1828 inquit,
3120 1777 3312 1816 verum
3366 1763 3433 1817 ad
3466 1775 3667 1819 caetera

2088 1866 2212 1919 quae
2259 1867 2381 1903 cum
2420 1864 2560 1918 agno
2607 1858 2662 1903 et
2697 1848 2926 1919 reliquis
2964 1850 3206 1904 victimis
3245 1859 3365 1905 tum
3406 1853 3672 1923 temporis

2091 1943 2271 1996 oblata
2335 1940 2787 2005 immolabantur,
2830 1940 3101 2010 epuloque
3147 1941 3364 2011 privato
3419 1942 3669 1999 destina-

2089 2035 2309 2089 bantur.
3544 2080 3553 2108 ὲ

2160 2121 2343 2192 Neque
2383 2129 2666 2191 agnoscent
2716 2121 2929 2190 faciem.
2962 2120 3209 2177 Judiccm
3258 2121 3407 2177 enim
3459 2121 3664 2178 Christi

2085 2215 2399 2285 exemplum
2429 2215 2725 2268 observare
2761 2214 3040 2267 convenit.

2156 2306 2225 2360 Et
2280 2305 2547 2375 lapidibus
2582 2305 2804 2358 obruent
2848 2319 2956 2358 eos.
3008 2302 3219 2375 μίγη,
3249 2302 3344 2376 5.]
3390 2305 3665 2375 Impietati

2083 2400 2229 2455 enim
2276 2399 2580 2460 destinatae,
2612 2411 2677 2451 ac
2723 2410 2846 2466 qua:
2897 2410 2997 2466 per
3039 2411 3159 2450 eam
3212 2396 3293 2462 ﬁt,
3345 2398 3664 2466 pertinacia:

2086 2493 2230 2547 Deus
2259 2489 2563 2546 medeatur.

466 2590 622 2656 Quod
654 2594 825 2658 enim,
855 2595 1055 2665 inquit,
1088 2609 1273 2667 patres
1302 2600 1468 2655 vestri
1502 2601 1690 2673 vitium
1720 2602 1888 2658 inme
1916 2602 2422 2674 deprehenderunt,
2460 2609 2518 2656 ut
2552 2610 2664 2656 tam
2695 2602 2856 2672 longe
2889 2617 2919 2656 a
2955 2618 3040 2658 me
3067 2603 3412 2671 recederent,
3446 2614 3500 2659 ct
3529 2604 3661 2662 deos

397 2695 571 2734 vanos
604 2689 953 2738 sectarentur
975 2684 1057 2738 ‘7?
1080 2684 1147 2737 Et
1183 2685 1381 2740 iterum
1407 2705 1422 2743 :
1449 2706 1470 2740 ι
1504 2688 1717 2745 leum
1747 2698 2037 2760 propterea
2057 2693 2368 2763 obstupuit,
2400 2700 2455 2746 et
2485 2706 2651 2761 supra
2693 2691 2917 2745 modum
2946 2691 3105 2747 valde
3137 2692 3450 2756 exhorruit,
3482 2694 3665 2762 inquit

400 2769 687 2825 Dominus.
720 2770 993 2838 Quoniam
1025 2772 1137 2828 duo
1178 2776 1388 2831 sceler’a
1419 2778 1660 2847 patravit
1699 2793 1854 2833 meus
1899 2779 2170 2852 populus;
2211 2780 2576 2834 deseruerunt
2610 2793 2697 2832 me
2736 2777 2940 2833 fontem
2977 2794 3133 2850 aquae
3180 2781 3336 2847 vivae,
3373 2789 3422 2836 et
3456 2781 3661 2837 effode-

393 2866 525 2908 runt
563 2856 666 2910 sihi
693 2858 828 2927 ipsis
854 2858 1081 2917 lacunas
1114 2862 1408 2931 contritas,
1435 2879 1559 2934 qua;
1582 2879 1781 2934 aquam
1809 2866 2095 2920 continere
2134 2880 2241 2920 nou
2275 2872 2538 2936 poterunt
2565 2865 2629 2921 ιδ.
2662 2884 2681 2918 ι
2721 2864 2988 2935 Equidem
3026 2882 3163 2924 vero
3192 2869 3285 2937 qui
3316 2870 3492 2925 solem
3521 2871 3660 2925 ado-

322 2984 345 3003 κ
394 2952 542 3007 rant,
601 2945 742 3000 hanc
795 2957 1109 3015 praetexunt
1150 2964 1401 3017 causam,
1439 2951 1586 3023 quod
1637 2952 1862 3009 sensilia
1898 2954 2082 3008 omnia
2130 2961 2374 3023 superet,
2412 2962 2472 3007 ut
2503 2953 2599 3024 qui
2638 2954 2883 3008 omnium
2934 2955 3147 3024 primus
3186 2965 3378 3012 auctor
3404 2959 3655 3014 exsistat.

391 3025 504 3119 Nec
536 3045 644 3084 non
680 3033 826 3101 quod
862 3035 941 3088 sol
977 3045 1179 3091 cuncta
1226 3037 1506 3119 ipspiciat,
1541 3049 1855 3110 cunctaque
1886 3041 2166 3096 exaudiat.
2207 3041 2360 3107 Quos
2391 3041 2633 3096 clamore
2662 3054 2764 3095 suo
2803 3037 3051 3095 adoritur
3084 3044 3225 3098 Deus
3254 3053 3310 3099 et
3350 3045 3600 3114 coarguit
3640 3063 3656 3100 :

398 3135 417 3169 ι
448 3115 558 3189 Ego
586 3122 731 3174 enim
761 3138 905 3183 sum.
931 3125 1132 3194 inquit,
1167 3115 1455 3191 Dominus,
1498 3143 1600 3183 nec
1629 3136 1715 3183 est
1740 3129 1886 3184 Deus
1945 3130 2090 3183 ultra
2128 3145 2235 3194 me,
2267 3129 2519 3199 nunquid
2557 3143 2644 3184 me
2715 3128 2998 3184 celabitur
3028 3129 3115 3182 l’?
3155 3149 3174 3182 ι
3209 3130 3351 3197 Quin
3393 3139 3449 3188 et
3489 3132 3659 3187 David

391 3203 592 3260 alicubi
624 3207 794 3262 dicit:
821 3209 952 3277 «Qui
995 3228 1183 3268 aurem
1216 3215 1496 3279 produxit,
1524 3230 1631 3270 non
1664 3216 1881 3271 audiret
1919 3217 2070 3285 ipse?
2098 3225 2152 3272 et
2181 3217 2275 3287 qui
2318 3216 2576 3271 formavit
2600 3215 2813 3280 oculos,
2832 3230 2941 3270 non
2971 3219 3152 3273 cernit
3178 3233 3277 3273 eos
3305 3218 3399 3288 qui
3431 3219 3657 3274 dicunt:

395 3300 513 3358 Non
552 3303 757 3360 videbit
792 3305 1093 3372 Dominus,
1129 3323 1310 3378 neque
1336 3307 1582 3363 advertet
1617 3308 1760 3363 Deus
1795 3305 1967 3363 Jacob
1992 3307 2084 3362 ὀἳ
2116 3325 2135 3359 ι
2173 3304 2381 3360 Contra
2418 3319 2550 3360 vero
2579 3304 2665 3359 his
2692 3303 2869 3373 longe.
2888 3304 3063 3373 magis
3106 3304 3252 3359 bruti
3292 3313 3422 3363 sunt
3463 3321 3660 3363 omnes

389 3399 660 3460 quotquot
690 3407 857 3461 opera
888 3410 1149 3448 manuum
1177 3409 1404 3450 suarum
1438 3396 1694 3450 adorant.
1722 3393 1798 3449 De
1825 3395 1914 3450 his
1948 3409 2081 3450 sane
2111 3391 2494 3462 pronuntiavit
2557 3388 2702 3445 Dens
2737 3408 2751 3446 :
2796 3406 2815 3440 ι
2859 3388 3333 3455 Quemadmodum
3370 3391 3461 3447 fur
3484 3394 3529 3449 si
3557 3392 3657 3448 de-

392 3479 702 3548 prehensus
738 3481 927 3545 fuerit,
978 3483 1206 3551 pudelit.
1257 3483 1332 3537 ita
1384 3487 1591 3552 pudore
1641 3483 2028 3538 suffundentur
2069 3480 2165 3535 lilii
2209 3480 2400 3536 Israel.
2447 3477 2622 3547 Ligno
2655 3466 2955 3541 dixerunt,
2984 3476 3145 3533 Pater
3195 3494 3351 3535 meus
3394 3495 3454 3536 es
3483 3488 3569 3553 tu,
3603 3489 3661 3537 et

394 3564 583 3634 lapidi,
618 3566 698 3619 Tu
731 3583 816 3622 me
850 3570 1117 3637 genuisti,
1144 3580 1197 3623 et
1227 3570 1588 3624 obverterunt
1616 3570 1749 3623 mihi
1784 3578 1971 3640 terga,
2022 3582 2122 3621 nec
2155 3566 2351 3621 faciem
2386 3579 2566 3621 suam.
2609 3564 2666 3617 In
2699 3572 2946 3633 tempore
2974 3574 3157 3618 autem
3195 3580 3421 3620 suarum
3453 3583 3660 3621 aertun~

394 3662 590 3703 narum
623 3650 809 3705 dicent
840 3653 1049 3721 :Surge
1071 3665 1123 3708 et
1150 3670 1310 3709 serva
1338 3671 1440 3710 nos
1460 3657 1504 3687 “
1524 3675 1571 3718 ,ι
1600 3664 1707 3711 etc.
1740 3654 1903 3711 Tales
1932 3656 2100 3725 igitur
2128 3653 2404 3723 lapidibus
2427 3655 2662 3708 obruere
2685 3651 2767 3706 lex
2795 3652 2984 3720 jussit.
3005 3652 3116 3709 Nos
3148 3668 3277 3709 vero
3302 3654 3661 3712 solidioribus

396 3743 599 3789 nostrae
622 3736 746 3791 ﬁdei
780 3741 1136 3794 sermonibus
1163 3757 1260 3797 eos
1294 3742 1672 3799 dellectemus.

480 3850 623 3904 Ἐὰν
655 3850 725 3905 δὲ
757 3851 1115 3922 ἀδυνατήσῃ
1152 3853 1272 3909 ἀπὸ
1312 3856 1430 3910 σοῦ
1461 3856 1625 3925 ῥῆμα
1654 3857 1725 3909 ἐν
1760 3857 1974 3925 κρίσει.

2152 3851 2212 3906 δί
2239 3866 2407 3904 causa
2428 3847 2609 3918 aliqua
2637 3847 2866 3917 diﬁcilis
2894 3850 2948 3904 in
2968 3849 3178 3920 judicio
3202 3850 3387 3920 fuerit.
3407 3850 3512 3925 [8.]
3539 3853 3662 3909 lla'c

394 3939 583 3994 Ταῦτα
632 3944 745 4010 τοῖς
798 3944 939 3996 κατὰ
968 3946 1122 3998 πόλιν
1153 3950 1394 4015 κριταῖς.
1446 3948 1523 4000 Τὸ
1575 3947 1654 4010 δὲ,
1700 3949 1977 4019 ἀναμέσων

2089 3943 2144 3996 ad
2169 3941 2386 4012 judices
2427 3941 2487 3997 in
2522 3941 2659 3996 urbe
2690 3944 2986 4008 pertinent.
3028 3942 3297 3996 Caeterum
3335 3941 3492 4005 illud,
3518 3943 3661 3997 inter

394 4034 631 4105 αἵματος
674 4032 840 4106 αἷμα,
876 4038 1005 4108 περὶ
1044 4039 1226 4109 μάχης
1265 4041 1561 4094 ἀκουστέον
1600 4040 1977 4112 προελθούσης

2089 4034 2389 4104 sanguinem
2415 4043 2467 4087 et
2506 4033 2843 4103 sanguinem,
2866 4033 2935 4088 de
2968 4048 3149 4103 pugna
3176 4041 3260 4089 est
3277 4033 3655 4103 accipiendum

394 4128 476 4190 εἰς
534 4123 696 4197 αἷμα,
737 4129 770 4199 ἢ
806 4129 1121 4199 τραύματος
1158 4131 1252 4183 καὶ
1286 4132 1473 4198 φόνου,
1512 4133 1661 4201 παρὰ
1706 4135 1824 4195 τοῖς
1850 4149 1977 4203 κρι-

2089 4143 2183 4198 qua
2206 4134 2428 4181 ventum
2446 4133 2531 4181 est
2554 4126 2620 4180 ad
2644 4127 2991 4195 sanguinem,
3012 4141 3107 4180 seu
3125 4126 3377 4190 vulnera,
3398 4142 3493 4182 seu
3510 4127 3659 4183 unde

392 4221 515 4279 ταῖς
534 4219 809 4291 διαφόρως
835 4221 1186 4292 κρινομένου.
1213 4223 1395 4292 Ὅπερ
1425 4224 1710 4293 σαφηνίζει
1737 4224 1820 4291 τὸ,
1847 4225 1978 4289 ἀνα-

398 4310 566 4381 μέσον
593 4313 826 4383 κρίσεως
871 4315 1093 4384 κρίσις’
1126 4316 1295 4385 ἤγουν
1344 4316 1509 4369 ἱδικόν
1552 4332 1605 4368 τι
1648 4314 1827 4381 λέξας,
1855 4312 1974 4368 εἶτα

390 4405 533 4472 ῒρδς
556 4406 631 4457 πὸ
666 4405 824 4474 γένος
869 4408 1235 4479 ἀναδραμὼν,
1285 4404 1445 4471 αὖθις
1491 4408 1805 4479 ἰδικώτερον
1857 4408 1974 4463 δια-

394 4493 669 4560 τάττεται,
704 4495 898 4557 εἰπὼν,
949 4499 1224 4567 ἀναρὲσον
1258 4499 1404 4568 ἀερῆς
1449 4499 1599 4571 ἁφή*
1639 4495 1753 4554 οἶόν
1798 4516 1882 4564 τις
1915 4502 1975 4553 ὲν

399 4585 546 4657 μάχῃ
578 4586 794 4657 πληγὴν
822 4588 1039 4658 πρῶτος
1086 4590 1387 4660 ἐπήνεγκε,
1415 4589 1512 4643 τοῦ
1560 4590 1793 4660 πλησίον
1827 4590 1971 4661 ἀψάο

398 4693 582 4744 μενος.
612 4677 725 4731 Καὶ
755 4678 1031 4748 ἀναμέσον
1066 4680 1381 4746 ἀντιλογίας
1417 4682 1718 4751 ἀντιλογία.
1746 4677 1898 4746 Οἷον,
1921 4682 1974 4735 εἰ

395 4767 547 4838 μάχη
574 4768 785 4836 γένοιτο
827 4768 1023 4841 λογικὴ
1084 4771 1163 4834 εις
1196 4771 1425 4843 ζήτησιν
1469 4772 1629 4842 τυχὸν
1676 4773 1973 4845 νομικὴνῆ

399 4858 496 4912 καὶ
528 4856 688 4928 ὕϐριν
716 4857 988 4913 τείνουσα.

480 5042 755 5108 Ἐλεύσῃ,
784 5043 917 5110 φησὶ
943 5082 956 5106 ,
982 5044 1131 5109 πρὸς
1158 5044 1301 5109 τοὺς
1326 5046 1503 5112 ἱερεῖς
1527 5047 1669 5113 τοὺς
1699 5049 1970 5113 Asmirae,

398 5132 496 5186 καὶ
544 5131 653 5184 τὸν
706 5134 934 5199 κριτήν.
996 5134 1179 5188 Τύπον
1210 5137 1319 5206 γὰρ
1373 5133 1540 5207 εἶχεν,
1575 5141 1603 5192 ὁ
1650 5141 1749 5209 μὲν
1778 5140 1973 5211 κριτὴς

396 5198 762 5285 Μωῦσέωςωῖ
784 5221 840 5275 δὲ
869 5225 1036 5294 ἱερεῖς
1054 5227 1104 5277 oi
1128 5198 1350 5279 Λευῖται
1378 5198 1530 5280 τῶνο
1558 5198 1968 5302 πρεσϐυτέρων,
2002 5198 2049 5256 θ

394 5313 479 5379 ἐφ’
511 5310 606 5373 οὓς
640 5313 707 5365 τὰ
740 5312 1017 5383 βαρύτερα
1048 5314 1157 5369 τῶν
1186 5317 1473 5387 χριμάτων
1495 5318 1782 5387 ἀνέφερον.
1821 5321 1968 5390 Σύμ-

393 5419 574 5464 ιμονον
596 5402 653 5454 δὲ
686 5401 764 5473 τῷ
787 5403 1014 5473 παρόντι
1039 5405 1122 5469 τὸ,
1161 5422 1181 5456 ι
1224 5406 1353 5460 Ἐπε
1364 5406 1609 5479 ρώτησον
1637 5411 1727 5462 τὸν
1752 5412 1971 5482 πατέρα

397 5508 515 5553 σου,
549 5493 644 5544 καὶ
667 5492 961 5560 ἀναγγελεῖ
1002 5511 1107 5558 σοι,
1141 5496 1268 5560 τοὺς
1291 5497 1702 5569 πρεσϐυτέρους
1731 5516 1847 5567 σου,
1876 5503 1972 5556 καὶ

395 5582 582 5651 εροῦσί
607 5599 709 5638 σοι.
740 5603 759 5635 ι

2077 4236 2107 4274 a
2149 4217 2435 4289 judicibus
2470 4217 2659 4272 relicta
2696 4217 2750 4270 iu
2782 4217 3184 4278 controversia,
3213 4218 3357 4287 quod
3389 4219 3661 4290 signiﬁcat

2078 4313 2221 4368 inter
2241 4310 2508 4379 judicium
2535 4316 2590 4365 et
2612 4308 2902 4379 judicium.
2933 4309 3110 4379 Atque
3139 4306 3191 4364 id
3217 4325 3340 4366 cum
3366 4326 3464 4381 per
3487 4325 3662 4380 genus

2077 4404 2311 4460 inferius
2343 4402 2705 4467 enuntiasset,
2731 4412 2786 4456 et
2818 4401 2885 4455 ad
2916 4416 3233 4468 supremum
3260 4417 3434 4474 genus
3468 4419 3660 4459 recur-

2077 4498 2264 4560 risset,
2286 4510 2382 4567 per
2410 4510 2584 4567 genus
2602 4493 2782 4549 adhuc
2808 4491 3040 4548 inferius
3073 4492 3129 4547 id
3158 4486 3347 4556 edicit,
3371 4510 3434 4549 ac
3460 4495 3659 4564 inquit,

2075 4588 2213 4641 inter
2242 4586 2459 4656 plagam
2499 4594 2547 4638 et
2572 4584 2830 4654 plagam;
2862 4584 3011 4638 velut
3044 4583 3091 4639 si
3124 4584 3249 4653 quis
3280 4584 3335 4638 in
3368 4600 3548 4656 pugna
3577 4584 3660 4639 fa-

2076 4680 2343 4733 miliarem
2369 4692 2529 4734 suum
2566 4678 2974 4741 attrectaverit,
3012 4676 3301 4747 primoque
3330 4678 3541 4748 plagam
3569 4678 3655 4733 in-

2074 4774 2336 4830 cusserit.
2377 4771 2509 4828 ltem
2562 4772 2706 4827 inter
2748 4771 2898 4827 litem
2940 4779 2993 4824 et
3028 4771 3198 4835 litem,
3227 4772 3391 4827 veluti
3432 4772 3481 4828 si
3512 4773 3657 4829 rixa:

2077 4866 2208 4920 flant
2242 4882 2365 4934 qua:
2414 4865 2467 4919 in
2500 4865 2861 4933 quaestionem
2899 4863 3139 4934 aliquam
3181 4863 3322 4921 forte
3366 4864 3521 4937 legis.
3560 4876 3655 4921 aut

2076 4958 2144 5013 ad
2178 4955 2564 5011 crmtumeliam
2591 4955 2838 5008 tendant.

2160 5047 2368 5112 Veniat,
2405 5046 2607 5115 inquit,
2641 5045 2711 5099 ad
2734 5048 3034 5100 sacerdotes
3060 5044 3294 5112 Levites,
3321 5058 3371 5101 et
3392 5046 3654 5117 judicent.
3726 5112 3733 5115 Α

2078 5138 2338 5192 Summus
2375 5137 2521 5190 enim
2547 5136 2711 5205 judea
2749 5127 2918 5191 Musis
2952 5137 3178 5205 ﬁguram
3213 5141 3386 5206 gessit
3413 5179 3428 5205 ,
3470 5155 3657 5194 sacer‘

2076 5232 2236 5286 dotes
2266 5244 2399 5284 vero
2446 5227 2649 5284 Levita
2683 5229 3030 5298 septuaginta
3068 5231 3373 5297 seniorum,
3414 5232 3482 5287 ad
3515 5249 3655 5303 quos

2075 5337 2274 5378 causas
2295 5320 2633 5376 difﬁciliores
2660 5320 2992 5376 referebant.
3018 5322 3334 5378 Conisouum
3360 5340 3493 5379 vero
3516 5339 3657 5394 prae-

2074 5416 2221 5472 senti
2271 5415 2394 5469 loco
2447 5411 2582 5468 illud
2634 5427 2856 5484 quoque
2890 5425 3013 5469 est:
3059 5431 3078 5467 ι
3108 5414 3390 5485 Interroga
3442 5423 3652 5485 patrem

2076 5516 2269 5571 tuum,
2338 5512 2392 5558 et
2459 5502 2808 5559 denuntiabit
2854 5504 2992 5571 tibi,
3050 5507 3305 5562 seniores
3378 5511 3543 5566 tuos,
3597 5515 3655 5558 et

2074 5599 2261 5652 dicen.
2288 5595 2385 5650 tibi
2408 5596 2472 5648 ".
2511 5614 2529 5646 ι

469 5707 845 5781 “Aureum”,
879 5712 930 5766 5.
1015 5712 1055 5743 ¹¹¹
1093 5706 1226 5766 ibid.
1260 5712 1344 5773 ιε,
1380 5714 1465 5769 15.
1548 5717 1590 5748 υ
1628 5714 1727 5770 lsa.
1765 5732 1886 5779 tu,
1926 5716 1982 5769 “ll

2089 5715 2165 5769 ter
2224 5731 2391 5770 xxxii.
2420 5714 2512 5769 :27.
2584 5717 2625 5746 ’θ
2653 5712 2789 5770 Psal.
2840 5726 2987 5776 rem,
3025 5709 3076 5775 9,
3121 5711 3172 5764 7.
3251 5711 3293 5742 "
3340 5706 3546 5763 Jerem.
3591 5720 3651 5772 ti;

388 5778 484 5834 .26.
506 5777 597 5831 27.
676 5780 721 5813 ¹¹
754 5779 907 5836 Deut.
960 5798 1127 5847 χχιιι,
1153 5781 1205 5837 7.
