4036 6214
3208 331 3235 339 ν-

469 361 575 429 εηῧ
624 350 631 355 ”
1809 379 2052 449 PROCO

2160 392 2163 448 :
2199 382 2442 487 GAZ‘JEI
2912 350 2922 359 ’
3639 379 3755 450 915

543 482 610 537 Et
648 487 809 554 juxta
855 490 1172 546 sententiam
1213 512 1375 565 quam
1419 494 1654 554 dixerint
1702 502 1817 569 tibi,
1863 504 2052 573 facies.

2234 482 2393 561 Kart’z
2428 506 2533 560 τόν
2560 506 2750 575 νόμον
2784 505 2881 559 καὶ
2930 506 3082 559 κατὰ
3116 503 3231 574 τὴν
3271 496 3474 573 κρίσιν
3513 494 3592 571 ἦν
3631 503 3757 559 ἐὰν

468 572 609 648 [ιι]
672 576 867 633 Omnis
915 582 1061 637 enim
1100 584 1195 654 qui
1252 586 1318 640 ad
1374 587 1738 658 judicandum
1789 572 2050 663 populum

2160 595 2377 651 εἴπωσί
2411 612 2511 651 σοι
2566 572 2868 663 ποιήσεις.
2910 597 3024 659 Πᾶς
3069 572 3184 667 γὰρ
3227 572 3437 667 κρίνειν
3471 594 3563 647 τὸν
3614 595 3753 648 λαδν

469 678 769 740 aggresstts
798 678 904 738 est,
938 674 1117 730 locum
1167 682 1411 751 supremi
1442 682 1773 752 legislatoris
1808 702 1871 742 ac
1900 685 2050 757 judi-

2160 686 2663 761 ἐγκεχειρισμένος,
2701 689 2856 753 τάξιν
2894 688 3008 759 ἔχει
3060 688 3154 740 τοῦ
3191 688 3409 741 πάντων
3446 687 3752 756 νομοθέτου

2158 799 2217 835 τε
2249 785 2343 836 καὶ
2370 783 2581 854 κριτοῦ.
2601 783 2801 854 Διόπερ
2824 784 2856 852 ἡ
2882 782 2977 853 τῆς
3000 778 3287 843 ἀπειθείας
3318 779 3479 849 ὕϐρις
3502 780 3580 842 εἰς
3607 774 3753 833 Θεὸν

2160 874 2521 945 ἀναφέρεται.

545 944 810 1004 Morietur
836 967 989 1018 vero,
1020 955 1218 1025 inquit,
1246 954 1499 1030 quisquis
1526 959 1741 1018 Domini
1769 962 2026 1021 ministro
2058 944 2428 1025 rebellaverit.
2454 967 2549 1024 Dei
2571 968 2716 1023 enim
2746 965 3062 1022 assistentia
3095 981 3193 1022 seu
3221 965 3551 1036 approbatio
3575 965 3752 1021 valde

446 1035 775 1092 honorifica
821 1050 930 1095 est.
970 1042 1086 1099 Etsi
1121 1046 1285 1100 vitam
1316 1057 1443 1118 agat
1488 1067 1548 1105 se
1599 1046 1904 1121 indignam.
1948 1069 2092 1123 saape
2138 1056 2284 1109 enim
2336 1055 2502 1109 homo
2536 1064 2717 1110 mente
2768 1069 2869 1108 sua
2901 1052 3128 1116 excidit,
3171 1069 3260 1108 res
3294 1061 3478 1107 tamen
3524 1052 3752 1108 divinas

473 1126 816 1194 exsequitur.
858 1125 967 1183 Nec
997 1146 1126 1185 vero
1149 1132 1334 1213 divina
1371 1137 1713 1205 aSpernanda
1741 1150 1963 1209 propter
1995 1140 2234 1196 humana
2278 1152 2427 1208 sunt,
2460 1142 2733 1213 siquidem
2769 1139 3031 1195 Servator
3070 1141 3234 1195 nobis
3272 1139 3410 1194 dicit
3441 1156 3455 1193 :
3504 1158 3522 1189 ι
3559 1137 3752 1209 Super

473 1211 738 1265 cathedra
797 1212 965 1270 Musis
1017 1210 1279 1273 sederunt
1308 1219 1516 1277 Scriba:
1549 1233 1603 1279 et
1652 1224 1953 1298 Pharisaei;
1987 1237 2186 1283 cuncta
2233 1229 2399 1299 igitur
2447 1210 2794 1300 quiecunque
2826 1226 2985 1282 vobis
3015 1227 3282 1291 dixerint,
3335 1226 3526 1293 facite,
3569 1240 3751 1296 opera

478 1303 659 1351 autem
694 1312 884 1354 eorum
917 1305 1166 1359 aemttlari
1202 1306 1371 1362 nolite
1395 1304 1461 1364 θ’.
1497 1330 1517 1362 ι

543 1382 611 1448 Et
634 1386 805 1451 dicas,
821 1387 1156 1446 Canstituam
1179 1410 1336 1462 super
1354 1413 1433 1450 me
1451 1398 1758 1468 principem.
1781 1399 1972 1472 [XVI],
1990 1400 2103 1473 14.]
2118 1400 2226 1457 Nos
2241 1404 2383 1457 enim
2404 1403 2553 1458 omni
2575 1403 2879 1459 idololatria
2903 1404 3118 1473 repulsa
3163 1402 3477 1471 impetuque
3490 1399 3557 1455 ad
3578 1399 3748 1454 ﬁdem

473 1482 734 1541 tanquam
779 1477 843 1529 ad
880 1479 1267 1546 promissionis
1294 1485 1589 1552 quamdam
1614 1494 1814 1541 terram
1842 1487 2011 1549 facto.
2045 1494 2267 1547 unicum
2299 1492 2465 1565 444
2492 1494 2686 1548 ducem
2715 1494 2920 1565 eligere
2972 1499 3213 1563 oportet,
3238 1490 3545 1553 Christum,
3574 1488 3746 1559 juxta

476 1562 775 1635 illudquod
806 1567 875 1620 ab
906 1583 974 1623 eo
1004 1570 1212 1624 dictum
1250 1581 1368 1638 est;
1410 1573 1580 1628 David
1605 1576 1807 1631 etenim
1850 1579 2032 1649 inquit
2063 1597 2075 1633 :
2111 1598 2130 1631 ι
2164 1579 2279 1648 Ego
2314 1562 2453 1634 iei-o'
2478 1562 2817 1636 constitutus
2852 1595 2972 1634 sum
3005 1562 3098 1632 rex
3134 1578 3203 1631 ab
3232 1577 3559 1647 ipso,supra
3599 1575 3749 1629 Sion

475 1661 716 1706 montem
774 1662 1027 1709 sanctum
1071 1656 1216 1726 ejus,
1267 1658 1559 1731 divulgans
1606 1664 1923 1719 mandatum
1977 1665 2187 1721 Domini
2211 1667 2275 1719 “.
2313 1687 2331 1718 ι
2367 1667 2537 1733 Quem
2581 1682 2707 1721 cum
2752 1665 2926 1721 Judaei
2983 1666 3361 1727 abdicassent,
3402 1664 3748 1734 perditionis

472 1736 648 1792 tilium
696 1739 999 1809 principem
1053 1758 1212 1798 suum
1258 1759 1622 1813 creaverunt,
1665 1751 2094 1818 Antichristutn,
2146 1755 2549 1827 alienigenam,
2590 1755 2944 1825 alienumque
2989 1770 3019 1809 a
3050 1754 3323 1826 sanguine
3356 1752 3603 1807 lsraelis.
3649 1753 3745 1807 Ad

474 1840 617 1894 quos
647 1828 826 1897 inquit
861 1829 1164 1887 Christus:
1222 1826 1386 1904 (Ego
1429 1837 1483 1890 in
1539 1838 1764 1895 nomine
1794 1838 1973 1895 Patris
2002 1841 2146 1909 veni,
2186 1857 2285 1897 nec
2338 1858 2424 1905 me
2459 1843 2726 1913 recipitis,
2764 1844 2809 1897 si
2838 1843 2983 1897 alius
3037 1842 3093 1896 in
3146 1842 3371 1896 nomine
3428 1854 3530 1894 suo
3560 1841 3739 1895 venit.

474 1915 630 1968 illum
662 1918 945 1985 recipietis
971 1921 1037 1972 ".
1072 1939 1091 1970 ι
1138 1920 1431 1979 Profectus
1461 1925 1610 1978 enim
1644 1934 1727 1980 est
1757 1926 1809 1979 in
1842 1927 2073 1997 gloriam
2108 1929 2200 1984 Dei
2230 1929 2432 1995 l’atris,
2460 1945 2650 1986 verum
2679 1946 2791 1985 non
2822 1931 2938 1998 ille,
2966 1931 3274 1986 collocatur
3298 1928 3446 1985 enim
3477 1928 3532 1981 in
3562 1927 3739 1981 domi.

471 1999 592 2076 Dei,
633 2019 756 2058 cum
795 2008 1039 2077 seipsum
1075 2008 1417 2066 declarasset
1462 2013 1628 2066 Deum
1660 2029 1804 2069 esse.

546 2089 728 2157 Quare
760 2093 863 2147 sibi
890 2111 994 2149 non
1021 2106 1172 2164 paret
1215 2114 1400 2168 equos.
1432 2099 1571 2172 [16.]
1615 2101 1719 2173 Alii
1755 2113 2131 2173 exposuerunt
2173 2124 2186 2159 :
2233 2105 2590 2161 Veruntamen
2628 2123 2733 2161 non
2763 2106 3169 2176 multiplicabit.
3201 2102 3463 2158 Fortasse
3494 2118 3560 2156 eo
3599 2103 3743 2156 moti

472 2177 622 2233 dicto
654 2195 669 2233 :
705 2199 723 2231 ι
752 2179 966 2250 Equum
1003 2192 1057 2238 et
1090 2193 1363 2240 vectorem
1400 2188 1456 2240 in
1491 2176 1641 2243 mare
1672 2189 1901 2259 projecit
1925 2191 1993 2256 ³⁸,
2031 2211 2051 2245 ›
2085 2194 2177 2263 qui
2218 2209 2382 2249 casus
2412 2204 2714 2250 extremam
2760 2196 3115 2267 ignominiam
3162 2193 3424 2248 aﬂ'erunt.
3457 2191 3744 2258 Quocirca

472 2267 701 2354 inquit:
745 2269 901 2325 Evita
943 2273 1249 2344 principem
1287 2274 1679 2346 alienigenam,
1711 2279 1806 2347 qui
1846 2294 1946 2334 vos
1982 2280 2048 2334 ad
2090 2283 2431 2351 spiritualem
2461 2282 2784 2353 Egyptian,
2831 2294 2884 2338 et
2926 2283 3229 2354 principem
3264 2281 3389 2352 ejus
3444 2279 3740 2342 Satanam,

472 2353 818 2413 Pharaonem
853 2370 1189 2430 repetentem
1217 2378 1313 2417 vos
1343 2364 1589 2419 reducat.
1625 2384 1644 2416 ι
1679 2364 1856 2433 Quod,
1887 2368 2089 2438 inquit,
2121 2369 2386 2425 Dominus
2415 2372 2715 2439 prohibuit.
2746 2391 2762 2423 ι
2791 2353 2958 2425 Juxta
2989 2370 3309 2440 Apostolum
3347 2368 3519 2428 enim,
3544 2386 3561 2419 ι
3584 2365 3743 2422 Fieri

472 2458 585 2498 non
628 2455 834 2515 potest,
883 2458 942 2501 ut
993 2450 1084 2520 qui
1123 2453 1293 2515 semel
1341 2452 1660 2520 illuminati,
1701 2455 1908 2510 lumine
1944 2456 2295 2523 exciderunt,
2348 2457 2417 2512 ad
2473 2459 2853 2528 paenitentiam
2911 2459 3094 2513 denuo
3134 2457 3481 2511 adducantur
3508 2456 3577 2508 ".
3618 2475 3639 2505 ι
3669 2484 3744 2493 -

475 2550 497 2584 ι
530 2530 719 2602 Neque
752 2535 1161 2605 multiplicabit,
1198 2538 1396 2609 inquit,
1425 2541 1532 2596 sibi
1581 2532 1864 2599 mulieres.
1894 2563 1913 2597 ι
1947 2545 2003 2599 lti
2035 2546 2180 2600 enim
2230 2545 2460 2615 pollutio
2500 2555 2607 2609 est,
2649 2562 2771 2614 quae
2803 2545 2873 2601 ab
2907 2544 3327 2611 intemperantia
3366 2552 3422 2598 et
3456 2543 3741 2611 deprava-

469 2618 623 2673 tione
657 2622 840 2677 Omnis
897 2624 1197 2694 impietatis
1246 2635 1473 2683 auctore
1522 2628 1911 2698 proﬁciscitur.
1949 2631 2232 2703 Siquidem
2275 2633 2535 2688 mulieres
2575 2631 2780 2689 fuerint
2825 2634 3169 2704 alienigenae,
3206 2630 3353 2700 quod
3384 2638 3536 2686 certe
3566 2628 3739 2684 Solo-

471 2708 624 2763 tuoni
658 2709 911 2781 contigit.

469 763 552 818 cis
614 764 844 830 obtinet,
882 779 1221 841 quapropter
1283 770 1673 832 inobcdicntite
1716 781 2050 836 contumelia

444 929 449 935 ι
470 854 525 908 in
560 853 731 911 Deum
761 854 1055 916 redundat.

543 2815 686 2885 Quin
721 2838 840 2876 vero
872 2839 966 2878 nec
1001 2835 1281 2895 argentum
1313 2826 1391 2879 vel
1420 2844 1613 2881 aurum
1638 2830 1740 2883 sibi
1775 2830 1875 2898 ipsi
1910 2830 2050 2884 mul-
2084 2816 2125 2872 Β

469 2912 675 2982 tiplicet
710 2916 892 2982 valde,
944 2934 1132 2972 verum
1177 2919 1491 2986 moderate;
1523 2922 1786 2977 nimirum
1822 2922 1891 2977 ad
1933 2923 2051 2978 evi-

444 3007 699 3061 tandum
734 3019 991 3078 sumptus
1024 3010 1369 3066 immodicos.
1404 3012 1610 3068 Deinde
1631 3030 1762 3069 vero
1788 3031 1855 3071 ex
1882 3016 2053 3070 altera

469 3109 651 3168 parte,
676 3099 962 3154 avaritiam
993 3114 1057 3156 ex
1095 3102 1301 3172 iniquis
1333 3105 1714 3173 vectigalibus,
1746 3116 1840 3161 aut
1868 3107 2053 3163 animo

2238 2833 2389 2890 Ἀλλ’
2448 2833 2593 2890 οὐδὲ
2642 2833 2965 2903 ἀργύριον,
3029 2828 3069 2900 ἣ
3127 2829 3387 2899 χρυσίον
3433 2827 3744 2894 aluerint

2153 2927 2348 2992 ἐαυτῷ
2367 2918 2625 2997 σφόδρα,
2653 2925 2889 2996 μετρίως
2917 2922 2998 2989 δὲ,
3021 2920 3262 2992 δηλονότι
3294 2918 3382 2972 διὰ
3415 2917 3513 2980 τὰς
3550 2918 3743 2987 ἀπαρ-

2152 3019 2407 3090 αιτήτους
2443 3017 2712 3080 δαπάνας.
2769 3016 2843 3083 Τὸ
2886 3015 2946 3070 δὲ
2997 3011 3152 3084 παρὰ
3194 3010 3376 3076 τοῦτο,
3424 3007 3741 3073 πλεονεξία.

2154 3109 2217 3175 ἐξ
2240 3110 2444 3165 ἀδίκων
2466 3109 2675 3180 πόρων,
2704 3108 2737 3178 ἦ
2783 3104 3154 3178 ἀπανθρώπου
3190 3101 3439 3172 γνώμης,
3483 3099 3561 3169 μὴ
3590 3098 3744 3169 διορ-

471 3191 800 3257 inhumano,
838 3209 947 3247 non
990 3195 1300 3265 corrigente
1339 3198 1508 3253 rebus
1541 3201 1873 3256 necessariis
1905 3201 2051 3255 indi-

471 3281 739 3350 gentiam,
777 3298 878 3337 nec
909 3299 1061 3353 spem
1097 3299 1251 3339 suam
1300 3286 1354 3339 in
1392 3286 1504 3341 Deo
1539 3287 1874 3355 collocante;
1897 3290 2053 3360 juxta

473 3372 654 3427 illud:
711 3393 730 3426 ι
773 3374 911 3431 Ecce
950 3376 1118 3431 homo
1176 3392 1286 3432 non
1342 3378 1529 3448 posuit
1580 3380 1749 3435 Deum
1796 3367 2055 3451 praesidio

471 3479 612 3535 suo,
669 3483 857 3523 verum
917 3471 1157 3540 speravit
1209 3472 1265 3526 in
1318 3472 1476 3542 copia
1533 3472 1850 3530 divitiarum
1922 3492 2053 3533 sua-

472 3574 595 3612 rum
628 3560 693 3612 ".
728 3580 747 3612 ι

544 3648 901 3706 Meditabitur
930 3664 1048 3708 vero
1097 3654 1571 3711 Deuteronomium
1616 3659 1728 3712 dies
1758 3668 2053 3733 noctesque.

473 3737 615 3813 [l8.]
634 3742 792 3808 Quod
808 3758 941 3798 sane
955 3743 1022 3799 de
1039 3744 1190 3799 nullo
1208 3745 1320 3801 alio
1335 3747 1624 3817 Scriptura
1644 3756 2053 3821 testaturquarn

472 3837 541 3890 de
565 3828 717 3891 Josia
751 3848 873 3907 rege
906 3839 1025 3910 qui,
1059 3857 1077 3891 ι
1101 3840 1243 3894 libro
1273 3841 1328 3894 in
1354 3843 1518 3896 domo
1541 3840 1634 3896 Dei
1657 3857 1799 3913 aegre
1834 3844 2056 3900 invento

429 3932 433 3936 ’
472 3928 748 3999 Iectnqtle,
777 3937 1019 3998 vestem,
1069 3947 1135 3987 eo
1191 3932 1343 4003 quod
1397 3936 1701 3988 enormiter
1750 3935 2052 4002 vixissent,

2154 3201 2423 3271 θουμὲνης
2449 3204 2563 3263 τοῖς
2596 3203 2654 3253 ὲν
2678 3199 2840 3269 χρείᾳ
2864 3197 2965 3267 τὴν
3004 3195 3232 3258 ἔνδειαν,
3270 3192 3405 3263 μηδὲ
3439 3190 3742 3259 τιθεμένης

2154 3293 2247 3346 ἐπὶ
2276 3293 2409 3346 Θεὸν
2441 3291 2541 3363 τὴν
2574 3291 2785 3357 ἐλπίδα,
2818 3290 2962 3345 κατὰ
3003 3289 3086 3354 τὸ,
3114 3308 3133 3339 ι
3164 3288 3299 3341 Ἰδοὺ
3330 3284 3641 3355 ἄνθρωπος,
3681 3281 3743 3345 ὃς

2154 3387 2256 3440 οὐκ
2285 3385 2441 3440 ἔθετο
2485 3386 2577 3439 τὸν
2629 3382 2762 3437 Θεὸν
2807 3380 3000 3454 βοησὶν
3038 3377 3230 3445 αὐτοῦ,
3279 3376 3393 3431 ἀλλ’
3428 3375 3743 3444 ἑπήλπισεν

2155 3478 2246 3533 ἐπὶ
2269 3478 2467 3551 πλήθει
2496 3476 2590 3531 τοῦ
2626 3474 2859 3530 πλούτου
2890 3472 3081 3530 αὐτοῦ.
3120 3493 3138 3525 i

2226 3651 2457 3726 Γράφει
2474 3653 2584 3726 (96)
2612 3650 2803 3718 ἐαυτῷ
2831 3650 2897 3704 τὸ
2926 3646 3408 3715 Δευτερονόμιον.
3428 3640 3602 3694 Τοῦτο
3626 3640 3743 3709 (95)

2155 3751 2334 3805 οὐδενὶ
2368 3748 2513 3817 ἄλλῳ
2561 3745 2992 3817 μεμαρτύρηκεν
3050 3743 3084 3812 ἠ
3117 3736 3329 3809 Γραφῇ,
3378 3734 3519 3803 πλὴν
3553 3732 3745 3802 Ἰωσίᾳ

2155 3846 2234 3918 τῷ
2267 3841 2498 3915 βασιλεῖ,
2533 3839 2715 3912 [μόλις
2744 3836 3060 3907 εὑρεθέντος
3096 3835 3155 3885 ὲν
3190 3832 3324 3900 οἴκῳ
3357 3827 3493 3881 Θεοῦ
3522 3826 3619 3879 τοῦ
3656 3826 3744 3895 βι-

2157 3938 2308 3991 ϐλίου
2330 3953 2346 3969 ο
2373 3935 2470 3989 καὶ
2502 3932 2769 4001 ἀναγνοὺς
2798 3926 3050 3999 διέρρηξε
3071 3925 3171 3995 τὴν
3193 3924 3394 3992 ἐσθῆτα
3423 3921 3491 3974 δι’
3524 3919 3562 3974 ἃ
3595 3935 3744 3988 mp-

471 4020 710 4089 disrupit
732 4061 747 4082 ,
784 4036 849 4076 ac
884 4022 1083 4078 librum
1120 4023 1269 4079 omni
1296 4026 1502 4098 populo
1535 4026 1866 4083 exandiente
1898 4028 2055 4084 lecti-

2155 4029 2459 4099 ηνόμησαν,
2484 4024 2581 4078 καὶ
2608 4022 2820 4092 ἀνέγνω
2840 4020 2902 4074 τὸ
2944 4018 3151 4090 βιϐλίον
3180 4017 3239 4069 ὲν
3265 4018 3379 4078 τοῖς
3400 4012 3747 4123 dictum-co:

472 4112 610 4166 tavit
630 4112 698 4165 ".
735 4129 754 4164 ι

2160 4120 2255 4174 τοῦ
2288 4116 2465 4189 λαοῦ.]

546 4226 804 4283 Dieiuans
872 4228 1276 4286 divinationem.
1328 4222 1558 4303 [XVIIL
1627 4231 1758 4306 ll.-]
1820 4232 1996 4288 Omne
2023 4246 2197 4303 genus
2246 4230 2604 4287 divinationis
2662 4226 3017 4317 diemoniacae
3080 4220 3383 4278 interdicit.
3451 4218 3544 4317 Dei
3588 4218 3738 4317 enim

464 4318 692 4380 solius,
753 4316 1220 4387 quemadmodum
1280 4320 1471 4373 mundi
1535 4321 1856 4388 opiﬁcium,
1906 4321 2370 4392 quemadmodum
2436 4318 2734 4373 viviﬁcatio
2790 4316 3152 4403 omniumque
3211 4323 3400 4403 rerum
3452 4314 3740 4403 pgteulta.

471 4415 658 4460 rerum
691 4403 1002 4460 futurarum
1036 4408 1279 4475 cognitio
1306 4409 1531 4479 propria
1556 4419 1663 4465 est.
1697 4413 1775 4463 Ac
1806 4425 1939 4465 sane
1969 4411 2171 4479 impius
2224 4417 2310 4464 est
2350 4408 2441 4478 qui
2472 4406 2695 4461 Satanae
2739 4419 2860 4459 eam
2913 4400 3184 4455 attribuit.
3211 4398 3289 4452 De
3321 4410 3431 4466 quo
3478 4393 3741 4447 Christus

426 4494 698 4563 -inqeit:
752 4506 772 4544 ι
818 4493 1052 4560 Quando
1109 4495 1456 4550 mendacium
1509 4498 1793 4572 loquitur,
1870 4514 1935 4553 ex
2016 4513 2120 4553 suo
2164 4498 2377 4567 peculio
2431 4496 2720 4563 loquitur.
2782 4490 3045 4583 utnon-iam
3100 4486 3362 4583 ηιξ-πψτη.
3398 4490 3482 4538 est
3545 4496 3739 4583 quem-

473 4582 767 4636 admodUm
804 4586 960 4651 pater
1025 4581 1201 4650 ipsius
1226 4578 1292 4638 ³⁸.
1332 4602 1351 4636 ι
1388 4568 1735 4655 Quapropter
1787 4600 1911 4639 cum
1955 4588 2242 4641 veritatem
2288 4582 2613 4638 divinationi
2668 4594 2764 4650 per
2813 4577 3096 4631 Christum
3133 4573 3297 4628 edita:
3350 4570 3435 4625 lex
3490 4576 3741 4622 astruere

472 4668 660 4732 vellet,
696 4667 828 4721 illud
856 4667 1068 4722 intulit:
1105 4687 1123 4720 ι
1158 4667 1490 4739 Prophetam
1523 4685 1587 4726 ex
1626 4672 1892 4727 fratribus
1914 4673 2026 4727 tuis
2065 4673 2167 4729 mei
2199 4673 2434 4725 similem
2465 4668 2730 4723 excitabit
2764 4665 2862 4757 tibi
2909 4663 3170 4757 Dom-inus
3212 4659 3413 4757 Deus-1t
3444 4656 3566 4725 Ipse
3598 4671 3766 4752 quo--

471 4770 581 4824 que
608 4753 778 4810 Isaias
797 4755 897 4809 soli
933 4754 1041 4811 Deo
1064 4756 1463 4812 divinationem
1498 4757 1725 4824 addicit,
1769 4760 2065 4830 inquiens:
2103 4781 2122 4815 ι
2144 4759 2528 4821 Recordamini
2567 4756 2752 4827 priora
2803 4753 2873 4808 ab
2904 4751 3163 4847 omnibus
3190 4747 3446 4847 Isatculis'.
3474 4757 3741 4847 {ttlotllitﬂf

471 4852 576 4912 ego
617 4858 740 4899 sum
791 4842 955 4905 Deus.
983 4860 1085 4904 nec
1125 4855 1212 4902 est
1242 4856 1440 4918 praaler
1471 4863 1578 4913 me,
1611 4848 1703 4917 qui
1731 4858 1974 4903 extrema
2006 4858 2167 4904 antea
2210 4848 2501 4903 denuntiet
2533 4860 2698 4915 quam
2759 4842 2894 4935 llam
2915 4839 2981 4893 ³³.
3023 4857 3041 4889 ι
3077 4836 3377 4935 Veritaietll
3430 4836 3603 4935 litua"
3633 4836 3740 4935 (ξίεξ

473 4947 619 4999 szepe
655 4930 911 5001 loquatur
942 4931 1132 4999 Satan,
1163 4917 1481 5006 expeculio
1515 4944 1696 4991 tamen
1738 4953 1840 4992 suo
1882 4954 1990 4992 non
2048 4938 2306 5007 loquitur.
2359 4934 2705 5003 Quapropter
2743 4930 3020 4985 daemones
3066 4935 3121 4980 et
3157 4923 3415 4979 Christus
3442 4931 3497 5007 et
3534 4917 3740 5007 Paulus

474 5018 786 5087 increpant,
820 5020 867 5075 si
898 5036 1086 5076 verum
1112 5005 1324 5078 dixisse
1349 5022 1665 5087 videantur,
1685 5032 1944 5093 tanquam
1978 5005 2159 5080 mellis
2184 5023 2446 5079 mistione
2470 5018 3043 5108 acerbitatis‘sensut'n
3072 5005 3577 5108 aditnenteseQHOd
3611 5019 3755 5108 γεω

473 5105 732 5161 Christus
752 5109 1018 5176 propheta
1043 5109 1134 5164 ille
1171 5109 1239 5165 de
1269 5125 1382 5180 quo
1418 5110 1471 5164 in
1507 5098 1921 5180 praesentiarum
1962 5112 2188 5176 dicitur,
2232 5108 2418 5172 fuerit,
2462 5121 2563 5162 nec
2581 5103 2753 5160 Josua
2780 5102 2946 5192 rﬁlius
2968 5098 3138 5192 Nave,
3166 5095 3516 5192 manifestum
3546 5102 3631 5147 est
3670 5107 3737 5192 ex

473 5208 542 5248 eo
565 5193 710 5263 quod
740 5195 890 5249 circa
929 5195 1091 5249 tinem
1135 5178 1545 5251 Denteronomii
1576 5199 1816 5253 dicitur:
1864 5217 1885 5250 ι
1922 5198 2040 5252 Νοιι
2078 5198 2319 5255 surrexit
2364 5197 2602 5267 amplius
2638 5191 2905 5263 propheta
2937 5190 2993 5280 in
3038 5185 3345 5280 Jerusalem
3398 5178 3740 5280 lalis‘t'lualls

477 5282 655 5341 Moses
680 5284 894 5339 exstitit
918 5286 1017 5338 “.i
1050 5284 1114 5338 Et
1132 5286 1260 5341 alibi
1289 5304 1303 5340 :
1326 5306 1344 5338 ι
1372 5286 1563 5356 Etjam
1591 5288 1880 5343 suscitavit
1900 5304 2046 5352 eum,
2073 5297 2127 5342 et
2143 5286 2429 5342 constituit
2451 5265 2764 5338 coramtoto
2784 5278 3041 5373 cmtn”,i
3071 5283 3128 5329 ιιι
3158 5274 3211 5373 in
3236 5270 3514 5371 l‘lumeris.
3534 5265 3738 5373 Verum

477 5387 586 5426 non
619 5369 723 5427 fuit
762 5371 1041 5439 legislator
1082 5370 1221 5427 Mosi
1252 5374 1474 5437 similis,
1509 5390 1688 5445 neque
1720 5389 1906 5444 parem
1950 5375 2183 5446 adeptus
2218 5384 2304 5429 est
2340 5373 2595 5444 gratiam,
2630 5377 2839 5439 partem
2880 5366 3149 5421 duntaxat
3185 5364 3359 5431 ipsius
3393 5364 3628 5426 accepit.

548 5499 594 5531 ’³
659 5498 851 5553 Matth.
896 5498 1130 5561 xxm,2.
1209 5500 1256 5531 "‘
1282 5501 1429 5556 Psal.
1466 5517 1526 5567 tt,
1553 5501 1608 5556 6.
1686 5502 1730 5536 ’³
1767 5502 1925 5557 Joan.
1956 5519 2010 5564 ι’,
2044 5507 2058 5556 Δ

2213 5504 2259 5536 ’⁸
2299 5501 2469 5557 Ιίκιιιὶ.
2504 5516 2592 5563 xv,
2618 5498 2712 5551 Ἢ.
2791 5497 2836 5528 ’⁷
2870 5494 3036 5549 llelir.
3074 5508 3149 5567 vt,
3184 5495 3237 5548 4.
3292 5486 3533 5567 1⁸95³1.
3569 5487 3732 5549 Lt,9.

480 5572 524 5642 ν’
559 5569 620 5622 IV
665 5572 797 5641 lteg.
827 5585 959 5632 χχιι.
1002 5559 1222 5642 7'se';q.
1298 5572 1343 5603 ³⁰
1367 5559 1526 5626 ,Ιυιιιιξ
1573 5588 1689 5631 vtn.
1722 5572 1809 5627 Η.
1924 5573 1967 5605 ³³
2001 5559 2057 5629 is

2160 5589 2288 5629 ιιι-ι.
2347 5574 2487 5632 9.10.
2580 5559 2645 5600 ’⁸³
2680 5570 2837 5623 Deut.
2873 5580 3060 5628 XX‘ttV,
3091 5564 3175 5616 lt).
3289 5562 3334 5594 ³⁸
3363 5559 3530 5614 Num.
3567 5571 3735 5611 xxvn.

476 5641 564 5696 22.
1193 5641 1196 5642 ⁷
1467 5653 1474 5660 ’

1874 5779 1880 5785 .
1987 5732 2223 5788 ΝΟΤ.”Ε.

548 5828 660 5899 till)
690 5829 1011 5900 Μελετήσει.
1059 5829 1117 5882 Ὀ
1156 5830 1248 5899 τῆς
1282 5827 1416 5895 Aﬁr.
1456 5826 1585 5879 κώδ.

2203 5825 2342 5899 lilii)
2377 5826 2574 5896 Ὅπερ.
2609 5822 2666 5877 'U
2691 5823 2814 5877 αὐτ.
