4036 6214
406 328 506 395 917

1226 394 1237 405 ,
1331 330 1867 393 COMMENTARII
1908 328 1987 390 ΙΝ
2022 325 2715 389 DEUTERONOMIUM.

3559 322 3671 388 918

479 448 604 499 Ὀτι
654 444 714 498 δὲ
760 445 880 498 οὐδὲ
930 443 1089 498 ἄλλον
1138 445 1263 500 τινὰ
1303 446 1457 516 δηλοῖ
1505 447 1615 500 τῶν
1663 446 1980 518 προφητῶν,

2158 441 2313 508 Quod
2345 458 2473 498 vero
2506 441 2718 496 nullum
2777 437 3165 509 prophetarum
3222 428 3393 493 alium
3445 439 3663 501 innuat,

407 536 565 609 δῆλον
594 537 659 590 ἐκ
696 535 787 589 τοῦ
822 536 1051 600 πολλοὺς
1074 537 1359 605 γεγονέναι
1401 539 1712 607 προφήτας,
1744 537 1820 601 ὡς
1856 536 1986 606 περὶ

409 629 524 692 ἑνὸς
557 629 613 682 δὲ
645 629 765 682 κατ’
790 627 1066 699 ἐξαίρετον
1086 628 1370 697 λέγεσθαι.
1407 629 1503 681 Ὃν
1531 628 1595 701 δὴ
1622 630 1716 682 καὶ
1740 628 1858 681 κατ’
1885 628 1984 681 αὐ·-

407 723 499 774 τὸν
528 720 858 793 γενήσεσθαί
899 736 1039 791 φησι
1077 720 1338 791 Μωῦσῆς.
1390 721 1489 773 "Ov
1523 736 1631 791 περ
1681 719 1777 773 καὶ
1814 736 1986 789 προσ-

408 811 676 875 δοκῶντες
717 812 963 865 Ἰουδαῖοι
1002 811 1142 882 μετὰ
1173 811 1467 875 τοσούτους
1511 811 1809 880 γεγονότας
1851 828 1987 881 προ-

410 902 587 971 φήτας
613 901 841 972 ἠρώτων
874 900 964 954 τὸν
997 901 1275 971 Ἰωάννην,
1304 921 1321 952 ι
1348 902 1419 955 Σὺ
1449 898 1501 954 εἷ
1540 903 1568 955 6
1600 903 1927 972 προφήτης;
1964 919 1983 951 ι

416 995 482 1048 Ὅ
506 993 562 1047 δέ
592 1010 782 1064 φησιν,
812 994 926 1048 Οὐκ
944 993 1083 1064 είμί,
1114 993 1293 1047 καίτοι
1312 997 1599 1064 προφήτης
1626 994 1723 1048 ὢν.
1745 994 1871 1058 ιιῶς
1898 989 1990 1047 οὖν

410 1087 558 1140 κατὰ
589 1086 683 1140 τὸν
717 1086 962 1141 Μωῦσέα
989 1086 1241 1156 Χριστὸς,
1284 1086 1377 1138 καὶ
1423 1086 1625 1157 μείζων
1653 1078 1991 1153 ὲκείνουίὈ

415 1179 514 1247 μὲν
545 1178 653 1249 γὰρ
675 1178 1054 1251 ἠλευθέρωσεν
1083 1181 1143 1247 ἐξ
1180 1183 1497 1251 Αἰγυπτίων
1533 1182 1662 1235 λαὸν
1696 1183 1792 1235 ἕνα
1813 1199 1829 1214 ·
1856 1183 1993 1253 Χρι-

416 1270 540 1331 στὸς
560 1268 616 1322 δὲ
647 1268 746 1337 τῆς
776 1268 869 1323 τοῦ
891 1271 1138 1325 διαϐόλου
1179 1273 1502 1337 δυναστείας
1532 1275 1714 1327 πᾶσαν
1738 1272 1838 1343 τὴν
1864 1274 1989 1343 γῆν.

419 1367 513 1426 Ὃς
546 1365 895 1436 ὑποχειρίους
928 1367 1139 1431 πάντας
1179 1368 1321 1438 ἔχων
1349 1366 1693 1436 ἀνθρώπους,
1719 1365 1992 1420 νεανιευό-

416 1472 579 1525 μενος
604 1455 777 1523 ἔλεγε·
814 1474 833 1507 ι
860 1458 971 1526 Τὴν
1001 1458 1331 1529 οἰκουμένην
1361 1458 1487 1527 ὅλην
1515 1457 1901 1529 καταλήψομαι
1926 1459 1991 1528 τῇ

414 1548 560 1619 χειρί
587 1564 689 1618 μου
719 1547 795 1611 ὡς
836 1549 1079 1614 νοσσιὰν,
1119 1551 1214 1606 καὶ
1266 1551 1343 1615 ὡς
1395 1548 1865 1620 καταλελειμμένα
1911 1548 1995 1602 ὠά

414 1640 533 1711 ἀρῶ
554 1657 567 1670 ’
605 1639 702 1692 καὶ
735 1640 837 1693 οῦκ
868 1640 1014 1694 ἐστιν
1056 1623 1126 1706 ὅς’
1155 1642 1510 1711 διαφεύξεταί
1553 1658 1641 1713 με,
1669 1642 1703 1711 ἢ
1751 1641 1995 1695 ἀντείπει

418 1750 528 1801 μιιέ
557 1754 576 1787 ι

485 1907 644 1976 Αὖθις
663 1914 691 1965 6
709 1912 810 1982 μὲν
833 1910 925 1965 τὸν
945 1914 1073 1966 λαὸν
1097 1912 1182 1966 διὸ
1218 1912 1497 1984 θαλάσσης
1523 1913 1823 1968 διεϐίϐασει
1841 1904 2001 1984 Ἔρυ-

414 2003 549 2071 θρᾶς
576 2003 984 2066 καταποντίσας
1024 2004 1154 2067 τοὺς
1205 2006 1543 2073 Αἰγυπτίους
1570 2022 1582 2035 ·
1610 2008 1639 2059 6
1681 2006 1738 2060 δὲ
1766 2006 1835 2059 τὰ
1869 2005 1997 2077 ἔθνη

414 2093 593 2146 πάντα
617 2093 707 2147 διά
742 2094 1143 2165 βαπτίσματος,
1176 2097 1586 2160 καταποντίσας
1611 2096 1751 2168 μετὰ
1775 2099 1869 2151 τοῦ
1885 2098 1997 2152 διαο

412 2181 571 2235 δόλου
593 2184 722 2247 τοὺς
756 2184 1021 2255 δαίμονας
1042 2203 1055 2215 ⁸
1101 2188 1241 2258 ὅπερ
1284 2187 1364 2241 ἔτι
1402 2187 1555 2257 δηλοῖ
1591 2189 1684 2242 καὶ
1723 2191 1755 2259 ἡ
1789 2189 1877 2244 διὰ
1903 2190 1998 2244 τοῦ

426 2273 691 2344 Ἰορδάνου
721 2274 990 2340 διάϐασις,
1024 2279 1247 2332 σώσασα
1279 2279 1381 2350 μὲν
1406 2278 1673 2344 εὐσεϐεῖς,
1703 2280 1921 2344 ἀσεϐεῖς
1942 2281 1999 2333 δὲ

413 2367 709 2433 διώκοντας
737 2371 1030 2441 φθείρασα.
1078 2374 1136 2424 Ὀ
1183 2372 1280 2442 μὲν
1321 2372 1499 2441 μάννα
1538 2370 1770 2423 δέδωκεν
1801 2370 1998 2441 αἰσθη-

413 2462 538 2514 τόν·
573 2465 602 2516 6
632 2464 692 2516 δὲ
722 2464 954 2533 Χριστὸς
991 2464 1206 2527 ἐαυτὺν,
1242 2465 1406 2534 ἄρτον
1447 2463 1507 2528 ἐξ
1543 2463 1776 2534 οὐρανοῦ
1822 2481 1997 2517 κατα-

414 2555 608 2608 ϐάντα.
642 2555 886 2623 Μεσίτης
933 2552 1002 2626 ἦν
1044 2559 1072 2610 6
1119 2557 1360 2625 Μωῦσῆς
1422 2555 1642 2626 Ἰσραὴλ
1690 2556 1785 2608 καί
1818 2556 1956 2610 Θεοῦ
1983 2574 1998 2589 ’

415 2646 588 2700 ἐθνῶν
615 2647 673 2699 δὲ
703 2649 923 2701 πάντων
952 2648 1049 2702 καὶ
1079 2646 1175 2701 τοῦ
1207 2648 1419 2720 [ἰατρὸς
1455 2648 1484 2700 6
1524 2649 1780 2719 Χριστός.
1817 2650 1998 2718 Νομο-

416 2738 578 2809 θέτης
603 2739 809 2799 ἐκεῖνος
846 2737 1397 2808 ὑπηρετούμενος’τῷ
1425 2736 1543 2806 Θεῷ
1565 2753 1577 2766 ·
1612 2738 1640 2790 6
1665 2736 1720 2790 δὲ
1745 2737 1865 2791 κατ’
1900 2739 2000 2790 αὐ-

416 2829 636 2883 θεντίαν
665 2830 740 2893 ὡς
772 2831 908 2892 Θεὶς
929 2831 1158 2892 εἰκότως
1181 2828 1486 2901 νομοθετεῖ,
1514 2829 1689 2896 λέγων
1707 2845 1723 2860 ο
1753 2848 1772 2881 ι
1807 2830 2004 2884 Ἠκού-

421 2938 548 2976 σατε
572 2923 654 2975 ὅτι
689 2921 889 2992 ἐρρέθη
919 2924 1029 2982 τοῖς
1060 2922 1329 2992 ἀρχαίοις,
1361 2923 1434 2975 Οὐ
1470 2908 1752 2992 φονεύσεις
1775 2939 1789 2953 ·
1814 2924 1925 2993 ἐγὼ
1946 2924 2006 2979 δὲ

420 3011 564 3080 λέγω
597 3014 746 3082 ὑμῖν,
794 3012 927 3083 μηδὲ
969 3012 1290 3085 ὀργίζεσθαι
1350 3014 1493 3085 εἰκῆ,
1552 3033 1571 3067 ι
1603 3014 1804 3069 καὶτὰ
1852 3016 2002 3085 ἑξῆς.

435 3101 551 3170 Ἐφ’
582 3095 664 3165 οἷς
689 3102 1024 3171 έπιλέγεται,
1056 3104 1139 3157 ὄτι
1172 3102 1561 3175 ἐξεπλήττοντο
1592 3104 1791 3168 πάντες
1819 3106 1912 3163 ἐπὶ
1938 3109 2002 3177 τῇ

421 3193 610 3266 διδαχῇ
639 3195 826 3249 αὐτοῦ.
845 3191 954 3249 Ἶίν
979 3195 1088 3264 γάρ
1115 3196 1383 3251 διδάσκων
1402 3198 1621 3261 αὐτοὺς,
1651 3198 1729 3260 ὡς
1754 3197 2004 3263 ἐξουσίαν

421 3286 562 3355 ἔχων
582 3299 597 3314 ⁸
635 3281 697 3340 οὗ
728 3288 827 3358 τὴν
847 3275 1242 3358 νομοθεσίανοί
1269 3286 1475 3343 ἐθνικοὶ
1503 3289 1890 3360 παρεδέξαντο.
1915 3290 2006 3343 Διὸ

423 3377 677 3447 προλέγει
699 3379 887 3445 Δαϐίδ,
917 3399 936 3430 ι
966 3381 1350 3451 Κατάστησον,
1378 3381 1894 3453 Κύριε,νομοθέτην
1921 3384 2006 3436 ἐπ’

422 3469 637 3531 αὐτούς.
677 3468 978 3524 Γνώτωσαν
1009 3470 1138 3542 ἔθνη
1169 3472 1253 3525 ὅτι
1280 3472 1560 3543 ἄνθρωποί
1590 3474 1748 3528 εἰσιν.
1778 3493 1797 3525 ι
1832 3474 2008 3546 Ὅπερ

422 3563 450 3613 6
496 3561 736 3627 Μωῦσῆς
793 3562 894 3614 οὐκ
950 3563 1244 3633 ἠγνόηκεν,
1296 3565 1372 3627 ὡς
1402 3565 1536 3628 Θεὸς
1583 3567 1679 3619 καί
1711 3566 2011 3637 νομοθέτης

424 3650 574 3703 ὲστίν
606 3650 635 3701 6
659 3652 914 3721 Χριστός.
949 3654 1145 3707 Καίτοι
1189 3655 1299 3725 γάρ
1345 3659 1475 3726 περὶ
1505 3658 1613 3710 τῶν
1643 3658 1790 3711 ἰδίων
1829 3658 2011 3728 νόμων

425 3740 619 3806 εἰπὼν,
641 3746 741 3794 οὐκ
774 3742 890 3794 ἔστι
927 3744 1265 3813 προσθεῖναι,
1289 3747 1385 3801 καὶ
1407 3749 1501 3801 ἀπ’
1531 3747 1713 3801 αὐτῶν
1740 3750 1839 3802 οὐκ
1864 3752 2013 3804 ἐστιν

425 3829 667 3915 ἀφελεῖν,
700 3834 960 3903 ἐννοήσας
1000 3834 1103 3904 τὴν
1149 3836 1259 3890 τῶν
1301 3840 1648 3892 Δεσποτικῶν
1684 3839 2016 3911 ἀξιωμάτων

430 3922 702 3993 ὑπεροχήν
732 3929 1047 3997 παρεγγυᾷ,
1075 3926 1271 3996 λέγων,
1309 3948 1328 3987 ς
1354 3930 1530 3983 Αὐτοῦ
1550 3931 1855 3985 ἀκούσεσθε
1872 3934 2016 3986 κατὰ

425 4016 604 4068 πάντα
636 4017 738 4069 ὅσα
770 4018 867 4072 ἐὰν
903 4017 1117 4090 λαλήσῃ
1167 4020 1306 4091 πρὸς
1354 4022 1527 4092 ὑμᾶς,
1559 4042 1579 4075 ι
1612 4025 1858 4078 τουτέστι
1909 4026 2015 4078 κᾶν

422 4106 515 4160 τὸν
545 4108 613 4161 δι’
644 4108 780 4178 ἐμοῦ
810 4110 977 4180 νόμον
1004 4111 1163 4183 ἐθέλῃ
1194 4117 1530 4182 μεταποιεῖν.
1558 4114 1676 4168 Ἵνα
1713 4114 1770 4168 δὲ
1803 4114 1880 4186 μὴ
1916 4116 2013 4186 μό-

423 4216 514 4252 νον
539 4201 821 4265 Μωῦσέως
850 4204 880 4255 6
909 4202 1067 4271 λόγος
1095 4204 1343 4275 ὑπάρχῃ,
1383 4205 1595 4274 βεϐαιοῖ
1625 4205 1816 4261 τοῦτον
1842 4209 1872 4260 6
1905 4208 2016 4260 Πα-

324 4367 349 4381 .
424 4294 551 4364 τὴρ,
585 4294 783 4362 λέγων,
823 4314 842 4347 σ
894 4296 1101 4366 Ὀρθῶς
1121 4297 1302 4351 πάντα
1336 4299 1436 4352 ὅσα
1461 4298 1756 4370 ὲλάλησας,
1800 4303 2016 4372 προφή-

423 4404 524 4457 την
548 4389 840 4461 ἀναστήσω
868 4391 1053 4452 αὑτοίς
1099 4389 1291 4461 ὥσπερ
1334 4392 1415 4456 σὲ,
1442 4393 1537 4445 καὶ
1585 4393 1742 4447 δώσω
1770 4394 1831 4446 τὸ
1865 4395 2016 4464 ῥῆμά

2086 550 2153 591 ex
2181 550 2245 590 eo
2272 535 2421 605 quod
2468 534 2623 588 tunlti
2657 533 2938 604 propheta:
2960 530 3195 586 -l'ueruut
3221 531 3431 586 clarum
3471 540 3575 595 est.
3606 542 3664 587 ιιι

2088 628 2155 683 de
2187 643 2298 682 uno
2346 628 2585 696 quodam
2634 642 2729 697 per
2767 624 3150 680 excellentiam
3206 624 3441 680 dicatur.
3496 623 3665 693 Quem

2089 733 2223 776 sane
2246 720 2598 789 sibi‘quoque
2631 718 2866 773 similem
2894 717 3008 772 fore
3039 716 3216 771 Muses
3243 716 3465 772 iudicat.
3495 714 3667 783 Quem

2089 811 2311 881 quidem
2345 808 2519 865 Juda-i
2557 824 2776 878 quoque
2820 817 3230 890 exspectantes,
3267 818 3388 878 post
3423 816 3502 862 tot
3547 824 3672 878 pro-

2090 903 2378 973 phetarum
2411 904 2578 956 vitam
2608 900 2873 955 Joannem
2906 889 3315 970 inter-rogarunt
3337 889 3362 953 :‘
3388 918 3407 951 ι
3442 898 3580 952 Num
3616 909 3672 952 ιιι

2092 994 2365 1064 propheta
2386 994 2476 1048 ille
2504 1009 2565 1050 es
2593 992 2680 1047 ³δῖ
2704 1011 2723 1045 ι
2748 993 2817 1047 At
2837 993 2927 1047 ille
2959 1007 3021 1047 se
3049 1007 3170 1047 esse
3205 1001 3387 1062 negat,
3421 992 3674 1062 quamvis

2094 1088 2232 1142 alias
2284 1086 2551 1157 propheta
2626 1094 2797 1141 esset.
2854 1084 2974 1151 Qua
3044 1084 3212 1151 igitur
3271 1084 3486 1138 ratione
3537 1081 3674 1136 Mosi

2094 1179 2348 1235 Christus
2399 1178 2615 1243 similis,
2665 1178 2772 1230 imo
2805 1177 2982 1244 major
3020 1176 3114 1229 illo
3153 1174 3274 1231 est?
3328 1173 3421 1229 Ille
3453 1173 3673 1245 quidem

2096 1286 2161 1325 ex
2222 1270 2460 1340 Egypto
2515 1270 2750 1324 asseruit
2789 1268 3050 1338 pupulum
3105 1268 3330 1321 unicum
3370 1286 3382 1322 :
3420 1267 3676 1321 Christus

2094 1378 2227 1419 vero
2252 1377 2317 1415 ex
2345 1360 2552 1415 diaboli
2580 1360 2810 1429 imperio
2834 1366 3038 1413 terram
3063 1362 3398 1412 universam.
3419 1358 3521 1424 Qui
3551 1373 3674 1411 cum

2096 1463 2325 1509 cunctos
2353 1453 2606 1508 homines
2636 1452 2861 1506 haberet
2895 1451 3170 1515 subditos,
3194 1449 3421 1519 juvenili
3454 1456 3677 1519 sumpto

2097 1549 2301 1612 animo,
2343 1546 2482 1601 dixit
2511 1562 2525 1598 :
2559 1564 2576 1595 ι
2603 1544 2824 1597 Terram
2863 1552 3031 1597 totam
3077 1542 3323 1607 subigam
3361 1557 3525 1596 manu
3557 1556 3676 1596 mea

2099 1642 2359 1702 tanquam
2396 1632 2513 1685 avis
2558 1631 2786 1700 pullum,
2822 1630 2987 1702 445
3035 1640 3088 1685 et
3130 1630 3382 1701 colligam
3416 1639 3675 1701 tanquam

2099 1739 2201 1778 ova
2228 1723 2439 1777 relicta.
2484 1720 2595 1776 Nec
2621 1722 2715 1791 qui
2763 1737 2846 1776 me
2877 1719 3121 1788 eﬂugiet,
3153 1729 3247 1773 aut
3282 1721 3411 1776 mihi
3450 1721 3679 1779 rebellet

2028 1799 2072 1855 Β
2100 1823 2184 1871 est
2213 1816 2278 1867 ⁸⁵.
2313 1833 2332 1866 ι

2173 1903 2347 1959 Porro
2382 1903 2474 1957 ille
2511 1902 2731 1972 quidem
2785 1902 3046 1973 populum
3103 1917 3199 1971 per
3240 1918 3394 1958 mare
3435 1903 3680 1957 Rubrum

2102 1995 2370 2061 traduxit,
2397 1993 2797 2064 {Egyptiosqne
2824 1994 2992 2048 maris
3022 1992 3280 2047 ﬂuetibus
3305 1992 3561 2049 involvit.
3584 1992 3681 2049 Hic

2103 2104 2233 2144 vero
2249 2103 2443 2142 omnes
2470 2095 2659 2157 gentes
2685 2086 2960 2157 baptismo
2991 2088 3232 2156 tinge-ns,
3259 2085 3681 2142 dmiuones'eum

2103 2181 2320 2235 diabolo
2346 2176 2665 2241 submersit,
2715 2177 2861 2248 quod
2904 2178 3067 2231 etiam
3119 2176 3385 2230 transitus
3427 2192 3520 2246 per
3556 2175 3683 2231 Jor-

2103 2274 2298 2328 danem
2331 2268 2593 2333 illustrat,
2620 2286 2731 2340 quo
2760 2270 2833 2339 pii
2859 2270 3081 2339 quidem
3111 2278 3240 2322 sunt
3269 2270 3498 2331 servati,
3530 2269 3684 2341 impii

2104 2378 2235 2417 vero
2273 2367 2658 2430 persecutores
2693 2360 3053 2429 pessumdati.
3091 2359 3185 2414 Ille
3231 2360 3455 2430 quidem
3486 2375 3684 2415 manna

2103 2456 2308 2511 sensile
2337 2452 2508 2508 dedit.
2540 2450 2799 2507 Christus
2839 2468 2969 2507 vero
3012 2453 3256 2521 seipsutn
3294 2469 3487 2523 panem
3521 2452 3688 2522 quin

2103 2548 2244 2613 etelo
2283 2544 2593 2602 descendit.
2632 2543 3018 2598 lnternuutius
3049 2552 3175 2598 erat
3202 2543 3380 2599 Moses
3416 2544 3688 2598 lsraelita—

2102 2655 2225 2694 rtnn
2259 2647 2422 2702 atque
2462 2635 2580 2690 Dei.
2629 2634 2961 2704 Populornm
3004 2650 3137 2690 vero
3183 2636 3429 2690 omnium
3472 2644 3527 2690 et
3593 2635 3686 2691 Dei

2105 2731 2286 2786 Patris
2315 2729 2574 2785 Christus
2598 2736 2703 2784 est.
2738 2726 3051 2798 Legislator
3079 2736 3198 2782 erat
3229 2728 3341 2795 ille,
3366 2742 3430 2782 ac
3463 2728 3554 2783 Dei
3584 2730 3689 2782 mi-

2108 2824 2302 2879 nister.
2343 2822 2442 2876 llic
2472 2837 2601 2879 vero
2638 2822 2779 2876 Deus
2809 2836 2935 2875 cmn
2973 2821 3065 2888 sit,
3103 2821 3689 2892 propriaauctoritate

2109 2916 2311 2970 merito
2339 2916 2486 2986 leges
2522 2913 2682 2968 nobis
2719 2911 2847 2976 fert,
2872 2928 2938 2969 ac
2969 2913 3154 2982 inquit
3180 2930 3194 2966 :
3226 2931 3244 2965 ι
3279 2914 3524 2968 Audistis
3544 2916 3687 2984 quod

2109 3008 2314 3063 dictum
2350 3015 2437 3061 est
2471 3005 2739 3075 antiquis,
2775 3002 2896 3059 Non
2921 3005 3183 3072 occides;
3212 3014 3266 3059 at
3298 3021 3400 3076 ego
3432 3006 3556 3061 dico
3592 3023 3687 3061 vo-

2111 3099 2219 3165 bis,
2246 3097 2326 3153 Ne
2360 3098 2624 3153 irascaris
2657 3096 2840 3152 abs‘re
2871 3096 2972 3161 ³⁸,ι
3008 3105 3207 3166 ατο-(ιιιπ
3240 3097 3522 3167 deinceps.
3555 3097 3690 3153 Pro-

2111 3200 2294 3260 pterea
2348 3189 2572 3252 dicitur,
2626 3187 2774 3258 quod
2821 3203 3014 3243 omnes
3059 3203 3225 3258 super
3274 3187 3524 3243 doctrina
3569 3190 3693 3258 ejus

2108 3281 2499 3352 obstupuerint
2535 3280 2603 3333 ⁸⁷.
2644 3278 2890 3335 Docebat
2931 3279 3078 3334 enim
3132 3294 3229 3335 eos
3264 3284 3525 3350 tanquam
3566 3282 3694 3350 quis

2111 3375 2443 3430 auctoritate
2470 3371 2765 3444 praeditus.
2789 3370 2959 3441 Cujus
2982 3385 3117 3427 sane
3147 3371 3309 3442 leges
3327 3372 3533 3427 ethnici
3554 3388 3696 3442 quu-

2112 3482 2219 3536 que
2241 3475 2593 3535 acceperunt.
2619 3463 2899 3529 Quocirca
2924 3463 3259 3518 vaticinatur
3291 3462 3459 3517 David
3481 3482 3522 3517 ει
3545 3463 3693 3520 Con-

2114 3561 2281 3614 stitne
2329 3554 3023 3627 legislaturem,Domine,
3067 3571 3234 3625 super
3276 3555 3448 3625 ipsos.
3478 3554 3697 3626 Cogno-

2114 3658 2269 3706 scant
2318 3657 2511 3719 gentes
2561 3646 2707 3717 quod
2757 3648 3017 3701 homines
3054 3655 3183 3700 sunt
3228 3646 3296 3699 ³⁸.
3338 3666 3360 3698 ι
3390 3648 3546 3713 Quod
3585 3662 3696 3700 non

2116 3741 2390 3811 ignoravit
2423 3738 2625 3801 Moses,
2654 3738 2801 3807 quod
2831 3736 2979 3791 Deus
3007 3745 3064 3790 et
3085 3738 3262 3806 legum
3281 3737 3421 3790 lator
3443 3737 3699 3793 Christus

2116 3842 2224 3885 est.
2259 3831 2373 3885 Etsi
2402 3831 2550 3884 enim
2576 3830 2645 3884 de
2674 3830 2795 3884 suis
2832 3830 3049 3898 legibus
3079 3828 3240 3891 dixit,
3284 3827 3404 3883 Non
3442 3830 3568 3884 licet
3599 3830 3698 3885 ad-

2115 3925 2269 3985 dere,
2298 3938 2397 3978 nec
2429 3908 2498 3975 ab
2514 3921 2594 3975 eis
2612 3921 2835 3975 demere
2864 3921 2988 3975 licet
3018 3923 3083 3985 ³⁸,
3116 3931 3446 3975 tamencum
3482 3921 3697 3975 Domini

2117 4017 2203 4071 sui
2235 4016 2548 4085 dogmatum
2583 4013 2966 4068 excellentiam
3018 4014 3341 4082 cogitasset,
3401 4013 3470 4067 de
3503 4013 3695 4068 iisdem

2118 4109 2173 4162 in
2205 4108 2318 4161 haec
2346 4106 2509 4161 verba
2554 4105 2801 4174 prxcipit
2836 4119 2850 4155 :
2900 4121 2917 4154 ι
2956 4103 3136 4171 Ipsum
3173 4104 3408 4160 audietis
3441 4106 3494 4158 in
3521 4107 3700 4160 omni;

2118 4201 2224 4256 bus
2254 4214 2602 4269 qnmcnnqne
2625 4196 3123 4260 vobisdixerit“,i
3153 4197 3256 4250 hoc
3278 4200 3493 4260 est,etsi
3524 4200 3694 4261 legem

2120 4309 2216 4361 per
2243 4291 2516 4346 melatam
2559 4289 2695 4345 velit
2743 4288 3057 4343 immutare.
3100 4287 3178 4342 Ne
3209 4305 3340 4343 Vero
3389 4307 3573 4344 sermo
3608 4291 3700 4344 ille

2119 4386 2290 4438 Musis
2319 4391 2529 4436 tantum
2558 4395 2683 4435 esse
2712 4378 2983 4442 videatur,
3028 4380 3319 4434 conlirmat
3352 4396 3474 4433 eum
3514 4381 3696 4443 Pater.

430 4496 531 4533 μου
569 4483 628 4533 ὲν
657 4479 736 4551 τῷ
759 4482 988 4551 στόματι
1007 4483 1196 4537 αὐτοῦ.
1233 4503 1252 4535 ι
1296 4484 1439 4539 Ἀλλ’
1479 4486 1598 4556 ἐρεῖ
1637 4503 1756 4551 τις,
1793 4486 1870 4550 ὡς
1916 4487 2002 4540 καὶ

2117 4478 2338 4539 dicens;
2373 4492 2391 4524 ι
2431 4472 2601 4526 Recte
2636 4485 2717 4534 se,
2750 4480 3096 4539 quaecunque
3129 4469 3343 4523 loeutus
3369 4470 3698 4531 ος.1ι;ιι›ειιι,

425 4573 539 4634 τοῖς
561 4572 744 4636 ἄλλοις
795 4568 1107 4645 προφήταις
1138 4578 1291 4648 ῥῆμα
1336 4578 1610 4649 παρέσχεν
1638 4578 1821 4642 αὐτὸς.
1867 4579 2009 4633 Ἀλλ’

426 4662 628 4714 ἐκεῖνοι
665 4663 766 4731 μὲν
808 4662 1156 4736 δουλοπρεπῆ
1196 4667 1618 4738 τήν.διακονίαν
1670 4670 2009 4741 ποιούμενοι,

427 4752 565 4805 Τάδε
600 4752 748 4838 λέγει
782 4753 1005 4826 Κύριος,
1035 4755 1243 4824 ἐλεγοψ
1276 4759 1305 4810 6
1333 4759 1412 4823 δὲ,
1442 4761 1519 4823 ὡς
1553 4759 1631 4814 ὢν
1664 4760 1830 4830 φύσει
1853 4762 2008 4828 Θεὸς,

425 4843 505 4915 τῷ
536 4844 637 4915 μὲν
659 4844 846 4917 λεπρῷ
892 4864 1048 4916 φησι,
1087 4867 1105 4897 ι
1128 4849 1299 4914 Θέλω,
1349 4850 1742 4921 καθαρίσθητι·
1788 4871 1806 4904 ι
1842 4853 1922 4923 τῷ
1951 4853 2009 4905 δὲ

426 4936 696 5007 νεανίσκῳ
724 4937 927 5007 νεκρῷ,
957 4956 975 4989 ι
1015 4937 1108 4991 Σοὶ
1135 4938 1300 5007 λέγω,
1316 4941 1571 5013 ἐγέρθητι
1590 4959 1606 4975 ⁸
1643 4963 1662 4996 ι
1698 4945 1792 4998 καὶ
1823 4945 2011 5009 Λαζά-

431 5043 527 5097 ρῳ,
560 5046 578 5079 ι
613 5027 786 5097 Δεῦρο
822 5026 948 5093 ἔξω.
994 5047 1012 5080 ι
1057 5030 1146 5092 Ὠς
1174 5030 1230 5084 δὲ
1261 5032 1596 5102 δημιουργὸς
1639 5035 1883 5106 ἐπετίμα
1914 5034 2013 5088 θα-

427 5120 604 5194 λάσσῃ
642 5118 739 5173 καὶ
769 5120 1069 5190 πνεύμασι,
1091 5141 1110 5173 ι
1146 5122 1356 5189 Σιώπα,
1384 5123 1582 5193 λέγων,
1618 5127 1929 5196 πεφίμωσο.
1988 5146 2007 5179 ι

437 5211 603 5283 ὐρᾷς
633 5213 708 5281 πῆ
746 5211 845 5281 μὲν
866 5212 1125 5275 οὐσιῶδες
1169 5214 1339 5285 ῥῆμα,
1382 5218 1457 5286 πῆ
1500 5216 1559 5269 δὲ
1601 5217 2011 5287 κατ’ἑλλαμψιν

431 5303 685 5374 μερικὴν.
710 5302 803 5355 Διό
823 5319 988 5373 φησιν
1014 5306 1041 5356 6
1065 5303 1296 5371 Παῦλος,
1341 5324 1360 5357 ι
1395 5307 1582 5377 Φέρων
1619 5325 1678 5360 τε
1724 5309 1793 5362 τὰ
1836 5309 2013 5363 πάντα

428 5395 504 5463 τῷ
534 5396 743 5466 ῥήματι
769 5393 869 5465 τῆς
905 5395 1192 5467 δυνάμεως
1224 5397 1318 5450 τοῦ
1354 5400 1588 5469 Πατρός.
1641 5419 1658 5450 ι
1707 5402 2012 5472 Ἐπήνεγκε

427 5487 483 5539 δὲ
531 5488 625 5539 καί
655 5487 756 5556 τῆς
794 5487 1063 5559 ἐνσάρκου
1101 5489 1409 5561 παρουσίας
1450 5491 1550 5561 τὴν
1582 5492 1761 5547 αἰτίαν
1789 5495 1817 5546 6
1841 5495 2007 5548 Μωΰ-

505 5695 547 5726 ³⁷⁵
577 5691 733 5747 Joan.
765 5711 804 5757 ι,
838 5693 927 5745 2i.
1009 5694 1053 5725 ³³
1089 5693 1190 5748 Isa.
1224 5711 1278 5758 χ,
1321 5696 1400 5749 li.

432 5763 472 5795 *λ
506 5765 656 5817 Deut.
688 5780 839 5833 mu,
868 5764 946 5819 l5.
1068 5766 1107 5796 δι
1141 5764 1327 5818 Matth.
1378 5783 1489 5831 \tll,
1530 5767 1562 5821 5

1516 5697 1559 5727 ³⁸
1596 5695 1783 5750 Matth.
1822 5715 1872 5751 ν.
1895 5699 1984 5751 2i.
2012 5698 2102 5751 ‘22.

1698 5768 1741 5797 ⁵²
1778 5739 1906 5823 Lu’e.
1944 5741 2040 5835 γίι,
2092 5768 2171 5821 li.
2246 5766 2287 5795 ⁸³
2319 5767 2475 5819 Juau.
2515 5780 2585 5828 xi,
2621 5764 2706 5818 i5.

2121 4568 2443 4638 prophetam
2470 4565 2723 4621 excitabo
2750 4566 2827 4617 tui
2862 4554 3130 4627 similem,
3157 4572 3210 4616 et
3238 4579 3436 4633 ponam
3475 4565 3700 4618 verbum

2118 4673 2299 4713 nterim
2339 4658 2394 4711 in
2442 4670 2540 4711 ore
2582 4654 2723 4723 ejus.
2764 4673 2782 4706 ι
2836 4655 3038 4709 Verum
3069 4656 3195 4725 quis
3237 4656 3386 4710 dicat
3422 4674 3435 4709 :
3472 4655 3541 4709 At
3575 4657 3701 4711 aliis

2118 4765 2339 4821 quoque
2370 4749 2653 4820 prophetis
2684 4748 2911 4800 verbum
2958 4748 3210 4818 pnebnit.
3263 4747 3331 4800 At
3368 4748 3444 4802 iiIi
3476 4748 3698 4817 quidem

2119 4843 2489 4898 ministerium
2509 4841 2712 4897 servile
2743 4840 2998 4905 obibant,
3019 4855 3105 4906 ac,
3129 4858 3151 4891 ι
3187 4838 3314 4895 llaec
3353 4840 3490 4895 dicit
3522 4840 3704 4894 Domi-

2118 4950 2279 4999 nus,-
2313 4933 2534 4987 aiebant
2570 4948 2584 4983 :
2614 4932 2705 4985 ille
2727 4945 2863 4985 vero
2899 4946 2995 4999 pro
3028 4938 3223 4985 natura
3259 4948 3357 4985 sua
3400 4932 3703 4992 diviua,le-

2113 5041 2280 5097 proso
2308 5024 2526 5094 quidem
2564 5024 2701 5078 dicit
2731 5041 2745 5077 :
2782 5042 2802 5076 ι
2840 5021 2996 5083 Volo.
3032 5023 3269 5078 mundus
3298 5033 3420 5080 esto
3456 5025 3533 5091 “;
3561 5044 3582 5076 ο
3608 5026 3704 5093 ju-

2117 5120 2240 5174 veni
2279 5119 2405 5173 item
2444 5128 2706 5173 murtuo:
2758 5135 2777 5167 ι
2817 5115 2883 5169 At
2925 5118 3023 5170 tibi
3063 5118 3207 5182 dico,
3237 5134 3402 5189 surge
3428 5117 3505 5183 δίς
3546 5137 3564 5170 ι
3598 5117 3700 5171 La-

2118 5225 2249 5265 zaro
2279 5212 2434 5271 item.
2471 5226 2494 5260 ι
2526 5206 2660 5262 Veni
2698 5207 2846 5287 foras
2882 5207 2949 5262 ⁴⁵³.
2999 5228 3017 5260 ι
3057 5207 3303 5278 Denique
3339 5212 3483 5265 velut
3518 5210 3702 5280 opifex

2118 5302 2440 5372 increpabat
2462 5314 2634 5364 mare,
2667 5300 2796 5354 item
2832 5301 3063 5371 spiritus
3101 5322 3115 5358 :
3160 5323 3178 5356 ι
3211 5303 3388 5366 Tace;
3420 5306 3701 5373 inquiens.

2121 5399 2444 5450 obmutesce
2471 5392 2545 5447 ⁸⁸.
2589 5410 2608 5443 ο
2646 5390 2813 5448 Vides
2869 5393 3052 5464 itaque
3096 5396 3292 5466 partim
3330 5395 3568 5451 Verbum
3601 5411 3702 5450 sua

2116 5487 2384 5550 essentia,
2443 5485 2641 5555 partim
2702 5501 2832 5542 vero
2876 5487 3132 5544 doctrina
3187 5489 3371 5543 diiina
3421 5505 3483 5540 ex
3524 5499 3700 5557 parte.

2184 5698 2221 5726 ³⁷
2259 5693 2426 5745 .“dl‘t'.
2462 5709 2496 5755 Ι,
2534 5692 2623 5745 22.
2704 5694 2745 5723 ³⁸
2777 5693 2919 5748 i’sal.
2955 5694 3125 5755 I\,'.’.l.
3202 5698 3240 5727 ³⁵³
3279 5698 3430 5750 Iit-ut.
3478 5713 3573 5758 XII.
3599 5697 3689 5752 52.

2795 5768 2833 5795 ⁵⁸
2869 5765 3036 5822 Mue.
3075 5783 3148 5835 iv,
3178 5766 3265 5821 59.
