4036 6214
393 288 497 351 919

1708 301 2063 365 ΡΒΟΕΟΡῙΙ
2104 272 2346 366 cum

3529 296 3641 362 920

394 406 737 474 Quapropter
758 403 962 463 Paulus
994 407 1172 479 inquit
1202 426 1215 463 :
1252 430 1271 462 ι
1306 412 1499 469 Omnia
1529 414 1634 471 fert
1660 418 1828 473 verbo
1852 421 1964 472 vir-

2077 420 2190 488 τῆς,
2214 420 2410 484 αὐτοὺς
2432 420 2609 485 δείξας
2635 422 2759 485 τοὺς
2785 418 2843 484 ἐξ
2879 417 3094 490 Ἰσραὴλ
3130 417 3642 490 παραιτησαμένους

397 498 527 554 tntis
567 505 807 567 paternae
835 498 908 555 “.
947 518 967 552 ι
1006 501 1277 573 Allegavit
1329 520 1494 575 porro
1528 506 1707 565 Moses
1743 525 1966 566 causam

396 592 452 642 in
487 604 708 644 carnem
743 588 1011 646 adventus
1042 606 1110 647 eo
1156 595 1301 663 quod
1348 597 1587 651 ostendit
1626 599 1767 654 lilios
1803 600 1967 657 Israel

399 680 453 736 in
483 688 665 735 monte
695 678 828 735 Sina
868 680 963 737 Dei
990 698 1087 753 per
1109 684 1288 755 ignem
1316 697 1673 757 conSpectum
1712 692 1969 760 depreca-

400 781 484 827 tos
517 788 661 835 esse,
686 787 749 827 ac
776 772 980 829 dixisse
1010 774 1142 830 Mosi
1174 793 1186 828 :
1225 795 1244 829 ι
1283 777 1528 846 Loquere
1568 789 1624 834 tu
1658 782 1967 848 nobiscum,

398 878 501 917 nec
523 864 809 919 uobiscum
835 863 1090 935 loquatur
1110 865 1275 932 Deus,
1298 884 1365 923 ne
1388 869 1529 926 forte
1547 874 1846 929 moriamur
1864 874 1929 929 “.
1944 895 1963 928 ι

399 954 743 1026 Quapropter
781 955 924 1013 Deus
972 967 1151 1014 metus
1201 975 1364 1017 causa
1399 962 1467 1015 ab
1497 962 1631 1032 ipsis
1664 975 1920 1037 suscepta
1950 1008 1969 1033 ,

406 1064 424 1095 ι
472 1044 825 1116 Prophetam,
879 1048 1079 1118 inquit,
1134 1049 1269 1119 ipsis
1325 1053 1626 1109 suscitabo.
1661 1074 1681 1106 ο
1715 1054 1970 1111 Promisit

399 1137 545 1191 enim
598 1139 682 1195 eis
716 1139 1077 1196 humanitatis
1131 1153 1522 1210 conspectum,
1562 1152 1821 1217 tanquam
1864 1150 1970 1205 illis

401 1228 493 1298 qui
525 1229 895 1296 augustiorem
930 1228 1051 1295 ejus
1079 1229 1288 1284 vultum
1319 1231 1463 1288 ferre
1492 1235 1802 1303 nequirent.
1824 1236 1971 1301 Quo-

401 1319 546 1372 niam
571 1318 737 1389 igitur
768 1318 1086 1374 hominibus
1108 1335 1171 1374 ex
1196 1322 1618 1378 circumcisione
1647 1326 1969 1393 prophetam

401 1408 567 1459 istum
600 1406 897 1459 excitatum
932 1407 997 1461 iri
1027 1406 1216 1462 divino
1238 1412 1468 1463 oraculo
1498 1412 1835 1480 praedicitur,
1863 1428 1968 1471 non

400 1499 500 1549 abs
540 1513 601 1553 re
625 1496 887 1552 Servalor
919 1499 1101 1566 inquit
1130 1519 1143 1554 :
1177 1519 1195 1552 t
1233 1499 1349 1555 Non
1384 1502 1455 1555 ob
1485 1504 1634 1557 aliud
1661 1506 1781 1559 veni
1809 1523 1968 1573 quam

402 1597 628 1657 pr0pter
655 1604 785 1665 eyes
815 1589 1012 1644 domus
1046 1587 1264 1645 Israelis
1291 1592 1533 1661 perditas
1559 1595 1627 1650 ⁸⁷.
1669 1614 1688 1646 ι
1725 1593 1881 1652 Unde
1917 1607 1971 1654 et

404 1679 671 1746 apostolis
705 1680 918 1735 edixit:
955 1699 975 1732 ι
1007 1679 1063 1735 1η
1111 1683 1257 1736 viam
1292 1685 1533 1754 gentium
1589 1703 1656 1742 ne
1703 1688 1968 1753 abieritis,

403 1785 469 1821 ac
511 1771 565 1823 in
606 1770 882 1825 civitatem
936 1762 1409 1827 Samaritanorum
1458 1791 1524 1830 ne
1572 1778 1807 1842 intretis,
1839 1784 1969 1850 quin
2006 1766 2046 1820 Β

406 1862 584 1928 potius
611 1861 818 1931 pergite
848 1863 914 1914 ad
968 1877 1098 1917 oves
1132 1864 1374 1928 perditas
1405 1864 1600 1920 domus
1639 1868 1800 1923 Israel
1837 1871 1907 1926 ⁸³.
1949 1892 1967 1924 ι

406 1954 613 2017 Quibus
650 1956 715 2009 ad
752 1956 901 2022 ipsos
962 1954 1013 2008 in
1067 1955 1260 2023 primis
1314 1955 1470 2024 juxta
1519 1963 1866 2028 prophetiam
1913 1979 1973 2020 se

407 2045 633 2098 missum
664 2061 787 2100 esse
817 2045 1040 2102 iudicat.
1072 2045 1417 2115 Quapropter
1446 2048 1515 2102 ab
1549 2051 1631 2104 eis
1658 2066 1784 2104 cum
1819 2068 1971 2106 rece-

407 2143 532 2199 ptus
567 2150 673 2188 non
732 2144 877 2189 esset
910 2176 925 2197 ,
958 2136 1083 2189 alibi
1130 2137 1304 2206 inquit
1337 2155 1350 2188 :
1396 2155 1414 2188 ι
1474 2139 1653 2203 Quare
1700 2142 1844 2204 veni,
1874 2158 1973 2198 nec

406 2225 693 2294 quisquam
723 2225 1002 2280 hominum
1035 2236 1171 2289 erat,
1197 2226 1409 2289 vocavi,
1434 2243 1534 2281 nee
1562 2229 1653 2298 qui
1686 2231 1971 2287 exaudiret

406 2323 525 2369 erat
553 2316 618 2372 δ’.
662 2336 680 2367 ι
720 2316 859 2371 Dicit
892 2331 1059 2388 porro
1082 2318 1147 2371 ad
1178 2332 1273 2372 eos
1303 2334 1315 2369 :
1351 2337 1369 2369 ι
1414 2318 1658 2389 Regnum
1695 2321 1783 2376 Dei
1819 2338 1846 2374 a
1875 2339 1963 2376 vo-

2065 512 2167 580 τὴν
2189 514 2246 565 ὲν
2271 512 2401 582 Σινᾷ
2418 512 2512 566 τοῦ
2537 514 2675 566 Θεοῦ
2700 513 2790 566 διὰ
2812 512 2983 582 πυρὸς
3011 511 3357 576 ἐπιφάνειαν,
3381 510 3646 580 λέγοντας

2065 602 2312 665 Μωῡσετ,
2350 622 2368 653 ι
2400 603 2564 657 Λάλει
2608 605 2745 675 πρὸς
2777 605 2925 673 ἡμᾶς
2946 641 2961 665 ,
2993 604 3088 655 καὶ
3129 602 3203 673 μὴ
3234 593 3462 655 λαλέίτω
3500 602 3648 670 πρὸς

2066 695 2215 762 ἡμᾶς
2243 697 2271 747 ὁ
2301 693 2454 757 Θεὸς,
2489 697 2562 766 μή
2590 712 2724 750 ποτε
2748 694 3133 763 ἀποθάνωμεν.
3165 712 3183 745 ι
3232 694 3325 745 Διδ
3350 693 3450 762 τῆς
3475 694 3641 746 εὐλα-

2068 784 2222 849 ϐείας
2250 786 2380 848 Θεὸς
2409 788 2606 849 αὐτοὺς
2639 786 3043 855 ἀποδεξάμενος
3062 826 3078 850 ,
3118 804 3139 837 t
3174 786 3467 856 Προφήτην
3485 824 3501 847 ,
3531 801 3647 855 φη-

2070 877 2174 939 σὶν,
2204 877 2387 940 αὐτοῖς
2417 880 2729 948 dvas-triste.
2774 898 2792 931 ι
2841 879 2929 941 Ὦς
2956 879 3064 949 γὰρ
3101 877 3512 948 ἀσθενεστέροις
3537 876 3648 945 τῆς

2069 967 2374 1037 κρείττονος
2416 968 2651 1039 θεωρίας
2697 973 2798 1038 τὴν
2836 970 3187 1040 ἀνθρωπίνην
3231 970 3415 1031 αὐτοῖς
3443 966 3651 1034 ἐπιφώ-

2067 1076 2219 1113 νειαν
2244 1062 2626 1131 ἐπηγγείλατο.
2670 1061 2811 1115 Ἀλλ’
2856 1062 2979 1114 ἐπεὶ
3024 1064 3136 1124 τοῖς
3174 1063 3238 1114 ὲκ
3286 1060 3591 1132 περιτομῆς
3617 1062 3653 1113 ὁ

2069 1152 2358 1221 προφήτης
2384 1153 2784 1222 ἀναστήσεσθαι
2810 1151 3257 1222 προθεσπίζεται,
3280 1151 3502 1214 εἰκότως
3532 1167 3652 1220 φη-

2072 1244 2155 1295 σὶν
2183 1245 2212 1297 ὁ
2239 1243 2449 1313 Σωτὴρ,
2493 1263 2512 1297 ι
2546 1244 2659 1297 Οὐκ
2698 1240 2866 1314 ἦλθον
2904 1248 2952 1296 εί
2988 1248 3062 1314 μὴ
3094 1247 3174 1308 είς
3217 1245 3287 1298 τὰ
3323 1242 3651 1298 ἀπολωλότα

2071 1334 2317 1403 πρόϐατα
2370 1334 2521 1388 οἴκου
2585 1335 2820 1407 Ἰσραήλ.
2862 1354 2880 1386 ι
2935 1335 3028 1389 Διὸ
3059 1338 3151 1389 καὶ
3180 1338 3293 1398 τοῖς
3322 1333 3653 1397 ἀποστόλοις

2070 1422 2450 1493 παρήγγελλεν
2470 1441 2483 1455 ·
2515 1443 2533 1477 ‹
2570 1426 2665 1487 Εἰς
2691 1426 2809 1479 ὀόδν
2835 1424 3004 1479 ἐθνῶν
3029 1426 3102 1497 μὴ
3124 1425 3420 1494 ἀπέλθητε,
3444 1424 3537 1477 καὶ
3561 1424 3653 1486 είς

2074 1512 2229 1565 πόλιν
2268 1514 2620 1585 Σαμαρειτῶν
2651 1514 2726 1587 μὴ
2755 1516 3059 1584 εἰσέλθητε.
3096 1514 3401 1585 Πορεύεσθε
3422 1514 3478 1566 δὲ
3507 1513 3651 1583 μᾶλ-

2072 1605 2164 1659 λον
2183 1607 2314 1673 πρὸς
2343 1605 2411 1659 τὰ
2438 1607 2684 1677 πρόϐατα
2709 1609 2777 1661 τὰ
2805 1608 3126 1660 ἀπολωλότα
3159 1608 3310 1659 οἴκου
3339 1605 3589 1675 Ἰσραήλ·
3623 1618 3647 1652 ι

2073 1696 2267 1766 δηλῶν,
2302 1698 2376 1759 ὡς
2405 1700 2589 1761 αὐτοῖς
2642 1700 3071 1769 προηγουμένως
3096 1697 3237 1751 κατὰ
3278 1697 3377 1766 τὴν
3424 1710 3648 1767 προφη-

2074 1787 2222 1840 τείαν
2242 1788 2571 1842 ἀπέσταλτο.
2595 1789 2897 1860 Τοιγαροῦν
2922 1789 2997 1860 μὴ
3018 1788 3329 1858 δεξαμένων
3351 1786 3653 1855 ἅπελέγχει

2079 1878 2179 1946 μὲν
2207 1879 2403 1942 αὐτοὺς
2432 1881 2489 1932 ὲν
2507 1880 2735 1950 ἑτέροις.
2764 1880 2959 1945 λέγων,
2988 1899 3006 1932 t
3039 1880 3183 1932 Διότι
3204 1874 3387 1947 ἦλθον,
3422 1876 3516 1930 καὶ
3543 1878 3657 1930 οὐκ

2075 1967 2385 2040 ἄνθρωπος,
2423 1971 2675 2035 ἐκάλεσα,
2717 1971 2813 2024 καὶ
2842 1972 2944 2024 οὐκ
2971 1968 3040 2042 ἦν
3066 1973 3095 2023 ὁ
3134 1970 3445 2029 ὑπακούων,
3477 1985 3495 2018 ι
3551 1968 3654 2020 καί

2077 2076 2210 2127 φησι
2237 2061 2373 2129 πρδς
2392 2062 2614 2126 αὐτοὺς.
2644 2081 2662 2114 ι
2712 2063 3040 2133 Ἀρθήσεται
3074 2060 3169 2131 ἀφ’
3212 2060 3368 2130 ὑμῶν
3414 2061 3447 2130 ἡ
3486 2060 3654 2128 βασι-

2075 2146 2193 2201 λεία
2225 2151 2317 2202 τοῦ
2350 2151 2484 2204 Θεοῦ
2513 2192 2528 2215 ,
2581 2155 2675 2206 καὶ
2716 2153 3003 2224 δοθήσεται
3033 2151 3176 2205 ἔθνει
3228 2148 3470 2203 ποιοῦντι
3520 2149 3655 2210 τοὺς

2077 2241 2322 2309 καρποὺς
2374 2242 2565 2311 αὐτῆς,
2607 2261 2626 2295 ι
2660 2274 2728 2285 -
2778 2262 2797 2293 ι
2842 2242 3212 2314 Πορευθέντες
3268 2240 3656 2314 μαθητεύσατε

2076 2332 2251 2384 πάντα
2283 2333 2350 2387 τὰ
2374 2332 2521 2403 ἔθνη.
2555 2354 2573 2384 ι
2927 2313 2932 2314 ί
3334 2313 3347 2330 θ

414 2410 493 2464 bis
526 2410 803 2464 auferetur
826 2450 840 2473 ,
871 2411 1126 2481 gentique
1164 2409 1376 2467 fructus
1413 2411 1534 2480 ejus
1580 2412 1763 2468 edenti
1798 2416 2045 2473 tradetur
2070 2421 2139 2476 ⁸⁸.
2162 2442 2197 2477 ,ι
2227 2422 2444 2478 Mandat
2489 2441 2618 2483 vero
2642 2425 2926 2497 discipulis
2962 2443 2975 2477 :
3046 2444 3067 2478 ι
3104 2424 3335 2481 Profecti
3376 2422 3654 2478 insliluile

407 2514 599 2556 outneS
633 2510 822 2572 gentes
847 2502 915 2556 ".
952 2520 971 2552 ι

479 2618 660 2684 Atque
693 2625 751 2670 ut
778 2617 1097 2686 dignitatem
1126 2619 1301 2690 legum
1354 2620 1631 2688 propheta:
1678 2621 1844 2693 hujus
1907 2625 2047 2681 Deus
2081 2627 2339 2694 illustret,
2384 2631 2561 2700 inquit
2591 2646 2605 2684 :
2638 2648 2655 2679 ι
2694 2628 3019 2696 Quicunque
3057 2642 3164 2681 non
3198 2624 3430 2679 audierit
3463 2623 3658 2677 omnia

407 2718 750 2772 qttmcunque
785 2704 1002 2760 loeutus
1037 2704 1205 2759 fuerit
1243 2707 1504 2775 propheta
1542 2724 1594 2762 tn
1629 2712 1852 2767 nomine
1876 2728 2017 2769 meo.
2044 2715 2112 2769 ab
2141 2731 2208 2769 eo
2265 2731 2477 2785 poenam
2509 2718 2744 2786 exigam,
2786 2734 2802 2766 ι
2867 2712 3334 2784 quemadmodum
3397 2726 3556 2781 poena
3587 2711 3662 2765 de

410 2792 514 2845 hoc
542 2792 744 2861 popqu
776 2802 990 2861 smnpta
1021 2803 1099 2846 est
1132 2802 1355 2862 propter
1381 2794 1703 2862 sanguinem
1737 2798 1830 2866 qui
1862 2798 1930 2852 ab
1956 2800 2087 2854 Abel
2115 2802 2324 2856 ellnsus
2349 2813 2433 2857 est
2460 2818 2635 2872 usque
2666 2804 2732 2855 ad
2763 2801 3111 2865 Zachariam,
3140 2808 3196 2855 et
3221 2807 3499 2870 postremo
3526 2810 3658 2849 otu-

410 2881 562 2935 nium
594 2882 769 2952 ipsum
797 2880 1101 2945 Christum,
1134 2882 1295 2951 cujus
1327 2884 1654 2951 sanguinem
1686 2899 1811 2939 cum
1847 2886 1900 2940 in
1967 2899 2131 2956 caput
2178 2904 2338 2942 suum
2385 2890 2797 2959 liberorumque
2822 2888 3197 2955 devovissent,
3223 2886 3524 2942 etiamnum
3548 2884 3662 2938 im—

410 2968 632 3038 pietatis
660 2970 807 3023 illius
831 2983 1049 3038 pmnam
1096 2969 1389 3023 sustinent.

485 3087 551 3141 Et
571 3087 861 3156 quicunque
891 3086 1095 3140 locutus
1122 3085 1281 3153 fuerit
1300 3087 1353 3138 in
1375 3087 1583 3140 nomine
1610 3086 1827 3142 deorum
1851 3090 1980 3144 alio-

2158 3098 2263 3152 Καί
2302 3098 2369 3165 ὃς
2411 3098 2518 3153 ἐὰν
2548 3097 2796 3165 ,λαλήσῃ
2822 3097 2898 3151 ἐπ
2917 3098 3185 3166 ’ὀνόματι
3218 3094 3370 3149 θεῶν
3402 3093 3658 3160 ἐτέρων,

418 3194 557 3241 rum,
582 3179 838 3231 morietur
865 3177 1115 3247 propheta
1143 3177 1249 3230 ille.
1277 3175 1485 3248 [XVIIL
1508 3176 1623 3247 να]
1644 3177 1980 3247 Quapropter

2089 3185 2469 3240 ἀποθανεῖται
2496 3189 2529 3237 ό
2555 3184 2867 3253 προφήτης
2893 3183 3144 3248 ἐκεῖνος.
3180 3184 3382 3253 Διόπερ
3405 3184 3434 3234 ὁ
3450 3182 3663 3251 Κύριος

411 3270 638 3324 verbum
664 3285 823 3325 suum
851 3270 1051 3337 ubique
1074 3268 1218 3322 Patri
1237 3278 1517 3338 acceptum
1541 3269 1645 3324 fert
1677 3270 1937 3325 Dominus
1963 3288 1976 3324 :

2088 3270 2370 3341 πανταχοῦ
2393 3270 2471 3341 τῷ
2492 3272 2666 3341 Πατρ“ι
2692 3273 2822 3334 τοὺς
2855 3272 3090 3334 οἰκείους
3130 3271 3418 3340 ἀνατίθησι
3436 3271 3661 3337 λόγους.

413 3358 560 3413 Nihil
588 3360 885 3429 quidquam
921 3373 985 3415 ev
1028 3374 1114 3413 me
1150 3360 1269 3428 ipso
1318 3360 1548 3430 loquor,
1584 3360 1797 3428 dicens,
1827 3377 1980 3416 tuan-

2100 3363 2218 3414 Ἀπ’
2256 3362 2497 3427 ἐμαυτοῦ
2518 3402 2533 3427 ,
2562 3362 2758 3430 λέγων,
2790 3364 2936 3416 λαλῶ
2967 3363 3121 3418 οὐδέν
3142 3379 3156 3393 ο
3198 3362 3419 3434 ἐντολὴν
3460 3361 3661 3414 ἔλαϐον

416 3453 602 3506 datum
634 3469 662 3507 a
686 3451 849 3508 Patre
883 3468 1001 3507 meo
1033 3453 1219 3521 accepi
1258 3452 1323 3507 ".

2086 3455 2238 3523 παρὰ
2276 3454 2369 3506 τοῦ
2398 3454 2610 3524 Πατρός
2646 3464 2748 3524 μου
2777 3455 2915 3525 (96).

489 3564 548 3620 Si
581 3566 784 3620 locutas
818 3565 981 3634 fuerit
1001 3567 1253 3635 propheta
1279 3566 1334 3618 in
1365 3565 1575 3619 nomine
1607 3581 1742 3624 meo,
1771 3575 1819 3620 et
1849 3582 1951 3619 non
1984 3564 2188 3634 factum
2219 3565 2377 3635 fuerit
2413 3566 2648 3620 verbum.
2680 3565 2820 3639 [‘22.]
2853 3566 2909 3621 In
2944 3566 3182 3622 Ieremia
3236 3567 3364 3621 item
3426 3565 3605 3635 inquit
3643 3584 3659 3619 :

422 3669 442 3703 ι
476 3652 745 3722 Propheta
770 3656 825 3707 in
854 3668 965 3723 quo
1000 3662 1082 3708 est
1117 3655 1475 3716 insomnium,
1512 3662 1698 3708 narret
1736 3653 2071 3707 insomnium
2109 3666 2301 3716 suum;
2332 3658 2387 3705 et
2424 3651 2588 3723 446
2619 3653 2672 3706 in
2705 3668 2818 3723 quo
2845 3654 3073 3707 verbum
3129 3668 3310 3707 meum
3367 3651 3433 3706 ad
3474 3652 3658 3719 ipsum

417 3740 648 3803 factum,
690 3742 915 3795 verbum
944 3755 1126 3796 meum
1153 3756 1276 3796 cum
1309 3741 1539 3796 veritate
1569 3741 1820 3794 enuntiet
1845 3742 1914 3794 ⁸³.
1951 3758 1969 3789 ι
1999 3737 2141 3805 Quid
2164 3737 2331 3807 igitur
2361 3738 2614 3795 dieetnus
2646 3740 2716 3793 de
2756 3738 2915 3803 Iona,
2947 3742 3039 3810 qui
3072 3740 3322 3810 prmdixit
3369 3740 3515 3809 quod
3546 3756 3658 3794 non

416 3831 599 3884 evenit
623 3830 701 3884 "‘3
725 3830 796 3884 De
820 3829 957 3883 Isaia
978 3831 1127 3892 item,
1158 3830 1248 3896 qui
1299 3829 1542 3883 Ezechiae
1574 3838 1806 3882 mortem
1828 3842 1941 3895 prae
1972 3825 2184 3880 foribus
2206 3840 2332 3880 esse
2364 3827 2639 3893 praedixit,
2673 3827 2903 3897 ipsaque
2943 3842 3050 3881 non
3077 3825 3180 3882 fuit
3213 3827 3301 3879 ”?
3329 3827 3506 3895 Atque
3541 3829 3661 3880 haec

418 3930 467 3971 et
500 3918 812 3988 hujusmodi
836 3918 943 3972 alia
978 3919 1147 3971 multa
1184 3917 1460 3982 invenias;
1502 3930 1690 3971 verum
1719 3918 1894 3985 ipsum
1925 3915 2148 3968 verbum
2178 3929 2288 3968 non
2309 3924 2394 3969 est
2433 3914 2691 3975 mendax.
2726 3917 2860 3984 quin
2897 3917 3029 3985 ipsa
3067 3931 3156 3985 res
3193 3916 3261 3972 de
3302 3916 3505 3986 quibus
3537 3931 3662 3969 ver-

419 4008 545 4061 bum
577 4016 814 4067 constat,
851 4007 1205 4061 mutationem
1233 4005 1565 4074 suscipiunt.
1594 4003 1847 4058 Ninivitae
1870 4004 2072 4057 etenim
2113 4018 2239 4057 cum
2271 4002 2526 4065 Ezechia,
2562 4012 2742 4058 mente
2770 4012 2998 4067 mutata,
3025 4005 3081 4059 in
3111 4004 3298 4060 ﬂetum
3335 4016 3658 4076 eruperunt.

420 4094 728 4160 Quinetiam
759 4095 1004 4150 medicus
1032 4104 1238 4164 aegroto
1264 4094 1567 4161 periturum
1597 4091 1735 4145 dicit
1765 4093 1819 4145 ni
1846 4106 2038 4146 venam
2071 4090 2145 4143 illi
2176 4091 2495 4153 iusecuerit,
2525 4105 2898 4160 saepenumero
2919 4106 3049 4147 vero
3090 4100 3392 4161 spontanea
3423 4105 3661 4147 evacua-

423 4196 569 4236 noue
601 4180 764 4247 facta,
805 4192 891 4237 est
914 4189 1185 4237 servatus.
1210 4177 1321 4233 Nec
1344 4194 1477 4234 sane
1508 4193 1600 4233 ars
1630 4180 1807 4247 ipsum
1836 4176 2059 4239 fefellit,
2084 4177 2267 4232 versio
2300 4192 2429 4231 vero
2459 4193 2624 4247 penes
2664 4178 2974 4243 subjectum
3006 4188 3117 4234 est.
3143 4181 3218 4234 Ac
3255 4180 3364 4233 illis
3394 4194 3529 4235 sane
3565 4194 3658 4235 ne-

421 4271 665 4323 cessario
690 4269 834 4338 quod
865 4268 1186 4339 praedii-tum
1214 4275 1357 4333 erat,
1386 4264 1683 4328 evenisset,
1732 4263 2003 4333 siquidem
2043 4275 2278 4319 mentem
2327 4281 2435 4319 non
2484 4274 2811 4321 mutassent.
2857 4266 2970 4322 luto
3018 4281 3153 4323 vero
3176 4267 3297 4335 ejus
3326 4267 3661 4320 mutationis

420 4358 595 4424 gratia
628 4355 767 4425 facta
802 4363 888 4410 est
918 4354 1221 4423 praedictio.
1592 4416 1597 4421 ,

499 4440 622 4495 Νοη
661 4451 843 4510 surgat
875 4442 1024 4494 testis
1058 4456 1194 4493 unus
1221 4439 1290 4493 ad
1322 4439 1679 4494 testimonium
1719 4437 1999 4501 dicendum
2052 4445 2241 4489 contra
2296 4438 2631 4502 proximnnl'
2649 4454 2824 4491 suum.
2887 4436 3055 4511 [XIX,
3096 4438 3209 4510 I5.]
3265 4438 3664 4507 Quemcunque

338 4557 367 4605 κα
424 4529 703 4583 hominem
745 4528 1055 4595 proximum
1097 4532 1274 4583 vocat.
1307 4525 1423 4579 Non
1444 4526 1589 4581 enim
1621 4524 1811 4594 utique
1839 4520 2035 4578 contra
2067 4540 2162 4579 eos
2192 4526 2285 4593 qui
2321 4527 2438 4579 loco
2468 4527 2659 4579 remoti
2688 4536 2815 4580 sunt
2846 4526 2929 4581 fas
2968 4535 3111 4581 erat.

496 4634 602 4689 Nec
630 4650 760 4689 vero
781 4635 903 4687 aliis
927 4635 983 4688 in
1008 4634 1173 4689 rebus
1194 4648 1356 4702 quam
1386 4633 1541 4689 visis.
1562 4635 1620 4689 lu
1654 4633 1985 4688 rebus’enim
2022 4615 2064 4669 ί)

424 4726 656 4781 occultis
692 4726 850 4779 testis
899 4726 1039 4780 Deus
1092 4736 1197 4787 est,
1224 4735 1278 4779 et
1318 4724 1681 4789 conscientia,
1711 4724 1821 4781 duo
1851 4728 1987 4780 hare.

2177 4630 2339 4684 Ἀλλὰ
2365 4630 2538 4685 ταῦτα
2591 4633 2689 4701 μὲν
2732 4634 2827 4686 ἐπὶ
2849 4634 2957 4688 τῶν
3003 4633 3317 4704 ὁρωμένων,
3347 4632 3443 4684 ἐπὶ
3471 4632 3528 4685 δὲ
3554 4632 3667 4684 τῶν

426 4819 537 4874 Nec.
568 4836 672 4873 non
707 4826 875 4875 testes
910 4827 1021 4873 tres
1050 4827 1178 4871 sunt
1206 4826 1396 4872 sancta
1425 4813 1704 4879 Trinitas,
1746 4831 1853 4884 qua
1909 4818 1992 4870 vi-

428 4914 590 4965 dente
619 4921 672 4966 et
698 4911 953 4966 audiente
978 4909 1107 4964 Abel
1138 4910 1304 4965 etiam
1334 4917 1582 4963 mortuus
1609 4908 1788 4962 adhuc
1819 4907 1993 4977 loqui-

428 5006 536 5051 tur.
570 4996 749 5052 Testis
784 4999 929 5051 enim
963 4997 1136 5053 ﬁdelis
1168 4998 1313 5052 Deus
1336 5006 1443 5061 est,
1475 4997 1563 5065 qui
1588 4996 1719 5051 dicit
1753 5014 1765 5050 :
1803 5014 1822 5048 ι
1849 4996 1994 5050 Nihil

336 5131 345 5141 .
428 5091 725 5161 quidquam
761 5106 844 5146 me
873 5092 1138 5145 celabitur
1166 5092 1229 5143 ⁵⁸.
1272 5108 1291 5142 ι
1318 5118 1386 5132 -ν
1414 5107 1433 5139 ι
1459 5089 1652 5144 Omnia
1688 5088 1831 5143 enim
1854 5089 1997 5142 unda

430 5194 481 5236 et
512 5192 699 5251 aperta
729 5198 915 5237 coram
946 5183 1053 5238 Deo
1078 5191 1207 5237 sunt
1230 5183 1300 5245 ",
1321 5200 1339 5233 ι
1368 5195 1490 5236 eum
1520 5183 1683 5235 etiam
1706 5180 1995 5251 cogitatio-

2092 4721 2465 4775 λανθανόντων
2489 4724 2696 4793 μάρτυς
2719 4724 2847 4787 Θεὸς
2871 4724 2966 4776 καὶ
2984 4724 3047 4775 τὸ
3062 4723 3317 4785 συνειδὸς,
3342 4722 3453 4802 δύω
3470 4720 3662 4775 ταῦτα·

2095 4819 2187 4870 καὶ
2213 4821 2361 4887 τρεῖς
2379 4818 2433 4870 δὲ
2459 4823 2736 4889 μάρτυρες
2758 4820 2790 4888 ἡ
2812 4818 2945 4886 ἁγία
2968 4819 3161 4887 Τριάς.
3194 4812 3304 4882 Ἦς
3331 4817 3548 4889 ὁρώσης
3572 4818 3666 4870 καὶ

2094 4910 2416 4981 ἀκουούσης.
2446 4911 2473 4962 ὁ
2502 4910 2667 4964 ’Ἅϐελ
2697 4913 2790 4964 καὶ
2809 4896 3118 4974 ἀποθανὼν,
3139 4912 3218 4965 ἔτι
3239 4912 3409 4965 λαλεῖ.
3442 4913 3666 4981 Μάρτυς

2096 5000 2205 5070 γὰρ
2240 5002 2430 5066 πιστὸς
2460 5004 2488 5055 ὁ
2520 5003 2674 5066 Θεὸς,
2701 5003 2876 5071 λέγων
2895 5041 2911 5064 ,
2945 5023 2964 5053 t
2991 5004 3080 5069 Μὴ
3108 5005 3206 5056 ἀπ’
3236 5004 3374 5073 ἐμοῦ
3405 5004 3670 5074 κρυϐήσε-

2096 5090 2186 5142 ταί
2217 5107 2267 5141 τι
2294 5108 2309 5155 ;
2337 5110 2355 5142 ι
2379 5120 2445 5129 —
2475 5112 2491 5142 ι
2523 5093 2706 5147 Πάντα
2732 5095 2840 5165 γὰρ
2868 5094 3050 5164 γυμνὰ
3078 5095 3172 5147 καὶ
3195 5095 3668 5164 τετραχηλισμένα

2103 5180 2331 5233 ἐνώπιον
2375 5182 2469 5235 τοῦ
2500 5185 2657 5247 Θεοῦ,
2695 5205 2713 5236 ι
2756 5183 2865 5239 τῶν
2888 5185 3163 5255 λογισμῶν
3193 5186 3666 5257 κατηγορούντων,

506 5295 747 5354 ‘“_IIt2br.
784 5312 819 5357 t,
847 5295 899 5349 3.
989 5296 1034 5327 “
1057 5283 1228 5351 Exod.
1258 5294 1459 5363 81,19.
1537 5294 1585 5326 ”
1612 5293 1921 5363 Mattlnxv.
1954 5295 2042 5349 Ἠ.
2122 5299 2165 5330 ³⁸
2198 5299 2388 5357 Matth.
2420 5318 2469 5360 ι,
2507 5302 2557 5354 :‘i.
2584 5302 2636 5351 li.
2714 5300 2758 5334 ⁸⁸
2798 5301 2896 5353 Isa.
2934 5317 2984 5359 t..
3015 5299 3068 5352 9.
3148 5299 3194 5330 ⁵⁸
3232 5300 3413 5352 Matth.
3462 5301 3666 5353 τηε).

433 5366 474 5398 ⁵¹
510 5364 698 5418 Matth.
751 5380 941 5427 xwtn,
1000 5364 1083 5418 I9.

434 5436 479 5467 °“
510 5434 710 5489 Jet'ctn.
745 5434 1025 5501 xxxn,‘:?.7.
1101 5436 1140 5466 "
1174 5432 1332 5487 Hebr.
1366 5448 1436 5497 tv,
1464 5431 1556 5487 15.

1211 5373 1258 5407 η
1289 5362 1452 5424 join.
1516 5362 1903 5425 ιιιο,.10.5ί.δ³
1925 5364 2124 5422 tierent.
2164 5387 2315 5431 unt,
2344 5372 2429 5423 ‘38.

2548 5372 2589 5399 ""
2622 5370 2779 5423 June
2842 5385 2919 5435 ιιι,
2950 5370 3000 5426 4.
3067 5372 3112 5401 ⁸³
3145 5373 3243 5423 Isa.
3282 5385 3514 5427 surtu,
3557 5368 3666 5425 {-9.

1954 5524 2180 5579 sor/ti.
2248 5496 2255 5503 ’

515 5626 621 5691 (96)
650 5625 827 5694 Μέρος
850 5624 943 5679 τοῦ
977 5622 1354 5695 προλαϐόντος,
1427 5621 1483 5671 ὲν
1515 5612 1557 5685 ᾧ
1619 5619 1691 5682 ὡς
1746 5619 1893 5690 ἔτυχε

438 5699 754 5765 συνάφειαν.

1965 5622 2356 5691 παρέῥρσττχε,

2398 5624 2650 5692 οὐδεμέαν
2700 5621 2881 5691 σχεδὸν
2952 5621 3062 5680 τοῖς
3118 5617 3478 5688 προλαϐοῦσιν
3534 5614 3672 5686 ἔχων
