4036 6214
331 362 431 428 921

1211 376 1749 438 COMMENTARH
1779 376 1861 438 IN
1897 330 2593 439 DEUTEBONDMIUM.

3471 383 3576 446 9322

326 474 360 540 ἢ
391 475 484 528 καὶ
516 474 989 547 ἀπολογουμένων,
1036 481 1134 534 καὶ
1175 484 1278 535 οὐκ
1317 484 1432 537 ἔστι
1479 485 1896 553 προσωποληψια

2007 499 2104 538 nes
2142 484 2379 540 hominis
2426 491 2713 550 accusent,
2772 491 2866 539 aut
2920 483 3085 538 etiam
3127 485 3583 547 defendant..Nee

328 567 478 635 παρὰ
507 566 584 637 τῷ
606 567 764 655 Θες),
813 588 831 621 ι
870 572 1002 625 Οὐδὲ
1032 574 1287 644 τέρπεται
1338 576 1425 627 ἐπ’
1468 576 1713 646 ἀπωλείᾳ
1759 575 1897 656 ζών-

327 671 459 710 των.
503 675 523 707 9

406 766 423 795 ι
449 744 681 818 Μάρτυς
706 747 761 801 δὲ
782 751 969 815 πιστὸς
997 754 1055 805 οὐ
1074 753 1350 823 ψεύδεται,
1368 757 1487 828 ὡςὴ
1511 758 1678 825 Σοφία
1709 759 1896 828 φησιν,

327 841 374 890 οἱ
409 839 466 891 δὲ
498 839 714 908 ψευδεῖς
743 843 1100 910 ἀπολοῦνται,
1146 866 1165 900 ι
1219 852 1359 903 κατὰ
1387 852 1511 914 τοὺς
1567 851 1783 915 ἀδίκους
1807 852 1898 904 ἐπὶ

326 927 569 998 Σουσάνῃ
596 928 856 994 δικαστάς
887 949 947 984 τε
982 935 1075 986 καὶ
1126 937 1433 1008 μάρτυρας.
1479 957 1497 988 ι
1535 937 1761 1006 Μάρτυς
1794 938 1917 1007 γὰρ

322 1016 527 1089 ψευδὴς
556 1019 655 1072 οὐκ
689 1021 1038 1093 ἀτιμώρητος
1078 1025 1254 1088 ἔσται,
1310 1046 1328 1078 ι
1373 1029 1512 1080 κατὰ
1563 1028 1663 1097 τὴν
1707 1029 1905 1097 Παροι-

328 1106 479 1175 μίαν,
531 1128 549 1158 r
591 1110 807 1164 Δὰκκον
850 1112 958 1184 γὰρ
996 1114 1171 1186 ὤρυξε
1216 1118 1310 1169 καὶ
1355 1117 1663 1188 ἀνέσκαψεν
1712 1106 1897 1184 αὐῦν,

323 1199 418 1251 καὶ
441 1201 763 1270 ἐμπεσεῖται
790 1204 870 1267 εἰς
902 1204 1091 1277 βόθρον
1121 1207 1180 1260 ὃν
1209 1209 1523 1278 εἰργάσατο.
1564 1228 1583 1260 ι

2008 578 2242 648 amplius
2294 566 2652 647 personarum
2718 586 3001 646 respectus
3062 590 3148 635 est
3183 580 3324 650 apud
3387 581 3581 650 Deum,

2007 684 2183 737 neque
2212 677 2390 721 tanien
2424 688 2441 720 ι
2479 670 2785 724 delectatur
2819 669 3048 726 interitu
3078 669 3377 724 viventium
3412 671 3478 725 ⁵⁸.
3519 691 3539 722 ι

2072 756 2366 820 Caeterum,
2396 775 2414 807 ι
2445 757 2627 812 Testis
2662 758 2800 815 fidus
2825 774 2932 812 non
2960 761 3244 822 mentitur,
3269 770 3321 813 ut
3360 760 3584 831 Sapien~

2006 846 2078 898 tia
2112 847 2312 915 inquit,
2340 847 2639 904 mendaces
2668 864 2799 902 vero
2839 849 3099 919 peribunt
3147 850 3216 904 ".
3253 868 3270 900 ο
3307 848 3582 916 Quemad—

2007 940 2220 990 modum
2263 938 2549 1007 judicibus
2579 941 2631 993 in
2667 938 2938 995 Susauuze
2981 957 3148 996 causa
3185 942 3409 1010 iniquis,
3451 943 3584 996 item

2005 1025 2240 1100 testibus
2278 1028 2476 1081 accidit
2501 1030 2568 1082 ‘°.
2599 1048 2616 1079 ι
2648 1027 2829 1083 Testis
2851 1030 2994 1083 enim
3022 1029 3194 1086 falsus
3221 1047 3328 1084 non
3357 1031 3584 1100 impune

1998 1097 2263 1178 abibit“,
2301 1137 2318 1168 ι
2366 1126 2425 1171 ιιι
2471 1120 2547 1173 ait
2581 1118 2841 1174 Salomon
2895 1120 2947 1175 in
3005 1119 3320 1175 Proverbia.
3351 1140 3371 1172 ‹
3406 1097 3579 1175 Cumi-

1999 1209 2180 1260 culum
2211 1210 2355 1262 enim
2387 1208 2668 1273 fodicavit,
2691 1220 2743 1263 et
2764 1212 2951 1266 effodit
2978 1214 3153 1266 illum.
3177 1211 3372 1266 Incidit
3395 1221 3580 1268 autem

1997 1299 2050 1352 in
2080 1298 2287 1354 foveam
2317 1316 2483 1370 quam
2518 1302 2644 1356 fecit
2673 1304 2739 1356 θ’.
2775 1322 2794 1355 ι

397 1396 618 1452 Oculum
653 1417 751 1468 pro
775 1402 950 1455 oculo.
989 1402 1131 1476 [2L]
1162 1404 1288 1458 Eam
1328 1406 1501 1473 legem
1543 1415 1805 1475 tauquam
1841 1410 2066 1463 stultam
2093 1412 2330 1465 correxit
2359 1413 2634 1476 Christus.
2667 1430 2793 1469 cum
2830 1413 3011 1484 inquit
3046 1431 3059 1466 :
3090 1433 3108 1462 ι
3137 1412 3251 1481 Ego
3283 1429 3415 1469 vero
3453 1419 3577 1469 diro

322 1486 479 1539 rubis
508 1502 575 1539 ne
621 1489 890 1545 resistatis
923 1492 1087 1555 malo,
1121 1507 1309 1545 verum
1370 1494 1414 1546 si
1463 1494 1585 1554 quis
1626 1495 1720 1545 tibi
1783 1495 1997 1563 alapam
2034 1498 2313 1565 impegerit
2349 1500 2399 1554 in
2452 1501 2698 1553 dextram
2739 1503 3038 1564 inaxillam,
3073 1502 3298 1556 obverte
3329 1502 3377 1554 ei
3410 1504 3576 1554 etiam

321 1573 559 1625 alteram.
584 1574 651 1628 “.
696 1593 712 1624 ι
746 1578 875 1629 item
907 1594 921 1629 :
956 1596 973 1628 ι
1006 1577 1124 1631 Nisi
1160 1577 1751 1647 abundaveritjnslitia
1782 1590 1962 1635 vestra
1992 1584 2057 1640 “.
2102 1601 2121 1633 ι
2151 1592 2206 1636 et
2239 1586 2447 1653 reliqua
2489 1585 2768 1656 deinceps.

302 1710 309 1715 η
391 1677 495 1731 Τὸν
521 1681 619 1750 τῆς
648 1682 971 1749 νομοθεσίας
1000 1685 1202 1738 σκοπὸν
1238 1687 1334 1739 καὶ
1377 1685 1646 1756 Ἱερεμίας
1688 1690 1891 1759 ἐδήλω-

2063 1691 2333 1749 Caaterum
2382 1694 2548 1763 hujus
2599 1695 2736 1765 legis
2786 1698 3014 1766 seopum
3063 1696 3332 1753 Jeremias
3363 1714 3583 1769 quoque

240 1845 249 1849 η
322 1786 400 1823 σε.
431 1770 623 1838 λέγων,
671 1790 688 1822 ι
726 1774 953 1841 Ἀγαθὸν
981 1776 1136 1843 ἀνδρὶ
1163 1777 1291 1830 ὅταν
1326 1778 1432 1849 ἄρῃ
1472 1781 1633 1848 ζυγὸν
1680 1783 1737 1834 ὲν
1775 1782 1894 1834 νεό-

214 1922 223 1933 ,
318 1877 464 1931 τητι,
521 1863 602 1916 ὅτι
650 1861 788 1936 ἦρεν
833 1869 916 1936 ἐφ’
945 1867 1143 1939 ἑαυτῷ.
1172 1868 1342 1922 Δὼσει
1384 1874 1443 1923 ἐν
1477 1873 1690 1942 χώματι
1721 1874 1895 1943 στόμα

319 1951 505 2008 αὑτοῦ.
536 1955 597 2007 ΕΞ
634 1956 743 2027 ἄρα
770 1958 919 2012 ἐστὶν
955 1959 1130 2022 ἐλπὶς,
1168 1961 1329 2015 δώσει
1379 1962 1456 2032 τῷ
1492 1963 1704 2017 πταίοντι
1733 1965 1894 2017 αὐτὸν

320 2044 1019 2117 σιαγόνα,χορτασοήσεται
1053 2051 1364 2121 ὀνειδισμοῦ
1389 2071 1401 2082 ·
1438 2056 1519 2107 ὅτι
1554 2056 1654 2108 οὐκ
1687 2057 1766 2118 εἰς
1805 2057 1895 2109 τὸν

318 2133 490 2187 αἰῶνα
513 2136 792 2190 ἀπώσεται
819 2140 1039 2210 Κύριος.
1078 2161 1098 2193 ι
1134 2142 1386 2196 Τοιοῦτον
1416 2146 1513 2197 καὶ
1545 2146 1625 2213 τὸ,
1665 2165 1683 2196 ι
1733 2147 1893 2214 Ἀγα-

320 2223 515 2293 πήσεις
535 2226 626 2279 τὸν
649 2227 876 2297 πλησίον
902 2248 1016 2296 σου,
1032 2233 1124 2285 καὶ
1144 2235 1395 2303 μισήσεις
1420 2236 1512 2287 τὸν
1531 2236 1725 2309 ἐχθρόν
1741 2254 1855 2291 σου.
1871 2256 1889 2289 ι

332 2312 390 2365 ’0
418 2312 527 2395 γᾴρ
559 2321 915 2387 καταργήσας
944 2320 1015 2373 τὰ
1043 2320 1137 2374 τοῦ
1168 2323 1363 2393 νηπίου
1395 2318 1587 2388 Δαϐὶδ,
1621 2328 1713 2378 καὶ
1740 2327 1894 2390 εἴτις

318 2403 492 2475 τούτῳ
528 2409 910 2479 παραπλήσιος
937 2405 1026 2480 ἦν,
1062 2410 1257 2482 ἐχθρὸν
1294 2412 1437 2483 ἔχων
1457 2413 1547 2467 τὸν
1577 2416 1766 2478 Σαοὺλ,
1792 2418 1897 2470 οὐκ

318 2495 500 2565 ἐμίσει
527 2498 708 2553 αὐτόν.
741 2501 833 2553 Διὸ
863 2502 959 2554 καὶ
988 2503 1359 2570 εὐαγγελικῶς
1387 2504 1529 2573 ἄγαν
1558 2507 1746 2576 φησὶν,
1772 2526 1791 2558 r
1830 2510 1892 2561 Et

317 2588 672 2643 ἁνταπέδωκα
704 2594 816 2655 τοῖς
844 2593 1258 2647 ἁνταποδιδοῦσι
1284 2613 1374 2665 μοι
1401 2597 1568 2661 κακὰ,
1601 2599 1893 2652 ἁποπέσοι-

321 2697 384 2749 μι
409 2680 519 2751 ἄρα
544 2674 789 2737 autem
812 2684 1024 2755 ἐχθρῶν
1065 2701 1169 2755 μου
1203 2688 1379 2751 κενός.
1412 2706 1430 2740 ι

2003 1783 2242 1835 ostendit
2268 1821 2283 1845 ,
2320 1784 2576 1852 inquiens
2613 1802 2628 1837 :
2686 1804 2704 1836 ι
2746 1785 2955 1840 Bonum
3010 1795 3094 1840 est
3133 1786 3252 1841 viro
3283 1787 3330 1842 si
3392 1778 3582 1842 tulerit

1998 1872 2185 1942 jugqu
2217 1889 2375 1927 suum
2403 1874 2471 1929 ab
2497 1876 2866 1931 adolescentia
2891 1892 3014 1931 sua.
3049 1876 3217 1931 Ponet
3247 1893 3311 1931 os
3335 1894 3493 1933 sumn
3521 1878 3578 1933 in

2004 1963 2304 2031 pulverem,
2345 1978 2413 2017 an
2449 1965 2585 2018 forte
2618 1980 2741 2021 sese
2764 1964 2956 2021 offerat
2980 1981 3127 2035 spes.
3166 1967 3429 2036 praebebit
3457 1981 3582 2036 per-

1980 2055 2230 2109 'cutienti
2264 2071 2324 2109 se
2374 2057 2650 2109 maxillam
2675 2095 2690 2121 ,
2734 2059 3027 2112 satiabitur
3078 2059 3398 2128 Opprobrio.
3436 2059 3576 2124 Quia

2003 2161 2109 2200 non
2152 2147 2376 2216 repellet
2409 2148 2463 2201 in
2489 2150 2878 2217 sempiternum
2910 2148 3169 2203 Dominus
3207 2150 3272 2202 ⁸⁸.
3313 2168 3331 2200 ι
3373 2148 3577 2218 Hujus-

2001 2240 2149 2294 modi
2180 2240 2342 2293 etiam
2369 2239 2472 2293 hoc
2497 2250 2582 2294 est
2616 2258 2630 2293 :
2680 2258 2698 2291 ι
2734 2239 2936 2311 Diliges
2978 2240 3285 2309 proximum
3319 2249 3496 2302 tuum,
3524 2253 3580 2294 et

1998 2329 2184 2384 oderis
2214 2329 2497 2383 inimicum
2522 2339 2674 2383 tuum
2708 2329 2774 2386 “.
2822 2349 2842 2382 ›
2874 2329 3044 2384 David
3074 2331 3218 2384 enim
3239 2346 3364 2384 cum
3387 2345 3579 2386 exces-

2001 2420 2167 2473 sisset
2202 2434 2268 2472 ex
2297 2419 2545 2489 ephebis,
2574 2420 2899 2489 hostemque
2942 2419 3196 2480 Saulem,
3239 2429 3333 2472 aut
3359 2420 3404 2474 si
3446 2420 3576 2488 quis

1999 2510 2046 2565 ei
2074 2510 2270 2564 similis
2322 2520 2443 2564 erat
2493 2512 2740 2571 haberet,
2780 2510 2931 2563 nullo
2961 2525 3090 2579 erga
3147 2526 3272 2564 eum
3307 2510 3577 2564 laboravit

1994 2600 2148 2656 odio.
2185 2599 2533 2672 Quapropter
2556 2602 2874 2670 evangeiire
2902 2601 3199 2655 admodum
3233 2601 3409 2669 inquit
3429 2619 3445 2655 :
3465 2618 3483 2651 ι
3515 2597 3576 2653 Si

1998 2691 2224 2758 rependi
2256 2691 2390 2746 mihi
2428 2693 2574 2745 mala
2612 2689 2976 2746 inferentibus
2998 2729 3013 2754 ,
3060 2690 3252 2744 cadam
3286 2690 3474 2759 utique
3504 2689 3576 2743 ab

1995 2781 2247 2837 hostibus
2281 2783 2420 2837 meis
2453 2796 2663 2837 vacuus
2696 2782 2762 2836 ⁸⁷.
2804 2800 2823 2834 ι

394 2887 565 2944 "auio
588 2890 681 2961 qui
705 2890 969 2944 exstruxit
1006 2889 1240 2953 domum,
1272 2905 1365 2944 nec
1397 2905 1515 2944 eam
1548 2890 1822 2958 initiavit“
1845 2891 1992 2964 [XX.
2022 2892 2104 2966 5.]
2147 2894 2316 2951 Nemo
2344 2895 2569 2951 domum
2610 2906 2929 2952 terrestrem
2958 2904 3306 2966 aspernatur.
3337 2895 3453 2951 Non
3497 2897 3570 2950 ita

319 2992 449 3032 Vero
475 2977 566 3046 qui
598 2990 757 3032 terra:
790 2977 970 3032 incola
1010 2992 1136 3030 cum
1167 2978 1238 3032 sit
1265 2977 1427 3032 sedes
1459 2993 1729 3047 supernas
1758 2990 1939 3035 mente
1969 2981 2241 3053 concepit,
2298 2984 2481 3053 qualis
2511 2985 2785 3039 Abraham
2830 2982 2953 3046 fuit.
2985 2985 3079 3053 qui
3138 2999 3263 3037 cum
3300 2984 3574 3039 habitaret

317 3064 374 3117 in
401 3064 676 3124 tentoriis.
709 3064 890 3117 locum
928 3064 1050 3118 loco
1088 3063 1322 3119 subinde
1363 3065 1716 3134 permutavit.
1750 3065 1881 3121 item
1914 3068 2080 3123 David
2123 3070 2214 3140 qui
2248 3070 2382 3125 dicit
2417 3090 2429 3126 :
2471 3090 2488 3121 ι
2524 3069 2696 3137 Quam
2729 3072 2992 3125 amabilia
3032 3079 3163 3124 sunt
3211 3070 3571 3125 tabernacula

317 3160 435 3216 tua,
465 3151 692 3206 Domine
722 3153 982 3206 virtutum
1014 3154 1028 3205 l
1065 3152 1342 3208 desiderat
1368 3159 1422 3207 et
1449 3151 1664 3223 deperit
1692 3156 1874 3208 anima
1916 3171 2034 3209 mea
2071 3158 2210 3210 atria
2239 3156 2456 3212 Domini
2494 3157 2560 3210 “.
2601 3177 2619 3210 ι
2680 3156 2755 3211 De
2781 3157 2985 3227 quibus
3048 3156 3305 3211 Servator
3337 3158 3517 3225 inquit
3557 3175 3592 3211 ετ

322 3255 342 3288 ι
379 3237 471 3291 Ibo
496 3249 552 3292 et
595 3239 799 3308 parabo
826 3240 978 3294 vobis
1013 3240 1349 3309 locum,qu’o
1376 3240 1471 3294 ubi
1496 3257 1597 3310 ego
1622 3241 1749 3306 sim,
1784 3242 1985 3297 ibidem
2018 3254 2072 3299 et
2107 3258 2204 3297 vos
2239 3260 2453 3298 mecum
2491 3245 2615 3300 sitis
2659 3245 2726 3298 ”.
2762 3263 2780 3293 ι
2813 3242 2943 3310 Qum
2967 3244 3060 3315 qui
3095 3259 3202 3298 non
3253 3245 3566 3313 investigat.

314 3324 536 3378 domum
566 3326 652 3380 hic
673 3327 928 3389 exstruit,
964 3329 1423 3397 suunnamqueiu
1462 3343 1525 3383 ea
1554 3329 1886 3384 industriam
1946 3330 2196 3386 collocat.
2245 3331 2722 3396 Quemadmodum
2776 3347 2977 3385 avarus
3032 3330 3245 3384 vineam
3308 3332 3518 3399 plantat
3557 3351 3585 3384 :.

318 3414 444 3466 item
476 3414 750 3466 delicatus
783 3414 1116 3468 detrimento
1162 3416 1409 3469 omnium
1436 3415 1706 3470 bonorum
1738 3432 1966 3471 suorum
2017 3418 2305 3472 mulierem
2358 3418 2552 3472 ambit.
2590 3417 2868 3484 Quocirca
2908 3433 3082 3474 sacrae
3119 3419 3328 3472 militite
3356 3419 3439 3473 eis
3476 3419 3573 3487 qui

316 3500 535 3568 pietatis
564 3504 739 3569 gratia
776 3504 865 3555 re‘s
891 3511 1180 3556 terrestres
1213 3500 1501 3569 despicere
1532 3504 1744 3564 nolunt,
1772 3504 2141 3558 interdicitur.
2168 3505 2341 3560 Porro
2362 3507 2629 3574 praeconis
2651 3507 3001 3561 sermonibus
3035 3508 3322 3577 Scriptura
3349 3521 3575 3575 quoque

314 3586 388 3640 ob
422 3587 711 3654 prtcdictas
744 3600 943 3640 causas
970 3586 1450 3640 formidolosorum
1487 3587 1703 3642 animos
1732 3591 2188 3657 accommodavit,
2214 3605 2535 3661 metumque
2563 3609 2628 3646 ex
2662 3593 2746 3646 his
2767 3595 2949 3647 causis
2984 3602 3189 3657 ortum,
3223 3595 3410 3648 causis
3440 3596 3576 3662 ipsis

316 3672 615 3740 pra-missis
654 3680 936 3737 postremo
971 3672 1197 3727 invexit.
1234 3670 1449 3738 Quibus
1477 3688 1611 3728 sane
1640 3690 1748 3728 non
1783 3676 2054 3731 absimilis
2082 3680 2135 3731 in
2174 3680 2425 3747 peccatis
2455 3680 2678 3748 prrtexi
2702 3679 2900 3743 solent,
2930 3679 3243 3748 quibusque
3278 3680 3403 3732 aliis
3429 3695 3571 3748 quo-

316 3772 422 3826 que
454 3757 633 3826 frigidi
665 3758 832 3812 studii
889 3774 1054 3811 causa
1113 3761 1404 3827 praebetur.
1444 3777 1463 3809 ‹
1500 3760 1876 3828 Corrumpunt
1930 3763 2077 3818 enim
2139 3765 2313 3820 bonos
2363 3781 2547 3826 mores
2592 3765 2870 3834 colloquia
2899 3781 3063 3833 prava
3096 3766 3162 3818 "'.
3189 3783 3212 3815 ι
3238 3765 3568 3833 Cujusmodi

318 3844 520 3898 Paulus
546 3845 810 3913 increpat,
847 3859 909 3898 ac
938 3844 1073 3905 dicit
1102 3882 1115 3895 .
1148 3862 1167 3895 ι
1208 3844 1349 3910 Quid
1395 3846 1577 3900 facitis
1617 3847 1764 3915 quod
1817 3848 1982 3911 fletis,
2032 3862 2088 3907 et
2136 3868 2314 3908 meum
2348 3869 2446 3909 eor
2492 3853 2884 3909 contunditis?
2931 3855 3043 3923 Ego
3072 3855 3221 3908 enim
3260 3868 3365 3907 non
3389 3853 3569 3906 solum

316 3932 534 3997 vinciri,
559 3947 747 3987 verum
789 3931 925 3985 inori
958 3943 1182 3999 paratus
1217 3947 1337 3986 smn
1394 3948 1493 4003 pro
1541 3935 1765 3988 nomine
1811 3936 2026 3990 Domini
2072 3940 2249 4003 nostri
2307 3939 2437 3995 Jesu
2487 3940 2697 3995 Christi
2725 3940 2789 3991 ⁷⁸.
2831 3959 2848 3992 ι
2883 3939 3206 4008 Cujusmodi
3239 3939 3316 3993 illi
3351 3953 3574 4009 quoque

314 4029 473 4076 erant
514 4021 607 4089 qui
638 4020 1053 4076 excusationem
1085 4019 1169 4073 sui
1204 4018 1273 4074 de
1329 4021 1539 4088 nuptiis
1593 4021 1858 4075 herilibus
1883 4021 2147 4089 fecerant,
2187 4041 2253 4079 ac
2303 4027 2558 4081 diverant
2593 4042 2607 4079 :
2652 4045 2671 4076 ι
2711 4026 2913 4095 Agrum
2963 4027 3093 4087 cini,
3142 4042 3368 4081 uxorem
3417 4026 3571 4091 duxi,

317 4126 424 4163 non
459 4125 681 4176 possum
717 4108 903 4163 venire
932 4109 997 4161 τ’.
1039 4126 1057 4159 ι
1090 4107 1417 4177 Cuiusmodi
1442 4124 1663 4178 quoque
1691 4107 1861 4165 Musis
1898 4109 2120 4165 fuerunt
2168 4114 2573 4182 exploratores,
2599 4112 2772 4168 Jos‘ue
2792 4122 2846 4167 et
2875 4112 3041 4166 Caleb
3075 4113 3343 4179 exceptis.

383 4196 544 4268 “7
579 4196 641 4250 Et
668 4198 790 4259 erit,
822 4194 1083 4265 siquidem
1112 4206 1306 4259 pacate
1335 4196 1700 4264 responderint
1728 4198 1822 4250 tibi
1852 4196 1990 4269 [IL]
2032 4196 2357 4275 Huiusmodi
2380 4200 2545 4253 etiam
2578 4208 2708 4254 sunt
2742 4214 2863 4266 quae
2882 4199 3142 4253 Christus
3177 4199 3297 4254 suis
3337 4196 3571 4251 manda-

318 4286 392 4335 vit
422 4285 733 4352 discipulis.
789 4294 847 4337 ut
881 4282 1140 4337 videlicet
1177 4284 1287 4336 sint
1320 4282 1532 4351 pacifici
1567 4298 1691 4337 cum
1728 4286 1984 4340 omnibus
2014 4286 2106 4353 qui
2136 4302 2326 4355 paceni
2363 4286 2607 4356 ipsorum
2633 4287 2936 4356 recipiant;
2970 4287 3039 4338 ah
3076 4285 3145 4339 iis
3178 4301 3306 4339 vero
3332 4287 3426 4354 qui
3459 4300 3574 4339 non

320 4372 648 4440 receperint,
720 4371 942 4439 pulvere
980 4385 1012 4423 e
1056 4369 1288 4438 pedibus
1333 4385 1574 4424 excusso
1607 4386 1730 4426 sese
1756 4372 2029 4427 abducant
2059 4373 2125 4429 ⁷³.
2158 4371 2369 4428 Primas
2409 4389 2537 4426 vero
2567 4373 2817 4428 obtinere
2862 4387 3050 4443 pacem
3099 4373 3235 4427 vult.
3274 4389 3293 4423 ι
3337 4373 3575 4425 Servum

317 4461 516 4512 ctenim
556 4458 768 4511 Duluiui
807 4472 915 4510 non
947 4465 1166 4525 oportet
1197 4469 1469 4525 pitgnare,‘
1495 4473 1683 4511 verum
1750 4474 1968 4529 a-quum
1999 4474 2125 4513 esse
2172 4474 2301 4528 erga
2341 4474 2536 4514 omnes
2570 4460 2618 4491 "‘
2673 4478 2693 4511 ι
2728 4459 2824 4517 Est
2855 4469 3035 4513 autem
3078 4460 3301 4529 paciﬁca
3338 4474 3568 4526 respuu-

317 4546 466 4610 dere,
501 4560 805 4600 sermonem
828 4545 1048 4612 pietatis
1080 4544 1339 4612 recipere,
1380 4545 1681 4614 p‘etatique
1713 4546 2064 4600 tributarium
2092 4562 2235 4600 esse.
2269 4546 2322 4599 Id
2366 4545 2568 4602 Paulus
2604 4546 3049 4615 Philippensibus
3072 4547 3302 4602 scribit:
3337 4564 3357 4598 ι
3396 4545 3578 4599 Multo

319 4631 493 4698 magis
528 4633 578 4684 in
621 4632 865 4684 absentia
896 4644 1012 4683 mea
1041 4638 1278 4685 vestram
1319 4630 1562 4699 ipsorum
1595 4632 1827 4686 salutem
1862 4634 2166 4703 operamini
2201 4634 2268 4687 ⁷⁵.
2299 4632 2404 4686 »Ει
2445 4634 2644 4689 iterum
2685 4652 2698 4686 :
2735 4653 2754 4685 ι
2788 4634 2988 4688 Omnia
3032 4634 3233 4700 recepi,
3267 4643 3321 4688 et
3347 4633 3575 4688 abunde

316 4722 567 4787 expletus
587 4733 731 4778 sunt,
756 4725 1114 4785 posteaquam
1143 4719 1327 4785 accepi
1348 4719 1416 4771 ab
1438 4718 1815 4788 Epaphrodito
1830 4736 1954 4792 qua:
1973 4739 2001 4777 ο
2031 4722 2184 4776 vobis
2209 4722 2372 4776 missa
2395 4726 2611 4777 fuerant
2636 4722 2701 4775 ⁷⁸.
2730 4740 2852 4773 »σ-ι
2872 4719 2988 4774 Non
3019 4736 3272 4790 Inagtmm
3297 4722 3441 4773 enim
3459 4728 3572 4782 est,

320 4810 517 4862 iterum
545 4807 744 4875 inquit,
764 4809 833 4866 si,
864 4804 1154 4860 seminatis
1182 4806 1335 4859 vobis
1358 4808 1739 4874 spiritualibus
1762 4824 1885 4871 nos,
1915 4816 2095 4860 vestra
2126 4794 2368 4860 carnalia
2392 4806 2787 4861 messuerimus
2811 4808 2877 4859 ⁷⁷.
2906 4825 2924 4857 ι
2948 4805 3142 4871 Porro,
3166 4824 3186 4856 ι
3220 4803 3424 4860 Urbem
3448 4821 3571 4874 qua:

320 4895 517 4948 bellum
539 4893 784 4962 elegerit,
810 4891 1026 4959 tradet.~
1046 4892 1246 4960 inquit,
1282 4891 1545 4946 Dominus
1578 4894 1719 4947 Deus
1755 4903 1883 4949 tuus
1913 4894 1967 4947 in
1997 4907 2186 4948 manus
2211 4903 2353 4948 tuas.
2388 4912 2408 4944 ι
2436 4923 2507 4933 —
2532 4912 2549 4942 c
2575 4894 2617 4946 Α
2647 4894 2785 4947 facie
2837 4894 2981 4947 enim
3012 4903 3357 4956 sanctorum,
3389 4893 3573 4961 inquit

322 4981 513 5048 David,
549 4988 636 5035 est
670 4981 808 5051 ipse,
843 4978 1078 5045 subjecit
1112 4978 1272 5031 nobis
1305 4980 1556 5046 populos,
1604 4992 1659 5034 et
1714 4989 1909 5050 gentes
1960 4982 2067 5036 sub
2111 4981 2273 5049 pedes
2325 4990 2547 5035 uestros
2581 4981 2646 5033 ⁷⁸.
2693 5000 2713 5033 ι
2758 4982 2811 5034 Id
2856 4997 2983 5034 vero
3028 4982 3172 5050 quod
3219 4980 3355 5034 dicit
3381 4981 3569 5052 gladio

319 5085 483 5123 oume
557 5067 922 5121 masculinum
990 5065 1414 5118 interimendum
1450 5083 1593 5125 esse.
1656 5068 1931 5136 significat
1965 5069 2130 5121 verbo
2177 5066 2268 5121 Dei
2329 5083 2425 5134 pro
2456 5067 2598 5120 virili
2639 5069 2945 5137 oppositam
2997 5068 3295 5136 potentiam
3327 5083 3452 5123 esse
3472 5068 3569 5121 de-

320 5153 676 5209 struendam:
713 5169 824 5223 quo
856 5160 1182 5206 resecarunt
1211 5150 1469 5222 discipuli
1504 5156 1808 5218 Simonem,
1835 5155 2186 5225 Elymumque
2220 5165 2273 5209 et
2302 5154 2556 5224 dogmata
2596 5156 2681 5208 his
2711 5155 2889 5208 adhuc
2926 5156 3215 5209 validiora.
3263 5155 3573 5209 Servabant

319 5258 448 5299 vero
485 5242 762 5305 mulieres,
797 5240 848 5293 id
875 5247 979 5304 est,
1018 5254 1114 5295 eas
1146 5256 1268 5309 qua:
1296 5241 1477 5295 dicere
1503 5252 1735 5310 possunt
1767 5260 1779 5295 :
1825 5245 2047 5295 Animas
2081 5252 2303 5312 propter
2328 5256 2531 5297 metum
2566 5253 2746 5304 tuum,
2786 5241 3032 5308 Domine,
3066 5248 3119 5298 in
3154 5253 3312 5297 utero
3345 5245 3565 5314 accepi-

321 5349 466 5385 mus.
501 5331 743 5384 Infantes
776 5329 924 5388 item,
959 5328 1061 5380 hoc
1095 5338 1200 5388 est,
1234 5328 1323 5397 qui
1370 5330 1576 5382 malitia
1608 5345 1671 5389 ac
1703 5332 1992 5399 pravitate,
2020 5331 2173 5401 juxta
2204 5331 2355 5386 Pauli
2388 5333 2596 5386 dictum
2630 5332 2699 5396 ⁷⁸,
2723 5333 2875 5403 pueri
2910 5341 3059 5387 sunt.
3100 5352 3118 5385 ι
3158 5335 3231 5387 Ac
3257 5333 3571 5403 jutncntaw

387 5496 433 5570 ff
457 5492 584 5570 Sap.
628 5510 667 5555 I,
886 5495 1116 5570 Prov.
1158 5513 1265 5559 xw,
1297 5498 1348 5551 5.
1470 5501 1528 5570 ᾲξο
1563 5497 1698 5550 Dan.
1738 5514 1851 5564 xm,
1892 5501 1910 5570 l
1960 5517 2117 5570 seqq.
2231 5488 2469 5554 “\va.
2504 5514 2609 5559 ιιι,
2638 5498 2751 5570 ίτίὃς
2780 5497 2998 5570 atmiis
3092 5494 3137 5527 "
3171 5492 3311 5570 ἵξεαι.
3344 5491 3563 5570 χηλΗῇ

319 5564 571 5617 “Matth.
604 5578 673 5623 ν,
707 5564 795 5618 39.
907 5564 951 5632 fe
988 5567 1121 5618 ibid.
1178 5570 1268 5620 eo.
1390 5570 1433 5602 εδ
1469 5568 1675 5622 τιιιοοιι.
1714 5585 1770 5621 ιιι
1805 5559 1896 5623 ,ἐν

2000 5559 2157 5632 56.154
2261 5572 2451 5625 Matth.
2510 5586 2563 5628 ν,
2601 5569 2688 5623 45.
2741 5559 2748 5561 '
2805 5569 2846 5595 ετ
2884 5567 3023 5618 l’sal.
3053 5581 3145 5620 \‘tt.
3183 5563 3236 5613 5.
3344 5563 3389 5632 αι
3417 5559 3564 5632 Psal.

319 5648 551 5693 bsunt,
597 5633 648 5692 ‘2,
697 5632 747 5685 5.
829 5633 871 5663 ⁸9
895 5630 1052 5687 Joan.
1104 5653 1215 5701 xlv,
1399 5636 1450 5692 9..
1530 5636 1616 5701 ⁷ο,
1804 5642 1891 5692 lC

2015 5628 2102 5697 xv.
2137 5644 2221 5694 55.
2341 5643 2379 5672 ⁷⁸
2416 5642 2681 5701 Audiat,
2743 5639 2828 5691 15.
2934 5638 2980 5667 τ’
3036 5634 3171 5687 Itur.
3210 5648 3318 5693 MV.
3374 5628 3564 5701 18'9"-

320 5704 364 5736 "
401 5705 586 5780 Matth.
622 5719 672 5780 ξε,
700 5704 795 5780 _l
874 5705 912 5734 "
955 5704 992 5755 ll
1029 5703 1169 5780 'l‘giin.
1206 5699 1279 5770 ἰι,
1318 5709 1405 5762 Ἡ.
1483 5710 1527 5739 ⁷⁵
1556 5699 1788 5776 l‘lnlipp.
1826 5726 1881 5772 ll,

2000 5750 2007 5764 .
2084 5713 2127 5741 τε
2163 5711 2393 5780 Philipp.
2434 5728 2506 5774 ιν,
2542 5712 2624 5765 ιιι.
2672 5699 2676 5701 ’
2741 5709 2785 5738 ττ
2824 5706 2991 5760 ιιῑοι.
3030 5721 3106 5767 ιι,
3141 5703 3221 5755 ιι.
3336 5702 3380 5729 τ’
3416 5699 3564 5754 Paul.

324 5788 469 5839 sur,
499 5774 549 5827 4.
628 5773 669 5803 ⁷⁸
698 5772 714 5824 Ι
754 5775 881 5829 Cor.
913 5791 1018 5838 xiv,
1048 5773 1137 5829 ‘20.
