4036 6214
472 292 577 359 923
1809 298 2161 363 PROCOPII
2191 299 2438 363 GAz/EI
2904 283 2920 287 '
3633 283 3754 348 99!.

468 408 662 463 Justus
693 408 839 462 enim
869 408 1168 463 miseratur
1202 409 1417 465 animas
1439 409 1822 479 jnmeutorum
1865 427 2119 475 suorum,
2167 427 2290 481 quae
2324 410 2393 464 ad
2425 409 2593 463 Deum
2630 403 2822 459 dicunt
2853 420 2866 456 :
2911 399 3190 456 Pecuinus
3223 416 3251 454 a
3302 407 3357 455 te
3389 415 3509 455 sum
3538 400 3758 453 tondi-

473 510 583 565 tus,
616 505 670 551 et
699 496 818 564 ipse
851 512 1069 565 semper
1093 512 1308 552 mecum
1344 507 1453 555 est.
1489 498 1562 554 De
1586 500 1791 569 quibus
1820 499 2001 568 inquit
2032 514 2089 551 τι
2126 497 2390 552 Homines
2422 496 2744 564 eljumenta
2780 488 3051 552 servabis,
3095 487 3327 573 Domine
3344 488 3412 552 “,
3434 506 3453 539 ι
3488 487 3766 541 homines

475 587 551 640 ita
597 599 803 638 vocans
840 584 1116 639 rudiores.
1150 583 1467 640 Jumentum
1528 587 2008 659 igitanornelius
2056 587 2221 640 etiam
2270 585 2431 655 juxta
2480 583 2749 637 visionem
2814 593 2936 648 quae
2983 576 3145 631 Petro
3193 577 3259 631 de
3288 574 3761 645 quadrupedibus

475 672 733 743 apparuit
766 671 833 724 ".
866 672 938 725 De
971 660 1287 740 ltfjusmodi
1314 672 1577 741 jumentis
1604 671 1786 727 Lucas
1821 673 1877 727 in
1912 672 2065 727 Actis
2096 672 2313 735 inquit:
2353 690 2372 723 ι
2409 670 2712 724 Audientes
2742 681 2873 722 vero
2910 674 3101 735 gentes
3128 662 3460 734 gaudebant,
3487 671 3542 717 et
3565 662 3761 716 hono-

475 776 590 815 rem
644 758 972 814 deferebant
1028 760 1197 815 verbo
1258 758 1377 823 Dei,
1431 771 1485 815 et
1512 761 1887 825 crediderunt,
1935 767 2208 830 quotquot
2241 758 2312 813 ad
2338 759 2508 811 vitam
2542 756 2763 811 fuerunt
2800 752 3063 808 destinati
3096 760 3354 804 aeternam
3384 748 3450 802 ⁸¹.
3487 767 3506 800 ι
3548 747 3756 812 Porro,

482 867 501 898 ι
534 845 731 902 Omnia
765 864 887 917 qua:
916 847 971 900 in
1015 847 1152 902 urbe
1176 858 1307 902 sunt
1333 848 1578 916 diripies,
1619 869 1638 900 ι
1677 849 1878 918 inquit.
1912 847 2079 903 Juxta
2106 847 2245 902 illud
2275 866 2290 901 :
2325 866 2344 899 ι
2379 845 2671 917 Captivum
2729 844 2997 897 ducentes
3044 854 3262 895 onmem
3305 837 3639 893 intellectum
3680 836 3755 891 ad

475 933 843 989 obedientiam
864 933 1065 988 Christi
1094 932 1163 985 ⁸³.
1200 952 1221 986 ι
1252 962 1325 973 ——
1346 952 1365 985 ι
1398 934 1489 988 Sic
1526 933 1715 999 facies,
1751 934 1953 1006 inquit,
1984 937 2245 991 omnibus
2279 934 2597 989 civitatibus
2627 947 2750 1002 qua:
2790 929 3038 1001 procula
3081 937 3132 984 te
3159 928 3382 989 absunt,
3418 944 3437 977 ι
3469 942 3592 995 qua:
3618 927 3758 996 qui-

477 1020 602 1076 dem
636 1031 762 1075 sunt
788 1021 1170 1075 haereticorum
1205 1021 1656 1077 constitutiones.
1686 1022 1765 1077 Ex
1795 1022 2002 1092 quibus
2040 1022 2175 1077 nihil
2203 1023 2386 1081 vivum
2418 1020 2749 1091 capiendum
2782 1025 2887 1073 est.
2920 1014 3062 1082 Quid
3125 1013 3272 1068 enim
3328 1027 3395 1067 ex
3458 1012 3546 1068 his
3597 1013 3760 1068 utili-

476 1110 607 1163 tatis
635 1109 660 1162 ?
690 1109 832 1174 Quin
864 1122 964 1163 nec
986 1108 1352 1162 anathematis
1380 1124 1481 1164 usu
1512 1109 1761 1179 dignum.
1785 1109 1943 1175 Quod
1980 1110 2127 1165 enim
2156 1109 2469 1166 communis
2506 1122 2703 1164 sensus
2759 1119 2980 1175 expers,
3023 1101 3246 1157 noxium
3275 1107 3380 1155 est.
3412 1118 3432 1151 ι
3474 1101 3753 1156 Corrum-

478 1195 775 1264 puntenim
807 1194 1005 1248 .bonos
1038 1209 1220 1248 mores
1252 1194 1527 1259 colloquia
1553 1211 1719 1265 prava
1758 1196 1827 1249 “.
1868 1216 1887 1249 ι

554 1283 674 1339 Non
690 1285 987 1339 eradicabis
1009 1284 1223 1352 arbores
1239 1286 1376 1354 ejus.
1399 1285 1542 1357 lxx,
1565 1286 1678 1358 19.]
1697 1286 1773 1342 Ne
1792 1288 2062 1345 hosticum
2093 1276 2142 1328 Α

2244 1288 2390 1358 Οὑχὲ
2439 1287 2898 1355 ἐξολοθρεύσεις
2949 1284 3022 1339 τὰ
3072 1283 3293 1352 δένδρα
3332 1281 3545 1350 αὐτῆς,
3574 1281 3653 1343 ὡς
3686 1280 3757 1334 ἄν

488 1377 797 1432 victoribus
841 1376 933 1430 ﬁat
984 1378 1196 1432 inutile.
1227 1377 1413 1447 Neque
1462 1395 1591 1433 vero
1638 1379 1805 1435 arbor
1848 1381 2067 1438 hostilis

2174 1379 2251 1450 μὴ
2280 1379 2557 1449 ἄχρηστος
2579 1378 2810 1446 γένηται
2845 1374 3247 1445 κεκρατηκόσιν
3275 1375 3310 1444 ἡ
3351 1374 3447 1441 γῆ.
3480 1371 3616 1425 Οὐδὲ
3639 1372 3757 1439 γὰρ

480 1480 587 1534 est,
625 1469 827 1541 inquit,
867 1478 927 1523 ut
968 1469 1158 1524 urbem
1189 1470 1635 1541 cxpugnantibus
1678 1471 1919 1527 resistat.

2168 1470 2231 1522 τὸ
2258 1469 2477 1539 δένδρον
2505 1468 2764 1538 πολέμιόν
2801 1483 2986 1537 φησιν,
3019 1466 3094 1529 ὡς
3158 1465 3479 1535 ἀντιστῆναι
3532 1463 3758 1532 παλιορο

2167 1560 2323 1614 κοῦσι
2356 1561 2455 1632 τὴν
2477 1560 2651 1614 πόλιν.

555 1690 837 1760 Quotquot
860 1705 990 1744 vero
1018 1691 1283 1745 arborum
1319 1692 1538 1746 steriles
1557 1700 1709 1756 sunt,
1745 1694 2139 1750 exscindenda:
2170 1695 2268 1752 tibi
2301 1705 2451 1762 sunt,
2488 1694 2687 1766 inquit,
2720 1710 2830 1765 quo
2880 1696 2939 1748 in
2967 1694 3094 1748 valli
3136 1708 3297 1748 usum
3325 1686 3545 1749 Cedant.
3581 1692 3752 1746 lutei-

486 1777 623 1848 liges
681 1793 813 1833 vero
861 1778 1089 1834 arbores
1123 1778 1438 1834 fruvtiferas
1469 1779 1591 1834 illas
1621 1781 1687 1834 de
1712 1782 1915 1850 quibus
1950 1782 2121 1838 Isaias
2142 1783 2208 1838 ad
2255 1765 2616 1855 Babylonium
2668 1782 2846 1852 inquit
2882 1798 2894 1833 :
2935 1799 2957 1835 ι
2991 1780 3187 1836 Omnis
3223 1765 3369 1836 terra
3393 1781 3594 1850 jubilat
3625 1781 3753 1834 laeta

482 1882 640 1931 voce,
678 1877 728 1921 et
762 1868 912 1934 ligna
946 1866 1139 1921 Libani
1175 1867 1353 1920 laetata
1389 1875 1521 1921 sunt
1548 1867 1617 1922 de
1648 1875 1721 1931 te,
1753 1877 1807 1924 et
1841 1870 1992 1925 cedri
2036 1869 2229 1924 Libani
2256 1869 2468 1928 dicent:
2514 1869 2737 1925 Abhinc
2795 1885 2906 1939 qtto
2936 1879 2996 1922 tu
3023 1868 3249 1938 jacuisti
3306 1884 3467 1922 nemo
3522 1876 3608 1922 est
3655 1868 3754 1937 qui

485 1953 800 2008 ascenderit
833 1969 999 2024 super
1035 1970 1135 2010 nos
1164 1954 1231 2007 ⁸⁸.
1266 1973 1284 2005 ι
1333 1954 1664 2025 Hujusmodi
1700 1971 1922 2028 quoque
1960 1956 2093 2011 illud
2126 1957 2336 2029 lignum
2363 1957 2431 2012 de
2463 1972 2575 2027 quo
2606 1956 2751 2028 apud
2776 1956 3106 2026 Pmphetam
3143 1956 3199 2009 in
3231 1955 3494 2025 psalmis':
3529 1974 3548 2005 ι
3591 1954 3752 2019 Quod

483 2041 744 2096 videlicet
770 2041 931 2111 juxta
972 2042 1121 2111 ripas
1149 2056 1421 2111 aquarum
1450 2053 1559 2106 est,
1601 2044 1749 2113 quod
1781 2043 2022 2099 fructum
2080 2060 2240 2100 suum
2275 2061 2378 2101 suo
2416 2044 2571 2099 dabit
2624 2052 2876 2114 tempore
2906 2043 2977 2097 ⁸⁸.
3016 2061 3036 2095 ι
3078 2042 3259 2096 Arbor
3296 2041 3585 2096 fruetilera
3613 2041 3758 2096 Cor-

485 2130 668 2184 nelius
698 2129 823 2194 fuit,
856 2129 1135 2198 decerpsit
1166 2130 1313 2185 enim
1344 2129 1544 2185 Petrus
1574 2148 1639 2187 ex
1674 2130 1949 2187 fructibus
1997 2132 2142 2202 ejus.
2175 2133 2451 2188 Alimonia
2504 2133 2653 2188 enim
2712 2132 2996 2203 justorum
3037 2130 3381 2186 credentium
3434 2132 3589 2186 salus
3643 2142 3757 2197 est,

484 2218 629 2271 sicut
666 2224 722 2271 et
752 2218 929 2287 ipsius
966 2216 1302 2283 Servatoris,
1341 2218 1434 2287 qui
1497 2218 1725 2288 inquit:
1764 2235 1785 2269 ι
1821 2219 1935 2289 Ego
1968 2220 2153 2274 cibum
2209 2221 2384 2278 habeo
2439 2219 2837 2276 comedendum
2876 2234 3036 2288 quem
3089 2234 3188 2274 vos
3228 2218 3497 2289 ignoratis
3518 2219 3588 2282 δ’.
3631 2237 3649 2269 ι
3689 2220 3761 2273 de

486 2304 739 2358 ﬁdelibus
773 2304 827 2358 in
866 2303 1116 2358 Samaria
1151 2304 1403 2374 loquens.
1443 2305 1515 2359 De
1538 2304 1782 2360 fructum
1823 2320 1953 2360 vero
1985 2321 2093 2361 non
2119 2305 2435 2378 .edentibus
2466 2303 2765 2358 Zacharias
2803 2303 2975 2357 dicit:
3008 2322 3026 2354 ι
3065 2303 3253 2371 Aperi,
3294 2301 3526 2366 Libane,
3565 2310 3759 2371 portas

486 2401 613 2446 tuas
639 2400 697 2446 ut
721 2392 863 2463 ignis
889 2392 1086 2448 cedros
1116 2402 1243 2449 tuos
1267 2392 1529 2458 devoret;
1568 2394 1739 2460 ulula,
1769 2395 1949 2459 abies,
1979 2395 2241 2466 quoniam
2267 2392 2469 2448 cecidit
2494 2391 2717 2458 cedrus,
2736 2391 3000 2461 quoniam
3040 2390 3317 2459 magnilici
3356 2390 3515 2444 valde
3551 2391 3759 2444 vastati

495 2488 627 2533 sunt
655 2496 668 2532 :
696 2479 927 2545 ululate,
960 2496 1195 2550 quercus
1249 2482 1305 2535 in
1337 2480 1672 2547 Basanilide,
1709 2483 1971 2553 quoniam
2009 2483 2147 2539 silva
2169 2482 2356 2537 caedua
2389 2486 2669 2550 prostrata
2692 2488 2776 2534 est
2808 2478 2875 2533 ⁸⁸.
2918 2496 2937 2529 ι
2969 2474 3292 2532 Conducere
3331 2493 3459 2532 vero
3489 2478 3554 2532 ad
3588 2492 3760 2548 expu-

489 2569 780 2638 gnationes
811 2568 1030 2623 urbium
1063 2569 1282 2625 steriles
1313 2570 1543 2626 arbores
1586 2573 1807 2641 inquit;
1839 2569 2249 2642 ac.hujusmodi
2288 2583 2422 2625 sane
2454 2566 2819 2623 Athenienses
2856 2564 3104 2620 luerunt.
3147 2565 3288 2621 Nulli
3315 2567 3460 2621 enim
3483 2567 3560 2621 rei
3590 2579 3758 2620 vaca-

494 2664 649 2722 runt,
678 2670 1045 2728 praeterquam
1104 2657 1366 2713 inanibus
1418 2662 1711 2716 verborum
1748 2660 2151 2731 jactationibus
2203 2656 2716 2725 auditionibusque.
2753 2652 3030 2720 Quocirca
3066 2653 3270 2709 Paulus
3304 2655 3550 2709 Athenas
3576 2668 3759 2722 expu-

489 2760 665 2814 gnans
695 2755 749 2798 et
781 2756 1037 2800 evertens
1062 2744 1310 2815 ipsorum
1334 2746 1675 2817 impietatem
1714 2767 1728 2803 :
1778 2766 1798 2800 ι
1837 2749 1953 2803 Viri
2001 2748 2392 2809 Athenienses,
2425 2744 2627 2813 inquit,
2661 2757 2761 2813 per
2807 2742 2993 2797 bumia
3031 2741 3190 2810 quasi
3243 2740 3760 2810 superstitiosiores

489 2848 591 2886 vos
615 2832 794 2898 video,
829 2833 1011 2887 inveni
1038 2834 1166 2888 item
1198 2849 1352 2889 aram
1382 2851 1505 2905 qua:
1534 2836 1721 2905 ignoto
1754 2837 1865 2892 Deo
1890 2835 2157 2905 inscripta
2208 2841 2315 2889 est.
2345 2831 2483 2885 Eum
2515 2831 2686 2901 igitur
2718 2829 2890 2884 Deum
2922 2844 3085 2898 quem
3117 2844 3215 2883 vos
3252 2843 3348 2899 per
3384 2829 3758 2899 ignorantiam
3857 2892 3863 2896 ,

491 2919 699 2983 colitis,
727 2935 828 2990 ego
859 2922 1018 2977 vobis
1056 2920 1322 2976 denuntio
1345 2922 1412 2975 ⁸³.
1451 2942 1472 2975 ι
1511 2920 1678 2978 Vides
1711 2922 1882 2992 igitur
1908 2931 2178 2992 quantum
2215 2908 2352 2990 ipsis
2375 2933 2443 2973 ac
2476 2933 2575 2988 per
2605 2916 2761 2988 ipsos
2779 2916 2982 2970 vallum
3021 2915 3095 2970 sit
3121 2915 3438 2969 demolitus.
3475 2911 3583 2967 Per
3608 2914 3761 2982 quod

500 3008 694 3062 urbem
725 3023 918 3062 eorum
943 3008 1196 3077 quamvis
1228 3024 1338 3063 non
1370 3016 1541 3063 totam
1587 3009 1751 3065 simul
1780 3011 1965 3080 cepit:
2008 3027 2026 3060 ι
2050 3007 2287 3075 Quidam
2340 3006 2488 3061 enim
2539 3004 2920 3077 crediderunt,
2976 3017 3212 3074 quorum
3241 3018 3272 3058 e
3301 3016 3531 3057 numero
3554 3000 3764 3073 Diony-

499 3093 619 3148 sius
643 3108 864 3161 quoque
902 3095 1234 3164 AreOpagita
1274 3104 1392 3148 erat
1420 3096 1490 3146 9°.
1522 3113 1541 3146 ι
1572 3093 1843 3150 Jeremias
1864 3095 2104 3164 denique
2133 3095 2301 3150 etiam
2334 3094 2685 3150 eradicandis
2720 3093 2938 3163 populis
2972 3092 3308 3148 constitutus
3357 3088 3525 3162 ΜΒ
3552 3099 3661 3154 est,
3696 3106 3765 3146 ac

501 3189 614 3231 tam
650 3180 937 3257 sterilibus
961 3196 1126 3250 quam
1164 3180 1450 3251 frugiferis
1482 3182 1797 3247 arboribus,
1824 3182 1892 3236 de
1918 3183 2122 3252 quibus
2142 3183 2307 3237 etiam
2334 3181 2467 3245 edit,
2503 3180 2883 3237 conserendis.
2928 3179 3067 3247 Quis
3100 3179 3248 3235 enim
3276 3178 3493 3233 vineam
3525 3179 3758 3247 plantat,

496 3276 552 3320 et
585 3264 652 3320 de
678 3266 950 3321 fructibus
979 3267 1102 3337 ejus
1131 3282 1239 3322 non
1271 3270 1515 3324 vescitur
1541 3269 1564 3322 ?
1590 3269 1747 3335 juxta
1781 3268 1967 3323 divum
2000 3270 2361 3338 Apostolum..

574 3380 636 3434 Si
654 3380 892 3435 inventus
923 3383 1082 3452 fuerit
1108 3384 1325 3437 saucius
1360 3385 1414 3437 in
1437 3386 1602 3438 terra.
1635 3381 1801 3455 [XX],
1838 3382 1917 3455 1.]
1949 3382 2286 3441 Vulneratus
2313 3386 2535 3458 quidem
2571 3393 2796 3456 propter
2821 3393 3050 3456 peccata
3079 3391 3271 3439 nostra
3299 3382 3556 3440 Christus
3579 3390 3669 3437 est
3692 3382 3760 3440 ".

501 3470 546 3520 A
574 3467 735 3524 Patre
757 3471 977 3539 quidem
1010 3471 1272 3536 traditus,
1304 3487 1333 3525 a
1365 3470 1570 3527 Iudaeis
1598 3486 1731 3527 vere
1781 3470 2041 3537 aﬁiictus,
2074 3473 2167 3544 qui
2206 3488 2333 3526 eum
2385 3475 2576 3543 utique
2608 3473 3020 3527 interemissent
3057 3486 3369 3540 nunquam,
3398 3470 3505 3525 nisi
3541 3469 3654 3524 Deo
3688 3470 3764 3522 ita

504 3557 704 3611 fuisset
735 3573 937 3612 Visum.
970 3559 1127 3625 Quod
1160 3573 1293 3614 sane
1326 3558 1503 3613 Pilato
1528 3558 1665 3613 dicit
1702 3576 1716 3612 :
1763 3577 1782 3609 ι
1814 3558 1936 3613 Non
1983 3560 2215 3616 haberes
2248 3560 2304 3614 in
2361 3574 2448 3614 me
2474 3566 2800 3629 potestatem
2851 3559 3043 3624 ullam,
3079 3560 3189 3614 nisi
3218 3557 3314 3612 tibi
3348 3572 3586 3628 superne
3616 3565 3766 3613 esset

505 3643 693 3698 datum
722 3646 791 3697 ”.
838 3664 859 3696 ιν
886 3645 940 3699 In
965 3646 1199 3716 psalmis
1230 3648 1362 3703 item
1395 3647 1460 3701 ad
1487 3646 1704 3701 Patrem
1726 3648 1906 3717 inquit
1941 3665 1955 3701 :
1997 3665 2016 3699 ι
2048 3648 2323 3715 Quoniam
2354 3665 2514 3719 quem
2544 3657 2602 3703 tu
2628 3649 2977 3719 percussisti,
3019 3649 3297 3719 persecuti
3325 3659 3456 3703 sunt
3491 3648 3596 3718 ipsi
3632 3649 3701 3702 ’³.
3741 3668 3759 3698 ι

506 3733 640 3785 item
675 3748 690 3786 :
729 3750 748 3783 ι
792 3733 875 3787 Ad
906 3732 1155 3788 dolorem
1185 3735 1472 3790 vulnerum
1500 3750 1746 3790 meorum
1773 3734 2109 3790 addiderunt
2133 3737 2201 3792 ³⁸.
2244 3757 2263 3788 ι
2297 3735 2568 3793 Craterum
2611 3736 2848 3807 papulus
2891 3735 3160 3791 Iudaicus
3205 3736 3507 3806 principem
3540 3749 3767 3804 percus—

507 3836 689 3874 sorem
722 3820 1033 3890 ignorabat.
1060 3821 1396 3878 Vulneratus
1429 3823 1600 3893 igitur
1632 3822 1688 3876 in
1718 3821 1909 3878 Iudaea
1941 3824 2165 3894 quidem
2201 3835 2304 3879 est.
2341 3825 2500 3895 Apud
2526 3831 2719 3895 gentes
2755 3838 2887 3878 vero
2926 3824 3249 3895 mysterium
3296 3823 3417 3892 ejus
3462 3823 3762 3893 perﬁcitur.

509 3905 716 3961 Bucula
756 3908 905 3963 enim
931 3909 1192 3975 sumitur,
1251 3926 1374 3979 qua:
1418 3909 1700 3964 Christum
1723 3921 2108 3979 repraesentat,
2156 3918 2426 3980 quatenus
2451 3911 2597 3965 enim
2640 3911 2826 3974 homo,
2890 3911 2994 3967 sub
3038 3910 3172 3980 jugn
3213 3910 3336 3964 fuit.
3372 3910 3616 3965 Rursum
3638 3925 3767 3963 vero

506 4001 665 4047 extra
700 3995 880 4064 ipsum
909 4002 1016 4062 est,
1054 4006 1327 4066 quatenus
1356 4004 1554 4050 natura
1596 4012 1698 4052 sua
1737 3996 1879 4052 Deus
1941 3998 2179 4053 exsistit.
2222 3998 2455 4053 Ducitur
2483 4012 2612 4054 vero
2653 3999 2708 4052 in
2746 3999 2940 4053 vallem
2978 4008 3034 4054 et
3062 4014 3340 4070 asperam,
3374 4009 3430 4055 et
3478 3999 3766 4061 incultam,

509 4082 829 4138 vulneratus
852 4083 999 4137 enim
1033 4084 1087 4137 in
1114 4099 1282 4139 cruce
1306 4078 1641 4154 ad'gentium
1667 4086 1948 4140 concessit
1969 4087 2174 4149 solum,
2203 4087 2348 4157 quod
2386 4087 2620 4141 antehac
2646 4087 2885 4151 aridum,
2917 4095 2973 4142 et
3000 4087 3269 4161 incultum
3301 4088 3498 4156 jacuit,
3524 4098 3768 4142 vastum.

509 4186 617 4237 que
639 4172 778 4227 adeo
810 4172 933 4238 fuit,
959 4173 1086 4242 quia
1113 4172 1396 4227 fertilitate
1418 4187 1482 4225 ea
1505 4187 1669 4241 quant
1697 4171 1841 4226 Deus
1869 4171 2127 4241 postulat.
2148 4177 2349 4229 caruit.
2379 4173 2462 4227 Ad
2489 4174 2639 4243 quod
2668 4173 2840 4228 Isaias
2893 4174 3074 4244 inquit
3108 4190 3122 4226 :
3152 4192 3172 4225 ι
3214 4173 3447 4239 Laetare,
3489 4182 3641 4227 terra
3671 4173 3767 4226 de-

512 4269 684 4325 serta,
716 4269 770 4315 et
799 4261 955 4315 vicus
974 4261 1095 4329 ejus
1130 4275 1144 4311 :
1176 4261 1415 4315 exsultet
1447 4259 1687 4322 deserta,
1719 4270 1774 4313 et
1797 4258 1989 4313 ﬂoreat
2033 4260 2173 4314 sicut
2205 4260 2383 4315 lilium
2404 4262 2475 4315 ”.
2517 4279 2537 4312 ι
2572 4259 2631 4314 In
2679 4274 2788 4329 qua
2829 4262 3051 4330 quidem
3084 4268 3234 4316 terra
3283 4261 3538 4316 Christus
3556 4276 3657 4331 per
3683 4260 3766 4312 di-

512 4348 674 4403 vinos
709 4348 992 4403 sacriﬁcos
1016 4349 1321 4404 sauciatur.
1354 4347 1635 4402 Passionis
1668 4347 1814 4400 enim
1837 4346 2012 4414 ipsius
2045 4355 2098 4399 et
2120 4348 2545 4403 resurrectionis
2584 4347 3031 4418 praedicationem
3053 4350 3533 4404 consummatione
3563 4356 3738 4417 myste

514 4436 723 4490 riorum
746 4435 866 4503 ejus
899 4434 1153 4490 facimus.
1186 4434 1467 4503 Quotquot
1500 4448 1629 4487 vero
1669 4433 1910 4502 procula
1935 4431 2249 4488 Iudaeorum
2288 4435 2569 4505 impietate
2601 4437 2958 4499 recesserint,
2993 4436 3130 4490 urbe
3151 4451 3215 4490 ea
3240 4435 3296 4489 in
3316 4450 3424 4505 qua
3452 4435 3764 4500 vulneratus

516 4533 623 4583 est,
656 4530 712 4575 et
739 4519 1091 4577 excruciatus
1120 4529 1204 4576 est
1235 4522 1492 4575 inventus
1518 4520 1711 4589 procul
1754 4519 1937 4573 valere
1988 4520 2163 4591 jussa,
2219 4522 2532 4575 concedunt
2563 4521 2786 4591 quidem
2829 4522 2885 4576 in
2933 4521 3237 4577 Ecclesiam
3292 4525 3446 4592 prius
3481 4522 3760 4592 incultam.

517 4607 719 4662 ibidem
759 4623 957 4662 manus
984 4607 1038 4661 in
1070 4608 1189 4678 ipso
1218 4610 1442 4665 Christo
1472 4588 1529 4662 in
1562 4616 1793 4662 mortem
1849 4588 2002 4676 ejus
2034 4608 2216 4670 tincti,
2257 4608 2512 4663 abluunt.
2542 4588 2620 4663 Ave
2651 4617 2942 4678 reportant
2986 4618 3139 4664 certe
3167 4588 3524 4680 peccatorum
3567 4588 3783 4663 νεῶς-ξ

518 4695 754 4759 sionem,
784 4709 845 4750 se
876 4695 1112 4751 latentes
1156 4697 1361 4751 nullam
1386 4705 1595 4765 partem
1630 4695 1833 4749 habere
1858 4711 1984 4750 cum
2016 4696 2294 4766 impietate
2322 4694 2640 4751 Judatorum
2674 4698 2767 4767 qui
2797 4697 3096 4752 dixerunt:
3131 4715 3150 4748 ι
3185 4697 3423 4768 Sanguis
3453 4696 3578 4765 ejus
3605 4710 3785 4766 super

520 4797 642 4843 nos.
674 4791 727 4837 et
751 4798 918 4853 super
941 4783 1144 4840 liberos
1176 4797 1394 4840 nostros
1422 4783 1492 4835 “.
1534 4803 1551 4834 ι
1599 4783 1871 4838 Caeterum
1900 4784 2174 4853 baptismo
2202 4784 2477 4854 repurgati
2498 4824 2514 4849 ,
2546 4786 2702 4840 aiunt
2731 4803 2745 4839 :
2781 4784 2976 4840 Manus
3007 4793 3214 4839 nostra:
3248 4784 3575 4853 sanguinem
3629 4783 3769 4838 hunc

521 4885 628 4923 non
665 4870 999 4928 eﬁ'uderuut.
1032 4874 1112 4929 Ac
1141 4873 1244 4955 etsi
1269 4888 1336 4929 ex
1373 4871 1578 4929 ludatis
1608 4871 1832 4935 fuerint,
1861 4873 2011 4927 oumi
2047 4872 2428 4928 connuunitati
2449 4886 2641 4926 eorum
2682 4881 2863 4929 tamen
2915 4873 3393 4927 renuntiaverunt.
3435 4871 3595 4937 Quod
3637 4886 3767 4926 sane

521 4966 801 5036 discipuli,
834 4977 889 5023 et
919 4969 1013 5039 qui
1072 4969 1205 5037 ipsis
1234 4968 1607 5032 crediderunt,
1628 4969 1897 5023 fecerunt.
1927 4967 2142 5035 Quibus
2169 4967 2357 5039 utique
2386 4968 2585 5024 merito
2607 4977 2927 5025 reverentia:
2953 4984 3242 5040 personam
3263 4983 3385 5040 quae
3404 4984 3561 5024 suam
3592 4967 3770 5039 digni-

524 5058 690 5103 tatem
720 5066 748 5104 a
788 5050 892 5107 ﬁde
908 5053 1132 5122 accipit,
1167 5054 1293 5123 quis
1321 5052 1555 5108 deferat.

593 5157 661 5211 Et
691 5161 882 5213 videris
908 5161 1045 5215 inter
1071 5162 1309 5230 captivos
1341 5160 1611 5215 mulierem
1635 5161 1808 5229 {arma
1868 5172 2164 5219 venustam.
2196 5165 2337 5240 [ll.]
2371 5165 2579 5224 Radere
2611 5176 2777 5241 caput
2833 5179 2888 5226 et
2926 5146 3252 5242 supercilia,
3291 5170 3625 5225 domesticos
3644 5172 3771 5228 item

524 5263 657 5303 suos
695 5249 877 5320 iugere
916 5252 1138 5321 triginta
1175 5250 1369 5306 diebus
1396 5250 1571 5320 jubet,
1600 5266 1711 5321 quo
1738 5263 1997 5320 aspectus
2034 5255 2118 5308 sui
2152 5262 2304 5308 tanta
2331 5257 2674 5325 turpitudine
2707 5258 3043 5315 desiderium
3069 5260 3246 5324 sedet,
3276 5259 3773 5313 aclamentatiouis

524 5344 771 5406 tempore
792 5353 936 5391 amor
964 5338 1294 5407 depellatur.
1328 5337 1445 5392 Non
1480 5339 1628 5392 enim
1655 5349 1835 5393 mente
1865 5339 2076 5393 eiirena
2104 5341 2170 5393 ad
2203 5343 2686 5412 concupiscentias
2709 5353 2793 5397 est
2828 5344 3229 5399 accedendum.
3262 5343 3341 5399 Ita
3371 5361 3595 5415 quoque
3636 5346 3773 5400 Deus

522 5422 812 5496 [Egyptios
837 5440 962 5482 cum
990 5435 1386 5496 oppugnasset.
1418 5424 1702 5480 Judaicam
1739 5441 1771 5480 a
1820 5426 2068 5497 patribus
2090 5429 2380 5484 oriundum
2445 5429 2791 5501 Synagogant
2837 5441 3123 5485 venustam
3169 5431 3329 5498 vidit,
3361 5435 3540 5503 adque
3570 5434 3776 5487 cultum

604 5601 650 5631 ""
686 5598 832 5654 Psal.
870 5616 1031 5667 xxxv,
1074 5601 1123 5653 7.
1219 5603 1238 5633 "
1283 5600 1403 5653 Aet.
1431 5618 1485 5658 x.
1520 5601 1607 5664 ll,
1642 5602 1725 5654 lii.
1804 5602 1848 5632 ⁸¹
1885 5604 2005 5657 Act.
2035 5618 2157 5666 xm,
2192 5633 2198 5645 ι

2192 5601 2282 5655 48.
2361 5600 2471 5655 ⁸³11
2504 5600 2632 5655 Cor.
2665 5619 2717 5663 κ.
2754 5602 2807 5656 5.
2913 5603 2960 5636 ⁸⁸
3196 5602 3212 5655 1
3253 5605 3380 5660 Cor.
3419 5620 3511 5664 XV.
3691 5607 3776 5659 35.

528 5668 581 5703 ⁸’ί
610 5671 714 5723 lsa.
759 5686 901 5731 thv,
936 5672 1024 5724 ‘25.
1130 5673 1176 5703 ⁸⁸
1204 5671 1342 5723 Paul.
1390 5686 1441 5731 t,
1475 5673 1527 5725 5.
1638 5674 1681 5703 ⁸⁷
1712 5672 1869 5726 .Iuan.
1906 5688 1977 5733 Iv,
2016 5673 2103 5726 5'2.

2182 5674 2224 5703 ⁸⁸
2252 5671 2483 5724 Zztcltat'.
2512 5688 2585 5735 xl,
2618 5673 2664 5727 1.
2702 5673 2756 5725 2.
2832 5674 2877 5704 “9
2897 5673 3226 5736 Ai'l.“ll,?.".’.
3253 5675 3343 5727 24.
3420 5676 3466 5705 ’°
3498 5675 3633 5727 ibid.
3692 5676 3776 5727 δι.

536 5740 581 5773 ⁸³
614 5741 697 5796 ἔδοι
748 5757 862 5806 LIII,
893 5742 941 5795 5.
1022 5745 1065 5773 ν’
1093 5741 1251 5798 Joan.
1299 5759 1406 5808 χιχ,
1455 5743 1533 5794 ll.
1646 5743 2070 5808 931‘sal.txv|ti,
2098 5743 2130 5794 ‘2

2176 5784 2187 5795 .
2298 5744 2341 5773 θλ
2371 5743 2499 5797 ibid.
2582 5743 2625 5775 θ’
2652 5744 2754 5798 lsa.
2793 5760 2955 5809 xxxv,
2992 5746 3035 5809 l,
3067 5748 3119 5797 9..
3199 5748 3241 5775 η
3270 5743 3459 5799 Matth.
3496 5745 3769 5809 sxvu,25.
