4036 6214
200 502 203 503 γ
288 410 397 485 925
1202 418 1741 482 COMMENTARlI
1787 419 1870 481 IN
1915 420 2617 484 DEUTERONOMIUM.

286 552 450 636 suum
475 534 933 636 accommodavit.
966 534 1043 590 Ac
1071 536 1400 605 priusquam
1424 537 1846 592 tabernaculum
1872 551 2032 593 suum
2061 537 2292 604 ﬁxisset,
2316 553 2553 607 eamque
2583 533 3010 596 introduxisset,
3029 543 3094 584 ac
3109 543 3206 599 per
3231 526 3481 582 umbram
3503 527 3572 581 ad

288 624 465 721 verita
494 639 580 678 em
613 622 1607 721 deduxisset,caputqt‘todanunodo
1630 625 1752 691 ejus
1783 624 1969 679 animo
2004 628 2071 681 ab
2102 627 2431 682 idololatria:
2451 626 2879 697 cogitationibus
2902 627 3219 691 repurgato,
3254 615 3572 679 denudavit,

289 711 482 766 dicens
519 729 532 765 :
574 728 592 756 ι
624 708 743 765 Νοιι
777 721 940 765 erunt
970 710 1069 764 tibi
1099 710 1176 765 dii
1205 710 1300 764 alii
1332 719 1534 780 praeter
1560 727 1649 767 me
1676 712 1748 775 ³⁷,
1787 729 1806 762 ι
1839 720 1894 766 et
1916 712 2023 766 alia
2064 713 2118 768 id
2150 714 2393 784 generis.
2429 694 2582 783 Opus
2611 714 2757 767 enim
2795 711 2934 780 ipsis
2992 694 3386 776 cogitatio'num
3419 701 3575 755 novi-

289 805 570 896 ιρις-ενοι,
599 805 655 853 et
683 806 742 852 ut
773 796 979 852 Paulus
1007 798 1194 896 inquit
1217 798 1286 861 ⁵⁸,
1332 778 1722 852 transformari
1781 799 1987 853 mentis
2017 778 2402 868 innovatione,
2433 778 2501 855 ad
2532 778 2946 870 approbandum
2996 778 3337 848 voluntatem
3393 790 3573 859 ipsius

286 882 385 988 Dei
417 884 652 988 bonam,
674 899 953 988 serenam,
987 884 1370 988 et‘perfectam
1401 887 1567 941 modo
1604 886 1868 954 quodam.
1899 886 2072 943 Porro
2097 891 2366 961 unguium
2404 888 2716 958 longiorum
2747 885 2986 954 abjectio
3016 882 3268 938 sordium
3300 894 3426 949 quae
3466 879 3573 931 hu~

1234 976 1268 988 ,ο
1487 976 1502 988 ι
1624 986 1630 988 Α
1683 986 1690 988 .
1755 975 1792 988 Α
2188 980 2199 988 .
2268 979 2302 988 ..
2522 978 2534 988 .
2682 976 2694 988 .
2824 974 2835 985 ο
2911 987 2920 988 κ
2991 971 3306 988 ,L,.-_._-__
3347 985 3358 988 _
3399 985 3411 988 _
3449 963 3570 988 ‘1’-..

281 973 528 1073 jusmodi
561 983 989 1073 consequuntur:
1033 976 1438 1073 depositionem
1470 976 1719 1032 denotat.
1751 975 1995 1044 Quarum
2049 979 2368 1032 consimiles
2407 978 2601 1034 sordes
2646 976 2716 1029 ab
2747 974 2933 1028 anima
2979 971 3308 1038 abstergens
3346 985 3360 1021 :
3392 985 3411 1017 ι
3449 963 3580 1019 Non‘

288 1061 569 1160 occides,
591 1061 798 1160 inquit,
826 1062 1242 1123 nonfuraberis
1271 1065 1340 1125 ’³,
1377 1082 1396 1114 ι
1425 1075 1633 1160 ecqua:
1660 1064 1948 1135 deinceps.
2001 1064 2278 1120 Caeterum
2321 1065 2662 1135 captivitatis
2704 1062 2875 1116 vestis
2910 1058 3165 1115 servilem
3202 1054 3476 1119 habitum,
3509 1066 3580 1106 ac

288 1147 998 1248 .in_malitiamnrelapsum
1048 1158 1430 1218 reprmsentat,
1480 1149 1641 1220 juxta
1666 1150 1802 1204 illud
1840 1166 1856 1205 :
1918 1151 2153 1206 Homine
2215 1160 2400 1206 vetere
2431 1166 2556 1205 cum
2602 1149 2915 1204 actionibus
2957 1145 3077 1200 suis
3113 1151 3305 1204 exuto,
3335 1152 3391 1195 et
3430 1153 3577 1194 novo

288 1235 510 1334 ipduto,
551 1236 644 1307 qui
672 1236 932 1334 Christus
953 1245 1060 1303 est,
1087 1253 1249 1307 quem
1290 1254 1385 1309 per
1413 1239 1660 1294 divinum
1692 1240 1904 1309 baptism

2009 1256 2036 1294 ιι
2081 1240 2422 1303 induimus‘,
2449 1234 3029 1306 Satanaaeaptivitatis
3065 1228 3394 1286 vestimenta
3437 1242 3566 1296 pro-

284 1323 652 1422 jiclel.lleS,-Ol
683 1325 989 1422 gratiarum
1028 1326 1279 1381 actiones
1310 1342 1409 1381 seu
1443 1325 1636 1382 laudes
1674 1326 1786 1382 Deo
1841 1327 2153 1393 otl'er'entes,
2191 1327 2430 1381 dicimus
2461 1343 2475 1378 :
2505 1344 2523 1377 ι
2559 1324 2811 1379 Exsultet
2856 1320 3039 1374 anima
3067 1332 3186 1372 mea
3213 1317 3269 1369 in
3305 1312 3569 1372 Domino.

1641 1414 1653 1422 .
1773 1415 1786 1422 -
2136 1414 2166 1422 η
2267 1414 2448 1422 .
2934 1401 3539 1422 ,μνκεηημημ

290 1410 471 1465 induit
504 1413 650 1466 enim
687 1427 773 1465 me
808 1412 1144 1468 vestimento
1175 1413 1394 1477 salutis,
1430 1423 1483 1468 et
1534 1414 1724 1468 tunica
1773 1415 1977 1469 laetitia:
1997 1416 2041 1469 ’.
2078 1434 2096 1466 ι
2128 1414 2284 1481 Quod
2318 1414 2521 1469 Paulus
2551 1423 2773 1482 quoque
2800 1408 2975 1463 sensit
3014 1421 3140 1461 cum
3186 1402 3398 1470 inquit:
3430 1419 3449 1450 ι
3483 1401 3575 1453 ln-

300 1498 440 1553 duto
476 1498 712 1553 Domino
745 1509 935 1555 nostro
962 1499 1092 1565 Jesu
1115 1501 1361 1564 Christo.
1404 1502 1593 1559 carnis
1624 1504 1959 1558 voluntatem
1990 1520 2058 1558 ne
2092 1503 2310 1558 faciatis
2336 1502 2405 1556 ad
2466 1497 2954 1568 coucupiscentias
2977 1495 3018 1548 ³.
3055 1513 3077 1547 ι
3116 1494 3306 1546 Restat
3348 1503 3479 1543 vero
3516 1498 3579 1544 ut

3469 408 3573 479 99:3

290 1588 581 1688 cohabitet
607 1602 731 1641 cum
757 1587 868 1688 Deo
910 1590 1019 1643 ritu
1060 1600 1263 1688 nuptae,
1291 1590 1593 1660 deploratis
1652 1593 1807 1662 prius
1859 1590 2310 1660 progenitoribus
2344 1588 2485 1649 suis,
2524 1585 2724 1641 sullicit
2763 1584 2910 1638 enim
2938 1581 2986 1660 si
3017 1582 3196 1634 vocati
3232 1576 3382 1631 brevi
3417 1585 3559 1628 tem-

1438 1680 1450 1688 .
1678 1679 1711 1688 ,ι
1757 1681 1768 1688 .
1831 1679 1845 1688 .
2300 1676 2333 1688 -l
2405 1674 2418 1688 ι
2469 1676 2480 1688 ι
2648 1686 2656 1688 ι
2711 1668 2954 1688 ,-_,__-_!-
2985 1681 3120 1688 ..υ-λ
3163 1662 3373 1688 ...ηυξ-ς..
3406 1662 3542 1688 nul...

289 1676 444 1775 poris
469 1684 682 1775 tantum
713 1677 894 1745 spatio
918 1680 1225 1732 carnalium
1259 1680 1639 1734 recordentur.
1678 1679 1880 1733 Deinde
1903 1693 2031 1734 vero
2055 1676 2336 1747 repurgati
2369 1674 2439 1728 ab
2468 1676 2665 1726 borum
2691 1656 2957 1725 memoria
2985 1681 3123 1735 pure
3163 1662 3380 1732 possint
3405 1662 3573 1715 coha-

672 1771 682 1775 _
944 1766 953 1775 .
1107 1764 1146 1775 .-
1727 1768 1738 1775 .
1800 1767 1812 1775 .
2066 1766 2077 1775 .
2152 1765 2163 1775 .
2189 1762 2202 1775 ι
2308 1762 2321 1775 .
2423 1768 2436 1775 -
2492 1760 2527 1775 ο.
2550 1774 2557 1775 κ
2620 1774 2627 1775 κ
2656 1772 2685 1775 μ
2764 1770 2820 1775 Α-
2873 1753 3119 1775 λε-Αι.,..ι
3164 1769 3179 1775 -
3225 1768 3240 1775 -
3292 1748 3516 1775 lini-nun
3545 1761 3573 1775 η

291 1763 467 1863 bitare
488 1763 617 1816 Deo.
648 1762 840 1863 Itaque
864 1766 958 1863 qui
991 1780 1058 1819 ex
1083 1764 1323 1835 IEgypto
1344 1775 1507 1820 erant
1535 1768 1741 1836 egressi
1800 1767 1976 1834 ipsam
2046 1762 2444 1819 desiderabant
2492 1760 2718 1821 iterum,
2760 1770 2823 1809 ac
2865 1753 3124 1808 dicebant
3164 1769 3179 1805 :
3222 1768 3241 1801 ι
3292 1748 3516 1817 Utinam
3544 1761 3573 1797 a

1188 1853 1231 1863 ..-
1374 1857 1384 1863 .
1581 1857 1591 1863 .
1658 1857 1670 1863 -
1931 1855 1940 1863 .
2056 1851 2090 1863 ι.
2207 1851 2219 1863 .
2355 1849 2368 1863 ι
2468 1856 2481 1863 -
2608 1860 2733 1863 -ᾼ--,
2794 1850 2982 1863 -..--.....
3038 1836 3221 1863 um...“
3250 1849 3264 1863 ο
3308 1854 3325 1863 -
3362 1830 3571 1863 πῖθι-..ιιι

291 1850 528 1906 Domino
576 1830 832 1920 percussi
876 1830 932 1907 in
990 1864 1136 1908 terra
1159 1830 1385 1925 Egypti
1436 1830 1898 1911 occubuissem-us
1928 1855 1970 1909 ⁸⁵.
2006 1872 2025 1904 ι
2051 1849 2489 1907 Conclamabant
2519 1860 2740 1915 quoque
2788 1850 2985 1897 contra
3037 1836 3264 1892 Mosen:
3308 1854 3325 1885 ι
3362 1830 3573 1901 Ecquid

286 1952 393 2038 nos
427 1918 664 2038 eduxisti
693 1939 1058 2038 indese'rtum
1097 1942 1200 1995 hoc
1230 1918 1344 1994 δί’»
1381 1939 1500 1994 Νοιι
1525 1941 1833 2010 imperandi
1875 1941 2043 2012 igitur
2073 1939 2180 1992 vim
2207 1936 2372 1991 habet
2405 1933 2564 1998 illud,
2591 1929 2824 2011 lugebit,
2855 1928 2950 1983 sed
2984 1934 3207 1995 propter
3234 1918 3576 1993 41.9mm-

772 2034 804 2038 -_
1000 2026 1017 2038 .
1238 2028 1249 2038 .
1449 2030 1458 2038 .
1667 2028 1692 2038 η
2045 2027 2056 2037 .
2356 2023 2390 2038 .,
2628 2032 2751 2038 μμ
2788 2033 2802 2038 _
2845 2035 2857 2038 _
2891 2013 3110 2038 οληεηκ,
3155 2011 3208 2038 ,η
3236 2011 3396 2038 Amm
3423 2015 3514 2038 ,Μ
3552 2025 3572 2038 _

288 2025 558 2088 milatem,
588 2026 965 2094 permittendi.
1000 2026 1125 2097 Ipse
1162 2028 1311 2081 enim
1334 2030 1497 2097 quale
1529 2002 1630 2083 nos
1662 2002 1980 2097 figmentum
2014 2027 2209 2089 simus,
2242 2023 2415 2077 novit.
2451 2020 2593 2073 Illud
2627 2002 2759 2085 vero
2788 2033 2803 2069 :
2839 2035 2857 2067 ι
2891 2013 3118 2069 Sedebit
3155 2011 3211 2064 in
3234 2011 3398 2063 domo
3423 2015 3573 2071 tua,»

287 2114 751 2168 consuetudinem
784 2122 1105 2183 perpetuam
1138 2096 1496 2185 signiﬁcavit.
1529 2096 1991 2184 Quainieousequi
2020 2114 2080 2166 in
2116 2112 2257 2165 votis
2292 2109 2459 2163 David
2507 2106 2723 2167 habuit,
2769 2119 2895 2158 cum
2936 2100 3117 2170 inquit
3147 2117 3161 2152 :
3202 2116 3221 2148 ι
3263 2096 3444 2151 Unum
3475 2107 3578 2163 po-

289 2201 490 2257 stulavi
513 2216 543 2254 a
571 2200 827 2262 Domino,
860 2211 917 2256 ut
960 2180 1215 2257 habitare
1255 2218 1473 2272 possem
1503 2180 1570 2259 in,
1595 2203 1760 2257 domo
1799 2180 2015 2257 Domini
2045 2198 2307 2254 omnibus
2349 2197 2549 2251 diebus
2586 2194 2717 2247 vitae
2741 2206 2875 2245 mea:
2913 2190 2956 2252 ⁸,
2990 2207 3008 2239 ι
3059 2194 3114 2241 et
3142 2184 3428 2251 deinceps.
3455 2180 3578 2247 Quo

291 2288 602 2344 Ecclesiam
636 2304 858 2369 quoque
879 2288 1124 2359 gentium
1162 2291 1476 2359 impellens,
1513 2291 1693 2360 inquit
1720 2306 1734 2344 :
1771 2309 1789 2340 ι
1826 2289 1994 2360 Audi,
2018 2288 2150 2349 lilia,
2178 2295 2233 2341 et
2261 2284 2404 2347 vide,
2430 2293 2486 2338 et
2510 2281 2716 2336 inclina
2743 2292 2931 2332 aurem
2964 2284 3141 2336 tuam,
3169 2282 3222 2326 et
3247 2271 3578 2326 obliviscere

292 2375 482 2445 populi
508 2376 586 2429 tui
613 2415 628 2440 ,
683 2386 737 2430 et
785 2365 984 2431 domus
1020 2379 1193 2445 patris
1224 2356 1326 2440 tui,
1368 2356 1629 2445 quoniam
1659 2356 1991 2444 concupivit
2013 2390 2103 2428 rex
2147 2370 2616 2441 pulchritudinem
2664 2375 2813 2420 tuam
2855 2364 2897 2418 ".
2921 2382 2938 2413 ι
2962 2360 3247 2431 Spirituali
3282 2373 3414 2413 vero
3450 2356 3579 2410 uni-

288 2473 402 2519 tate
426 2464 815 2534 conjungimur
845 2479 948 2519 nos
985 2464 1252 2520 Domino:
1303 2482 1320 2515 ι
1362 2464 1466 2530 Qui
1492 2466 1636 2519 enim
1673 2443 1903 2517 Domino
1929 2461 2341 2530 conglutinatus
2364 2465 2469 2521 est,
2510 2469 2652 2508 unus
2688 2453 2917 2523 spiritus
2966 2449 3089 2504 est'
3153 2466 3171 2498 ι
3200 2478 3268 2488 -—-
3301 2465 3318 2498 ι
3357 2443 3512 2510 Quod
3529 2445 3576 2498 si

289 2567 425 2609 vero
450 2553 549 2608 tibi
583 2569 692 2607 non
724 2553 1018 2622 placuerit,
1056 2562 1385 2622 potestatem
1422 2554 1507 2622 sui
1541 2553 1627 2607 fac
1655 2561 1826 2622 atque
1856 2550 2091 2605 dimitte.
2125 2568 2143 2600 ι
2172 2546 2289 2600 Sub
2319 2546 2481 2599 hasta
2527 2558 2664 2597 vero
2688 2539 2923 2611 pecunia
2954 2552 3063 2591 non
3095 2534 3390 2590 vendetur.
3433 2532 3581 2596 Qua-

290 2650 516 2713 propter
549 2656 673 2696 cum
700 2640 1019 2695 Judworum
1059 2638 1346 2710 Syuagoga
1373 2642 1425 2694 iu
1456 2619 1749 2695 Christum—
1775 2637 2120 2707 deiiquisset,
2167 2648 2334 2689 exosa
2366 2632 2588 2703 quidem
2637 2637 2747 2691 est,
2802 2641 2909 2680 non
2944 2625 3014 2678 ita
3042 2632 3226 2676 tamen
3258 2628 3317 2674 ut
3347 2619 3572 2687 penitus

292 2731 549 2784 tradatur
609 2728 852 2782 Satanae.
916 2727 1036 2782 Non
1087 2706 1234 2782 cnim
1262 2706 1534 2781 idolorum
1563 2726 1733 2781 cultui
1776 2742 1838 2781 se
1871 2706 2103 2784 addixit,
2149 2731 2439 2791 postquam
2475 2733 2504 2771 a
2540 2716 2631 2771 Dei
2660 2713 3051 2769 familiaritate
3086 2707 3402 2769 defecisset,
3429 2706 3567 2774 quin

291 2818 473 2873 adhuc
500 2817 553 2871 in
584 2817 707 2884 ejus
739 2816 891 2871 cultu
910 2815 1178 2885 persistit,
1214 2815 1498 2885 legemque
1528 2815 1783 2870 excolere
1803 2813 2046 2868 videtur.
2073 2809 2189 2863 Non
2226 2808 2374 2862 enim
2400 2812 2732 2875 aspernatus
2760 2809 2844 2857 est
2875 2815 2994 2854 eam
3028 2812 3193 2867 quam
3229 2793 3388 2864 prius
3418 2791 3572 2846 dele-

292 2906 394 2975 git.
452 2903 623 2959 Porro
680 2919 778 2973 per
833 2902 1168 2973 virginitatis
1223 2878 1431 2957 statum
1483 2902 1955 2969 humiliatiouem,
2004 2907 2098 2952 aut
2167 2903 2321 2952 certe
2369 2892 2679 2965 spiritualis
2734 2886 3150 2958 coujunctionis
3204 2880 3427 2937 modum
3481 2878 3580 2935 de-

288 2999 461 3050 notat.
2004 3042 2008 3046 θ

368 3083 492 3138 Non
515 3080 706 3152 poterit
726 3080 1126 3151 primogenitum
1146 3078 1320 3148 facere
1345 3078 1514 3148 ﬁlium
1532 3077 1760 3144 dilecta’,
1786 3075 2023 3147 despecto
2047 3074 2160 3144 ﬁlio
2184 3073 2398 3127 odiosw.
2424 3069 2590 3144 {XX},
2615 3067 2729 3139 16.]
2750 3067 2877 3121 Duae
2901 3064 3159 3119 mulieres
3182 3077 3295 3118 rem
3324 3073 3446 3113 cum
3475 3056 3588 3112 Deo

295 3171 612 3228 habuerunt
649 3187 662 3224 :
698 3178 750 3223 et
779 3166 1098 3223 .luda-orum
1132 3145 1420 3238 Synagoga
1446 3206 1462 3230 ,
1502 3174 1557 3221 et
1589 3145 1884 3238 gentilium
1910 3164 2175 3219 Ecclesia.
2209 3162 2450 3226 Quarum
2504 3158 2657 3228 prior
2690 3169 2859 3210 exosa
2892 3161 3013 3217 est,
3054 3159 3114 3204 ut
3147 3152 3291 3204 enim
3320 3145 3589 3200 Jeremias

296 3262 477 3331 inquit
505 3275 518 3309 :
558 3277 576 3308 ι
608 3256 690 3311 Τιι
723 3265 967 3313 scortata
997 3270 1058 3310 es
1086 3270 1210 3310 cum
1246 3232 1566 3326 past-oribus
1591 3232 1825 3321 inultis,
1855 3263 1908 3308 et
1936 3249 2191 3321 reﬂexisti
2221 3247 2288 3301 ad
2321 3262 2427 3310 me,
2461 3246 2596 3298 dicit
2630 3241 2961 3297 Dominus’.
2996 3258 3013 3289 ι
3051 3236 3117 3290 Et
3145 3238 3341 3290 iterum
3376 3253 3388 3287 :
3420 3250 3438 3283 ι
3465 3232 3586 3286 Non

296 3356 562 3417 tanquam
594 3345 891 3400 Dominum.
927 3358 1011 3399 me
1041 3343 1277 3407 vocasti,
1303 3353 1356 3397 et
1387 3351 1626 3414 patrem,
1663 3351 1716 3397 et
1745 3318 1938 3396 ducem
1972 3318 2309 3407 virginitatis
2341 3332 2531 3387 triave“.
2569 3350 2587 3383 ι
2627 3327 2805 3397 llujns
2840 3326 3031 3381 uxoris
3070 3325 3213 3377 lilius
3244 3318 3586 3391 primogeni-

297 3447 386 3490 tus
420 3433 696 3487 Abraham
726 3438 782 3485 et
818 3433 903 3487 sui
942 3428 1169 3483 fuerunt
1197 3470 1211 3494 ,
1251 3406 1503 3499 quamvis
1535 3406 1718 3501 patres
1752 3430 1993 3499 ipsorum
2024 3406 2114 3494 jus
2144 3423 2502 3478 reddiderunt
2532 3422 2546 3483 ζ
2581 3430 2634 3474 et
2666 3424 2942 3488 quotquot
2968 3414 3053 3468 his
3080 3421 3209 3465 ante
3234 3408 3470 3481 gratiam
3500 3406 3583 3458 si-

299 3523 462 3576 miles
481 3528 631 3574 suut.
667 3517 939 3573 Caeterum
969 3517 1036 3570 de
1069 3494 1315 3585 gentium
1352 3494 1599 3572 Ecclesia
1628 3494 1793 3569 David
1829 3515 2003 3584 inquit
2033 3531 2046 3567 :
2080 3531 2099 3562 ι
2129 3510 2292 3574 Audi,
2329 3510 2459 3574 tilia,
2490 3517 2542 3562 et
2572 3504 2715 3565 vide,
2742 3513 2792 3556 et
2834 3502 3039 3556 inclina
3074 3514 3266 3553 aurem
3302 3504 3452 3548 tuam
3478 3494 3546 3553 “,
3567 3510 3588 3542 ι

300 3618 357 3662 et
400 3622 522 3676 quae
571 3606 854 3672 deinceps.
904 3603 1106 3658 Beatus
1161 3602 1300 3657 item
1353 3602 1606 3659 Paulus:
1642 3622 1661 3655 ι
1693 3581 2023 3674 Desponsavi
2063 3615 2163 3654 vos
2207 3598 2300 3652 uni
2348 3597 2502 3661 viro,
2550 3602 2611 3648 ut
2652 3592 2923 3663 virginem
2971 3597 3180 3644 castam
3235 3584 3461 3639 Christo
3516 3581 3593 3636 si-

308 3705 509 3751 sterem
530 3694 594 3745 “.
625 3711 644 3744 ι

377 3781 508 3834 Ὅτε
537 3776 1085 3847 ἀποδώσειδηλονότι
1113 3777 1330 3847 ἑκάστῳ
1361 3778 1500 3830 κατὰ
1529 3776 1596 3830 τὰ
1623 3776 1760 3846 ἔργα
1784 3775 1886 3828 αὑ-

2062 3772 2295 3839 Quando
2325 3771 2493 3840 igitur
2549 3767 2852 3833 unicuique
2911 3762 3104 3819 reddet
3162 3775 3265 3829 pro
3326 3756 3593 3827 operibus

304 3870 423 3934 τοῦ,
459 3871 555 3941 οὐχ
587 3868 923 3938 ὑπερόψεται
948 3868 1042 3920 τὸν
1070 3868 1415 3937 πρωτότοκον
1444 3869 1559 3921 υἱὸν
1578 3870 1679 3937 τῆς
1708 3883 1898 3937 μισου-

314 3964 504 4033 μένης,
541 3959 657 4016 aur
683 3959 1054 4028 ἐπιγνώσεται
1084 3959 1271 4012 δοῦναι
1320 3959 1471 4028 αὑτῷ
1497 3957 1696 4012 διπλᾶ·
1729 3960 1811 4010 ὅτι
1841 3973 1902 4008 τε

309 4055 420 4124 πρὸ
444 4054 542 4125 τῆς
580 4053 805 4123 χάριτος
837 4049 1129 4119 γεγόνασι,
1169 4049 1264 4103 καὶ
1301 4049 1578 4102 πολιτείαν
1611 4046 1899 4115 εὐαγγελι-

307 4147 411 4217 κὴν
458 4143 954 4210 ὲπεδείξαντο,καὶ
985 4143 1074 4196 διὰ
1125 4142 1359 4204 πίστεως
1408 4140 1899 4212 ἐμαρτυρήθησαν.

312 4241 476 4297 Ὥστε
532 4242 644 4314 (97)
711 4241 807 4294 καὶ
855 4241 934 4303 εἰς
987 4239 1226 4301 κόλπους
1270 4236 1471 4302 αὐτῶν,
1508 4234 1764 4307 Ἀϐραὰμ
1810 4234 1904 4287 καὶΙ

286 4335 509 4421 ἸἸσαὰκ
551 4334 646 4388 καὶ
672 4330 891 4396 Ἰακὼϐ,
926 4330 1053 4393 τοὺς
1089 4329 1434 4399 σωζομένους
1479 4328 1726 4390 ἅπαντας
1769 4328 1903 4379 ἀνα-

321 4427 601 4487 παύεσθαι,
635 4424 777 4478 κατὰ
824 4424 924 4493 τὴν
973 4421 1070 4474 τοῦ
1119 4422 1374 4490 Σωτῆρος
1417 4418 1626 4488 φωνήν.
1658 4416 1799 4487 Φησὶ
1848 4415 1904 4468 δὲ

324 4522 407 4573 ml
454 4517 691 4581 Παῦλος,
733 4514 969 4566 ("Elaris
1002 4513 1061 4566 δὲ
1095 4512 1348 4583 Ἀϐραὰμ
1380 4510 1684 4578 περιτομὴν
1720 4524 1900 4576 σφρα-

198 4628 209 4645 κ
300 4595 442 4687 ίγῖδα
474 4613 573 4681 τῆς
599 4605 949 4676 δικαιοσύνης
968 4606 1063 4675 τῆς
1088 4605 1322 4667 πίστεως
1347 4600 1449 4671 τῆς
1472 4602 1530 4654 ὲν
1546 4599 1906 4670 ἀκροϐυστίᾳ,

300 4700 397 4773 tsi;
426 4704 489 4757 τὸ
524 4698 664 4755 εἶναι
711 4698 875 4752 αὑτὸν
904 4697 1118 4766 πατέρα
1148 4696 1369 4748 πάντων
1400 4692 1511 4745 τῶν
1543 4690 1907 4745 πιστευόντων

319 4796 386 4850 δι’
404 4790 777 4865 ἀκροϐυστίας
796 4802 811 4821 ο
847 4790 928 4850 εἰς
952 4787 1013 4839 τὸ
1038 4786 1358 4855 λογισθῆναι
1386 4784 1481 4836 καὶ
1503 4784 1690 4845 αὐτοῖς
1715 4781 1814 4851 τὴν
1834 4783 1911 4834 δι-

320 4886 644 4956 καιοσύνην·
679 4882 774 4936 καὶ
807 4880 1023 4950 πατέρα
1054 4877 1381 4948 περιτομῆς.
1416 4877 1478 4929 οὐ
1505 4878 1619 4938 τοῖς
1652 4877 1716 4927 ἐκ
1748 4891 1907 4943 περι-

319 4981 495 5050 τομῆς
527 4945 711 5046 μόνον,
730 4972 866 5026 ἀλλὰ
896 4945 991 5023 καὶ
1021 4945 1141 5031 τοῖς
1172 4945 1445 5036 στοιχοῦσι
1471 4968 1584 5027 τοῖς
1617 4945 1791 5034 ἴχνεσι
1810 4962 1912 5032 τῆς

324 5075 382 5126 ὲν
407 5065 746 5140 ἀκροϐυστία
787 5065 1020 5125 πίστεως
1051 5060 1146 5114 τοῦ
1178 5059 1385 5129 πατρὸς
1411 5057 1569 5127 ἡμῶν
1602 5055 1905 5125 Ἀϐραάμ.»

2005 3866 2213 3935 ipsius,
2250 3877 2360 3917 non
2418 3860 2661 3930 uegliget
2709 3871 2892 3913 exesae
2944 3850 3404 3924 primogenitum,
3454 3862 3597 3915 quo-

2007 3953 2434 4023 uianupolitiam
2467 3949 2839 4021 evangelicam
2871 3960 2984 4016 prae
3023 3959 3083 3997 se
3115 3943 3383 3998 tulerunt,
3403 3946 3467 3991 'et
3499 3952 3597 4006 per

2007 4045 2167 4097 ﬁdem
2196 4041 2582 4096 testimonium
2611 4036 2896 4092 consecuti
2929 4041 3080 4094 sunt,
3113 4029 3347 4099 quodin
3380 4026 3597 4098 gremio

2005 4152 2194 4191 eorum
2225 4133 2485 4186 omnibus
2521 4126 2954 4183 recumbeudum
2997 4124 3124 4186 sict,
3152 4120 3309 4191 juxta
3334 4118 3597 4172 Servato-

2005 4229 2084 4283 ris
2120 4227 2329 4281 dictum
2354 4224 2419 4279 ³³.
2451 4222 2679 4277 Necnon
2728 4218 2933 4272 Paulus
2962 4229 3182 4285 quoque.
3210 4211 3345 4266 dicit
3381 4227 3395 4263 :
3436 4227 3454 4260 ι
3484 4210 3594 4261 Ac-

2007 4321 2153 4388 cepit
2206 4332 2337 4372 vero
2387 4315 2667 4368 Abraham
2707 4308 3189 4366 circumeisionem
3215 4344 3230 4366 ,
3260 4303 3479 4373 signum
3509 4300 3598 4369 ju-

2008 4413 2171 4466 stitiae
2224 4424 2349 4479 quas
2405 4408 2573 4462 etiam
2616 4404 2669 4456 in
2722 4400 2990 4473 praeputio
3028 4413 3122 4468 per
3158 4397 3316 4451 ﬁdem
3352 4382 3598 4457 obvenit,

2009 4510 2239 4557 utesset
2274 4510 2429 4570 paler
2459 4499 2704 4551 omnium
2744 4491 3089 4547 credentium
3127 4489 3180 4542 in
3221 4487 3508 4557 prasputio,
3540 4495 3600 4537 ut

2010 4605 2064 4652 et
2097 4594 2207 4647 illis
2237 4606 2460 4661 quoque
2488 4590 2858 4657 imputaretur
2887 4581 3099 4653 justitia
3124 4621 3139 4645 ,
3168 4587 3324 4649 pater
3352 4577 3480 4629 item
3512 4590 3602 4629 es-

2011 4697 2095 4740 set
2123 4684 2290 4738 etiam
2320 4676 2793 4739 circumcisionis,
2821 4688 2925 4727 nec
2956 4686 3149 4726 eorum
3177 4669 3268 4737 qui
3292 4684 3355 4722 ex
3384 4683 3446 4721 ea
3473 4673 3602 4720 sunt

2012 4778 2220 4835 solum,
2259 4788 2446 4827 verum
2477 4771 2646 4824 etiam
2682 4782 2897 4829 eorum,
2935 4766 3028 4833 qui
3079 4764 3133 4816 in
3181 4761 3447 4830 pra‘putio
3479 4759 3600 4812 tidei

2013 4867 2258 4937 vestigiis
2292 4864 2469 4933 patris
2495 4861 2671 4915 nostri
2698 4857 2974 4913 Abraham
3013 4854 3353 4909 insistunt“.
3386 4871 3404 4904 ι
3442 4849 3607 4906 Vides

2016 4962 2183 5032 igitur
2212 4957 2355 5027 quod
2392 4956 2666 5023 duplicem
2692 4967 2721 5004 ιι
2748 4957 2901 5020 patre
2926 4959 3135 5018 partem
3172 4946 3384 5006 habuit,
3412 4959 3608 5013 quaut-

2017 5054 2097 5106 vis
2126 5064 2310 5104 exosa:
2343 5046 2536 5100 uxoris
2574 5045 2719 5096 ﬁlius
2751 5050 2902 5096 esset
2923 5078 2936 5100 ,
2972 5047 3029 5090 ut
3062 5038 3318 5091 videlicet
3354 5042 3508 5104 pater
3538 5033 3611 5085 sit

339 5161 502 5232 Ὁρᾷς
530 5161 603 5222 ὡς
630 5154 854 5210 διπλοῦν
885 5152 1036 5223 παρὰ
1057 5151 1151 5203 τοῦ
1180 5149 1390 5220 πατρὸς
1417 5149 1543 5217 ἔσχε
1573 5146 1662 5199 τὸν
1686 5146 1904 5214 κλῆρον,

2020 5145 2112 5211 qui
2137 5151 2190 5195 et
2221 5138 2480 5211 gentibus
2513 5145 2568 5191 et
2590 5132 3036 5190 circumcisionis
3068 5129 3388 5184 hominibus
3412 5125 3506 5195 jus
3526 5124 3611 5177 di-

328 5254 533 5324 καίπερ
586 5250 661 5303 ὢν
720 5248 821 5317 τῆς
884 5244 1249 5314 μισουμένης,
1314 5239 1499 5309 πατὴρ
1556 5236 1916 5310 χρηματίζων

330 5344 505 5399 ἐθνῶν
532 5342 627 5396 καὶ
656 5340 764 5392 τῶν
800 5340 865 5391 ἐκ
898 5334 1223 5406 περιτομῆς.

401 5461 448 5494 ’⁷
472 5458 645 5513 Exod.
679 5473 766 5521 xx,
799 5455 853 5510 5.
929 5454 976 5486 ⁸⁸
1009 5452 1288 5521 Rom._xu,
1317 5448 1446 5511 2,5.
1523 5442 1884 5521 "’_Exu_d.__xx,
1908 5441 1994 5501 l5,
2026 5436 2112 5521 l5.

332 5505 981 5594 uni-Di";lieni—XIII,
1012 5505 1097 5575 ll.
1240 5505 1662 5594 i‘i'ttni._xtv,_:'5.h
1700 5513 1900 5594 ‘_Num

2009 5525 2079 5571 ιι,
2107 5505 2158 5559 5.

1541 5585 1580 5615 ⁸³
1624 5582 1768 5638 Psal.
1801 5598 1940 5641 κων.
1981 5583 2067 5636 Η.

334 5617 410 5665 Vt,
438 5588 539 5653 '17.
613 5600 634 5631 ⁸
672 5595 875 5652 Jeretu.
908 5611 987 5656 tu,
1028 5596 1074 5646 l.
1156 5592 1198 5622 ¹⁰
1240 5590 1373 5645 ibid.
1406 5588 1460 5644 4.

339 5688 413 5735 tv,
451 5671 535 5736 Il,
575 5669 661 5723 12.

2024 5244 2133 5289 (τοι.

2193 5435 2207 5464 ¹
2248 5431 2446 5500 Fp'tes.
2480 5446 2557 5487 tv,
2586 5426 2794 5500 23-25;
2818 5425 3046 5500 limosis.
3089 5438 3175 5486 tu,
3209 5422 3264 5500 ξ),
3293 5420 3366 5500 [(1
3394 5486 3413 5500 α
3438 5416 3606 5500 fisa.

2269 5485 2466 5556 "Paul.
2502 5485 2649 5558 τινι.
2685 5499 2738 5552 4.
2783 5485 2833 5527 ’⁷
2865 5496 3006 5549 Psal.
3036 5485 3179 5556 κων,
3209 5486 3414 5549 11.19.⁸
3437 5485 3451 5537 Ι
3476 5488 3609 5537 tlnr.

2151 5577 2190 5606 ¹²
2233 5573 2271 5625 ll
2310 5573 2437 5626 Cor.
2472 5587 2558 5635 ιιι,
2592 5570 2644 5623 2.
2730 5568 2772 5600 ¹³
2816 5568 3003 5621 Matth.
3043 5580 3159 5629 vm,
3204 5563 3284 5614 ll.
3370 5566 3408 5582 "
3447 5561 3604 5606 sitim.

1874 5742 2104 5798 ΒΟΤΑΞ.

413 5857 525 5929 (97)
571 5856 667 5923 f9;
728 5854 806 5917 εἱς
839 5852 1071 5914 κόλπους
1129 5848 1308 5904 αὐτῶν
1359 5845 1603 5908 ἅπαντας
1646 5845 1809 5898 ἀναπ.
1852 5840 1904 5892 'U

2009 5855 2047 5909 ις
2076 5838 2207 5905 Λὶγ.
2227 5833 2356 5888 κὼδ.
