4036 6214
480 316 590 381 9‘27
1808 327 2068 389 PROCOl

2205 329 2451 391 GAZEI
3634 329 3763 394 928

556 428 844 492 Quomodo
880 445 1013 483 vero
1042 430 1146 486 hoc
1182 447 1308 486 cum
1347 434 1484 489 dena
1499 436 1579 490 rio
1609 438 1794 506 habet,
1823 457 1983 510 quem
2019 450 2127 496 tam
2165 444 2429 514 postremi
2472 457 2631 513 quam
2662 441 2822 512 primi
2853 448 3182 510 acceperunt
3213 440 3264 494 in
3298 440 3579 509 parabola,
3613 459 3763 497 eum

482 517 755 581 duplicem
784 518 1093 587 portionem
1128 521 1332 588 prioris
1362 525 1550 580 uxoris
1581 527 1982 597 primogenitae
2014 530 2264 600 accipere
2293 529 2550 584 dicatur?
2591 537 2685 581 aut
2714 528 2995 598 quomodo
3027 527 3081 581 in
3112 527 3368 596 parabola
3398 528 3504 581 alia
3538 529 3764 596 accipit

482 605 628 657 alius
658 604 881 667 quidem
921 605 1014 674 jus
1057 608 1245 661 decem
1274 611 1555 665 civitatum
1577 655 1592 677 ,
1624 615 1766 669 alius
1791 631 1919 671 vero
1947 616 2290 685 quinque”?
2338 618 2501 686 Atqui
2534 616 2796 671 denarius
2837 629 2936 683 pro
2985 629 3129 668 nova
3178 613 3357 668 salute
3384 613 3761 682 accipitur".

482 690 682 744 Verum
713 691 863 746 salus
896 706 927 745 a
961 693 1141 748 salute
1165 732 1180 756 ,
1207 696 1351 749 sicut
1376 713 1475 752 nec
1510 700 1621 754 vita
1663 716 1692 753 a
1735 702 1841 755 vita
1874 704 2010 757 nihil
2036 704 2229 760 distat.
2254 705 2433 772 Quam
2463 721 2527 759 ex
2556 719 2715 775 aequo
2741 706 3159 771 censequuntur
3197 717 3409 758 omnes.
3445 701 3562 758 Non
3588 702 3758 757 enim

483 777 801 832 vinciuntur
834 779 1091 835 manibus
1125 796 1187 835 ac
1224 784 1497 850 pedibus.
1548 796 1601 840 et
1637 787 1689 841 in
1734 790 2042 844 exteriores
2088 793 2342 847 tenebras
2376 793 2769 862 conjiciuntur,
2806 792 2899 860 qui
2935 790 3210 845 diversam
3243 790 3313 844 ab
3349 789 3474 844 aliis
3509 791 3755 859 gloriam

480 866 778 933 accipiunt.
810 884 830 917 ι
862 866 981 919 Alia
1008 868 1154 921 enim
1183 870 1357 937 gloria
1388 873 1521 927 solis
1548 881 1663 938 est,
1699 876 1806 929 alia
1848 878 2022 947 gloria
2071 877 2249 943 lunae,
2285 879 2390 932 alia
2423 879 2662 949 denique
2688 886 2775 933 est
2800 879 3083 932 stellarum
3112 877 3307 946 gloria.
3343 877 3421 929 Ae
3447 878 3604 931 stella
3637 892 3758 930 una

479 953 553 1008 ab
592 954 697 1007 alia
730 954 906 1024 gloria
934 954 1202 1011 diﬂ‘ert".
1234 975 1253 1008 ι
1293 956 1368 1010 Ita
1402 960 1456 1011 in
1491 965 1893 1019 resurrecrione
1931 973 2274 1019 mortuorum
2305 978 2530 1032 quoque
2556 963 2913 1018 excellentior
2943 964 3119 1031 gloria
3154 971 3238 1018 est
3265 963 3358 1032 jus
3382 961 3569 1017 decem
3601 963 3759 1016 civi-

481 1048 681 1106 tatum,
710 1056 874 1110 quam
911 1042 1156 1111 quinque
1185 1043 1409 1100 habere.
1438 1045 1748 1118 Unicuique
1774 1052 1919 1104 enim
1950 1067 2051 1121 pro
2079 1048 2345 1119 dignitate
2373 1047 2519 1104 Deus
2558 1050 2787 1113 tribuit,
2818 1059 2874 1104 et
2900 1050 3209 1119 quantitate
3228 1090 3244 1115 ,
3285 1059 3342 1104 et
3362 1048 3656 1118 qualitate,
3688 1055 3760 1103 et

477 1135 762 1195 tempore.
795 1142 861 1181 ac
893 1128 946 1181 in
981 1143 1193 1182 sinuma
1231 1132 1489 1187 omnibus
1525 1136 1670 1203 quod
1703 1151 1922 1204 atqnum
1956 1146 2043 1192 est
2074 1151 2139 1191 ac
2160 1136 2373 1205 justum
2404 1136 2706 1205 adiudicat.

552 1215 712 1279 Quod
721 1216 767 1268 si
785 1217 872 1269 cui
886 1216 1047 1284 fuerit
1072 1216 1219 1285 [ilius
1241 1219 1630 1290 immorigerua.
1662 1221 1829 1294 [XXL
1852 1222 1964 1296 18.]
1985 1222 2049 1277 Et
2067 1223 2197 1279 alibi
2226 1225 2391 1278 dicit:
2415 1241 2437 1276 ι
2464 1223 2567 1290 Qui
2587 1225 2767 1294 pulsat
2796 1232 3002 1292 patrem
3024 1239 3183 1279 suum
3204 1235 3293 1279 aut
3313 1232 3540 1281 matrem
3559 1237 3755 1290 suam,

481 1313 663 1357 morte
684 1303 1029 1359 atlicietur“.
1056 1321 1076 1355 ι
1122 1303 1254 1359 Item
1290 1322 1305 1360 :
1348 1325 1367 1359 ι
1398 1307 1501 1373 Qui
1542 1304 1893 1363 maledixerit
1919 1312 2079 1364 matri
2112 1326 2228 1366 suae
2252 1318 2347 1364 aut
2373 1313 2540 1379 patri,
2579 1320 2753 1365 morte
2778 1311 3103 1366 multabitur
3124 1312 3185 1367 ι’.
3214 1329 3233 1363 ι
3264 1310 3448 1378 Eque
3473 1325 3604 1364 vero
3645 1310 3755 1378 qui

480 1388 537 1445 in
571 1400 834 1459 parentes
866 1392 1165 1461 delinquit,
1195 1408 1259 1448 ac
1285 1395 1376 1463 qui
1420 1395 1473 1450 in
1504 1394 1673 1450 Deum
1705 1398 1952 1466 ptittitur.
2004 1398 2073 1461 At
2101 1398 2196 1467 qui
2233 1398 2479 1452 divinum
2514 1405 2848 1467 praeceptum
2885 1400 3112 1468 sprevit,
3146 1399 3307 1452 venia
3338 1398 3548 1467 absque
3577 1399 3758 1453 morti

479 1477 899 1534 condemnatur.
932 1479 1009 1534 Ac
1038 1480 1129 1548 qui
1161 1480 1217 1533 in
1242 1491 1500 1549 parentes
1528 1482 1836 1553 delinquit,
1890 1485 2162 1553 lapidibus
2190 1486 2464 1540 obruitur.
2499 1504 2519 1537 ι
2547 1485 2823 1541 Memento
2865 1487 3050 1548 enim.
3081 1486 3301 1556 inquit,
3329 1486 3477 1553 quod
3509 1486 3581 1541 ab
3604 1486 3758 1557 ipsis

481 1567 700 1620 vivendi
727 1566 945 1619 initium
980 1567 1284 1635 acceperis.
1318 1585 1337 1618 ι
1372 1565 1545 1622 Jacob
1577 1584 1798 1638 quoque
1825 1572 2045 1640 inquit:
2074 1591 2094 1624 ι
2123 1569 2178 1625 Si
2207 1572 2351 1626 enim
2385 1581 2564 1628 metus
2589 1573 2763 1643 patris
2791 1574 2892 1627 mei
2919 1572 3074 1627 Isaac
3103 1572 3207 1627 fuit
3232 1573 3288 1627 in
3315 1588 3401 1627 me
3427 1573 3495 1624 ".
3522 1591 3541 1624 ι
3584 1572 3758 1627 Insu-

480 1668 579 1722 per
603 1668 820 1721 quoqne
852 1650 1275 1706 Proverbiorum
1306 1664 1498 1708 auctor
1523 1664 1880 1719 exsecratur,
1922 1656 2220 1726 inquiens.:
2261 1677 2279 1709 ι
2313 1659 2541 1713 Oculum
2575 1659 3281 1728 subsannanteurpatrcm,
3316 1660 3760 1713 contumeliam-

477 1755 585 1808 que
619 1738 812 1792 matris
843 1738 1000 1793 senio
1028 1751 1312 1807 parantem
1336 1778 1353 1803 ,
1385 1742 1538 1795 corvi
1591 1742 1914 1796 torrentium
1948 1746 2222 1799 eruant".
2255 1763 2274 1797 ι
2323 1745 2460 1801 Huic
2494 1762 2626 1803 vero
2660 1758 2946 1815 parentum
2981 1748 3304 1801 reverentia:
3355 1762 3464 1800 non
3516 1749 3759 1814 abrogat

476 1826 683 1879 Christi
724 1825 857 1878 illud
895 1842 907 1877 :
948 1844 966 1875 ι
997 1823 1101 1889 Qui
1135 1834 1344 1894 patrem
1380 1836 1477 1880 aut
1520 1836 1751 1881 matrem
1783 1829 1985 1897 diligit,
2023 1846 2107 1887 tne
2152 1848 2259 1888 non
2291 1834 2493 1904 dignus
2532 1837 2702 1890 est".
2736 1855 2756 1886 ι
2798 1834 2982 1907 450
3019 1834 3207 1904 Neque
3236 1834 3370 1890 illttd
3402 1835 3568 1888 etiam
3596 1834 3757 1904 quod

476 1913 622 1967 dixit
654 1912 723 1967 ad
767 1920 978 1981 patrem
1027 1913 1264 1982 sepelire
1302 1915 1613 1982 cupientem
1645 1932 1660 1969 :
1705 1934 1723 1967 ι
1749 1915 1900 1971 Mitte
1935 1926 2181 1973 mortuos
2222 1922 2455 1990 sepelire
2499 1939 2629 1977 suos
2679 1935 2925 1977 mortuos
2947 1924 3016 1976 ³³.
3049 1942 3068 1973 ι
3107 1920 3305 1977 Verum
3332 1937 3452 1976 eam
3480 1938 3601 1989 quae
3633 1921 3757 1976 Deo

477 2001 707 2056 debetur
733 1998 1106 2068 antiquiorem
1137 2014 1262 2055 esse
1290 1999 1503 2054 edocet.
1535 2000 1879 2071 Perpendere
1904 2002 2033 2057 item
2068 2014 2272 2072 quanta
2295 2008 2506 2068 doloris
2533 2012 2616 2067 vis
2643 2012 2719 2068 sit
2746 2026 2856 2082 quo
2892 2011 3102 2076 viscera
3141 2018 3197 2064 et
3235 2020 3428 2064 natura
3456 2018 3757 2080 parentum

478 2086 687 2141 tamdiu
715 2088 858 2140 victa
887 2094 991 2141 est.

549 2198 816 2263 Quoniam
845 2195 1158 2250 maledicta:
1187 2212 1218 2249 a
1246 2195 1349 2249 Deo
1383 2200 1554 2251 omnia
1577 2198 1665 2269 qui
1693 2198 1882 2266 pendet
1911 2202 1965 2254 in
1990 2199 2060 2253 lio
2090 2190 2136 2245 Α

476 2308 599 2363 gno.
643 2288 797 2362 [25.]
837 2288 1064 2359 Aquilas
1094 2296 1148 2341 et
1181 2286 1524 2342 'l'heodotion
1554 2329 1569 2352 ,
1607 2291 1915 2345 maledictio
1961 2290 2059 2345 Dei

476 2399 762 2453 suspensus
785 2421 801 2447 ,
832 2387 1229 2451 exposuerunt.
1260 2380 1527 2435 Cancrum
1572 2383 1734 2437 divus
1766 2383 2061 2452 Apostolus

477 2477 546 2529 ad
596 2475 852 2540 Galatas,
904 2488 1045 2544 quos
1097 2472 1357 2527 vecordes
1416 2482 1577 2528 vocat
1596 2476 1662 2538 “,
1712 2475 1878 2544 hujus
1925 2475 2058 2530 dicti

478 2568 759 2624 mentione
784 2564 1016 2620 adducta
1032 2563 1101 2629 ",
1141 2581 1316 2635 neque
1348 2579 1376 2618 a
1412 2564 1542 2632 Deo,
1574 2580 1752 2635 neque
1784 2566 1877 2620 Dei
1906 2566 2060 2621 dicit.

476 2659 545 2715 Et
577 2659 812 2713 fortasse
844 2655 1052 2709 idcirco
1077 2656 1267 2709 omisit
1301 2655 1446 2723 quod
1489 2656 1591 2710 hoc
1622 2657 1928 2709 auctarium
1971 2673 2063 2710 su-

480 2766 576 2820 pra
604 2750 755 2818 ipscs
785 2754 954 2803 esset.
987 2751 1095 2799 Aut
1123 2744 1266 2801 forte
1291 2747 1494 2815 aliquis
1526 2754 1785 2817 tanquam
1813 2747 2063 2819 blasphe-

477 2857 626 2896 mnm
657 2855 720 2895 ex
754 2838 1039 2893 codicibus
1065 2837 1300 2891 vetustis
1327 2837 1493 2891 eruit.

548 2930 644 2986 Est
703 2938 886 2984 autem
940 2927 1168 2997 ὕστερον
1222 2928 1492 2999 πρότερον
1543 2930 1688 2999 quod
1736 2930 1912 2985 dicit:
1952 2930 2063 2984 «Et

475 3024 743 3078 moriatur
772 3034 838 3075 ac
869 3018 1221 3088 suspendetis
1270 3035 1394 3073 eum
1425 3035 1454 3074 e
1484 3020 1675 3087 ligno;
1709 3040 1728 3071 ι
1783 3037 1888 3074 non
1913 3021 2061 3076 enim

475 3123 603 3186 post
635 3121 866 3187 mortem
921 3111 988 3164 ad
1037 3124 1258 3164 crucem
1297 3111 1421 3180 quis
1455 3110 1716 3178 adigitur,
1748 3127 1933 3167 verum
1970 3126 2064 3182 per

475 3221 697 3261 crucem
738 3204 993 3258 moritur.

553 3296 751 3350 Verum
797 3310 899 3350 cur
928 3296 1111 3351 erucis
1150 3294 1421 3350 duntaxat
1461 3303 1691 3351 mortem
1722 3295 1939 3350 vocavit
1965 3310 2063 3350 ex-

476 3386 825 3452 secrandam,
853 3387 978 3441 licet
1001 3402 1147 3456 saepe
1169 3387 1394 3456 obliquo
1416 3380 1635 3458 judicio
1655 3386 1747 3441 ﬁat
1766 3385 2063 3455 judicium,

476 3497 606 3536 cum
661 3480 714 3534 in
781 3480 1058 3535 similibus
1113 3487 1207 3533 aut
1255 3479 1419 3548 etiam
1470 3479 1838 3538 deterioribus
1881 3480 2067 3536 eausis

471 3577 734 3646 justeque
762 3572 1058 3644 aliquando
1107 3573 1217 3625 alia
1249 3572 1569 3642 irrogentur
1611 3572 1934 3641 supplicia?
1965 3570 2068 3627 Ec-

476 3665 612 3736 quid
646 3664 816 3720 νει-οἳ
845 3680 912 3718 an
948 3680 1056 3719 non
1085 3663 1251 3719 alicui
1286 3663 1470 3732 inepta
1501 3671 1556 3717 et
1586 3663 1764 3717 aliena
1795 3677 1962 3719 causa
1993 3662 2093 3737 νὶ-Δ

468 3760 595 3815 deri
650 3760 827 3829 possit
875 3758 979 3813 hoc
1039 3759 1185 3826 quod
1240 3755 1414 3820 dicit,
1475 3754 1684 3810 idcirco
1739 3754 2070 3810 deinendum

468 3855 661 3922 ipsum
707 3866 737 3904 a
781 3865 946 3905 cruce
969 3865 1115 3915 esse,
1161 3864 1226 3904 ac
1257 3847 1659 3917 sepeliendum,
1702 3847 1832 3916 quia
1878 3861 1910 3901 a
1959 3848 2069 3902 Deo

372 3968 381 3973 ι
478 3942 808 3998 maledictus
870 3941 986 3995 sit?
1014 3939 1175 4010 quasi
1206 3938 1535 3993 innitendum
1574 3939 1623 3993 ei
1654 3946 1822 4003 esset,
1868 3938 1920 3995 si
1958 3952 2069 3993 non

465 4034 807 4088 ntaledietus
833 4042 979 4087 esset
1006 4048 1020 4084 :
1046 4047 1170 4087 cum
1205 4013 1445 4086 tamen‘b
1472 4030 1694 4087 diverso
1717 4030 1832 4086 ﬁeri
1863 4046 2068 4087 conve-

476 4127 684 4179 niebat.
738 4122 908 4179 Porro
938 4131 1121 4178 autem
1159 4138 1288 4179 cum
1323 4122 1456 4177 nulli
1488 4132 1717 4193 peccato
1749 4130 1844 4176 aut
1876 4122 2071 4192 impie-

475 4219 577 4272 tati
622 4216 809 4273 crucis
861 4216 1195 4286 supplicium
1227 4214 1409 4270 adhuc
1446 4216 1755 4281 constituit,
1790 4215 2068 4285 quomodo

477 4310 531 4365 id
573 4324 722 4365 nunc
751 4310 1024 4379 protulit?
1057 4308 1256 4363 Verum
1287 4324 1354 4363 ex
1379 4309 1466 4363 his
1486 4308 1746 4362 omnibus
1778 4306 1928 4361 hunc
1954 4307 2070 4362 ser-

458 4396 695 4457 :monem
727 4410 955 4471 propter
983 4399 1266 4455 Christum
1297 4408 1510 4453 tantum
1540 4413 1664 4453 esse
1700 4398 1905 4452 factum
1936 4414 2069 4453 con-

460 4488 758 4554 *Cludlllll‘,
793 4489 887 4559 qui
942 4503 1041 4558 pro
1090 4487 1252 4541 nobis
1301 4486 1613 4541 exsecratio
1668 4486 1780 4540 ﬁeri
1844 4485 2067 4542 futurus

468 4589 621 4643 erat.
648 4581 742 4649 qui
785 4580 1046 4648 quoniam
1084 4578 1229 4633 Deus
1260 4585 1402 4642 erat,
1451 4578 1649 4631 merito
1686 4576 1780 4631 Dei
1810 4592 2069 4637 exsecra-

472 4670 559 4724 tio
589 4668 773 4724 dictus
796 4681 901 4723 est.
937 4667 1079 4724 Deus
1113 4668 1260 4723 enim
1292 4683 1417 4720 cum
1442 4675 1613 4732 esset,
1652 4683 1752 4737 pro
1782 4668 1945 4723 nobis
1973 4686 2068 4723 ex-

475 4765 844 4816 secrationem
894 4762 1178 4817 sustinuit.
1209 4760 1365 4827 Quod
1415 4760 1563 4815 enim
1608 4776 1740 4815 crux
1796 4777 1904 4815 non
1956 4764 2065 4816 alio

2237 2203 2366 2258 Ὀτι
2380 2192 2863 2274 κεκατηραμένος
2884 2205 3002 2259 ὑπὸ
3025 2205 3174 2259 Θεοῦ
3191 2202 3310 2269 πᾶς
3327 2209 3359 2259 ό
3376 2202 3757 2273 κρεμάμενος

2159 2293 2258 2347 ἐπὶ
2279 2294 2491 2359 ξύλου.
2509 2296 2741 2359 Ἀκύλας
2759 2296 2856 2349 καὶ
2876 2296 3169 2349 Θεοδοτίων
3194 2296 3486 2361 ἐξέδωκαν,
3511 2294 3756 2363 κατάρα

2164 2386 2314 2441 Θεοῦ
2338 2386 2726 2455 κρεμάμενος.
2762 2388 2822 2440 '0
2853 2387 2912 2440 δὲ
2948 2387 3093 2449 θεῖος
3127 2385 3470 2448 Ἀπόστολος,
3493 2382 3617 2438 οὔτε
3640 2385 3756 2438 ὑπὸ

2161 2478 2320 2543 Θεοῦ,
2349 2478 2471 2531 οὔτε
2502 2476 2637 2531 Θεοῦ
2674 2495 2831 2548 φησι,
2861 2476 3126 2547 μνησθεὶς
3154 2477 3250 2531 τοῦ
3286 2475 3451 2547 ῥητοῦ
3482 2476 3621 2545 πρὸς
3642 2477 3756 2531 Γα-

2162 2564 2327 2628 λάτας
2367 2564 2503 2635 (98),
2536 2564 2631 2626 οὓς
2665 2566 2926 2636 ἀνοήτους
2959 2566 3133 2620 καλεῖ.
3172 2565 3281 2618 Καὶ
3313 2567 3444 2628 ἴσως
3467 2565 3555 2618 διὰ
3584 2565 3754 2619 τοῦτο

2163 2657 2517 2728 παρέλειπεν,
2548 2657 2624 2721 ὡς
2650 2657 2817 2711 οὖσαν
2852 2657 2996 2728 ὑπὲρ
3027 2658 3224 2721 αὐτοὺς
3257 2656 3358 2728 τὴν
3398 2657 3748 2728 προσθήκην.

2166 2745 2238 2798 Ἦ
2283 2746 2425 2816 τάχα
2466 2762 2581 2810 τις,
2614 2744 2686 2810 ὡς
2722 2745 3064 2816 βλάσφημον,
3105 2749 3169 2800 ὲκ
3216 2747 3325 2799 τῶν
3372 2747 3754 2819 ἀρχαιοτέρων

2164 2835 2338 2900 ἐξεῖλε
2370 2835 2610 2907 βιϐλίων.
3264 2833 3271 2839 ’

2235 2928 2417 2999 Πρῶθ’
2446 2926 2669 2999 ὕστερόν
2692 2929 2807 2981 ἐστι
2832 2928 2912 2992 τὸ,
2937 2947 2954 2980 ι
2988 2929 3099 2983 Καὶ
3122 2930 3389 3003 ἀποθάνῃ,
3411 2930 3507 2984 καὶ
3527 2931 3751 3002 κρεμά-

2168 3037 2299 3092 σητε
2348 3020 2509 3073 αὑτὸν
2542 3022 2633 3073 ἐπὶ
2668 3019 2847 3085 ξύλου.
2887 3041 2907 3072 ι
2943 3021 3017 3073 Οὐ
3045 3021 3155 3092 γὰρ
3192 3024 3330 3091 μετὰ
3362 3023 3621 3094 τελευτήν
3664 3041 3753 3085 τις

2166 3109 2518 3181 σταυροῦται,
2548 3110 2637 3164 διὰ
2664 3109 2721 3163 δὲ
2756 3109 2850 3163 τοῦ
2884 3111 3121 3182 σταυροῦ
3154 3111 3402 3182 τελευτᾷ.
3758 3128 3763 3135 '

2237 3289 2401 3345 Ἀλλὰ
2430 3289 2546 3353 πῶς
2576 3288 2884 3361 κατάρατον
2913 3290 3004 3344 τὸν
3032 3291 3119 3344 διὰ
3152 3289 3391 3363 σταυροῦ
3427 3290 3586 3361 μόνον
3620 3291 3757 3343 Exi-

2165 3381 2289 3436 λεσε
2317 3382 2569 3445 θάνατον,
2620 3381 2718 3437 κᾶν
2771 3382 2837 3435 ἐκ
2879 3383 3275 3454 παροράματος
3326 3383 3551 3452 γένηται
3595 3382 3755 3434 δικα-

2171 3474 2345 3542 στῶν;
2378 3474 2463 3543 ἐφ’
2485 3473 2692 3546 ὁμοίοις
2735 3475 2768 3544 ἢ
2814 3476 2909 3528 καὶ
2938 3474 3181 3546 χείροσιν
3212 3476 3607 3547 ἁμαρτήμασιν
3654 3475 3754 3528 ἄλ-

2173 3564 2278 3619 λων
2308 3564 2663 3635 ἐπαγομένων
2688 3563 2800 3617 ἐσθ’
2822 3566 2908 3619 ὅτε
2947 3564 3226 3636 τιμωριῶν
3262 3564 3501 3626 δικαίως.
3532 3564 3654 3627 Πῶς
3695 3565 3754 3617 δὲ

2171 3659 2233 3711 οὐ
2259 3657 2401 3724 δόξει
2425 3658 2486 3710 τὸ
2517 3657 2615 3726 τῆς
2645 3657 2826 3720 αἰτίας
2857 3655 3178 3717 ἀλλόκοτον,
3209 3655 3271 3708 τὸ
3308 3655 3396 3708 διὰ
3428 3654 3584 3708 τοῦτο
3616 3656 3754 3706 καο-

2173 3753 2316 3823 ελεῖν
2345 3750 2508 3805 αὑτὸν
2534 3748 2628 3802 τοῦ
2656 3745 2893 3816 σταυροῦ
2937 3747 3028 3799 καὶ
3061 3745 3469 3816 οἀψαι,’ὲπειδὴ
3501 3745 3753 3816 κατάρα-

2169 3840 2263 3902 τός
2290 3839 2437 3891 ἐστιν
2464 3835 2569 3890 ὑπὸ
2605 3833 2774 3901 Θεοῦ;
2810 3835 2886 3899 ὡς
2912 3835 3033 3888 δέον
3064 3835 3367 3905 ἐπιμένειν,
3398 3838 3447 3887 εἰ
3472 3836 3547 3904 μὴ
3576 3836 3752 3889 κατά-

2175 3946 2336 4001 ρατος
2361 3924 2429 3999 ἦν
2452 3943 2467 3959 ο
2502 3927 2682 3982 καίτοι
2704 3927 3020 3980 τούναντίον
3045 3926 3234 3997 ἐχρῆν.
3264 3927 3385 3989 Πῶς
3412 3926 3470 3979 δὲ
3495 3926 3752 3996 οὐδεμιᾶς

2172 4019 2448 4092 ἁμαρτίας
2491 4018 2524 4089 ἢ
2576 4017 2833 4082 ἀσεϐείας
2875 4018 3109 4088 σταυρὸν
3138 4017 3310 4070 εἰπὼν
3344 4019 3455 4071 δεῖν
3483 4014 3624 4071 εἶναι
3656 4018 3753 4090 τὴν

2169 4111 2357 4182 δίκην,
2395 4107 2491 4163 νῦν
2541 4107 2700 4161 τοῦτο
2748 4107 3121 4180 παρέῥριψεν;
3174 4107 3385 4160 Οὐκοῦν
3414 4096 3769 4177 πανταχόθενί

2171 4201 2466 4268 συνάγεται
2495 4198 2556 4252 τὸ
2580 4197 2667 4251 διὰ
2698 4198 2790 4250 τὸν
2815 4198 3051 4269 Χριστὸν
3081 4197 3241 4268 μόνον
3262 4197 3517 4268 εἰρῆσθαι
3545 4197 3640 4249 τὸν
3670 4199 3748 4252 λό-

2169 4292 2480 4361 γον.’οστις
2527 4290 2760 4362 ἤμελλεν
2808 4290 2949 4360 ὑπὲρ
3000 4289 3156 4361 ἡμῶν
3206 4291 3420 4360 κατάρα
3471 4290 3748 4359 γενέσθαι.

2169 4384 2282 4439 Καὶ
2315 4383 2437 4437 ἐπεὶ
2470 4384 2602 4447 Θεὸς
2646 4378 2747 4454 ἦν,
2780 4380 3007 4445 εἰκότως
3054 4380 3293 4451 εἴρηται,
3326 4382 3545 4451 κατάρα
3592 4381 3749 4435 Θεοῦ.

2167 4477 2303 4541 Θεὸς
2334 4477 2441 4547 γὰρ
2475 4477 2759 4545 ὑπάρχων,
2791 4473 2948 4543 ἔσχεν
2982 4472 3123 4539 ὑπὲρ
3154 4471 3310 4542 ἡμῶν
3340 4474 3440 4543 τὴν
3484 4474 3746 4541 κατάραν.

2172 4569 2295 4622 Ὅτι
2342 4567 2452 4637 γὰρ
2498 4566 2595 4634 οὐχ
2646 4566 2865 4633 ἑτέρως’
2886 4563 3103 4633 κατάρα
3133 4565 3367 4633 σταυρὸς
3400 4562 3748 4632 ὀνομάζεται,

2168 4659 2319 4729 δηλοί
2339 4659 2398 4710 τὸ
2427 4656 2557 4727 περὶ
2574 4655 2781 4723 Πέτρου
2812 4653 3124 4724 εἰρημένον·
3152 4670 3171 4703 ι
3206 4653 3376 4705 Τοῦτο
3414 4652 3470 4704 δὲ
3499 4648 3623 4704 εἷπε
3660 4668 3753 4720 ση-

2172 4752 2379 4823 μαίνων
2406 4749 2546 4818 ποίῳ
2573 4747 2789 4816 Θανάτῳ
2817 4745 3139 4809 δοξάσειτὸν
3163 4744 3423 4797 Θεόν.ιΕξ
3448 4743 3559 4813 γὰρ
3587 4743 3749 4810 φύσει

468 4852 645 4907 modo
678 4854 988 4910 exsecratio
1017 4854 1355 4916 nominetur,
1383 4851 1434 4906 id
1468 4851 1614 4920 quod
1660 4852 1729 4907 de
1773 4852 1933 4907 Petro
1977 4853 2061 4907 di-

2175 4843 2399 4913 κατάρα,
2430 4839 2572 4894 διατι
2603 4838 2814 4902 δοξάσει
2851 4837 2940 4889 τὸν
2974 4835 3129 4898 Θεὸν,
3153 4834 3280 4904 ἔφη,
3309 4836 3402 4887 καὶ
3432 4834 3507 4905 μὴ
3541 4833 3748 4899 ἁπλῶς,

467 4953 629 4999 =ctum
661 4954 745 5001 est
770 4985 784 5008 ,
819 4947 1002 5017 arguit
1033 4965 1047 5001 :
1074 4964 1099 4997 ι
1141 4945 1255 5001 lloc
1290 4961 1422 5001 vero
1449 4946 1614 5010 dixit;
1644 4946 1888 5000 indicare
1917 4947 2063 5000 enim

470 5034 654 5089 voluit
695 5037 844 5106 quali
900 5044 1076 5092 morte
1122 5036 1536 5106 glorilicaturus
1567 5046 1711 5091 esset
1754 5035 1922 5091 Deum
1943 5036 2008 5108 “_.
2041 5052 2059 5085 ι

2171 4935 2517 5004 τελευτήσεις
2575 4931 2635 4984 οὐ
2681 4929 2790 5001 γὰρ
2828 4929 2957 4994 δόξα
2984 4926 3118 4981 Θεοῦ
3167 4926 3226 4980 τὸ
3271 4925 3431 4995 φύσει
3462 4926 3635 4980 δεινὸν
3666 4923 3746 4988 ὃν,

2175 5030 2268 5082 καὶ
2297 5025 2515 5096 κατάρα
2542 5023 2698 5076 Θεοῦ.

470 5122 616 5180 Nam
665 5127 706 5179 si
762 5135 958 5181 natura
986 5129 1298 5182 exsecratio
1333 5140 1439 5191 est,
1472 5129 1654 5197 aliqua
1698 5142 1757 5182 re
1796 5107 2101 5182 celebrabit
2146 5121 2337 5184 Deum,
2371 5118 2582 5187 inquit,
2618 5131 2717 5170 nec
2751 5114 3075 5185 simpliciter
3107 5112 3393 5169 morietur.
3424 5107 3542 5164 Non
3600 5109 3746 5163 enim

470 5217 652 5284 gloria
699 5218 790 5273 Dei
833 5226 940 5281 est,
968 5218 1120 5290 quod
1157 5232 1351 5274 natura
1394 5219 1614 5274 dillicile
1659 5226 1766 5282 est,
1794 5228 1848 5273 et
1897 5216 2203 5273 exsecratio
2239 5213 2353 5269 Dei.

548 5395 593 5466 ει
625 5393 767 5466 an.
798 5412 912 5456 χιχ,
944 5394 1010 5448 l7
1042 5411 1194 5465 seqq.
1303 5398 1347 5429 "
1386 5397 1579 5451 Matth.
1635 5413 1736 5461 xx,
1775 5396 1809 5449 ἓ
1842 5413 1997 5466 seqq.

524 5465 570 5496 ¹⁰
612 5463 748 5519 Gen.
786 5482 932 5529 xxxi,
966 5466 1055 5519 42.
1123 5463 1177 5497 ³⁸
1223 5466 1384 5522 Prov.
1417 5486 1545 5532 xxx,
1578 5468 1662 5521 l7.
1743 5469 1785 5498 "
1831 5463 2016 5521 Matth.
2054 5482 2107 5529 χ,
2139 5465 2229 5519 57.

476 5536 581 5592 4-0.
665 5537 710 5567 ⁸⁸
748 5534 907 5591 Joan.
946 5552 1057 5599 xxi,
1088 5537 1174 5591 l9.

2105 5396 2146 5427 ³⁷
2186 5393 2365 5448 lCor.
2407 5410 2511 5454 xv,
2544 5392 2630 5447 41.

3385 5385 3429 5417 ¹⁹
3469 5379 3603 5438 ibid.
3658 5378 3745 5433 l7.

2738 5390 2780 5421 ’⁸
2819 5386 2987 5442 Exod.
3030 5402 3141 5448 xxt,
3176 5388 3260 5441 15.
3385 5386 3429 5417 "
3469 5386 3603 5438 ibid.
3658 5386 3717 5431 Π

2751 5502 2761 5506 -
2798 5458 2888 5506 22.
2968 5458 3014 5488 ’δ
3053 5456 3231 5506 (ἶιιιιιῑ.
3260 5472 3321 5506 ιιι
3386 5455 3437 5506 Ι.
3513 5452 3560 5485 ³⁸
3603 5448 3717 5506 ibid

2316 5466 2361 5495 ’³
2406 5466 2595 5518 fllalth.
2636 5477 2763 5527 ιίιι,
2798 5458 2888 5513 22.
2968 5458 3014 5488 ’δ
3053 5456 3231 5511 Galat.
3260 5472 3344 5521 ιιι,
3386 5455 3437 5508 l.

2000 5620 2233 5675 NOTAE.

560 5722 670 5791 (98)
718 5725 800 5777 Ἐν
833 5741 957 5795 κεφ.
982 5724 1031 5789 5,
1196 5723 1278 5776 l5.
1366 5776 1381 5779 _
