4036 6214
332 306 437 372 9‘9
1219 314 1683 377 C(llilMENTAli
1700 312 1753 372 II
1793 313 1872 373 IN
1918 314 2012 373 DE
2023 310 2381 374 UTEIiONO
2390 310 2610 376 MIUM.
3487 321 3594 381 9‘30

403 416 471 474 Si
492 418 683 473 videris
709 420 931 474 uitulum
958 422 1145 491 fratris
1175 426 1250 478 tui
1281 436 1373 479 aut
1404 443 1547 480 ovem
1578 426 1691 492 ejus
1715 442 1917 491 errare,
1941 442 2003 479 ue
2032 426 2361 481 dissimules.
2389 426 2582 498 [XXIL
2610 427 2687 499 1.]
2730 427 3073 494 Coustringit
3105 447 3204 485 nos
3228 402 3301 485 3.1
3336 432 3591 486 dilatio--

332 522 456 561 nem
489 514 542 559 et
574 509 1040 566 necessitudinem
1075 521 1343 566 mutuam.
1375 514 1476 579 Qui
1511 515 1657 566 enim
1688 514 1939 582 iumento
1964 513 2361 567 humanitatem
2400 524 2593 585 negat,
2632 526 2840 582 quanto
2871 518 3043 584 magis
3086 517 3329 571 dominis
3370 520 3593 588 jumen-

315 603 536 658 torum,
563 609 627 646 ac
677 595 922 664 ejusdem
970 606 1181 653 natura:
1230 603 1586 656 (tonsor-tibus
1622 600 1826 655 faciet?
1866 598 2213 670 Quapropter
2245 600 2469 656 fratrem
2516 602 2751 657 subinde
2804 604 3054 656 nominat
3102 603 3436 674 proximum,
3467 607 3593 660 licet

331 682 507 736 hostis
539 682 723 737 fuerit.
753 682 885 739 Nam
928 686 1130 756 ubique
1161 686 1300 741 mala
1333 698 1477 741 vetat
1511 691 1773 744 ιἰιιτοιιιιέ.
1812 687 1977 743 Juxta
2023 689 2156 743 illud
2193 706 2207 744 :
2247 708 2266 741 ι
2298 688 2611 744 Beuefacite
2658 692 2896 746 inimicis
2925 694 3162 757 vestris,
3202 701 3255 746 et
3299 704 3452 749 orate
3496 711 3595 763 pro

329 768 415 824 his
449 770 543 840 qui
578 773 909 826 contumelia
952 788 1047 828 vos
1078 774 1319 829 alliciunt
1335 777 1399 830 ⁸⁷.
1438 796 1455 827 δ
1487 775 1618 830 Nam
1658 778 1772 846 ipse
1804 791 2025 849 quoque
2072 778 2345 845 lapidibus
2376 779 2581 845 petitus
2609 783 2880 850 quamvis,
2929 791 3135 837 rectam
3179 783 3322 837 viam
3372 785 3452 838 ire
3497 800 3592 838 eos

326 857 516 909 docuit
545 875 559 911 :
598 875 616 906 ι
648 856 900 921 Quandiu
941 860 1123 915 lumen
1162 862 1395 924 habetis,
1426 864 1705 915 amlmlate
1740 864 1793 915 in
1829 862 2060 930 lumine,
2096 882 2165 919 ne
2189 865 2427 920 tenebrae
2461 882 2554 921 vos
2584 868 2977 936 opprimant".
3007 889 3024 920 ι
3312 874 3319 879 ’

401 943 521 996 Non
548 947 653 998 sint
678 962 830 999 arma
855 948 955 1001 riri
992 965 1149 1016 super
1183 950 1419 1004 muliere.
1455 949 1557 1022 [ἱ]
1602 948 1759 1003 Vetat
1794 952 2006 1007 mutuis
2044 951 2289 1006 moribus
2319 953 2467 1006 viros
2493 961 2549 1006 ct
2595 953 2829 1008 feminas
2859 956 2961 1008 uti.
2997 954 3127 1009 Vult
3154 955 3300 1009 enim
3334 955 3591 1009 decoram

324 1031 787 1086 consuetudinem
835 1034 1117 1089 observari
1142 1075 1159 1100 ,
1203 1037 1660 1106 quemadnuuluin
1708 1036 2011 1106 Apostolus
2056 1053 2307 1108 quoque,
2344 1040 2441 1107 qui
2481 1040 2664 1110 inquit
2697 1058 2711 1095 :
2751 1061 2769 1092 ι
2796 1040 2895 1095 V’ir
2927 1045 2972 1097 si
3010 1043 3153 1098 inter
3189 1045 3456 1115 orandum
3498 1053 3594 1096 aut

327 1121 773 1190 prophetandum
806 1132 972 1192 caput
1004 1132 1208 1177 tectum
1242 1124 1447 1190 habet,
1482 1122 1757 1179 dedecore
1778 1135 1942 1195 caput
1981 1140 2141 1180 suum
2177 1126 2425 1180 allicit".
2454 1144 2474 1179 ο
2516 1128 2591 1183 De
2623 1129 2855 1184 muliere
2881 1140 3064 1185 autem
3099 1131 3377 1185 contraria
3405 1130 3537 1184 dicit
3572 1149 3588 1183 :
3668 1156 3693 1181 ε.

333 1226 354 1260 ι
380 1205 609 1276 Oportet
633 1212 779 1264 enim
813 1227 913 1265 nec
950 1212 1128 1265 virum
1162 1212 1423 1275 mollem,
1461 1228 1559 1265 nec
1574 1202 1875 1266 'mnlieretn
1912 1227 2198 1284 procarem
2224 1214 2432 1268 esse".
2462 1233 2482 1267 ι

398 1298 552 1362 Quod
580 1299 627 1353 si
655 1315 772 1353 rero
805 1300 1059 1355 incideris
1087 1302 1145 1355 in
1174 1301 1358 1355 nidum
1387 1302 1584 1355 avium.
1626 1300 1729 1373 [⁸.]
1756 1300 1930 1356 Nidus
1957 1301 2183 1371 quidem
2211 1301 2393 1355 avium
2425 1311 2534 1366 est,
2555 1302 3027 1371 quemadmodum
3061 1304 3266 1358 anima:
3298 1303 3587 1357 virtutum.

325 1383 593 1449 Quaelibet
623 1395 809 1441 autem
840 1401 1030 1441 earum
1063 1396 1240 1441 mater
1263 1390 1464 1455 utique
1499 1404 1722 1442 suat'tttu
1754 1389 1931 1458 ipsius
1957 1388 2312 1444 elfectionum
2345 1389 2450 1444 dici
2485 1391 2680 1459 possit.
2709 1389 2812 1455 Qui
2845 1391 3012 1459 igitur
3042 1390 3184 1445 forte
3217 1391 3462 1444 bonitate
3485 1391 3593 1443 ali-

326 1473 489 1542 cujus
519 1485 611 1527 aut
646 1475 909 1543 patientia
942 1474 1181 1539 fruitur,
1211 1491 1401 1529 earum
1435 1477 1676 1530 dominis
1713 1476 1942 1531 insidias
1972 1477 2237 1537 struendo
2263 1475 2498 1530 virtutes
2530 1490 2641 1529 non
2674 1476 2854 1530 laedat.
2894 1477 3125 1532 Virtutis
3151 1479 3295 1532 enim
3334 1478 3590 1532 violentia

302 1572 430 1631 test,
466 1561 511 1617 si
541 1563 783 1617 dominis
806 1561 927 1631 ejus
958 1564 1091 1617 fiant
1120 1564 1357 1618 insidiae.

297 1669 325 1741 ,ί
397 1670 501 1725 Kal
542 1671 819 1737 ποιήσεις
848 1671 1162 1740 στεφάνην
1195 1669 1276 1735 τῷ
1311 1670 1533 1739 δώματι
1560 1688 1699 1726 σου.
1735 1672 1903 1741 Τρίγ-
1936 1680 1979 1736 Α

327 1782 421 1832 χον
453 1763 535 1815 δεῖ
562 1761 842 1830 γενέσθαι,
880 1762 1065 1833 φησὶν,
1097 1762 1586 1833 ὑπερανεστηκότα
1613 1762 1709 1815 τοῦ
1739 1780 1909 1815 κατα-

327 1853 651 1926 στρώματος
672 1869 685 1882 ·
720 1853 797 1915 ὡς
828 1852 997 1922 αὐλῆς
1034 1856 1202 1906 τύπον
1229 1853 1378 1924 ἔχειν
1409 1854 1472 1906 τὸ
1498 1853 1677 1922 δῶμα,
1707 1855 1909 1923 βραχυ-

322 1946 505 2016 τέροις
539 1945 741 2016 τοίχοις
774 1928 1298 2016 περιφραττόμενον.
1345 1947 1437 1997 Δεῖ
1474 1946 1531 1998 δὲ
1564 1946 1660 1999 καὶ
1691 1947 1790 2009 τὰς
1825 1947 1909 2009 είς

324 2037 456 2108 ὕψος
505 2037 743 2106 ἀγούσας
790 2026 993 2107 ἀρετὰς
1037 2037 1506 2108 ταπεινοφροσύνῃ
1552 2037 1905 2107 τειχὶζεσοαι.

323 2132 517 2202 Ψυχῆς
547 2133 655 2199 γὰρ
689 2129 895 2193 πτῶσις
922 2128 1232 2193 ἀλαζονεία.

398 2226 480 2277 Οὐ
525 2222 919 2287 κατασπερεῖς
951 2222 1059 2275 τὸν
1084 2218 1409 2290 ἀμπελῶνά
1448 2234 1566 2273 σου
1598 2220 1904 2290 διάφορον,

323 2317 423 2371 ἵνα
464 2316 550 2385 μὴ
590 2313 848 2384 ἀγιασθῇ
879 2312 944 2366 τὸ
978 2313 1265 2383 γέννημα.
1286 2313 1500 2382 ’Ὠσπερ
1531 2311 1789 2380 ἀνάθημα
1821 2310 1907 2363 λέ-

323 2426 479 2477 γεται
509 2409 618 2459 πᾶν
650 2405 1040 2473 ἀνατιθέμενον
1070 2404 1149 2474 τῷ
1174 2403 1294 2473 Θεῷ
1316 2420 1328 2434 ·
1366 2403 1585 2469 λέγεται
1612 2402 1668 2455 δὲ
1698 2404 1790 2454 καὶ
1814 2402 1907 2453 ἐπὶ

326 2501 421 2554 τοῦ
450 2498 687 2570 φευκτοῦ
722 2499 815 2553 καὶ
846 2497 1331 2566 κεκατηραμένου,
1357 2495 1445 2547 διὰ
1489 2495 1550 2547 τὸ
1597 2493 1907 2563 κατάρατον

327 2588 466 2664 εἶναι
492 2591 583 2645 τὸν
610 2589 982 2660 ἀναθημάτων
1010 2587 1316 2656 ἁπτόμενον
1340 2601 1354 2616 ο
1386 2586 1479 2637 καὶ
1508 2585 1589 2637 ὅτι
1619 2583 1677 2635 τὸ
1711 2584 1808 2651 μὲν
1832 2582 1908 2645 ὡς

325 2688 483 2751 ἅγιον
534 2683 877 2755 ἀφορίζεται,
915 2678 990 2752 μὴ
1037 2678 1345 2748 ἁπτομένου
1391 2676 1571 2740 τινόςο
1620 2674 1679 2728 τὸ
1727 2674 1804 2739 δὲ,
1833 2673 1907 2739 ὼς

326 2779 518 2845 ἐναγές
538 2793 553 2807 ·
585 2776 729 2829 οὕτω
761 2774 823 2827 τὸ
852 2774 1007 2841 ἆγιον
1047 2772 1186 2825 κατὰ
1215 2770 1391 2824 διττὸν
1431 2768 1645 2836 λέγεται
1684 2768 1905 2838 τρόπον.

328 2872 438 2924 Καὶ
466 2870 527 2921 τὸ
560 2869 660 2938 μὲν
686 2867 779 2921 ἐπὶ
804 2865 999 2929 καλοῦ,
1026 2864 1279 2935 περιττὸν
1304 2859 1685 2915 ἀποδεικνύναι
1706 2876 1718 2888 ⁸
1745 2860 1825 2911 ὅτι
1852 2859 1907 2912 δὲ

327 2961 434 3014 κᾶν
479 2959 697 3022 ἀσεϐεῖς
738 2951 840 3011 ὣσί
874 2975 1041 3022 τινες,
1097 2954 1438 3027 ἀφορισοῶσι
1489 2953 1545 3005 δὲ
1600 2952 1736 3023 πρός
1788 2968 1905 3005 τινα

328 3053 624 3115 διακονίαν,
667 3051 815 3121 ἆγιοι
859 3050 1129 3119 λέγονται.
1161 3048 1312 3118 δηλοῖ
1360 3046 1641 3115 Σοφονίας,
1693 3039 1924 3112 λέγων(

336 3166 355 3199 ι
390 3145 717 3200 Εὑλαϐεἰσθε
742 3144 853 3198 ἀπὸ
881 3140 1176 3212 προσώπου
1208 3139 1418 3211 Κυρίου
1450 3137 1545 3191 τοῦ
1574 3135 1732 3189 Θεοῦ.
1765 3136 1911 3187 Διότι

329 3239 495 3307 ἔγγὺς
519 3238 556 3308 ἡ
584 3236 766 3307 ἡμέρα
793 3236 887 3289 τοῦ
914 3233 1146 3306 Κυρίου,
1170 3235 1252 3294 ὅτι
1280 3232 1544 3301 ἡτοίμασε
1578 3228 1784 3299 Κύριος
1812 3228 1910 3296 τὴν

331 3329 520 3384 θυσίαν
540 3328 727 3392 αὑτοῦ,
747 3330 946 3399 ήγίακε
972 3328 1097 3390 τοὺς
1119 3325 1350 3395 κλητοὺς
1373 3323 1537 3377 αὑτοῦ
1558 3362 1573 3387 ,
1606 3341 1624 3375 ο
1652 3322 1777 3386 τοὺς
1802 3320 1909 3373 Βα-

332 3422 625 3485 ϐυλωνίους
670 3420 813 3474 οὕτω
878 3419 1081 3473 καλῶν.
1130 3418 1243 3473 Καὶ
1288 3415 1528 3487 Μιχαίας
1595 3414 1653 3467 δέ
1700 3430 1866 3482 φησιν
1891 3427 1907 3442 ο

338 3530 357 3564 ι
380 3514 640 3580 Ἢγίασεν
685 3510 773 3563 ἐπ’
813 3511 978 3564 αὑτὸν
1024 3510 1318 3579 πόλεμον.)
1340 3508 1451 3561 Καὶ
1491 3506 1588 3568 τὸ,
1626 3502 1809 3572 ιἘγὼ
1852 3502 1909 3555 δὲ

335 3602 639 3666 συντάσσω,
671 3601 767 3653 καὶ
815 3598 928 3666 ἐγὼ
969 3599 1089 3666 ἄγω
1137 3594 1728 3663 αὑτούς.Ἦγιασμένοι
1778 3593 1907 3655 εἰσὶ,

2080 1670 2327 1738 lmpoues
2361 1686 2607 1724 coronant
2650 1672 2832 1725 domui
2868 1682 2992 1727 tum.
3026 1671 3098 1744 [8
3124 1670 3157 1743 ]“
3187 1672 3379 1726 Moenia
3426 1687 3594 1741 super

2014 1768 2323 1835 pavimento
2383 1767 2719 1821 exstruenda
2766 1782 2890 1821 esse
2948 1766 3164 1835 inquit,
3226 1780 3337 1834 quo
3394 1765 3592 1820 domus

2010 1865 2321 1933 pinuaculis
2340 1865 2710 1934 circumsepta
2739 1865 2900 1931 regiae
2929 1864 3160 1933 ﬁguram
3187 1863 3405 1917 habeat.
3424 1864 3592 1930 Opor-

2012 1966 2087 2008 tet.
2149 1971 2278 2010 vero
2342 1971 2554 2009 necnon
2615 1957 2847 2011 virtutes
2899 1957 2953 2010 in
3005 1958 3241 2012 sublime
3297 1957 3591 2011 evehentes

2012 2044 2317 2100 humilitate
2351 2045 2586 2100 munire.
2637 2047 2846 2100 Anium:
2895 2049 3039 2101 enim
3092 2048 3283 2117 lapsus
3333 2046 3593 2116 superbia

2008 2146 2111 2190 εει.

2082 2229 2201 2281 Non
2240 2243 2485 2295 censeres
2515 2229 2720 2282 vineam
2760 2237 2905 2281 tuam
2944 2228 3167 2282 diversis
3194 2227 3490 2296 generibus,
3525 2241 3590 2280 rte

2008 2320 2375 2387 sancti/itum
2409 2336 2605 2374 semen.
2645 2318 2761 2390 [9.]
2800 2320 3269 2384 Quemadmodum
3301 2319 3589 2372 anathema

2009 2412 2214 2465 dicitur
2259 2426 2420 2465 onine
2464 2414 2608 2480 quod
2654 2411 2885 2464 Domino
2913 2420 3290 2475 consecratur,
3324 2413 3427 2465 hoc
3460 2426 3590 2465 vero

2010 2502 2251 2555 neminis
2276 2501 2344 2555 de
2376 2502 2742 2555 abominanda
2777 2504 3232 2572 exsecrandoque
3262 2513 3585 2570 usurpatur,

2009 2603 2074 2641 eo
2110 2587 2256 2656 quod
2286 2587 2657 2642 exsecrandns
2691 2590 2760 2642 sit
2793 2590 2885 2658 qui
2924 2593 3330 2643 anatIu-matum
3365 2590 3584 2660 aliquod

2012 2679 2415 2743 attrectaverit.
2439 2687 2496 2734 et
2533 2669 2695 2750 quod
2718 2680 2911 2751 partim
2950 2681 3168 2750 quidem
3202 2694 3301 2735 ceu
3333 2691 3584 2734 sanctmn

2011 2783 2297 2843 separatur
2337 2780 2395 2825 ut
2444 2786 2474 2825 a
2524 2774 2739 2827 nemine
2789 2774 3164 2843 contingatur,
3211 2775 3411 2845 partim
3457 2788 3587 2829 vero

2011 2875 2270 2933 tanquam
2316 2864 2699 2918 detestandum
2736 2864 2854 2918 :ita
2908 2876 3159 2920 sanctum
3217 2880 3438 2934 quoque
3489 2866 3589 2918 du-

2008 2954 2135 3025 plici
2187 2954 2351 3009 modo
2384 2955 2607 3010 dicitur.
2634 2957 2703 3009 At
2729 2957 2783 3010 in
2821 2956 3019 3012 bonam
3050 2968 3259 3026 partem
3306 2958 3589 3026 quomodo

2013 3055 2311 3115 usurpetur
2357 3061 2829 3115 supervacaneum
2877 3057 2960 3102 est
3004 3049 3399 3103 demonstrare.
3431 3046 3587 3113 Quod

2011 3153 2145 3192 vero
2176 3137 2400 3207 quidam
2426 3139 2592 3191 etiam
2626 3155 2751 3193 rum
2787 3139 2939 3209 impii
2974 3138 3199 3202 fuerint,
3234 3138 3471 3207 separati
3505 3146 3588 3191 ta-

2011 3242 2135 3282 men
2166 3241 2196 3280 a
2234 3226 2341 3281 Deo
2371 3228 2438 3281 ad
2471 3227 2841 3283 ministerium
2869 3269 2882 3287 .
2912 3230 3088 3283 sancti
3116 3230 3391 3293 dicantur,
3420 3236 3587 3282 testa~

2012 3328 2102 3372 tur
2155 3316 2467 3387 Sophonias
2512 3320 2703 3375 dicens
2738 3334 2754 3373 :
2792 3338 2810 3370 ι
2842 3319 3037 3374 Cavete
3082 3320 3241 3373 vobis
3287 3336 3315 3371 a
3358 3318 3592 3371 Domino

2012 3410 2146 3474 Deo,
2185 3408 2364 3480 451
2407 3412 2666 3480 quoniam
2725 3426 2895 3481 prope
2943 3418 3028 3465 est
3071 3410 3190 3465 dies
3226 3410 3463 3476 Domini,
3496 3426 3594 3479 pa—

2010 3502 2152 3555 ravit
2176 3502 2323 3555 enim
2359 3500 2622 3556 Dominus
2654 3502 2933 3555 victimam
2967 3518 3146 3563 suam,
3174 3512 3228 3556 et
3273 3501 3588 3555 santtifica-

2011 3594 2088 3646 vit
2118 3603 2344 3647 vocatos
2378 3609 2510 3648 suos
2534 3594 2601 3658 “,
2637 3612 2657 3644 ι
2686 3593 3017 3665 Babylonios
3046 3596 3127 3650 sic
3147 3597 3449 3665 appellans.
3487 3594 3590 3649 Mi-

334 3690 432 3742 καὶ
481 3688 594 3756 ἐγὼ
641 3690 762 3756 ἄγω
791 3687 1009 3753 αὐτούς.
1046 3687 1305 3754 Γίγαντες
1334 3686 1587 3755 ἔρχονται
1621 3682 1912 3753 πληρῶσαι

2014 3680 2191 3734 chaeas
2238 3681 2368 3734 item
2417 3682 2595 3751 inquit
2638 3699 2652 3736 :
2696 3698 2715 3733 ι
2744 3682 3122 3738 Sanctiﬁcavit
3183 3700 3351 3753 super
3405 3685 3584 3752 ipsum

333 3774 427 3826 τὴν
460 3772 631 3843 θυμόν
662 3789 785 3841 μου,
819 3791 837 3824 s
882 3772 1145 3842 περὶτῶν
1179 3772 1318 3842 μετά
1347 3772 1532 3842 Κύρου
1562 3770 1703 3824 κατὰ
1731 3770 1911 3823 Βαϐυ-

2014 3772 2214 3825 bellum
2234 3773 2300 3824 ³¹.
2338 3790 2355 3822 ι
2408 3772 2537 3827 Item
2569 3773 2705 3827 illud
2734 3792 2747 3827 :
2786 3791 2807 3824 ι
2841 3773 2952 3843 Ego
2981 3789 3112 3829 vero
3145 3776 3425 3830 constituo
3466 3791 3592 3840 eos,

333 3861 503 3925 λῶνος
542 3861 1014 3932 στρατευομένων.

2014 3869 2065 3913 et
2094 3873 2196 3929 ego
2218 3859 2363 3914 duco
2395 3875 2513 3925 eos,
2545 3863 2873 3918 sanetificati
2904 3874 3054 3929 sunt,
3081 3874 3137 3919 et
3168 3881 3270 3936 ego
3298 3866 3441 3920 duco
3464 3881 3588 3921 eos.

334 3956 594 4028 Gigantes
623 3955 850 4010 veniunt
875 3954 941 4009 ad
962 3952 1289 4024 explendum
1318 3952 1564 4007 animum
1594 3951 1854 4017 meum",
1882 3967 1902 4001 ι
1936 3948 2005 4004 de
2039 3951 2306 4007 militibus
2336 3955 2431 4021 qui
2460 3952 2787 4025 Babylonem
2819 3972 2945 4011 cum
3000 3955 3143 4028 Cyro
3201 3968 3587 4030 oppugnarunt

334 4051 583 4121 laqueos.

406 4158 606 4214 Verum
638 4159 919 4214 enimvero
942 4158 1158 4212 vineam
1191 4155 1473 4219 lsraelem,
1514 4152 1821 4225 quemlibet
1863 4152 1992 4207 item
2021 4149 2302 4203 hominem
2333 4166 2427 4218 per
2465 4166 2527 4206 sc
2553 4150 2842 4223 Scriptura
2900 4160 3079 4218 Vttcal,
3115 4154 3587 4223 quemadmodum

331 4263 396 4303 ex
426 4247 659 4302 Cantico
689 4246 1033 4299 canticorum
1063 4252 1281 4299 constat
1316 4259 1330 4296 :
1366 4260 1385 4294 ι
1412 4242 1605 4312 Capite
1635 4243 1800 4295 nobis
1829 4242 2046 4308 vulpes,
2081 4239 2293 4308 vulpes,
2333 4238 2582 4308 inquam,
2613 4254 2811 4308 parvas
2841 4255 2962 4305 ante
2980 4249 3195 4294 vastant
3231 4243 3421 4297 vineas
3439 4245 3485 4275 ³³
3512 4260 3526 4297 :
3556 4264 3578 4295 ι

332 4336 407 4389 ita
454 4349 661 4389 vocans
702 4333 929 4389 inutiles
951 4346 1015 4387 ac
1049 4331 1288 4385 fructum
1318 4341 1593 4384 maturum
1632 4345 1739 4383 non
1771 4328 2032 4384 ferentes.
2067 4327 2211 4382 Dicit
2250 4328 2420 4399 igitur
2450 4348 2465 4379 ε
2500 4346 2519 4379 ι
2549 4328 2627 4382 Ne
2654 4344 2922 4384 conseras
2948 4330 3186 4385 diversis
3218 4334 3531 4401 generibus.
3557 4352 3577 4385 ι

332 4418 537 4475 Partim
563 4420 783 4490 quidem
809 4420 953 4489 quod
992 4419 1162 4474 vinea:
1185 4417 1390 4473 olliciat
1414 4419 1461 4473 si
1491 4419 1711 4473 interim
1742 4422 1873 4472 dum
1907 4416 2104 4471 humor
2128 4416 2183 4471 in
2216 4426 2403 4471 senten
2438 4418 2699 4481 vertitur,
2719 4418 3233 4487 seratur;opimum
3258 4420 3403 4472 enim
3430 4421 3581 4489 quod

334 4511 393 4561 lit
427 4522 523 4577 per
546 4509 691 4560 vices
722 4518 830 4567 est.
891 4505 1354 4576 quemadmodum
1388 4505 1455 4559 ad
1490 4506 1657 4560 vitent
1691 4503 1849 4558 dixit.
1884 4502 2091 4557 Partim
2130 4517 2261 4558 vero
2292 4503 2377 4558 his
2404 4503 2587 4557 verbis
2616 4517 2832 4556 morum
2863 4504 3250 4559 diversitatem
3306 4506 3583 4562 detestari

264 4585 800 4653 l‘sauctumdocet.
840 4592 1010 4659 Quasi
1066 4592 1191 4647 talis
1218 4592 1273 4647 in
1305 4593 1490 4647 divina
1546 4592 1849 4645 toreularia
1906 4590 2077 4660 recipi
2141 4591 2216 4645 sit
2271 4591 2553 4661 indignus.
2605 4587 2869 4645 Fortasse
2921 4606 3052 4646 vero
3108 4600 3425 4648 rarratione
3474 4596 3583 4651 hac

334 4680 551 4735 vineam
609 4679 686 4732 ita
751 4678 955 4749 plantis
1012 4688 1397 4734 conserentem
1468 4687 1618 4735 metu
1679 4677 1794 4731 vult
1857 4678 2253 4748 obstringere,
2319 4689 2375 4732 et
2436 4693 2468 4731 a
2520 4677 2717 4731 fraude
2788 4678 3323 4751 insatiabilitateque
3386 4687 3580 4750 depel-

336 4768 468 4823 lere.

409 4850 531 4909 Non
557 4855 737 4908 orabis
765 4854 967 4923 pariter
991 4869 1107 4907 cum
1134 4854 1260 4907 bove
1282 4863 1333 4908 et
1363 4855 1539 4908 asino.
1565 4851 1708 4926 [I0.]
1744 4851 1854 4908 Bos
1889 4852 2125 4908 victimae
2146 4854 2382 4925 ciboque
2407 4870 2566 4910 sacer
2594 4869 2695 4919 est,
2729 4870 2853 4909 eum
2889 4856 3084 4909 asinus
3133 4858 3389 4912 neutrius
3419 4874 3580 4913 usum

335 4943 598 5013 praebeat.
634 4940 823 5011 Itaque
849 4941 1048 4996 animae
1079 4956 1191 4996 sua:
1249 4951 1453 4997 terram
1489 4958 1725 5002 novaus,
1786 4951 1846 4995 ut
1898 4940 2149 4995 divinum
2206 4957 2397 4996 semen
2457 4942 2771 5011 excipiendi
2801 4943 2896 4994 fiat
2962 4943 3187 5006 idonea,
3221 4946 3579 5013 profauormn

336 5046 401 5084 ac
432 5030 778 5084 indoctorum
798 5028 1183 5097 magistrorum
1213 5028 1566 5100 disciplinam
1591 5031 1840 5099 recipere
1869 5030 2188 5098 neutiquam
2217 5028 2813 5103 debet..hmreticorum
2840 5044 2936 5082 seu
2958 5029 3272 5085 Cra-corum
3298 5034 3578 5088 videlicet.

336 5115 478 5182 Quin
516 5129 641 5170 cum
672 5113 873 5169 Davide
895 5114 1078 5170 dicere
1111 5134 1124 5169 :
1162 5134 1181 5165 ι
1210 5116 1601 5186 Exposuerunt
1634 5116 1765 5169 mihi
1802 5116 1976 5185 iniqui
2013 5115 2254 5180 fabulas,
2286 5131 2476 5169 verum
2533 5131 2638 5169 non
2669 5124 2727 5169 ut
2760 5115 2843 5170 lex
2878 5125 2993 5181 tua,
3051 5117 3283 5174 Domine
3306 5120 3372 5174 ³⁸.
3406 5140 3425 5170 ι
3459 5120 3580 5175 Cm-

339 5213 517 5257 terum
540 5210 780 5257 mutetur
800 5202 990 5256 asinus
1019 5210 1073 5255 et
1102 5202 1193 5255 fiat
1234 5218 1432 5272 purus,
1471 5204 1625 5273 iuxta
1655 5204 1791 5257 illud
1819 5204 1964 5272 apud
1994 5201 2188 5256 Isaiam
2218 5219 2230 5254 :
2276 5220 2294 5252 ι
2324 5200 2475 5255 Felix
2512 5202 2606 5270 qui
2642 5204 2879 5255 seminat
2914 5219 3082 5275 super
3137 5219 3279 5276 aqua
3343 5208 3433 5262 ubi
3480 5209 3582 5263 bos

337 5292 569 5345 calcavit
597 5298 650 5343 et
679 5289 870 5343 asinus
892 5288 959 5341 ³⁸.
996 5306 1015 5339 s
1053 5288 1307 5358 Ecquatis
1337 5307 1466 5345 vero
1492 5306 1634 5360 aqua
1681 5293 1773 5345 illa
1798 5298 1882 5345 est
1917 5306 2085 5358 super
2113 5306 2222 5358 qna
2259 5291 2539 5343 seminare
2570 5299 2788 5357 Oportet
2824 5305 3009 5344 semen
3074 5291 3280 5347 bonmn
3304 5294 3329 5347 ?
3352 5292 3581 5363 Oportet

338 5392 468 5432 vero
495 5377 768 5431 seminare
800 5390 966 5444 super
997 5376 1255 5445 mysterio
1278 5376 1481 5431 lavacri
1514 5376 1974 5447 regenerationis,
2013 5378 2105 5429 uni
2139 5376 2403 5430 Israelita:
2444 5376 3040 5443 vadunt,ethnicornm
3085 5379 3214 5435 item
3242 5382 3335 5451 qui
3377 5391 3583 5452 mystc-

337 5465 408 5521 xii
442 5474 649 5533 partem
685 5471 1047 5533 acceperunt.

416 5635 460 5668 ’τ
503 5634 689 5691 Matth.
724 5652 775 5695 v,
806 5635 895 5689 Η.
998 5636 1045 5669 ’⁸
1082 5635 1245 5691 Joan.
1278 5650 1376 5698 xu,
1408 5634 1497 5688 35.
1606 5635 1651 5666 "
1692 5635 1859 5690 lCor.
1901 5652 1977 5697 XI,
2014 5636 2069 5688 ci.

2174 5635 2221 5667 ³⁸)
2263 5634 2827 5710 ibid.:‘i-7."Sophon.
2860 5657 2914 5706 ι,
2970 5642 3021 5698 7.
3063 5643 3107 5674 ³¹¹

349 5700 393 5732 ³⁸
425 5703 528 5760 lsa.
558 5722 673 5773 xm,
705 5705 762 5771 5,
784 5706 837 5758 4.
877 5705 921 5737 ³⁸
952 5706 1112 5762 Cant.
1145 5723 1203 5775 ιι,
1237 5705 1323 5759 lii.
1409 5706 1454 5737 ⁸⁸
1485 5705 1636 5762 Psal.
1665 5720 1858 5769 cxvtn,
1885 5706 1971 5759 85.

3214 5640 3378 5697 Mich.
3413 5657 3492 5707 ιιι,
3519 5639 3581 5696 5.

2058 5705 2101 5736 “
2140 5708 2245 5761 ιω.
2280 5721 2453 5775 sxw,
2492 5711 2563 5761 ‘20
