4036 6214
516 226 613 289 9:31
1402 180 1423 213 ’ί
1850 223 2202 286 PROCOPII
2241 222 2488 283 GAZzEI
3690 209 3795 279 932

590 340 715 395 Non
740 340 924 396 indures
949 350 1136 396 vestem
1167 342 1295 396 lana
1315 351 1365 396 et
1400 342 1511 396 tino
1528 340 1688 395 simul
1718 339 2100 394 adulteratam.
2135 348 2180 401 Α

2274 340 2397 392 Οὐκ
2426 336 2657 403 ἐνδύσῃ
2719 334 3030 401 κίϐδηλον,
3086 335 3217 401 ἔρια
3253 332 3348 387 καὶ
3403 332 3581 386 ,λίνον
3604 330 3794 386 ἑπιτὸ

520 427 663 501 [Η.]
693 430 919 499 Aquilus
949 430 1200 501 κίϐδηλον
1223 430 1382 495 illud,
1411 427 1790 499 ἀντικείμενον
1817 430 2094 494 exposuit.

2202 432 2373 484 αὑτό.
2425 427 2661 491 ’Λκῦλας
2694 426 2755 480 τὸ
2785 426 3081 493 κίϐδηλον
3133 424 3471 495 παρέδωκεν,
3529 422 3794 478 ἀντικει-

518 520 886 591 Symmachus
919 538 1049 577 vero
1082 520 1422 592 ἑτερογενές.

2202 534 2415 575 ιιενονο
2445 521 2473 572 ὁ
2493 518 2550 572 δὲ
2582 517 2896 589 Σύμμαχος,
2930 516 3287 586 demorer-ec.

600 629 822 686 Minime
854 633 1001 687 enim
1038 634 1321 698 convenit,
1355 642 1416 687 ut
1444 632 1535 701 qui
1563 631 1873 695 Christum,
1916 646 1982 685 ac
2014 645 2160 685 verre
2194 631 2313 686 ovis
2348 631 2527 684 lanam
2560 630 2884 692 induerunt,
2920 628 3085 683 simul
3121 640 3341 698 quoque
3375 635 3619 681 terreum
3647 624 3787 681 illud

516 719 692 772 linum
747 718 1002 774 induant.
1063 720 1396 790 Huiusmodi
1447 736 1579 775 vero
1627 729 1734 782 est,
1767 720 1863 788 qui
1920 721 2024 774 sub
2066 720 2226 772 ovina
2262 720 2405 790 pelle
2464 720 2627 789 lupus
2663 733 2861 786 rapax,
2893 728 2947 771 et
2977 718 3180 771 mentis
3212 729 3401 777 sensu,
3425 724 3479 768 et
3517 714 3789 781 operibus

514 807 758 861 exsistit.
786 806 997 861 Morum
1032 809 1177 862 enim
1205 809 1569 879 simplicitate
1601 815 1858 861 ornatum
1885 807 1937 860 in
1967 808 2130 861 domo
2165 822 2268 862 suo
2302 805 2565 860 Dominus
2602 806 2863 866 collocat,
2890 804 3111 859 dicente
3187 800 3392 855 Davide
3421 819 3434 855 :
3472 819 3491 851 ι
3518 799 3657 855 Ossa
3685 816 3785 855 eo-

518 909 642 948 rum
673 894 765 963 qui
800 910 991 949 auram
1016 895 1311 949 humanam
1349 903 1572 966 captant
1600 895 1977 965 dissipavit".
2006 913 2023 946 ι

591 1001 882 1056 Funicutos
914 1003 1077 1071 facito
1109 1004 1207 1057 tibi
1238 1005 1338 1072 ipsi
1373 1021 1531 1074 super
1555 1014 1787 1074 quatuor
1838 1004 2086 1073 ﬁmbriis.

2270 1001 2537 1068 Στρεπτὰ
2569 1001 2845 1067 ποιήσεις
2891 999 3084 1066 ἑαυτῷ
3122 1000 3221 1053 ἐπὶ
3263 999 3382 1053 τῶν
3424 998 3472 1051 δ’
3520 995 3786 1064 κρασπέέ

518 1090 710 1166 [ΧΧΙΙ.
735 1092 849 1165 12.]
879 1094 959 1147 Ad
983 1096 1409 1163 promovendum
1439 1096 1757 1150 memoriam
1781 1096 1938 1164 legis,
1959 1096 2090 1149 alibi

2198 1094 2343 1157 δων,
2402 1095 2538 1163 πρὸς
2598 1093 2823 1164 διηνεκῆ
2882 1096 3107 1163 μνήμην
3154 1092 3248 1144 τοῦ
3304 1091 3496 1162 νόμου,
3528 1090 3604 1159 πῆ
3656 1088 3779 1157 μὲν,

516 1184 737 1246 quidem
765 1203 778 1238 :
819 1206 836 1234 ι
862 1185 1163 1253 Adaptabis
1196 1202 1290 1241 eas
1322 1188 1578 1243 manilnts
1610 1187 1723 1241 tuis
1742 1188 1850 1250 ³⁸,τ
1878 1188 2093 1256 inquit,

2208 1207 2225 1238 ι
2264 1186 2524 1255 Ἀφάψεις
2588 1186 2750 1250 αὐτὰ,
2803 1187 2991 1256 φησὶν,
3049 1187 3141 1238 ἐπὶ
3187 1185 3298 1236 τῶν
3351 1184 3551 1254 χειρῶν
3617 1199 3777 1235 σου.)

516 1275 644 1327 alibi
680 1291 808 1329 vero
845 1292 860 1329 :
898 1296 917 1328 ς
944 1278 1007 1330 Et
1041 1278 1208 1333 facies
1233 1280 1331 1332 tibi
1372 1280 1478 1347 ipsi
1506 1279 1761 1349 ﬁmbrias
1780 1295 1951 1347 super
1988 1280 2093 1333 alis

2203 1280 2286 1349 Πῆ
2316 1279 2395 1343 δὲ,
2461 1297 2479 1328 ‹
2505 1279 2624 1331 Καὶ
2662 1283 2911 1349 ποιήσεις
2970 1277 3187 1346 σεαυτῷ
3234 1276 3516 1348 κράσπεδα
3547 1276 3643 1327 ἐπὶ
3672 1274 3783 1325 τῶν

511 1382 579 1420 ex
605 1367 901 1437 hyacintho
919 1378 1173 1423 contorta
1188 1371 1259 1434 ³⁸,
1283 1391 1300 1422 ι
1339 1387 1450 1441 quo
1473 1371 1871 1440 contemplatio
1894 1370 2090 1439 utique

2202 1362 2512 1440 πτερύγίων
2541 1368 2601 1433 ἐξ
2642 1369 2899 1422 ὑακίνθου
2934 1368 3382 1439 κεκ).ωσμένης,ι
3414 1368 3494 1432 ὡς
3532 1367 3599 1421 ἂν
3625 1368 3659 1436 ἡ
3684 1367 3782 1419 θέα

515 1460 836 1513 memoriam
858 1461 1120 1516 ediceret.

2197 1458 2296 1530 τὴν
2331 1462 2550 1529 μνήμην
2580 1459 2886 1530 ἐργάζοιτο.

588 1570 683 1627 Sin
709 1589 826 1627 vero
861 1573 1102 1629 iuventus
1126 1574 1285 1643 fuerit
1310 1575 1463 1628 homo
1482 1576 1663 1644 jacere
1690 1591 1810 1629 cum
1843 1576 2084 1638 muliere,
2112 1589 2229 1644 qua:
2252 1589 2371 1626 eum
2404 1574 2516 1626 viro
2544 1572 2893 1638 coltabitavit,
2913 1582 2966 1625 et
2995 1587 3119 1642 quae
3150 1571 3433 1642 deinceps.
3468 1571 3613 1643 [9.2.]
3650 1571 3771 1624 Ma-

514 1660 725 1715 ximum
754 1661 1084 1716 delictorum
1131 1664 1280 1733 quod
1314 1666 1365 1717 in
1395 1667 1688 1718 mulierem
1746 1663 2140 1724 committitur,
2186 1661 2550 1723 adulterium,
2597 1660 2743 1730 quod
2778 1660 3051 1731 disiungit
3091 1660 3379 1730 coniuges,
3432 1668 3539 1714 est.
3568 1659 3777 1714 Eadem

515 1762 736 1817 quoque
754 1749 899 1802 ratio
927 1749 996 1802 de
1026 1752 1213 1804 anima
1252 1766 1374 1824 quae
1411 1753 1521 1805 Deo
1548 1758 1636 1804 est
1667 1751 1823 1804 unita
1854 1766 1951 1819 per
1974 1749 2138 1803 ﬁdem
2164 1756 2219 1803 et
2248 1748 2536 1818 spiritum,
2567 1756 2651 1803 est
2681 1748 2933 1802 habenda
2969 1765 2984 1802 :
3011 1765 3030 1798 ι
3077 1748 3183 1813 Qui
3205 1750 3353 1802 enim
3376 1762 3501 1801 cum
3539 1746 3811 1806 Domino,

511 1837 926 1904 conglutinatus
953 1844 1059 1899 est,
1095 1853 1238 1891 unus
1260 1839 1495 1907 spiritus
1533 1845 1619 1893 est
1637 1837 1734 1890 “.r
1755 1837 1910 1904 Quod
1941 1838 1989 1891 si
2014 1837 2187 1907 igitur
2228 1836 2416 1905 aliqua
2464 1835 2677 1904 semine
2725 1835 2969 1888 humano
3015 1844 3237 1905 recepto
3269 1834 3339 1888 ab
3373 1835 3441 1889 iis
3471 1836 3569 1904 qui
3598 1850 3629 1888 a
3662 1835 3780 1889 Deo

514 1924 1117 1994 del‘eceruntcorrupta
1150 1924 1341 1991 fuerit,
1372 1942 1499 1979 cum
1533 1926 1657 1995 ipso
1683 1933 2014 1994 corruptore
2041 1925 2208 1993 perit.
2238 1925 2515 1979 Caeterum
2548 1939 2647 1993 per
2672 1923 2940 1994 virginem
2969 1923 3211 1978 animam
3235 1922 3303 1976 ad
3328 1924 3560 1978 sincerae
3584 1924 3780 1993 cogni-

512 2012 681 2066 tionis
711 2011 983 2081 principia
1018 2022 1290 2073 vocatam.
1329 2014 1563 2068 necdum
1590 2013 1832 2083 perlecte
1860 2028 1987 2067 cum
2018 2012 2126 2067 Deo
2150 2012 2388 2076 unitam,
2420 2026 2604 2081 neque
2640 2012 2708 2063 ad
2745 2010 2973 2079 nuptias
2999 2026 3103 2067 ceu
3137 2010 3208 2064 ad
3242 2010 3477 2080 gratiam
3510 2011 3777 2078 baptismi

514 2114 884 2169 progressam,
916 2109 1181 2155 caeterum
1234 2102 1589 2156 institutione
1627 2102 1749 2170 ejus
1781 2101 1857 2156 rei
1893 2116 1995 2155 ceu
2026 2102 2255 2172 pignore
2289 2100 2543 2152 dotatam
2572 2098 2989 2168 intelligendum
3007 2109 3118 2154 est.
3155 2097 3236 2153 Ita
3254 2113 3479 2169 quoque
3498 2113 3627 2153 cum
3667 2097 3776 2153 Ec-

511 2187 741 2242 clesiam
775 2187 1020 2256 gentium
1054 2190 1280 2243 Christo
1336 2188 1546 2242 Pardus
1589 2189 1918 2261 adduceret.
1960 2188 2179 2258 inquit:
2215 2205 2235 2237 ι
2258 2185 2537 2251 Coniunxi
2578 2201 2677 2240 vos
2707 2186 2802 2239 uni
2845 2184 2991 2249 viro,
3024 2194 3084 2239 ut
3128 2194 3334 2238 castam
3365 2183 3643 2254 virginem
3674 2199 3778 2239 vos

516 2276 771 2330 sisterem
803 2275 1113 2331 Christo”.
1136 2295 1154 2328 ι
1190 2275 1417 2332 Necnon
1463 2277 1581 2345 ipse
1621 2291 1841 2346 quoque
1878 2274 2132 2346 Sponsus
2161 2289 2294 2329 voce
2345 2273 2742 2343 prophetarum
2803 2272 2984 2342 inquit
3017 2293 3030 2327 :
3076 2290 3095 2323 ι
3125 2271 3489 2342 Despondcbo
3526 2281 3579 2326 te
3635 2272 3773 2327 mihi

511 2362 617 2432 ipsi
654 2364 1262 2433 perpetuoinjustitia,
1296 2365 1351 2419 in
1387 2365 1632 2435 judicio,
1671 2366 1727 2419 in
1783 2362 2191 2427 misericordia,
2220 2369 2276 2416 et
2300 2359 2971 2415 commiserationibus".
2997 2379 3016 2411 ο
3056 2361 3189 2414 ltem
3220 2377 3234 2413 :
3275 2378 3294 2410 ‹
3326 2357 3693 2428 Despondebo
3724 2371 3776 2414 te

510 2449 647 2503 mihi
681 2450 787 2519 ipsi
830 2452 884 2504 in
911 2451 1036 2517 ﬁde,
1072 2463 1126 2507 et
1170 2467 1439 2523 agnosces
1478 2453 1731 2506 Deum”.
1759 2471 1776 2503 ι
1817 2449 1978 2518 Quod
2013 2450 2061 2505 si
2090 2464 2222 2504 vero
2250 2449 2537 2517 corruptio
2566 2448 2757 2517 aliqua
2790 2448 2843 2501 in
2870 2463 2931 2502 ea
2964 2447 3155 2513 fuerit,
3192 2462 3313 2501 eam
3368 2462 3480 2501 rem
3509 2446 3773 2501 adulterii

506 2534 1201 2607 demonstrationemesse
1228 2539 1345 2604 ait;
1381 2539 1713 2609 desponsata
1736 2539 1882 2621 enim
1913 2537 1969 2591 in
1994 2551 2160 2590 manu
2197 2552 2327 2591 mox
2355 2536 2527 2591 futuri
2554 2538 2745 2607 sponsi
2770 2546 2876 2593 est.
2903 2535 3103 2592 Verum
3137 2537 3419 2591 enimvero
3450 2536 3495 2591 si
3527 2536 3581 2588 in
3612 2536 3770 2599 urbe,

513 2622 620 2677 hoc
646 2633 733 2679 est
773 2624 827 2679 in
862 2624 1136 2688 Ecclesia,
1173 2627 1310 2681 urbe
1344 2627 1578 2682 viventis
1612 2626 1747 2689 Dei,
1773 2641 1937 2696 quam
1970 2625 2148 2694 angeli
2174 2630 2234 2679 et
2266 2624 2370 2678 viri
2407 2625 2840 2694 periclitantium
2874 2624 3117 2694 patroni.
3149 2623 3457 2692 acjndices
3487 2623 3578 2692 qui
3615 2623 3772 2676 fran-

507 2710 635 2767 dem
674 2720 914 2782 possunt
948 2714 1245 2783 prohibere
1277 2716 1554 2778 incolunt,
1587 2714 1775 2768 scelus
1806 2714 2164 2768 commissum
2201 2710 2391 2777 fuerit,
2421 2711 2584 2783 452
2621 2728 2771 2765 mors
2818 2720 2927 2765 tam
2971 2711 3239 2781 virginem
3274 2725 3453 2781 quam
3488 2720 3769 2780 raptorem

509 2799 631 2866 ejus
668 2810 876 2867 inanrt,
901 2818 965 2856 eo
1000 2804 1147 2872 quod
1184 2802 1434 2856 fraudem
1482 2802 1551 2855 iis
1583 2817 1753 2872 penes
1812 2816 1954 2871 quos
1989 2800 2253 2855 indicium
2298 2810 2441 2863 erat,
2486 2816 2592 2854 non
2650 2801 2886 2856 detexit.
2921 2798 2977 2853 Si
3008 2814 3138 2855 vero
3174 2800 3385 2872 inloco
3414 2814 3442 2852 a
3487 2800 3772 2868 magistris

511 2902 607 2942 seu
664 2887 944 2944 indicibus
1009 2871 1182 2961 vacu_o
1237 2904 1407 2943 casus
1467 2890 1557 2942 ille
1588 2871 1914 2958 contingat,
1976 2888 2068 2940 ubi
2118 2902 2282 2941 nemo
2340 2887 2611 2941 auxilium
2668 2886 2812 2942 ferre
2872 2886 3086 2957 potuit,
3148 2871 3348 2956 virgini
3414 2887 3572 2940 venia
3629 2902 3769 2941 con-

508 2974 746 3030 ceditur.
815 2975 957 3031 Nota
1031 2993 1163 3033 vero
1229 2978 1379 3046 quod
1463 2990 1690 3031 uxorem
1758 2975 1993 3046 proximi
2062 2973 2455 3043 desponsatam
2542 2985 2758 3041 vocat,
2819 2974 2986 3051 idque
3042 2982 3270 3045 prooter
3329 2983 3579 3029 sanctam
3642 2974 3767 3027 Ma-

510 3065 674 3117 riam.

585 3147 739 3212 Quod
770 3147 817 3203 si
840 3164 958 3201 vero
982 3148 1104 3216 quis
1125 3147 1517 3215 deprehenderit
1546 3148 1717 3215 ﬁliam
1752 3148 2155 3216 virgmemqua:
2180 3163 2283 3200 nou
2324 3146 2651 3216 desponsata
2684 3156 2782 3203 est.
2818 3147 2969 3222 [23.]
3008 3148 3328 3220 Condignas
3372 3163 3616 3219 peccans
3642 3168 3766 3223 pa:-

514 3249 612 3287 uas
644 3234 872 3303 irrogat.
912 3234 1162 3287 Animam
1191 3235 1339 3287 enim
1372 3234 1592 3288 Christo
1618 3250 1713 3303 per
1740 3234 1899 3287 ﬁdem
1925 3231 2164 3293 nondum
2195 3233 2503 3301 obligatam
2526 3234 2571 3288 si
2597 3235 2722 3304 quis
2747 3235 3063 3299 vitiaverit,
3093 3235 3534 3305 perdideritque,
3562 3255 3767 3308 quem-

510 3321 807 3374 admodum
842 3322 1084 3375 luer.-tii-i
1121 3323 1212 3391 qni
1269 3323 1520 3376 homines
1548 3337 1614 3377 ex
1646 3321 1901 3390 gentibus
1950 3320 2250 3389 aliquando
2279 3328 2335 3374 et
2373 3319 2522 3375 Iudae
2550 3335 2577 3374 s
2611 3321 2860 3390 rapitlnl,
2917 3323 3099 3377 solent
3151 3321 3358 3387 facere,
3408 3323 3557 3378 Patri
3595 3326 3767 3395 spiri-

508 3418 690 3472 tuum,
715 3410 819 3462 hoc
850 3416 932 3463 est
957 3408 1087 3475 Deo,
1119 3408 1299 3463 delicti
1338 3408 1611 3462 rationem
1646 3409 1700 3461 in
1739 3408 2094 3473 pecuniarum
2132 3407 2502 3461 diminutione
2533 3417 2985 3477 repraesentata")
3018 3410 3230 3465 reddet.
3265 3410 3407 3465 Illud
3447 3428 3598 3471 vero.
3629 3415 3763 3473 Eius

506 3494 613 3547 erit
652 3510 823 3557 uxor,
859 3494 937 3549 sci
973 3511 1211 3565 eopcra:
1262 3496 1496 3565 pretium
1525 3503 1631 3550 est.
1700 3494 1905 3564 Duplex
1981 3495 2124 3549 enim
2187 3494 2272 3549 lex
2341 3501 2448 3561 est,
2490 3494 2735 3547 carnalis
2789 3504 2844 3549 et
2886 3497 3214 3563 spiritualis.
3268 3498 3580 3569 Respondet
3634 3517 3763 3556 vero

513 3582 690 3636 huic:
760 3601 779 3633 ι
816 3582 971 3648 Quoi
1024 3584 1096 3653 igi
1126 3600 1195 3637 ur
1264 3582 1406 3638 Deus
1450 3582 1759 3649 conjunxit,
1823 3583 1986 3637 homo
2026 3597 2086 3637 ne
2139 3589 2356 3650 separet
2390 3580 2463 3645 “,
2492 3600 2510 3632 ι
2576 3582 2713 3637 illud
2759 3602 2775 3637 :
2834 3602 2852 3633 ι
2885 3583 3002 3636 Non
3041 3591 3187 3638 enim
3241 3589 3456 3654 poterit
3498 3602 3619 3638 eam
3673 3584 3762 3639 di-

513 3668 734 3723 mittere
774 3684 879 3739 per
936 3684 1099 3725 omne
1145 3671 1448 3741 tempus”.
1483 3690 1499 3721 ι
1552 3671 1726 3725 Tanta
1777 3686 1905 3725 vero
1966 3669 2294 3740 uirginitatis
2353 3670 2685 3725 excellentia
2738 3679 2857 3734 est,
2914 3682 2969 3726 ut
3017 3672 3242 3727 violatio
3295 3672 3417 3742 ejus
3476 3673 3760 3729 excidium

508 3767 663 3811 Vocet
674 3772 759 3811 ur.

584 3843 706 3897 Non
726 3841 1045 3913 ingredietur
1066 3840 1231 3907 spado
1244 3852 1290 3893 et
1304 3849 1568 3895 rostratas
1593 3840 1846 3894 incretum
1866 3837 2079 3893 Domini
2118 3838 2333 3912 [XXIIL
2353 3845 2446 3910 25,
2464 3845 2539 3913 L]
2561 3846 2763 3917 Duplex
2784 3849 2926 3903 enim
2950 3849 3324 3906 cunuchorum
3350 3864 3545 3920 genus,
3566 3856 3761 3918 pra'ter

504 3947 607 3986 eos
635 3947 773 4001 quos
805 3940 995 3984 natura
1025 3929 1159 3983 edit.
1180 3929 1336 3982 Aliud
1370 3928 1590 3998 quidem
1626 3942 1817 3982 eorum
1851 3928 2053 3996 quibus
2076 3932 2253 3987 virilia
2277 3935 2491 4000 penitus
2515 3945 2738 3991 exsecta
2769 3924 2933 4003 s‘unt',
2957 3939 3107 3993 aliud
3129 3954 3320 3994 eorum
3349 3939 3445 4008 qui
3473 3948 3751 3993 castrato-

510 4035 630 4072 ruln
668 4020 891 4087 liguram
921 4032 1029 4086 pra:
1062 4031 1119 4070 se
1151 4015 1352 4077 ferunt,
1394 4016 1697 4069 amiserunt
1737 4028 1868 4069 vero
1897 4022 2109 4070 tantum
2135 4018 2243 4071 vim
2285 4021 2597 4089 genitalem.
2630 4023 2899 4078 Caeterum
2935 4025 3049 4080 haec
3075 4030 3314 4080 animam
3351 4035 3757 4096 repraesentant

508 4107 592 4159 vel
623 4122 849 4175 prorsus
870 4103 1263 4167 ell‘cminatam,
1306 4118 1371 4157 ac
1402 4103 1785 4175 voluptatibus
1815 4104 2134 4158 carnalibus
2173 4105 2433 4171 deditam,
2469 4108 2555 4163 vel
2600 4125 2777 4165 macte
2805 4111 3026 4181 quidem
3065 4122 3269 4168 virtute
3291 4130 3414 4168 esse
3447 4115 3749 4174 volentem.

506 4196 879 4265 voluptatibus
901 4209 1032 4250 vero
1058 4194 1203 4247 haud
1258 4193 1629 4247 resistentem.
1663 4190 1917 4258 Quarum
1956 4192 2059 4247 etsi
2095 4192 2373 4247 diversum
2402 4194 2645 4249 studium
2663 4205 2747 4251 est
2777 4212 2841 4251 ac
2862 4198 3121 4265 intcnt'o,
3153 4199 3217 4253 ad
3250 4198 3506 4254 eumdem
3539 4199 3755 4252 tandem

509 4284 670 4337 tinem
702 4282 1041 4353 rediguntur.
1078 4279 1251 4334 Filius
1289 4279 1419 4333 item
1451 4279 1644 4344 scorti,
1684 4279 1871 4332 anima
1921 4279 2135 4334 scilicet
2161 4294 2281 4348 qum
2315 4295 2543 4349 pravum
2567 4296 2793 4338 sensum
2821 4287 3077 4356 concepit
3103 4302 3170 4342 ex
3205 4286 3577 4353 daemonibus,
3609 4302 3759 4341 arce.

500 4380 618 4426 tur.
651 4368 883 4441 Propter
916 4369 1086 4422 tilium
1113 4378 1296 4421 autem
1325 4367 1497 4435 ipsam
1535 4381 1756 4435 qumque
1778 4366 2115 4437 genitricem
2148 4370 2498 4422 exterminat.
2527 4367 2753 4438 Insuper
2773 4388 2997 4444 quoque
3030 4376 3357 4431 Ammonita:
3385 4391 3450 4431 ac
3478 4375 3754 4442 Moabitae,

497 4458 599 4529 qui
628 4457 900 4513 cultorum
932 4455 1357 4509 simulacrorum
1383 4452 1628 4521 quandiu
1653 4453 1790 4508 tales
1815 4454 2223 4521 permanserint
2252 4453 2482 4524 ﬁguram
2514 4462 2818 4525 sustinent,
2847 4463 2938 4533 qui
2960 4465 3191 4519 summis
3212 4464 3428 4519 viribus
3453 4480 3515 4518 ac
3543 4465 3757 4521 conati-

502 4544 609 4598 bus
641 4552 830 4597 contra
870 4556 969 4595 nos
999 4540 1217 4594 obviam
1241 4546 1496 4602 ruerunt,
1534 4553 1919 4609 summamque
1950 4540 2340 4607 crudelitatem
2373 4545 2665 4601 nobiscum
2697 4559 3089 4606 exercuerunt.
3119 4550 3340 4607 ldumiei
3376 4568 3541 4622 porro
3578 4553 3751 4607 Iter-

500 4630 648 4684 sium
673 4636 801 4683 sunt
831 4628 1030 4696 imago,
1063 4624 1281 4679 oriundi
1332 4625 1476 4679 enim
1505 4640 1574 4678 es
1611 4625 1756 4705 Esau
1826 4634 2006 4690 erant,
2052 4626 2431 4704 lsraclitisque
2465 4639 2737 4705 sanguine
2760 4640 3078 4711 prOpinqui.
3140 4640 3347 4695 Volunt
3392 4658 3522 4697 vero
3584 4643 3745 4696 etiam

469 4715 883 4777 Junreticornm
917 4713 1069 4768 liberi
1097 4712 1391 4766 Christiani
1428 4713 1758 4782 nuncupari.
1786 4712 1972 4784 Neque
2014 4733 2147 4772 vero
2200 4726 2350 4774 tanta
2381 4721 2542 4792 ipsis,
2576 4734 2779 4794 quanta
2807 4727 3229 4782 simulacrorum
3280 4729 3591 4784 cultoribus
3617 4744 3745 4783 ρου-

498 4802 693 4857 stituta
713 4810 797 4856 est
823 4815 1002 4873 preua.
1030 4800 1089 4887 In
1113 4799 1273 4854 tertia
1304 4800 1456 4854 enim
1487 4800 1842 4867 generatione
1871 4817 1994 4858 reee
2018 4814 2168 4873 ptum
2207 4806 2387 4883 ituros
2412 4824 2535 4864 esse
2565 4811 2765 4882 inquit.
2790 4813 3269 4880 Quemadmodum
3300 4816 3557 4872 ldumreis
3577 4815 3745 4871 Isaias

500 4889 811 4955 denuntiat,
844 4890 1003 4944 initio
1040 4886 1382 4942 a'visionein
1416 4886 1617 4942 Arabia
1659 4887 1806 4943 facto
1840 4909 1852 4944 :
1889 4909 1906 4941 ‹
1933 4891 1992 4944 ln
2033 4893 2319 4947 condenso
2382 4910 2607 4964 vespere
2661 4900 2888 4956 cubahis
2914 4903 2971 4956 in
3001 4903 3086 4956 via
3148 4903 3447 4957 Dodanaim
3483 4923 3497 4959 ε
3529 4905 3744 4958 obviam

500 4976 708 5032 sitienti
736 4976 871 5032 ferte
900 4992 1121 5045 aquam,
1151 4974 1242 5044 qui
1269 4975 1527 5029 habitatis
1562 4976 1614 5028 in
1653 4979 1872 5044 regione
1899 4976 2157 5033 Thaeman
2188 4998 2201 5033 :
2244 4980 2484 5046 panibus
2513 4985 2730 5039 obviam
2760 4988 2833 5041 ite
2861 4987 3199 5059 fugientibus
3230 5003 3455 5061 propter
3481 5007 3745 5046 czcsorum

498 5064 929 5128 multitudinem,
967 5081 1037 5119 ne
1074 5061 1532 5134 quemadmodum
1558 5072 1717 5117 antea
1754 5064 2319 5140 Moabiltefa'ciant“.
2347 5086 2363 5116 ι
2401 5067 2522 5123 Pari
2564 5070 2691 5126 item
2743 5078 2955 5130 ratione
2981 5092 3107 5133 cum
3137 5078 3222 5132 his
3253 5080 3601 5148 recipiendos
3627 5095 3745 5135 esse

502 5150 817 5221 Egyptios.
876 5151 1076 5221 inquit.
1147 5150 1253 5215 Qui
1288 5149 1526 5238 fortasse
1559 5166 1747 5204 eorum
1783 5153 2241 5223 signiﬁcationem
2272 5158 2538 5226 prmhent,
2570 5161 2662 5230 qui
2692 5178 2755 5217 ex
2791 5166 3048 5233 gentibus
3097 5183 3226 5238 erga
3257 5167 3613 5226 Christianos
3636 5186 3743 5224 non

503 5256 732 5310 prorsus
760 5241 1029 5296 hostiliter
1050 5248 1178 5294 sunt
1199 5238 1399 5293 allecti.
1426 5258 1445 5290 ι
1471 5237 1705 5293 Αιινεητῐι
1730 5242 1872 5296 enim
1906 5242 2094 5300 fuistis
2128 5245 2270 5314 apud
2303 5261 2419 5310 eos,
2462 5266 2478 5297 ι
2508 5247 2708 5317 inquit.
2734 5251 2994 5309 Attamen
3027 5255 3130 5309 hoc
3163 5237 3527 5313 Moabitarum
3554 5259 3767 5317 decreo.

497 5342 616 5384 tum
645 5332 802 5385 linem
825 5330 967 5400 repit
999 5331 1050 5382 in
1076 5328 1218 5381 Ruth
1254 5325 1452 5382 femina
1485 5327 1793 5393 Moabitiea,
1829 5330 1992 5400 idque
2018 5334 2165 5386 omni
2198 5334 2345 5402 genti
2389 5348 2681 5391 commune
2702 5349 2807 5403 est,
2842 5351 3001 5408 Juxta
3030 5344 3163 5399 illud
3199 5364 3212 5399 :
3255 5364 3271 5396 ι
3301 5343 3358 5399 In
3380 5343 3530 5401 omni
3561 5356 3742 5418 gente,

497 5420 591 5488 qui
619 5419 903 5473 Dominum
940 5417 1115 5481 timet,
1145 5423 1405 5484 acceptus
1431 5414 1479 5468 ei
1518 5422 1625 5468 est.
1654 5434 1673 5467 ι

581 5572 615 5651 ’ξ
656 5575 1053 5651 Ρςτι-Μλιεῦη
1124 5572 1350 5651 “pet-it.
1384 5590 1457 5651 vi,
1500 5574 1555 5627 8.
1635 5572 2011 5651 aiNllll}.-‘XV,
2057 5572 2159 5627 58..

2152 5622 2159 5627 κ
2261 5574 2507 5651 seu)”,
2546 5579 2733 5641 νι,17.
2844 5580 2886 5612 ⁴¹
2951 5581 2987 5637 ll
3044 5585 3171 5640 Cor.
3230 5606 3324 5651 xu,
3374 5592 3429 5647 Ξ.
3548 5595 3745 5650 "Osee

474 5646 639 5708 tum.
723 5649 768 5680 ’δ’
816 5649 946 5701 ibid.
1003 5646 1091 5701 ἐξ).
1175 5641 1221 5671 ⁸⁸
1257 5643 1448 5697 Matth.
1504 5660 1628 5712 sn,
1663 5643 1717 5698 6.
1800 5645 1842 5675 ⁸⁵
1875 5642 1930 5696 Βὲ

1504 5643 1717 5712 sn,6.
1800 5642 2029 5698 “Deut.
2089 5659 2218 5710 xm,
2254 5645 2339 5704 19.
2427 5647 2479 5680 ⁸⁸
2537 5650 2643 5704 lsa.
2694 5665 2803 5713 xxi,
2872 5653 3058 5710 15-15.
