4036 6214
346 302 450 366 933
1203 305 1739 367 COMMENTARH
1786 282 1866 365 IN
1900 304 2451 366 DEUTERONOMI
2464 305 2601 366 UM.
3484 284 3591 371 93ξὶ

423 414 577 485 Quod
602 417 649 471 si
672 429 789 472 vero
822 432 1064 489 egressus
1106 418 1272 489 [ueris
1301 429 1358 474 ut
1392 421 1637 486 impetum
1660 420 1831 486 facias
1866 420 1921 472 in
1950 419 2125 495 hostes
2159 430 2300 481 tuos,
2326 418 2534 473 cavebis
2573 420 2637 472 ab
2665 418 2809 472 omni
2852 433 2904 469 re
2934 416 3095 479 mala,
3145 413 3250 487 [9.]
3293 414 3599 486 Spiritnnle

350 506 510 560 nobis
539 504 610 558 ob
637 506 831 567 oculos
877 508 1031 576 ponit
1071 507 1297 563 bellum.
1337 506 1456 561 Non
1488 508 1638 561 enim
1674 508 1742 561 de
1762 507 1989 561 casilms
2014 507 2296 577 corporeis
2321 522 2443 576 quae
2469 520 2500 559 e
2526 506 2669 559 bello
2733 504 3012 574 spirituali
3069 503 3378 564 retrahant.
3435 505 3591 560 dicit.

356 590 503 646 «Nec
538 592 687 646 enim
726 593 888 648 nobis
918 593 1234 649 luctandum
1259 603 1346 649 est
1378 610 1504 648 cum
1541 596 1813 661 sanguine
1836 604 1890 649 et
1917 608 2105 657 carne,
2144 609 2334 647 verum
2357 608 2482 647 cum
2509 593 2938 662 principatibus,
2976 606 3041 645 ac
3076 592 3449 660 potestatibus
3472 592 3539 645 δ’.
3570 612 3586 642 ι

347 678 507 734 Unde
540 695 677 736 sane
717 696 817 736 nec
837 696 990 735 arma
1014 690 1206 737 nostra
1234 681 1501 745 carnalia,
1533 680 1997 750 quemadmodum
2030 681 2298 750 scriptum
2333 693 2419 736 est
2434 681 2502 735 ⁸⁸.
2546 679 2897 734 Adversariis
2923 678 3109 748 itaque
3132 687 3318 733 nostra
3340 693 3599 748 perscru-

348 769 501 821 tandi
526 782 718 822 ansam
752 769 998 838 praebere
1029 785 1136 823 non
1154 775 1407 838 -0portet,
1438 768 1627 823 hostes
1656 769 1799 821 enim
1831 774 1983 833 sunt,
2016 775 2071 821 et
2102 768 2436 831 adversarii,
2479 768 2572 837 qui
2602 782 2633 821 a
2662 766 2870 821 divinis
2928 767 3130 820 castris
3161 780 3225 819 ac
3255 765 3599 819 stationibus

346 855 539 924 procul
571 864 789 925 captum
821 872 1000 926 usque
1039 859 1105 910 ad
1138 869 1422 924 vesperam
1459 854 1736 923 impurum
1792 854 2058 917 detinent,
2118 855 2312 911 tandiu
2343 856 2621 921 videlicet,
2655 856 2784 910 dum
2832 854 3090 910 Christus
3144 870 3341 908 eorum
3372 853 3599 919 ratione

348 942 535 1024 habita
562 944 656 1011 qui
693 945 934 997 naturali
974 944 1182 1012 peccati
1210 941 1539 1012 aegritudine
1567 940 1839 1005 laborant,
1875 942 2316 1011 purificationem
2375 958 2497 1014 quae
2547 958 2645 1013 per
2664 943 2950 997 lacravnm
2985 942 3044 996 fit
3083 942 3337 996 divinum
3369 942 3601 1011 largitus

349 1028 536 1090 fuerit,
565 1043 732 1085 cruce
783 1030 963 1098 lignea
992 1029 1153 1084 nobis
1197 1028 1424 1093 donata,
1459 1042 1569 1096 qua
1612 1028 1810 1080 muniti
1859 1027 2077 1085 fortiter
2105 1032 2441 1100 et‘expcdile
2471 1033 2769 1086 insitarum
2831 1031 3197 1100 cupiditatum
3265 1031 3598 1087 foeditatem.

346 1116 669 1185 poenitentia
704 1129 772 1169 ex
799 1118 982 1171 crucis
1014 1117 1358 1170 correctione
1424 1123 1695 1183 concepta
1748 1118 2119 1185 contegimus,
2162 1117 2318 1186 juxta
2376 1118 2511 1171 illud
2544 1136 2556 1171 :
2595 1117 2931 1187 «Sapientes
2975 1132 3075 1171 sua
3135 1102 3388 1171 avertent
3428 1115 3599 1169 dede-

344 1217 473 1257 cora
491 1203 558 1257 ".
584 1221 602 1253 ι
630 1200 751 1269 Quo
781 1203 1035 1258 videlicet
1072 1202 1216 1258 Dens
1242 1203 1298 1256 in
1329 1202 1489 1255 nobis
1522 1202 1732 1255 habitet
1765 1215 1830 1255 ac
1855 1202 2201 1256 observetur.
2239 1203 2480 1258 Sanctus
2531 1204 2678 1258 enim
2723 1202 2957 1272 spiritus
2986 1203 3172 1255 dolum
3230 1202 3423 1270 fugiet,
3450 1210 3503 1255 et
3530 1201 3601 1253 ab

344 1290 545 1359 ineptis
572 1290 881 1344 rationibus
924 1292 1160 1353 recedet,
1216 1289 1677 1359 quemadmodum
1721 1289 1991 1358 scriptum
2035 1298 2120 1344 est
2155 1310 2168 1344 :
2198 1310 2217 1341 ι
2245 1292 2434 1345 Sancti
2487 1292 2631 1345 enim
2685 1300 2880 1351 estote,
2919 1291 3119 1357 inquit,
3186 1289 3454 1356 quoniam
3489 1301 3593 1351 ego

345 1386 575 1431 sanctus
605 1391 725 1431 sum
745 1378 813 1430 ⁸ο.
836 1395 856 1429 ι
914 1376 978 1431 Et
999 1378 1198 1431 iterum
1225 1395 1240 1431 :
1271 1394 1290 1427 ι
1312 1375 1467 1430 Exite
1499 1375 1647 1441 hinc,
1679 1390 1744 1430 ac
1780 1374 2123 1429 immundmn
2153 1392 2221 1433 ne
2251 1379 2627 1443 contrectetis,
2665 1368 2800 1431 tunc
2821 1390 2925 1445 ego
2955 1390 3052 1428 vos
3086 1374 3382 1441 recipiam,
3419 1370 3600 1439 inquit

344 1464 612 1518 Dominus
636 1463 704 1517 ⁸³.
732 1481 751 1512 ι

414 1577 520 1630 Τὸν
565 1576 667 1646 τῆς
719 1575 848 1646 περὶ
888 1574 1133 1645 γαστέρα
1187 1574 1324 1646 πρὸς
1350 1572 1689 1643 αὐτάρκειαν
1736 1572 1926 1642 χρείας

2104 1561 2283 1616 Alium
2336 1578 2466 1618 vero
2491 1562 2584 1632 qui
2647 1559 2969 1631 necessitati
3024 1548 3238 1612 ventris
3270 1555 3603 1612 satisfacere

343 1667 703 1740 ἀνορυκτικὺν
761 1664 1042 1720 πάσσαλον
1072 1663 1341 1736 ,δεῖντῆς
1401 1662 1578 1733 ζώνης
1646 1659 1920 1729 ἠρτῆσθαι

2047 1654 2168 1717 ruit,
2206 1654 2393 1722 palmn
2430 1661 2767 1722 praesentum
2815 1649 3039 1718 cingulo
3088 1664 3407 1720 appensum.
3439 1646 3602 1717 453

342 1737 502 1833 φησι,
530 1744 605 1813 δι’,
633 1753 693 1814 οὗ
724 1756 1096 1828 γινώσκομεν,
1148 1755 1225 1819 ὼς
1280 1754 1461 1824 πάσης
1521 1751 1718 1823 ἡδονῆς
1775 1749 1918 1820 βρω-

2047 1745 2233 1798 rabere
2276 1758 2507 1797 necesse
2534 1758 2660 1797 esse
2694 1742 2909 1810 inquit;
2940 1754 3050 1808 quo
3084 1740 3204 1807 ipso
3239 1737 3604 1806 intelligimus

349 1829 536 1925 μάτων
580 1851 757 1922 πέρας
792 1850 945 1903 ἐστὶν
975 1850 1003 1901 ό
1027 1847 1242 1918 λαιμός.
1266 1846 1348 1899 Τὰ
1378 1843 1613 1915 τυχόντα
1648 1842 1757 1911 γὰρ
1780 1840 1918 1910 πλη-

2047 1835 2172 1904 ιιιοά
2231 1835 2411 1888 omnis
2470 1834 2612 1903 gulae
2664 1841 2858 1903 guttur
2892 1831 3016 1883 finis
3071 1838 3177 1883 est.
3220 1829 3418 1883 Omnia
3453 1829 3605 1880 enim

348 1946 547 2019 ροῢντα
624 1943 724 2010 τὴν
798 1941 990 2013 χρείαν
1070 1941 1254 2008 πάσης
1315 1937 1547 2007 ἀκαίρου
1623 1931 1922 2002 ἐπιθυμίας

345 2037 686 2106 ἔπικάμπτει
737 2031 1153 2103 ἀσχημοσύνην.
1207 2026 1554 2098 Πανταχόθεν
1630 2023 1688 2075 δὲ
1742 2021 1922 2090 δῆλον,

346 2128 424 2190 ὡς
484 2123 729 2194 φυσικῶν
777 2123 1218 2194 περιττωμάτων
1296 2120 1398 2172 οὐκ
1457 2116 1522 2170 ἂν
1568 2114 1803 2184 ἐμέλησε
1845 2112 1924 2183 τῷ

347 2218 485 2290 est}.

2028 1943 2149 1997 qua:
2180 1926 2322 1979 forte
2356 1926 2576 1978 fortuna
2636 1925 2793 1986 fiunt,
2829 1938 2896 1977 ac
2925 1926 3316 1976 necessitatem
3352 1920 3603 1986 exp'enl,

2028 2016 2209 2070 omnis
2234 2016 2539 2069 immatura:
2573 2014 2820 2067 libidinis
2853 2010 3254 2082 turpitudinem
3286 2017 3605 2079 protegunt.

2034 2107 2400 2175 Undiquaque
2427 2120 2556 2160 vero
2591 2089 2944 2159 manifestum
2971 2111 3077 2165 est.
3114 2103 3266 2171 quod
3326 2101 3603 2155 naturalia

2031 2206 2384 2252 excrementa
2408 2195 2517 2251 Deo
2552 2209 2701 2249 cura:
2735 2210 2842 2248 non
2883 2204 3033 2249 sunt.

422 2270 546 2388 Ιλίοη
580 2329 758 2385 trades
782 2345 986 2384 servum
1010 2327 1223 2381 domino
1255 2323 1443 2392 ipsius.
1468 2315 1828 2394 [XXlll,15.]
1857 2315 1918 2370 In
1943 2311 2258 2368 Proverbiis
2289 2311 2414 2364 item
2456 2278 2638 2379 inquit
2663 2327 2680 2363 :
2706 2329 2728 2361 ι
2754 2306 2834 2363 Ne
2859 2292 3043 2364 tradas
3071 2266 3303 2365 servum
3323 2308 3377 2361 in
3401 2323 3595 2362 manus

350 2420 585 2484 domini,
624 2434 692 2473 ne
740 2418 878 2471 forte
926 2422 1246 2470 exsecretur
1284 2420 1359 2474 te,
1387 2418 1441 2464 et
1464 2421 1684 2478 pessum
1715 2420 1807 2460 eas
1833 2405 1899 2457 ⁵³.
1940 2421 1959 2454 ι
1996 2399 2192 2469 Arguit
2230 2412 2361 2451 vero
2399 2396 2579 2450 illud:
2611 2394 2689 2452 Ne
2733 2398 2918 2451 tradas
2966 2396 3361 2450 immanitatem
3389 2411 3509 2464 qua:
3546 2396 3598 2449 in
3692 2439 3709 2453 .

350 2508 543 2580 primis
573 2483 998 2562 simulacrorum
1027 2499 1336 2555 cultoribus
1362 2504 1447 2552 est
1491 2494 1773 2562 adjuncta.
1823 2488 1957 2543 Nam
1992 2486 2060 2541 de
2093 2484 2291 2538 vicinis
2329 2483 2584 2552 gentibus
2611 2498 2793 2561 sermo
2821 2493 2946 2546 εει,
2983 2484 3188 2551 quibus
3241 2499 3458 2539 servum
3505 2498 3603 2536 ne-

349 2569 479 2651 care
509 2594 676 2650 etiam
728 2590 866 2645 nihil
910 2587 1290 2658 rcputabatur.
1328 2583 1601 2638 Caeterum
1656 2577 1913 2632 Hebraeos
1943 2575 2027 2627 lex
2066 2572 2139 2626 de
2169 2571 2512 2624 humanitate
2556 2569 2864 2635 admonuit,
2906 2584 3015 2640 qua
3057 2569 3371 2639 praecipitur
3422 2583 3488 2622 ne
3518 2569 3609 2636 ju-

350 2690 599 2738 mentum
636 2691 864 2747 quoque
890 2675 945 2728 in
976 2655 1182 2728 itinere
1214 2670 1551 2741 negligatur.
1591 2683 1610 2716 ι
1648 2661 1851 2718 Verum
1880 2660 2024 2715 bona
2055 2657 2176 2721 fide,
2203 2658 2405 2727 inquit,
2439 2673 2500 2712 ea
2532 2655 2690 2710 fratri
2724 2665 2822 2710 tuo
2855 2656 3133 2710 restituas.
3183 2675 3202 2706 ι
3234 2656 3449 2722 Quanto
3477 2669 3607 2708 vero

352 2747 530 2837 magis
564 2740 858 2832 famulum,
884 2759 1111 2831 quando
1147 2740 1338 2812 herum
1371 2756 1510 2809 iram
1540 2766 1699 2807 suam
1739 2746 2061 2819 deposuisse
2099 2756 2310 2799 certmn
2342 2754 2448 2799 εει.
2480 2742 2616 2797 Nam
2653 2743 2873 2797 idcirco
2906 2742 3236 2811 subjunxit:
3280 2742 3406 2797 ulla
3441 2740 3607 2795 facies

352 2854 410 2908 in
433 2827 586 2908 omni
631 2851 838 2905 damno
885 2827 1072 2902 fratris
1103 2844 1208 2899 tui.
1246 2861 1266 2894 ι
1317 2841 1394 2895 De
1428 2836 1737 2911 peregrinis
1765 2835 1950 2903 itaque
1999 2834 2204 2911 mentio
2235 2840 2340 2896 est,
2368 2830 2461 2901 qui
2517 2831 2562 2885 si
2606 2829 2673 2884 ad
2719 2831 2977 2900 pietatem
3026 2840 3080 2884 et
3112 2829 3320 2883 cultum
3354 2827 3602 2881 divinmn

357 2940 597 2996 traducti
639 2939 864 3001 fuerint,
918 2950 1125 3005 corpus
1151 2939 1207 2989 et
1260 2910 1505 2986 animam
1556 2926 1894 3005 incolumem
1928 2910 2290 2977 servaverint.
2339 2918 2414 2971 Ita
2464 2932 2684 2987 quoque
2733 2928 2971 2971 mentem
3031 2923 3246 2971 mutare
3291 2914 3607 2968 volentibus

347 3029 540 3083 aditus
573 3028 648 3082 ad
690 3000 1134 3095 resipiscentiam
1167 3034 1274 3073 non
1327 3026 1416 3073 est
1466 3003 1945 3069 intercludendos.
1989 3006 2230 3073 Quilibet
2278 3008 2422 3060 enim
2460 3003 2742 3058 dominum
2797 3003 2959 3057 habet
2993 3002 3083 3057 cui
3113 3000 3289 3056 etiam
3331 3000 3608 3057 obnoxius

354 3125 460 3183 est,
490 3116 710 3187 genium
751 3091 1012 3193 videlicet
1045 3127 1058 3162 :
1098 3128 1117 3161 ι
1148 3108 1214 3163 Ει
1240 3106 1477 3170 habitet,
1512 3103 1715 3173 inquit,
1761 3102 1817 3154 in
1851 3100 1974 3153 loco
2001 3109 2162 3167 quem
2198 3091 2447 3163 elegerit.
2486 3111 2504 3141 ι

425 3248 594 3303 Τόποι
622 3247 715 3302 τοῦ
736 3246 956 3318 Ἰσραὴλ
975 3244 1176 3314 γνῶσις
1217 3243 1497 3305 εὐσεϐείας
1517 3283 1532 3305 ,
1582 3238 1676 3293 καὶ
1725 3233 1935 3308 ἀρετῶν

2108 3225 2254 3281 Loca
2290 3239 2417 3280 vero
2446 3223 2665 3279 lsraelis
2695 3231 2849 3287 sunt,
2882 3221 3122 3293 cognitio
3153 3219 3393 3290 pietatis,
3419 3224 3475 3271 et
3501 3212 3613 3270 vir-

357 3343 723 3413 ἐπιτήδευσις.
781 3340 843 3392 Ol
876 3338 933 3392 δὲ
975 3336 1174 3402 λοιποὶ,
1204 3336 1294 3388 Ἐν
1332 3336 1431 3407 μιᾷ
1463 3333 1572 3387 τῶν
1602 3330 1785 3384 πυλῶν
1818 3343 1933 3389 σου,

361 3434 652 3501 ἐξέδωκαν,
683 3431 1120 3501 οἰκειότερον.οί
1148 3427 1257 3496 γὰρ
1282 3426 1480 3481 νεωστί⁸
1504 3422 1936 3499 προσερχόμενοι

358 3524 458 3593 οὐκ
495 3523 553 3575 ὲν
584 3521 767 3584 τόποις
789 3521 955 3572 οἰκεῖν
980 3558 995 3584 ,
1028 3518 1142 3571 ἀλλ’
1181 3512 1250 3571 ἐν’
1270 3516 1467 3579 πύλαις
1498 3513 1703 3585 κυρίως
1739 3509 1937 3580 λεχθή-

376 3602 581 3661 σὸνται.
618 3605 693 3659 Τό
741 3605 821 3671 δὲ,
855 3606 929 3658 Οὐ
977 3604 1188 3672 θλίψεις
1213 3603 1396 3666 αὑτὸν,
1435 3602 1572 3672 πρὸς
1603 3600 1665 3653 τὺ
1707 3598 1781 3669 μὴ
1814 3599 1937 3649 ἑπι-

363 3698 538 3750 θεῖναι
582 3696 802 3766 φορτίον
850 3695 991 3765 ὑπὲρ
1050 3695 1251 3747 αὐτόν*
1308 3688 1419 3747 οἷον
1470 3691 1816 3762 περιτέμνων
1866 3685 1940 3756 μὴ

367 3784 715 3858 βουλόμενον.
755 3786 1085 3852 ἀναγκάζων
1112 3784 1206 3837 τοῦ
1244 3783 1411 3854 νόμου
1440 3784 1630 3853 τηρεῖν
1661 3781 1729 3834 τά
1756 3778 1937 3832 λοιπά.

369 3899 389 3931 ι
420 3878 608 3944 Ἔδοξε
639 3876 770 3948 γὰρ,
796 3877 965 3946 φασὶν
995 3877 1045 3929 oi
1098 3876 1411 3943 ἀπόστολοι,
1450 3876 1527 3947 τῷ
1585 3874 1726 3944 ἁγίῳ
1770 3873 1942 3926 Πνεύ-

367 3990 498 4042 ματι
529 3972 623 4025 καὶ
652 3971 789 4040 ἡμῖν
823 3968 994 4039 μηδὲν
1025 3968 1187 4022 πλέον
1216 3966 1560 4020 ἐπιτίθεσθαι
1596 3966 1760 4038 βάρος
1790 3964 1939 4033 ὑμῖν,

363 4061 669 4132 ἀπέχεσθαι
710 4060 767 4113 δὲ
819 4058 982 4129 μόνον
1016 4056 1387 4113 εἰδωλοθύτων
1419 4058 1514 4111 καὶ
1563 4056 1792 4127 αἵματος
1847 4052 1942 4106 καὶ

365 4153 594 4207 πνικτοῦ
625 4154 721 4205 καὶ
744 4151 1028 4222 πορνείας.
1058 4168 1077 4201 ι

441 4332 563 4385 Οὐκ
585 4331 757 4385 ἔσται
783 4330 1150 4399 τελεσφόρος
1173 4328 1293 4383 ἀπὸ
1311 4326 1656 4398 θυγατέρων
1682 4322 1941 4393 Ἰσραὴλ,

368 4423 468 4475 καί
499 4424 612 4476 οὐκ
654 4422 828 4475 ἔσται
862 4423 1294 4490 τελισκόμενος
1330 4420 1448 4474 ἀπὸ
1486 4419 1632 4474 υἱῶν
1672 4414 1942 4483 Ἰσραήλ.

368 4512 635 4584 Σημαίνει
667 4512 765 4583 γὰρ
824 4508 967 4566 εἶναι
1016 4493 1447 4584 πορνοϐοσκοὺς,
1506 4512 1706 4582 φόρους
1754 4509 1943 4579 ὥσπερ

368 4603 478 4656 ἀπὸ
520 4602 780 4655 τοιούτων
838 4602 1207 4671 μισθωμάτων
1252 4601 1630 4669 συλλέγοντας.
1700 4600 1791 4653 Διὸ
1850 4600 1949 4651 καὶ·

368 4695 655 4765 προανεῖλε
678 4692 870 4746 τούτου
901 4693 1001 4761 τὴν
1041 4694 1339 4764 πρόφασιν,
1370 4692 1469 4765 τὴν
1507 4692 1767 4764 πορνείαν
1804 4692 1943 4744 ἁπο-

368 4782 616 4853 κηρύξας
640 4782 703 4848 ἐξ
733 4783 973 4855 Ἰσραήλ.
1012 4786 1125 4838 Καὶ
1148 4785 1230 4851 τὸ,
1260 4784 1419 4848 κυνὸς
1456 4784 1513 4837 δὲ
1542 4783 1817 4853 ἄλλαγμα,
1848 4782 1949 4851 τὴν

368 4874 562 4944 ἀνέδην
591 4874 851 4945 πορνείαν
885 4874 1054 4945 δηλοῖ.
1088 4875 1430 4946 Τελεσφόρον
1452 4875 1563 4945 γάρ
1590 4874 1651 4927 οὐ
1681 4874 1952 4943 συγχωρεῖ

370 4969 511 5020 νοεῖν
545 4967 636 5020 τὸν
661 4965 919 5021 τελοῦντα
946 4967 1201 5038 δαίμοσιν
1224 5011 1238 5034 ,
1272 4966 1462 5038 ὥσπερ
1510 4967 1630 5020 οὐδὲ
1670 4968 1760 5019 τὸν
1807 4975 1949 5017 τελι-

373 5057 661 5130 σκόμενον,
681 5058 789 5110 τῶν
814 5058 1160 5130 ἑκατέρωθεν
1186 5060 1611 5131 παρακειμένων
1628 5054 1945 5126 ἀπαγορεύ-

373 5164 511 5201 σεων
548 5148 610 5201 τὸ
657 5149 955 5205 ἀνοίκειον.
992 5150 1059 5203 Τί
1096 5151 1226 5218 γάρ.
1269 5191 1283 5205 .
1325 5189 1338 5204 .
1380 5190 1393 5209 ,
1429 5149 1549 5204 οὐδὲ
1590 5149 1652 5201 τὸ
1699 5149 1793 5201 ἐπὶ
1846 5147 1946 5218 μὲν

374 5240 689 5311 θυγατέρων
719 5243 893 5295 εἰπεῖν
918 5241 1267 5312 τελεσφόρον,
1307 5243 1400 5295 ἐπὶ
1431 5242 1487 5295 δὲ
1526 5240 1830 5312 μειρακίων
1864 5238 1945 5302 τὸ,

372 5333 781 5402 τελισκόμενον.
823 5334 965 5386 Ἀλλ’
1008 5333 1159 5398 οὗτος
1203 5335 1301 5404 μὲν
1326 5337 1355 5387 ό
1392 5335 1549 5402 λόγος
1577 5333 1674 5387 καὶ
1711 5333 1772 5385 τὸ
1819 5333 1950 5403 περὶ

376 5424 633 5495 πορνείας
666 5423 856 5478 νοτιοὲν
888 5426 1155 5480 ἀνοίκειον
1194 5427 1456 5479 δείκνυσι.
1482 5426 1545 5478 Τί
1578 5426 1684 5496 γὰρ
1739 5424 1945 5476 ἐκώλυε

456 5602 498 5633 δ’
533 5602 825 5671 Ειιιιοε.νι.
856 5602 938 5655 19..
1015 5602 1057 5632 ³⁸
1088 5601 1125 5653 ll
1150 5604 1275 5657 Cor.
1306 5619 1362 5668 χ,
1390 5603 1440 5656 4.
1518 5605 1559 5635 ⁵ο
1586 5603 1756 5658 Eccii.
1795 5617 1915 5667 xm,
1943 5600 2032 5653 9.8.

393 5673 440 5705 ss
476 5674 597 5755 ἔχει,
637 5689 723 5737 xv,
750 5673 841 5734 28,
868 5674 961 5732 ⁸21).
994 5696 1079 5744 XX,
1116 5682 1199 5739 i5.

714 5810 747 5823 φ

2039 3326 2216 3372 tutum
2249 3318 2513 3372 studium.
2552 3313 2772 3385 Reliqui
2801 3330 2936 3369 vero
2962 3314 3135 3384 magis
3163 3313 3404 3383 proprie,
3426 3311 3481 3364 in
3510 3311 3615 3365 ali-

2038 3425 2144 3480 qua
2164 3417 2443 3480 portarum
2471 3417 2687 3462 tuarum
2727 3414 3122 3476 exposuerunt.
3141 3406 3245 3471 Qui
3270 3404 3415 3459 enim
3441 3418 3616 3472 nuper

2038 3501 2357 3564 adveniunt,
2392 3514 2500 3552 nou
2546 3500 2601 3552 in
2639 3499 2776 3552 locis
2809 3499 3075 3562 habitare,
3119 3512 3306 3551 verum
3348 3497 3402 3550 in
3443 3494 3618 3565 portis

2040 3593 2261 3663 proprie
2310 3593 2585 3647 dicentur.
2635 3591 2807 3645 Porro
2840 3605 2994 3655 vero,
3042 3591 3242 3658 inquit,
3273 3604 3383 3643 non
3411 3589 3616 3658 alliich

2041 3701 2165 3739 eum
2199 3701 2378 3755 neque
2406 3684 2591 3739 oneris
2626 3683 2832 3752 aliquid
2867 3684 2918 3737 ei
2960 3682 3233 3750 impones,
3277 3690 3335 3734 ιιι
3365 3682 3619 3736 videlicet

2043 3774 2409 3828 circnmcidas
2450 3773 2715 3836 invitum,
2768 3786 2833 3825 ac
2886 3771 3099 3840 reliqua
3149 3771 3283 3838 legis
3325 3771 3618 3825 observare

2043 3880 2228 3934 cogas.
2291 3884 2309 3916 ι
2345 3864 2538 3919 Visum
2570 3865 2715 3918 enim
2764 3871 2870 3927 est,
2904 3863 3164 3933 inquiunt
3201 3861 3455 3932 apostoli,
3484 3875 3615 3917 san-

2044 3969 2132 4012 eto
2164 3958 2397 4026 Spiritui
2425 3966 2473 4010 ct
2519 3955 2699 4017 nobis,
2726 3963 2781 4008 ιιι
2830 3956 2966 4008 nihil
3003 3955 3240 4024 amplius
3287 3953 3473 4008 oneris
3512 3954 3618 4007 int-

2045 4055 2277 4117 ponatur
2322 4045 2499 4109 vobis,
2531 4053 2739 4098 tantum
2774 4059 2906 4099 vero
2951 4052 3010 4098 ut
3036 4044 3360 4099 abstineatis
3390 4058 3418 4096 a
3451 4044 3621 4097 sium-

2045 4140 2318 4192 lacrorum
2354 4137 2554 4208 epulis,
2587 4152 2615 4190 a
2649 4136 2935 4205 sanguine,
2958 4151 2986 4189 a
3010 4134 3297 4198 sul'focato,
3329 4147 3383 4190 et
3408 4150 3438 4188 a
3465 4149 3622 4190 θεοτ-

2047 4230 2252 4284 tationc
2278 4230 2344 4282 ⁸³.
2380 4248 2398 4280 ι

2120 4320 2243 4373 Non
2297 4322 2398 4374 erit
2455 4320 2741 4374 tributaria
2774 4336 2840 4373 ea:
2884 4320 3103 4388 ﬁliabus
3150 4319 3344 4380 Israel,
3380 4318 3619 4372 necarit

2048 4414 2300 4468 immunis
2343 4415 2619 4483 quisquam
2652 4430 2717 4468 ea;
2750 4414 2880 4482 filiis
2919 4405 3112 4467 Israel.
3152 4410 3290 4484 [l7.]
3340 4410 3622 4480 Contingit

2047 4506 2192 4560 enim
2238 4506 2465 4562 lenones
2503 4522 2626 4562 esse
2656 4507 2747 4576 qui
2782 4507 2991 4560 tributa
3038 4522 3101 4560 ex
3138 4504 3448 4574 hnjusmodi
3481 4520 3616 4559 mer-

2051 4598 2308 4654 cimoniis
2348 4598 2605 4669 colligere
2654 4598 2937 4653 simulant.
2997 4597 3347 4667 Quapropter
3403 4610 3619 4650 omnem
3688 4590 3695 4598 ’

2049 4692 2170 4761 ejus
2234 4692 2310 4746 rei
2344 4699 2662 4761 praetextum
2731 4692 2978 4756 sustulit,
3011 4706 3340 4760 omnemque
3380 4690 3624 4744 fornica-

2051 4782 2257 4836 tionem
2308 4797 2374 4835 ει
2409 4780 2605 4836 lsraele
2654 4779 2949 4833 abdicavit.
2999 4778 3270 4834 Ceterum
3308 4778 3463 4834 canis
3498 4793 3625 4848 pre-

2052 4874 2211 4937 tium,
2249 4871 2511 4927 cll‘rcncm
2565 4872 2964 4926 scortationem
3019 4872 3265 4924 denotat.
3302 4869 3419 4923 Non
3476 4872 3624 4925 enim

2049 4966 2293 5034 cogitare
2330 4958 2617 5032 permittit,
2659 4961 2806 5032 quod
2870 4963 3133 5017 tributum
3184 4963 3481 5019 exsolverit
3531 4963 3625 5032 qui

2051 5075 2139 5114 res
2176 5056 2546 5112 dtemoniacas
2595 5055 2819 5125 pendit,
2861 5053 3323 5124 quemadmodum
3376 5070 3475 5108 nec
3521 5054 3625 5107 im-

2052 5164 2273 5203 munem
2315 5163 2435 5203 esse
2494 5163 2645 5211 eum,
2681 5147 2774 5216 qui
2838 5146 3147 5200 libertatem
3181 5146 3627 5200 interdictionum

2053 5242 2310 5309 utrinque
2332 5238 2717 5308 atljuntrtarum
2752 5246 3053 5307 usurpant:
3084 5253 3262 5306 neque
3298 5237 3452 5298 illud,
3483 5234 3628 5306 quod

2054 5329 2121 5384 de
2162 5327 2380 5382 filiabus
2424 5327 2638 5382 dicatur
2670 5325 2994 5381 tributarias
3024 5338 3183 5393 esse;
3214 5324 3281 5378 de
3311 5325 3630 5376 adolescen-

2062 5422 2192 5475 tulis
2222 5434 2369 5485 vero,
2396 5433 2519 5474 csse
2551 5419 2845 5474 immunes.
2885 5416 3084 5473 Verum
3119 5417 3229 5470 lucc
3258 5414 3476 5484 quidem
3506 5425 3630 5463 ora-

2112 5602 2155 5633 ”
2191 5599 2359 5655 Lcrit.
2383 5615 2494 5665 XIX,
2518 5602 2573 5653 2.
2599 5582 2607 5590 ’
2638 5601 2677 5632 ⁸¹
2708 5600 2792 5656 lsa
2850 5617 2943 5664 LII,
2978 5600 3062 5651 ll.
3141 5598 3183 5627 ⁵³
3213 5595 3507 5655 l‘ruv.xxx,
3543 5592 3630 5668 κὶε
