4036 6214
368 287 473 355 9.5.7

1296 279 1831 343 COMMENTARII
1864 279 1948 341 IN
1976 278 2681 343 DEUTERONOMIUM.‘

3529 282 3632 345 933

371 402 422 457 oi
451 398 657 455 πιστοί.
689 399 766 454 Οὐ
801 397 910 470 γὰρ
943 398 1125 451 άλέσει
1163 395 1333 467 χωρὶς
1365 392 1598 465 θατέρου
1637 392 1698 444 τδ
1733 391 1945 463 ἕτερον.

2065 391 2215 465 panis
2245 406 2408 446 usum
2438 390 2623 447 ﬁdeles
2655 389 2884 447 molent.
2926 390 3042 447 Non
3071 393 3215 448 enim
3246 395 3475 452 alterum
3509 398 3628 453 sine

372 491 499 548 οῦτ⁹
547 491 643 546 οὖν
699 489 947 546 Ἰουδαῖοι
988 491 1088 559 τὴν
1148 487 1389 541 παλαιὰν
1437 485 1596 556 μόνον
1646 482 1949 553 δεχόμενοι,

371 584 498 639 οὕτε
537 582 727 646 παῖδες
760 579 1055 651 αἱρετικῶν
1105 578 1276 650 μόνην
1320 577 1422 649 τὴν
1454 577 1583 629 νέαν
1630 573 1947 645 ἀλήθουσιν,

375 677 466 733 ἵνα
498 677 809 748 γεύσωνται
837 676 934 731 τοῦ
967 674 1295 748 ἐπουρανίου
1326 673 1517 747 ἄρτου.
1549 671 1752 741 Διόπερ
1778 671 1805 722 6
1833 667 1950 721 Κύ-

379 785 497 844 ριος
521 771 581 824 ὲν
608 771 721 832 τοῖς
749 769 878 839 περὶ
911 767 1222 830 συντελείας
1258 766 1440 835 λόγοις
1466 763 1596 833 περὶ
1622 760 1732 815 τῶν
1769 758 1951 822 καλῶς

377 861 411 933 ἢ
435 858 625 924 κακῶς
650 857 969 930 ἀληθουσῶν
991 875 1156 929 φησιν
1173 874 1187 889 ο
1217 855 1507 909 «Ἔσονται
1532 853 1627 907 δύο
1653 851 1952 923 ἀλήθουσαι

374 953 437 1006 ἐν
467 950 548 1023 τῷ
583 950 811 1021 μύλωνι,
850 950 949 1019 μία
984 946 1499 1019 παραλαμϐάνεται,
1536 946 1631 999 καὶ
1663 943 1761 1015 μία
1798 941 1957 1011 ἀφίε-

2053 479 2228 535 altero
2260 481 2446 536 molct.
2482 478 2672 550 Neque
2706 480 2874 551 igitur
2895 478 3064 536 Judaei
3108 490 3261 538 vetus
3298 491 3508 539 tantum
3545 501 3629 542 re-

2055 569 2299 639 cipiunt,
2354 585 2547 653 neque,
2587 569 2965 624 haereticorum
3030 570 3124 625 lilii
3175 587 3373 627 novum
3417 582 3629 631 tantum

2056 661 2295 723 molunt,
2336 666 2396 714 ut
2429 660 2713 715 caelestem
2762 675 2957 730 panem
3009 662 3323 732 degustent.
3355 664 3630 731 Quocirca

2060 751 2345 832 Dominus,
2368 751 2421 805 in
2443 752 2796 807 sermonibus
2825 752 2892 807 de
2917 755 3102 807 mundi
3128 759 3628 826 consummatione,

2056 836 2125 891 de
2158 836 2320 892 bonis
2365 848 2418 892 et
2452 838 2612 892 malis
2646 838 2994 896 molitoribus
3042 841 3292 917 disserit,
3332 846 3627 918 inquiens:

2061 947 2082 983 ι
2121 929 2251 986 Duae
2282 931 2337 986 in
2368 932 2558 987 eadem
2592 933 2735 987 mola
2775 934 3000 999 molent,
3039 953 3142 991 una
3179 954 3310 993 vero
3343 942 3629 1012 recipitur,

2055 1037 2119 1077 ac
2182 1022 2355 1076 altera
2393 1023 2716 1093 repudiatur
2750 1024 2814 1078 ⁸³.
2865 1044 2883 1078 ι
2938 1025 3143 1082 Neutra
3197 1027 3365 1101 igitur
3414 1032 3635 1103 pignori

2052 1113 2393 1184 accipienda,
2428 1129 2607 1182 neque
2638 1114 2935 1183 rejicienda
2972 1115 3093 1180 fuit,
3136 1119 3311 1174 ambae
3338 1122 3482 1175 enim
3514 1123 3636 1176 ani—

2051 1222 2197 1289 mam
2228 1206 2370 1263 cibis
2402 1207 2788 1277 spiritualibus
2817 1210 2993 1264 alunt.

374 1063 492 1101 ται.
518 1063 538 1096 ι
571 1042 875 1114 οὐδετέραν
897 1039 991 1096 οὖν
1014 1041 1428 1112 ἐνεχυραστὲον,
1453 1038 1577 1093 οὐδὲ
1608 1034 1953 1105 ἐκποιητέον.

376 1137 574 1210 Ψυχὴν
610 1136 721 1210 γὰρ
750 1134 919 1208 ἄμφω
944 1135 1205 1207 τρέφουσι
1227 1130 1481 1207 βρώμασι
1503 1131 1737 1202 νοητοῖς.

451 1364 512 1419 Si
531 1363 882 1434 deprehensus
897 1362 1060 1431 fuerit
1092 1362 1246 1417 homo
1279 1362 1369 1433 qui
1392 1360 1604 1430 [uratur
1617 1356 1854 1412 animum
1871 1367 1938 1408 ea:
1969 1347 2226 1420 fratribus
2249 1347 2383 1410 suis,
2402 1347 2457 1401 id
2477 1354 2591 1410 est,
2613 1345 2927 1416 plagiarms.
2943 1345 3165 1420 [XXlV,
3185 1347 3263 1420 7.]
3279 1349 3480 1404 Eodem
3502 1364 3637 1408 sane

377 1451 545 1506 modo
570 1451 818 1507 hatretici
850 1452 944 1523 qui
973 1451 1173 1505 animis
1209 1457 1366 1505 recte
1397 1447 1610 1504 sentire
1644 1440 2001 1514 cupientibus
2032 1438 2142 1493 vim
2175 1436 2407 1525 faciunt,
2437 1444 2492 1491 et
2514 1445 2737 1525 mentes;
2762 1436 2963 1525 liberas
2989 1437 3054 1525 ad
3085 1439 3313 1495 serviles
3342 1439 3637 1510 opiniones

376 1538 622 1608 rapiunt,
654 1539 985 1610 condignam
1011 1552 1042 1592 a
1066 1536 1253 1608 judice
1298 1535 1581 1592 sustinent
1610 1539 1865 1587 mortem.
1900 1525 2063 1583 Unde
2092 1541 2162 1581 ne
2206 1523 2442 1581 salutem
2475 1523 2696 1594 quidem
2727 1523 3047 1594 huiusmodi
3089 1525 3405 1582 hominibus
3436 1525 3639 1583 Paulus

376 1624 535 1687 dicit.
570 1640 684 1680 non
719 1641 831 1696 quo
863 1640 960 1681 eos
999 1625 1201 1691 irritet,
1234 1639 1422 1678 verum
1462 1619 1614 1691 quod
1661 1619 1749 1676 ovi
1785 1630 1912 1673 eum
1941 1615 2072 1684 lupo
2122 1626 2406 1682 nunquam
2455 1611 2762 1667 convenire
2806 1626 2972 1681 posse
3018 1613 3216 1669 novit:
3258 1629 3277 1664 ι
3302 1612 3444 1679 Quid
3488 1614 3637 1669 enim

376 1714 644 1769 consortii
693 1713 839 1770 ﬁdeli
873 1728 998 1769 cum
1046 1711 1252 1767 infideli
1279 1710 1371 1765 “‘l
1407 1727 1426 1761 ι
1461 1708 1660 1779 inquit.
1708 1706 1844 1762 Item
1877 1721 1893 1759 :
1932 1721 1952 1756 ι
1990 1703 2302 1774 Depravant
2347 1702 2531 1759 honos
2572 1717 2758 1758 mores
2792 1703 3066 1774 colloquia
3102 1704 3247 1760 mala
3269 1706 3335 1760 “.
3374 1724 3394 1759 ι
3431 1704 3509 1760 Ex
3537 1705 3640 1762 Ec-

378 1800 546 1856 clesia
576 1810 839 1871 tanquam
868 1808 1095 1870 paterno
1134 1798 1253 1853 lare
1285 1805 1499 1868 raptum
1536 1796 1594 1850 in
1633 1802 1816 1850 enatus
1844 1790 2188 1863 perditorum
2219 1789 2505 1845 hominum
2554 1789 2854 1846 abducunt.

444 1927 762 1998 Μνήσθητι
792 1928 910 1984 ὅσα
939 1929 1195 1999 ἐποίησε
1227 1930 1444 1999 Κύριος
1483 1930 1516 1983 d
1547 1928 1692 1993 Θεός
1720 1941 1839 1980 σου
1876 1923 1955 1992 τῇ

2131 1921 2201 1975 Et
2245 1922 2528 1978 recordare
2556 1938 2674 1994 quin
2722 1922 2847 1992 fecit
2890 1922 3152 1980 Dominus
3181 1925 3323 1981 Deus
3361 1937 3483 1984 tuus
3521 1930 3645 1989 lla-

376 2019 635 2090 Μαριὰμ.
669 2018 734 2075 Ei
766 2020 878 2092 γὰρ
913 2021 1096 2091 ἐκείνη
1120 2018 1554 2091 καταλαλήσασά
1584 2035 1683 2089 μου
1709 2020 1769 2071 ἐν
1795 2015 1953 2087 ὕψεσι

2065 2015 2183 2069 riw.
2217 2012 2322 2087 [9.]
2357 2013 2414 2070 Si
2451 2016 2597 2070 enim
2632 2015 2725 2071 illa
2749 2031 2873 2071 cum
2901 2017 3037 2071 mihi
3063 2018 3406 2084 rebellasset,
3437 2023 3490 2076 in
3518 2039 3647 2080 con-

377 2113 599 2168 πάντων
625 2111 984 2184 ἐστηλιτεύθη
1019 2112 1100 2185 τῷ
1129 2113 1315 2179 πάθει,
1350 2112 1446 2166 καὶ
1476 2110 1577 2181 τῆς
1602 2107 1957 2180 παρεμϐολῆς

2065 2116 2256 2177 spectu
2286 2106 2529 2161 omnium
2578 2107 2774 2162 morbo
2802 2115 2888 2163 est
2940 2116 3151 2175 notata,
3176 2120 3232 2166 et
3272 2122 3428 2168 extra
3459 2125 3645 2170 castra

379 2204 486 2272 ἔξω
517 2205 843 2274 γεγένηται,
897 2203 1049 2273 πόσῳ
1090 2203 1293 2273 μᾶλλον
1346 2202 1508 2271 ὑμεῖς
1563 2198 1958 2270 ὀλιγωροῦντες

2066 2206 2151 2254 est
2173 2199 2371 2267 ejecta,
2400 2208 2608 2268 quanto
2630 2199 2806 2269 magis
2829 2200 2985 2256 vobis
3009 2202 3057 2256 si
3080 2202 3451 2273 legislatorem
3478 2208 3644 2262 etiam

379 2294 474 2348 τοῦ
506 2293 803 2365 νομοθέτου
824 2293 921 2348 καὶ
956 2292 1098 2365 μετά
1131 2293 1193 2347 τὸ
1221 2292 1609 2364 παράδειγμα;

453 2386 583 2440 Ὅτι
603 2385 796 2453 πένης
826 2384 981 2450 ἐστὶ,
1009 2383 1110 2439 καὶ
1132 2384 1226 2438 ἐπ’
1250 2382 1415 2449 αὐτῷ
1432 2382 1562 2452 ἔχει
1583 2382 1697 2449 τὴν
1716 2380 1955 2436 ἐλπίδα.

377 2475 768 2547 Φιλάνθρωπον
795 2475 897 2546 μὲν
929 2474 1023 2528 καὶ
1049 2473 1239 2528 τοῦτο’
1271 2475 1305 2543 ή
1334 2472 1394 2526 δὲ
1438 2472 1559 2537 νέα,
1587 2472 1922 2542 τελειότερον
1940 2486 1954 2499 ·

383 2588 405 2624 ε
435 2571 737 2642 Πωλήσατε
764 2569 835 2624 τά
875 2568 1212 2639 ὑπάρχοντα,
1239 2567 1398 2637 φησι,
1434 2566 1532 2620 καὶ
1576 2565 1697 2620 δότε
1727 2564 1959 2631 ἐλεημο-

381 2662 568 2733 σύνην.
598 2681 618 2716 ι
643 2690 714 2703 -
753 2678 772 2712 ι
801 2660 916 2714 Καὶ
947 2659 1058 2713 ἰδοὺ
1088 2658 1267 2712 πάντα
1309 2657 1529 2728 καθαρὰ
1559 2657 1687 2726 ὑμῖν
1724 2653 1900 2707 ἔσται.
1931 2669 1951 2704 ι

385 2757 454 2809 ‘0
484 2754 550 2824 δὴ
582 2753 771 2808 πολλοὶ
789 2752 1121 2822 ποιήσαντες
1146 2749 1300 2821 παρὰ
1334 2750 1463 2811 τοὺς
1488 2747 1657 2810 πόδας
1687 2745 1797 2799 τῶν
1823 2746 1961 2798 ἀπο-

381 2845 589 2900 στόλων
615 2844 857 2897 ἐτίθεντο
884 2842 986 2906 τάς
1036 2839 1230 2912 τιμάς,
1271 2840 1366 2894 καὶ
1416 2838 1673 2893 διεδέδοτο
1716 2835 1955 2907 ἑκάστῳ,

282 2943 309 2960 ⁸
380 2934 504 2990 καθ’
540 2934 570 2987 ὃ
596 2950 681 2998 τις
708 2932 901 3005 χρείαν
934 2926 1104 3002 εἶχεν.

2069 2297 2196 2360 post
2224 2289 2539 2359 exemplum
2565 2289 2698 2343 illud
2733 2291 3206 2361 contempseritis,
3240 2292 3381 2349 idem
3414 2297 3644 2352 accidet.

2139 2379 2406 2444 Quoniam
2434 2395 2635 2449 pauper
2654 2391 2730 2435 est
2755 2389 2808 2434 et
2831 2382 2883 2436 in
2909 2398 2968 2436 eo
2992 2398 3133 2452 spem
3160 2399 3313 2438 suam
3340 2385 3517 2450 habet,
3537 2398 3644 2443 etc.

2066 2469 2207 2543 [l5.]
2242 2469 2653 2527 Humanitatem
2676 2473 2921 2544 postulat
2946 2475 3059 2528 haec
3079 2490 3302 2546 quoque
3331 2478 3439 2541 lex,
3458 2494 3648 2548 quam:

2068 2564 2152 2620 vis
2179 2579 2321 2619 nova
2357 2564 2410 2619 id
2443 2564 2608 2620 faciat
2640 2565 2889 2621 exactius
2917 2582 2933 2620 :
2957 2585 2976 2618 ι
3003 2564 3234 2623 Vendite
3257 2569 3426 2635 enim,
3447 2571 3645 2641 inquit,

2068 2656 2210 2711 bona
2248 2664 2452 2722 vestra,
2494 2666 2550 2712 et
2586 2665 2809 2727 erogatc
2850 2658 3257 2730 eleemosynam
3285 2661 3351 2715 “.
3389 2680 3408 2712 ι
3440 2691 3506 2702 -
3536 2683 3555 2715 ι
3583 2663 3648 2717 Et

2065 2760 2199 2802 ecce
2211 2746 2393 2801 omnia
2408 2746 2564 2802 vobis
2586 2747 2788 2801 munda
2807 2756 2967 2802 erunt
2986 2747 3052 2801 σν.
3069 2767 3087 2801 ι
3109 2749 3229 2815 Quo
3254 2766 3387 2806 sane
3410 2767 3440 2808 a
3460 2755 3650 2810 multis

2066 2836 2217 2892 facto
2263 2838 2332 2893 ad
2381 2838 2547 2908 pedes
2603 2839 2982 2909 apostolorum
3020 2840 3399 2912 deposuerunt
3446 2848 3643 2915 pretia,

2064 2936 2120 2987 et
2142 2929 2560 2991 distribuerunt
2589 2932 2886 3005 unicuique
2914 2941 3077 3003 prout
3107 2949 3248 3006 opus
3284 2937 3477 2993 habuit
3501 2939 3643 2994 “-".

457 3075 583 3131 Non
623 3076 917 3131 morientur
956 3082 1137 3144 patres
1180 3089 1276 3144 pro
1305 3073 1458 3143 ﬁliis.
1489 3070 1629 3145 [16.]
1665 3070 1784 3125 Non
1837 3069 2122 3127 intellecto
2174 3071 2282 3127 hoc
2314 3071 2461 3142 quod
2510 3071 2563 3126 in
2610 3072 2800 3128 Exodo
2836 3073 3105 3145 scriptum
3141 3083 3265 3131 est:
3299 3095 3316 3128 ι
3347 3074 3645 3133 Parentum

382 3171 605 3235 peccata
637 3178 803 3233 super
836 3163 1043 3218 liberos
1062 3162 1128 3228 ⁷ο,
1173 3180 1192 3214 ι
1228 3161 1396 3217 Deum
1425 3161 1713 3231 injustitiae
1738 3158 2150 3215 insimularunt.
2178 3158 2529 3229 Quapropter
2561 3160 2964 3230 expositionem
3021 3161 3248 3232 insuper
3297 3163 3532 3221 addidit.
3564 3167 3648 3221 Illi

380 3268 603 3325 quoque
625 3254 720 3324 qui
755 3268 785 3307 a
815 3250 1327 3307 Nabuchodonosor
1360 3250 1414 3304 in
1440 3251 1766 3321 captivitate
1791 3247 2204 3310 detinebantur,
2238 3262 2303 3302 ac
2334 3248 2379 3301 si
2414 3247 2558 3301 nulla
2579 3247 2702 3314 ejus
2735 3248 2823 3302 hic
2852 3248 3059 3303 mentio
3078 3260 3229 3304 esset
3259 3248 3429 3317 facta,
3456 3254 3639 3308 denuo

381 3342 741 3396 clamitabant
774 3357 788 3395 :
826 3358 845 3392 ι
876 3338 1069 3395 Patres
1102 3338 1280 3393 nostri
1303 3336 1467 3411 555
1497 3337 1861 3392 comederunt
1888 3335 2236 3404 omphacem,
2256 3342 2313 3389 et
2343 3336 2539 3389 dentes
2563 3334 2867 3389 liberorum
2891 3334 3388 3406 obstupuerunt“.
3416 3358 3436 3393 ι
3466 3339 3647 3407 Quare

381 3417 583 3485 iterum
614 3444 711 3500 per
738 3427 1080 3484 Ezechieletu
1110 3430 1388 3498 exposuit,
1420 3428 1515 3498 qui
1538 3427 1680 3482 dixit
1706 3444 1720 3481 :
1766 3443 1784 3476 ι
1818 3426 2015 3479 Anima
2038 3439 2161 3495 qua:
2188 3433 2377 3493 peccat
2410 3424 2676 3479 morietur
2698 3426 2765 3479 ⁷⁸.
2802 3443 2822 3476 ι

456 3561 524 3615 Et
572 3559 943 3616 recordaberis
988 3560 1129 3632 quod
1190 3576 1373 3615 servus
1446 3576 1651 3632 quoque
1701 3557 1875 3630 fuisti.
1933 3552 2075 3629 [18.]
2128 3553 2184 3608 In
2246 3554 2435 3608 lzrtitia
2484 3555 2632 3609 enim
2697 3564 2872 3610 tutum
2933 3564 3019 3612 est
3069 3568 3400 3615 exacturum
3459 3564 3651 3617 memi-

381 3648 537 3703 nisse
568 3649 846 3703 laborum.
877 3648 1137 3703 Vicissim
1163 3648 1311 3703 enim
1338 3648 1552 3703 dierum
1590 3646 1897 3718 genialium
1935 3643 2176 3713 spatium
2200 3656 2312 3696 non
2344 3641 2478 3696 sinit
2505 3643 2758 3697 oblivisci
2789 3644 3061 3697 malorum
3092 3644 3145 3698 in
3176 3654 3424 3714 egestate
3464 3649 3648 3703 antia-

383 3740 593 3790 torum.

455 3877 566 3931 Καὶ
593 3876 815 3948 ἀριθμῷ
849 3878 1258 3948 τεσσαράκοντα
1294 3877 1736 3947 μαστιγώσουσιν
1767 3876 1953 3933 αὐτόν.

2133 3873 2372 3929 Numero
2451 3874 2810 3946 quadraginta
2878 3875 3053 3946 plagis
3138 3880 3432 3948 percutient
3505 3898 3649 3941 eum.

383 3970 497 4024 Καὶ
527 3973 589 4024 ἐν
629 3968 891 4039 Ἰεζεκιήλ
914 3985 1047 4039 φησι
1071 3985 1085 4000 ·
1121 3986 1140 4019 ι
1166 3968 1325 4023 Μετὰ
1362 3976 1411 4039 μ’
1465 3969 1560 4040 ἐτη
1611 3968 1825 4033 συνάξω
1867 3969 1966 4021 Αι-

382 4061 651 4130 γυπτίους
669 4062 777 4116 ἀπὸ
802 4062 912 4115 τῶν
946 4061 1117 4115 ὲθνῶν
1150 4055 1211 4116 οὗ
1256 4060 1749 4133 διεσκορπίσθησαν
1778 4063 1915 4114 ἐκεῖ.
1940 4079 1960 4113 ι

394 4153 454 4207 '0
487 4153 588 4223 μὲν
631 4153 742 4224 γάρ
775 4154 855 4216 είς
882 4154 975 4205 τὸν
1010 4152 1144 4207 Θεὸν
1181 4157 1280 4224 τῆς
1313 4152 1606 4225 ἑϐδομάδος
1637 4152 1967 4222 ἁμαρτήσας

383 4243 534 4308 λαὸς,
567 4245 661 4298 καὶ
702 4245 784 4308 είς
824 4244 884 4297 τὸ
915 4242 1009 4297 τοῦ
1043 4244 1324 4298 Σαϐϐάτου
1366 4245 1687 4315 μυστήριον,
1717 4244 1798 4315 τῷ
1825 4244 1965 4297 ἑπτά

380 4336 491 4391 τῶν
517 4335 759 4389 δεκάδων
782 4334 1004 4407 ἀριθμῷ
1045 4336 1370 4399 κολάζεται·
1394 4337 1422 4387 6
1450 4335 1508 4388 δὲ
1536 4337 1833 4403 Αίγύπτιος
1872 4335 1966 4388 καὶ

383 4427 650 4497 κοσμικδς
682 4427 851 4497 μηδὲν
894 4428 1056 4482 πλέον
1097 4429 1369 4498 σωμάτων
1409 4427 1503 4480 καὶ
1539 4426 1650 4480 τῶν
1685 4428 1966 4497 στοιχείων

386 4517 752 4586 ἐπιστάμενος
776 4534 791 4548 ·
837 4516 984 4588 άπερ
1024 4519 1142 4571 ἐστὶ¹
1180 4518 1272 4571 τὸν
1312 4518 1548 4589 ἀριθμὸν
1579 4517 1621 4571 δ’
1642 4534 1656 4549 ⁸
1701 4519 1965 4589 τέσσαρσι

382 4606 609 4659 δεκάσιν
657 4604 795 4658 ἐτῶν
848 4606 1225 4676 ἀπολαμϐάνει
1267 4607 1337 4661 τά
1401 4608 1801 4679 ἁμαρτήματα.
1858 4609 1967 4662 Καὶ

387 4696 511 4749 ἐπεὶ
538 4698 567 4748 ό
600 4701 653 4765 μ’
693 4695 923 4765 ἀριθμὸς
951 4698 1265 4765 Αἰγυπτίων
1297 4698 1418 4751 ἐστὶ
1448 4698 1694 4764 κόλασις,
1729 4699 1815 4752 διά
1841 4698 1967 4752 τοῦ·

384 4803 448 4840 το
490 4783 644 4858 οἶμαι
694 4788 784 4840 τὸν
827 4788 1061 4858 Ἰσραὴλ,
1104 4788 1138 4860 ή
1188 4790 1279 4842 τὸν
1316 4790 1629 4860 ἁμαρτόντα
1667 4790 1967 4861 λαμϐάνειν

390 4885 444 4950 μ’
470 4880 622 4952 παρὰ
657 4879 805 4949 μίαν.
838 4881 948 4935 Καὶ
983 4881 1234 4951 ἐπιφέρει
1256 4898 1319 4950 γε
1345 4883 1373 4934 6
1402 4882 1566 4952 νόμος
1587 4899 1601 4912 ·
1638 4899 1658 4932 ι
1688 4881 1764 4934 Οὐ
1799 4896 1967 4953 προσ-

388 4967 576 5037 θήσεις
628 4966 843 5038 πληγὰς
880 4967 1119 5033 πλείους,
1175 4969 1262 5023 ἵνα
1297 4970 1371 5039 μὴ
1406 4971 1692 5042 ἀσχημονῇ
1731 4972 1760 5023 6
1807 4970 1967 5024 ἀδελ-

387 5057 488 5127 φός
531 5073 642 5111 σου.
679 5075 698 5109 ι
754 5058 1135 5128 ’Δσχημοσύνη
1178 5060 1287 5130 γὰρ
1326 5055 1395 5130 ἦν
1433 5060 1745 5134 Ἰσραηλίτῃ
1778 5077 1966 5114 κατοι-

388 5147 575 5201 κοῦντι
629 5145 728 5219 τὴν
776 5149 939 5215 ἁγίαν
987 5150 1092 5222 γῆν
1137 5150 1358 5223 ἀριθμῷ
1394 5151 1744 5220 ,κολάζεσθαι
1795 5153 1962 5220 Αἰγυ-

2069 3965 2259 4038 ραν,
2296 3966 2376 4039 5.]
2428 3966 2485 4020 In
2529 3967 2817 4023 Ezechiele
2847 3969 2976 4024 item
3032 3972 3210 4041 inquit
3243 3991 3257 4027 :
3298 3970 3471 4028 «Post
3514 3990 3653 4046 qua-

2068 4058 2324 4129 draginta
2361 4075 2540 4117 annos
2562 4059 2854 4131 Egyptios
2896 4077 2960 4117 ex
2994 4065 3255 4120 omnibus
3294 4067 3554 4136 gentibus
3598 4069 3652 4123 iu

2069 4165 2210 4220 quas
2242 4151 2480 4220 dispersi
2523 4162 2670 4217 sunt,
2706 4152 2959 4224 colligam
2982 4155 3051 4208 ⁷³.
3096 4175 3115 4207 ι
3154 4154 3396 4226 Populus
3422 4159 3653 4221 etenim.

2068 4244 2162 4312 qui
2196 4257 2293 4311 per
2328 4244 2688 4311 septimanam
2723 4254 2781 4299 et
2814 4245 2867 4298 in
2917 4244 3142 4300 Sabbati
3202 4249 3526 4318 mysterium
3559 4249 3657 4303 de-

2069 4334 2229 4404 liquit
2293 4350 2526 4389 muncro
2587 4344 2800 4405 septem
2859 4338 3128 4393 decadum
3185 4340 3433 4408 punitur.
3484 4341 3654 4412 Atqui

2071 4425 2457 4497 Egyptiacum
2487 4441 2553 4482 ac
2593 4428 2783 4482 mundi
2832 4428 2996 4499 hujus
3039 4431 3237 4502 vulgus
3271 4432 3421 4502 quod
3452 4443 3655 4503 praeter

2070 4532 2390 4586 corporum,
2436 4526 2491 4572 et
2520 4527 2763 4588 quatuor
2801 4522 3231 4588 elementorum,
3271 4540 3391 4595 quae
3421 4541 3654 4582 numero

2070 4621 2312 4681 quatuor
2367 4612 2668 4678 exsistunt,
2708 4613 2916 4669 nullam
2952 4617 3204 4694 notitiam
3253 4619 3478 4685 habent,
3511 4636 3652 4690 qua-

2069 4702 2325 4773 draginta
2356 4703 2518 4758 annis
2556 4712 2780 4772 peccata
2827 4721 2926 4760 sua
2957 4708 3158 4762 merito
3206 4710 3542 4778 percipiunt.
3591 4711 3657 4763 Et

2069 4795 2332 4863 quoniam
2377 4811 2642 4851 numerus
2677 4797 3151 4869 quadragenarius
3178 4816 3336 4870 penna
3366 4800 3657 4873 Egyptia-

2072 4898 2193 4937 rum
2222 4890 2330 4949 est,
2359 4896 2422 4938 ea
2450 4895 2674 4954 propter
2706 4886 2949 4941 arbitror
2980 4885 3310 4955 Israelitam,
3335 4899 3430 4945 aut
3461 4907 3655 4961 quein-

2068 4972 2153 5028 vis
2208 4984 2531 5043 peccantem
2585 4976 2753 5029 alium
2808 4979 3192 5050 quadragenas
3245 4994 3446 5053 praeter
3490 4998 3657 5038 unam

2068 5065 2258 5135 plagas
2310 5066 2587 5135 accipere.
2640 5066 2812 5122 lufert
2865 5085 3026 5138 porro
3079 5072 3163 5126 lex
3217 5089 3231 5126 :
3281 5072 3435 5129 «Nec
3487 5074 3660 5130 addas

2071 5156 2212 5211 ictus
2242 5158 2448 5227 plures,
2480 5175 2550 5212 ne
2594 5158 2763 5213 frater
2793 5170 2918 5217 tuus
2940 5161 3209 5218 dedecore
3237 5166 3613 5223 contabescat.
3632 5188 3650 5219 ι

387 5238 580 5294 πτίων.
625 5241 926 5294 Ἐπλανᾶτο
972 5240 1029 5294 δὲ
1067 5241 1162 5295 καὶ
1200 5247 1249 5312 μ’
1280 5240 1374 5311 ἔτη
1406 5243 1547 5297 κατὰ
1574 5243 1905 5315 τὴνὲρημον
1937 5244 1960 5297 ό

2076 5246 2324 5303 Dedecus
2358 5249 2502 5303 enim
2531 5247 2793 5304 Israelita;
2830 5260 3036 5308 sancta:
3064 5262 3224 5310 terra!
3251 5255 3359 5312 civi
3409 5272 3531 5312 erat
3559 5277 3661 5312 nu-

386 5329 531 5394 λαός.
584 5330 767 5400 Εχρῆν
790 5330 899 5402 γὰρ
929 5331 1093 5385 αὐτὸν
1123 5332 1412 5397 ἐξελθόντα
1430 5336 1496 5388 ἐκ
1524 5336 1625 5407 τῆς
1654 5336 1961 5404 Αἰγύπτου,

382 5424 465 5499 τῷ
491 5430 545 5497 μ’
573 5424 793 5497 ἀριθμῷ
829 5424 1126 5481 ἀποθέσθαι
1173 5427 1265 5482 τὸν
1314 5426 1615 5500 ὀνειδισμὸν
1661 5429 1963 5497 Αἰγύπτου.

458 5609 506 5642 ⁸³
540 5609 728 5699 hirtam.
752 5627 911 5699 μιν,
946 5615 1033 5668 Η.
1054 5686 1082 5699 _
1114 5618 1159 5650 “
1258 5618 1385 5699 (ξων.
1417 5639 1490 5689 vn,
1524 5626 1612 5681 15.
1690 5626 1783 5699 ξοι
1809 5627 1936 5685 Cor.
1964 5632 2164 5699 “.33.

2075 5353 2229 5393 mero
2258 5337 2645 5411 Egyptiorum
2682 5342 2890 5412 puniri.
2920 5343 3142 5401 Erravit
3167 5362 3302 5403 vero
3324 5349 3491 5404 etiam
3523 5364 3660 5418 qna-

2075 5428 2331 5501 draginta
2400 5433 2563 5487 annis
2630 5433 2686 5487 in
2744 5433 2967 5492 deserto
3026 5440 3300 5510 populus;
3367 5441 3658 5513 oportebat

2232 5632 2277 5665 ⁸⁸
2308 5634 2438 5719 Luc.
2475 5639 2722 5719 xu.__35._
2766 5641 2809 5674 ⁸⁷
2838 5642 3074 5719 Lucani,
3102 5645 3190 5700 ιι.
3266 5646 3387 5714 "-9
3417 5645 3536 5703 Act.
3564 5663 3641 5719 iv,

388 5678 481 5735 35.
558 5681 602 5714 ⁷⁸
620 5681 791 5781 Exod.
830 5699 1014 5748 xxxiv,
1054 5686 1102 5740 7.
1186 5689 1233 5720 "
1266 5678 1658 5766 Jerein.'sxxi,
1682 5678 1783 5754 29:
1818 5678 2438 5774 Ὑί-ιέξεξιίιῖἰνιιιῗ
2475 5678 2765 5768 "vimina

702 5778 976 5845 PATROL.
1014 5783 1131 5847 Gtt.
1169 5785 1545 5853 LXXXVII.

3282 5817 3358 5882 30
