  <div class='ocr_page' id='page_1' title='image "/cluster/home/n/w/nwhite01/storage/ocr_20150623/87:1/hvd.32044073502353/476.png"; bbox 0 0 4036 6214; ppageno 0'>
   <div class='ocr_carea' id='block_1_1' title="bbox 389 321 3630 402">
    <p class='ocr_par' dir='ltr' id='par_1_1' title="bbox 389 321 3630 402">
     <span class='ocr_line' id='line_1_1' title="bbox 389 321 3630 402; baseline 0.006 -18"><span class='ocrx_word' id='word_1_1' title='bbox 389 321 486 385; x_wconf 61' lang='grc' dir='ltr'><strong>εει</strong></span> <span class='ocrx_word' id='word_1_2' title='bbox 1281 333 1816 395; x_wconf 68' lang='lat' dir='ltr'><strong>COMMENTARII</strong></span> <span class='ocrx_word' id='word_1_3' title='bbox 1855 332 1938 390; x_wconf 68' lang='lat' dir='ltr'><strong>IN</strong></span> <span class='ocrx_word' id='word_1_4' title='bbox 1975 330 2672 393; x_wconf 71' lang='lat' dir='ltr'><strong>DEUTERONOMIUM.</strong></span> <span class='ocrx_word' id='word_1_5' title='bbox 3521 339 3556 402; x_wconf 79' lang='lat'><strong>9</strong></span> <span class='ocrx_word' id='word_1_6' title='bbox 3573 341 3630 402; x_wconf 67' lang='lat'><strong>2&quot;!</strong></span> 
     </span>
    </p>
   </div>
   <div class='ocr_carea' id='block_1_2' title="bbox 463 448 3631 522">
    <p class='ocr_par' dir='ltr' id='par_1_2' title="bbox 463 448 3631 522">
     <span class='ocr_line' id='line_1_2' title="bbox 463 448 3631 522; baseline 0.002 -21"><span class='ocrx_word' id='word_1_7' title='bbox 463 448 658 519; x_wconf 70' lang='lat' dir='ltr'><strong>Arguit</strong></span> <span class='ocrx_word' id='word_1_8' title='bbox 698 463 827 506; x_wconf 87' lang='lat' dir='ltr'><strong>vero</strong></span> <span class='ocrx_word' id='word_1_9' title='bbox 859 451 966 507; x_wconf 90' lang='lat' dir='ltr'><strong>hoc</strong></span> <span class='ocrx_word' id='word_1_10' title='bbox 999 451 1144 522; x_wconf 87' lang='lat' dir='ltr'><strong>quod</strong></span> <span class='ocrx_word' id='word_1_11' title='bbox 1203 453 1428 508; x_wconf 80' lang='lat' dir='ltr'><strong>etiamsi</strong></span> <span class='ocrx_word' id='word_1_12' title='bbox 1461 461 1678 508; x_wconf 84' lang='lat' dir='ltr'><strong>mentes</strong></span> <span class='ocrx_word' id='word_1_13' title='bbox 1729 452 1875 506; x_wconf 84' lang='lat' dir='ltr'><strong>inter</strong></span> <span class='ocrx_word' id='word_1_14' title='bbox 1901 463 1964 504; x_wconf 83' lang='lat' dir='ltr'><strong>se</strong></span> <span class='ocrx_word' id='word_1_15' title='bbox 2013 449 2496 502; x_wconf 70' lang='lat' dir='ltr'><strong>committerentur</strong></span> <span class='ocrx_word' id='word_1_16' title='bbox 2541 461 2733 504; x_wconf 74' lang='lat' dir='ltr'><strong>utrum</strong></span> <span class='ocrx_word' id='word_1_17' title='bbox 2771 449 2906 504; x_wconf 85' lang='lat' dir='ltr'><strong>bona</strong></span> <span class='ocrx_word' id='word_1_18' title='bbox 2943 451 3112 520; x_wconf 85' lang='lat' dir='ltr'><strong>hujus</strong></span> <span class='ocrx_word' id='word_1_19' title='bbox 3149 453 3336 508; x_wconf 84' lang='lat' dir='ltr'><strong>mundi</strong></span> <span class='ocrx_word' id='word_1_20' title='bbox 3373 469 3438 508; x_wconf 83' lang='lat' dir='ltr'><strong>an</strong></span> <span class='ocrx_word' id='word_1_21' title='bbox 3467 459 3631 510; x_wconf 69' lang='lat' dir='ltr'><strong>cmic-</strong></span> 
     </span>
    </p>
   </div>
   <div class='ocr_carea' id='block_1_3' title="bbox 391 534 3632 611">
    <p class='ocr_par' dir='ltr' id='par_1_3' title="bbox 391 534 3632 611">
     <span class='ocr_line' id='line_1_3' title="bbox 391 534 3632 611; baseline 0.002 -21"><span class='ocrx_word' id='word_1_22' title='bbox 391 535 500 590; x_wconf 86' lang='lat' dir='ltr'><strong>stia</strong></span> <span class='ocrx_word' id='word_1_23' title='bbox 527 535 716 605; x_wconf 85' lang='lat' dir='ltr'><strong>potius</strong></span> <span class='ocrx_word' id='word_1_24' title='bbox 742 547 932 592; x_wconf 85' lang='lat' dir='ltr'><strong>essent</strong></span> <span class='ocrx_word' id='word_1_25' title='bbox 977 537 1256 610; x_wconf 85' lang='lat' dir='ltr'><strong>eligenda,</strong></span> <span class='ocrx_word' id='word_1_26' title='bbox 1303 540 1490 594; x_wconf 83' lang='lat' dir='ltr'><strong>valere</strong></span> <span class='ocrx_word' id='word_1_27' title='bbox 1540 540 1704 608; x_wconf 85' lang='lat' dir='ltr'><strong>jusso</strong></span> <span class='ocrx_word' id='word_1_28' title='bbox 1745 534 2060 592; x_wconf 63' lang='lat' dir='ltr'><strong>caelesti-um</strong></span> <span class='ocrx_word' id='word_1_29' title='bbox 2095 536 2368 592; x_wconf 86' lang='lat' dir='ltr'><strong>bonorum</strong></span> <span class='ocrx_word' id='word_1_30' title='bbox 2409 537 2748 608; x_wconf 75' lang='lat' dir='ltr'><strong>principatu,</strong></span> <span class='ocrx_word' id='word_1_31' title='bbox 2781 547 3017 593; x_wconf 81' lang='lat' dir='ltr'><strong>mentem</strong></span> <span class='ocrx_word' id='word_1_32' title='bbox 3049 540 3103 594; x_wconf 89' lang='lat' dir='ltr'><strong>in</strong></span> <span class='ocrx_word' id='word_1_33' title='bbox 3131 545 3544 611; x_wconf 72' lang='lat' dir='ltr'><strong>generationem</strong></span> <span class='ocrx_word' id='word_1_34' title='bbox 3575 553 3632 600; x_wconf 90' lang='lat' dir='ltr'><strong>et</strong></span> 
     </span>
    </p>
   </div>
   <div class='ocr_carea' id='block_1_4' title="bbox 387 622 1924 695">
    <p class='ocr_par' dir='ltr' id='par_1_4' title="bbox 387 622 1924 695">
     <span class='ocr_line' id='line_1_4' title="bbox 387 622 1924 695; baseline 0.001 -21"><span class='ocrx_word' id='word_1_35' title='bbox 387 622 676 676; x_wconf 56' lang='lat' dir='ltr'><strong>interi-tum</strong></span> <span class='ocrx_word' id='word_1_36' title='bbox 708 623 1016 693; x_wconf 73' lang='lat' dir='ltr'><strong>inieci-sset,</strong></span> <span class='ocrx_word' id='word_1_37' title='bbox 1047 627 1156 679; x_wconf 85' lang='lat' dir='ltr'><strong>hoc</strong></span> <span class='ocrx_word' id='word_1_38' title='bbox 1179 626 1328 680; x_wconf 87' lang='lat' dir='ltr'><strong>enim</strong></span> <span class='ocrx_word' id='word_1_39' title='bbox 1357 626 1620 695; x_wconf 80' lang='lat' dir='ltr'><strong>genitalia</strong></span> <span class='ocrx_word' id='word_1_40' title='bbox 1661 625 1924 679; x_wconf 83' lang='lat' dir='ltr'><strong>innuuut.</strong></span> 
     </span>
    </p>
   </div>
   <div class='ocr_carea' id='block_1_5' title="bbox 464 707 3630 786">
    <p class='ocr_par' dir='ltr' id='par_1_5' title="bbox 464 707 3630 786">
     <span class='ocr_line' id='line_1_5' title="bbox 464 707 3630 786; baseline 0 -20"><span class='ocrx_word' id='word_1_41' title='bbox 464 711 734 766; x_wconf 77' lang='lat' dir='ltr'><strong>State-ram</strong></span> <span class='ocrx_word' id='word_1_42' title='bbox 763 729 1015 783; x_wconf 70' lang='lat' dir='ltr'><strong>magnam</strong></span> <span class='ocrx_word' id='word_1_43' title='bbox 1067 723 1160 766; x_wconf 83' lang='lat' dir='ltr'><strong>aut</strong></span> <span class='ocrx_word' id='word_1_44' title='bbox 1193 731 1434 782; x_wconf 79' lang='lat' dir='ltr'><strong>parvam.</strong></span> <span class='ocrx_word' id='word_1_45' title='bbox 1487 713 1628 786; x_wconf 62' lang='lat' dir='ltr'><strong>[IL]</strong></span> <span class='ocrx_word' id='word_1_46' title='bbox 1671 713 1865 768; x_wconf 80' lang='lat' dir='ltr'><strong>Medos</strong></span> <span class='ocrx_word' id='word_1_47' title='bbox 1901 707 2150 764; x_wconf 67' lang='lat' dir='ltr'><strong>declarat</strong></span> <span class='ocrx_word' id='word_1_48' title='bbox 2181 707 2376 772; x_wconf 89' lang='lat' dir='ltr'><strong>nobis,</strong></span> <span class='ocrx_word' id='word_1_49' title='bbox 2403 707 2608 778; x_wconf 81' lang='lat' dir='ltr'><strong>quibus</strong></span> <span class='ocrx_word' id='word_1_50' title='bbox 2634 707 2868 777; x_wconf 73' lang='lat' dir='ltr'><strong>iustitia:</strong></span> <span class='ocrx_word' id='word_1_51' title='bbox 2899 721 3092 764; x_wconf 73' lang='lat' dir='ltr'><strong>exacta</strong></span> <span class='ocrx_word' id='word_1_52' title='bbox 3159 711 3344 779; x_wconf 83' lang='lat' dir='ltr'><strong>regula</strong></span> <span class='ocrx_word' id='word_1_53' title='bbox 3393 711 3630 766; x_wconf 82' lang='lat' dir='ltr'><strong>obtineri</strong></span> 
     </span>
    </p>
   </div>
   <div class='ocr_carea' id='block_1_6' title="bbox 387 795 3634 870">
    <p class='ocr_par' dir='ltr' id='par_1_6' title="bbox 387 795 3634 870">
     <span class='ocr_line' id='line_1_6' title="bbox 387 795 3634 870; baseline 0.001 -20"><span class='ocrx_word' id='word_1_54' title='bbox 387 799 590 868; x_wconf 77' lang='lat' dir='ltr'><strong>possit,</strong></span> <span class='ocrx_word' id='word_1_55' title='bbox 639 801 688 854; x_wconf 85' lang='lat' dir='ltr'><strong>si</strong></span> <span class='ocrx_word' id='word_1_56' title='bbox 723 800 942 855; x_wconf 84' lang='lat' dir='ltr'><strong>animus</strong></span> <span class='ocrx_word' id='word_1_57' title='bbox 975 801 1348 870; x_wconf 62' lang='lat' dir='ltr'><strong>mquilibrium</strong></span> <span class='ocrx_word' id='word_1_58' title='bbox 1397 815 1624 856; x_wconf 86' lang='lat' dir='ltr'><strong>servare</strong></span> <span class='ocrx_word' id='word_1_59' title='bbox 1661 797 1988 854; x_wconf 81' lang='lat' dir='ltr'><strong>decreverit.</strong></span> <span class='ocrx_word' id='word_1_60' title='bbox 2023 795 2228 851; x_wconf 78' lang='lat' dir='ltr'><strong>Verum</strong></span> <span class='ocrx_word' id='word_1_61' title='bbox 2259 795 2544 850; x_wconf 75' lang='lat' dir='ltr'><strong>enimvero</strong></span> <span class='ocrx_word' id='word_1_62' title='bbox 2571 797 2970 852; x_wconf 74' lang='lat' dir='ltr'><strong>excellentiora</strong></span> <span class='ocrx_word' id='word_1_63' title='bbox 3015 799 3198 852; x_wconf 88' lang='lat' dir='ltr'><strong>adhuc</strong></span> <span class='ocrx_word' id='word_1_64' title='bbox 3227 813 3324 868; x_wconf 90' lang='lat' dir='ltr'><strong>per</strong></span> <span class='ocrx_word' id='word_1_65' title='bbox 3349 798 3634 858; x_wconf 74' lang='lat' dir='ltr'><strong>Christum</strong></span> 
     </span>
    </p>
   </div>
   <div class='ocr_carea' id='block_1_7' title="bbox 391 876 3638 955">
    <p class='ocr_par' dir='ltr' id='par_1_7' title="bbox 391 876 3638 955">
     <span class='ocr_line' id='line_1_7' title="bbox 391 876 3638 955; baseline 0 -17"><span class='ocrx_word' id='word_1_66' title='bbox 391 885 592 938; x_wconf 86' lang='lat' dir='ltr'><strong>tradita</strong></span> <span class='ocrx_word' id='word_1_67' title='bbox 651 895 802 940; x_wconf 90' lang='lat' dir='ltr'><strong>sunt.</strong></span> <span class='ocrx_word' id='word_1_68' title='bbox 840 887 984 942; x_wconf 80' lang='lat' dir='ltr'><strong>lusti</strong></span> <span class='ocrx_word' id='word_1_69' title='bbox 1016 889 1160 943; x_wconf 88' lang='lat' dir='ltr'><strong>enim</strong></span> <span class='ocrx_word' id='word_1_70' title='bbox 1211 889 1336 942; x_wconf 87' lang='lat' dir='ltr'><strong>linis</strong></span> <span class='ocrx_word' id='word_1_71' title='bbox 1375 888 1584 944; x_wconf 89' lang='lat' dir='ltr'><strong>bonum</strong></span> <span class='ocrx_word' id='word_1_72' title='bbox 1635 897 1738 942; x_wconf 89' lang='lat' dir='ltr'><strong>est.</strong></span> <span class='ocrx_word' id='word_1_73' title='bbox 1783 884 2056 950; x_wconf 80' lang='lat' dir='ltr'><strong>Quocirca</strong></span> <span class='ocrx_word' id='word_1_74' title='bbox 2103 881 2229 934; x_wconf 87' lang='lat' dir='ltr'><strong>ait:</strong></span> <span class='ocrx_word' id='word_1_75' title='bbox 2278 897 2296 930; x_wconf 78' lang='grc' dir='ltr'>ι</span> <span class='ocrx_word' id='word_1_76' title='bbox 2325 876 2441 933; x_wconf 79' lang='lat' dir='ltr'><strong>Nisi</strong></span> <span class='ocrx_word' id='word_1_77' title='bbox 2497 878 2866 934; x_wconf 76' lang='lat' dir='ltr'><strong>abundaverit</strong></span> <span class='ocrx_word' id='word_1_78' title='bbox 2909 880 3128 950; x_wconf 68' lang='lat' dir='ltr'><strong>iustitia</strong></span> <span class='ocrx_word' id='word_1_79' title='bbox 3173 891 3356 936; x_wconf 85' lang='lat' dir='ltr'><strong>vestra</strong></span> <span class='ocrx_word' id='word_1_80' title='bbox 3399 885 3638 955; x_wconf 85' lang='lat' dir='ltr'><strong>amplius</strong></span> 
     </span>
    </p>
   </div>
   <div class='ocr_carea' id='block_1_8' title="bbox 387 967 2858 1045">
    <p class='ocr_par' dir='ltr' id='par_1_8' title="bbox 387 967 2858 1045">
     <span class='ocr_line' id='line_1_8' title="bbox 387 967 2858 1045; baseline -0.002 -19"><span class='ocrx_word' id='word_1_81' title='bbox 387 987 552 1042; x_wconf 89' lang='lat' dir='ltr'><strong>quam</strong></span> <span class='ocrx_word' id='word_1_82' title='bbox 579 971 912 1028; x_wconf 83' lang='lat' dir='ltr'><strong>Scribarum</strong></span> <span class='ocrx_word' id='word_1_83' title='bbox 945 984 998 1028; x_wconf 88' lang='lat' dir='ltr'><strong>et</strong></span> <span class='ocrx_word' id='word_1_84' title='bbox 1025 973 1464 1042; x_wconf 67' lang='lat' dir='ltr'><strong>Pharisaeorum,</strong></span> <span class='ocrx_word' id='word_1_85' title='bbox 1497 990 1608 1028; x_wconf 86' lang='lat' dir='ltr'><strong>non</strong></span> <span class='ocrx_word' id='word_1_86' title='bbox 1641 971 2030 1045; x_wconf 86' lang='lat' dir='ltr'><strong>ingrediemini</strong></span> <span class='ocrx_word' id='word_1_87' title='bbox 2055 969 2112 1026; x_wconf 90' lang='lat' dir='ltr'><strong>in</strong></span> <span class='ocrx_word' id='word_1_88' title='bbox 2145 981 2376 1038; x_wconf 86' lang='lat' dir='ltr'><strong>regnum</strong></span> <span class='ocrx_word' id='word_1_89' title='bbox 2410 967 2680 1022; x_wconf 76' lang='lat' dir='ltr'><strong>etelorum</strong></span> <span class='ocrx_word' id='word_1_90' title='bbox 2717 969 2786 1022; x_wconf 77' lang='grc'><strong>⁷⁸.</strong></span> <span class='ocrx_word' id='word_1_91' title='bbox 2837 986 2858 1022; x_wconf 73' lang='grc' dir='ltr'><strong><em>ι</em></strong></span> 
     </span>
    </p>
   </div>
   <div class='ocr_carea' id='block_1_9' title="bbox 471 1061 2065 1140">
    <p class='ocr_par' dir='ltr' id='par_1_9' title="bbox 471 1069 2040 1140">
     <span class='ocr_line' id='line_1_9' title="bbox 471 1069 2040 1140; baseline -0.002 -16"><span class='ocrx_word' id='word_1_92' title='bbox 471 1069 846 1138; x_wconf 67' lang='grc' dir='ltr'><strong>Ἐξαλείψεις</strong></span> <span class='ocrx_word' id='word_1_93' title='bbox 877 1069 943 1123; x_wconf 77' lang='grc' dir='ltr'><strong>τὸ</strong></span> <span class='ocrx_word' id='word_1_94' title='bbox 973 1071 1162 1140; x_wconf 74' lang='grc' dir='ltr'><strong>ὄνομα</strong></span> <span class='ocrx_word' id='word_1_95' title='bbox 1203 1071 1490 1140; x_wconf 74' lang='grc' dir='ltr'><strong>Ἀμαλήκ.</strong></span> <span class='ocrx_word' id='word_1_96' title='bbox 1537 1070 1708 1124; x_wconf 79' lang='grc' dir='ltr'><strong>Τοῦτο</strong></span> <span class='ocrx_word' id='word_1_97' title='bbox 1739 1070 1960 1138; x_wconf 81' lang='grc' dir='ltr'><strong>ποιῆσαι</strong></span> <span class='ocrx_word' id='word_1_98' title='bbox 1993 1073 2040 1130; x_wconf 75' lang='grc' dir='ltr'>Α</span> 
     </span>
    </p>
   </div>
   <div class='ocr_carea' id='block_1_10' title="bbox 2043 1061 3637 1140">
    <p class='ocr_par' dir='ltr' id='par_1_10' title="bbox 2136 1061 3637 1137">
     <span class='ocr_line' id='line_1_10' title="bbox 2136 1061 3637 1137; baseline 0.003 -19"><span class='ocrx_word' id='word_1_99' title='bbox 2136 1062 2348 1118; x_wconf 77' lang='lat' dir='ltr'><strong>Delebis</strong></span> <span class='ocrx_word' id='word_1_100' title='bbox 2388 1061 2632 1132; x_wconf 77' lang='lat' dir='ltr'><strong>funditus</strong></span> <span class='ocrx_word' id='word_1_101' title='bbox 2673 1079 2860 1118; x_wconf 82' lang='lat' dir='ltr'><strong>nomen</strong></span> <span class='ocrx_word' id='word_1_102' title='bbox 2891 1063 3128 1118; x_wconf 79' lang='lat' dir='ltr'><strong>Amalec.</strong></span> <span class='ocrx_word' id='word_1_103' title='bbox 3159 1063 3300 1137; x_wconf 89' lang='lat'><strong>[19.]</strong></span> <span class='ocrx_word' id='word_1_104' title='bbox 3335 1063 3452 1120; x_wconf 91' lang='lat' dir='ltr'><strong>lloc</strong></span> <span class='ocrx_word' id='word_1_105' title='bbox 3486 1065 3637 1122; x_wconf 86' lang='lat' dir='ltr'><strong>Sauli</strong></span> 
     </span>
    </p>
   </div>
   <div class='ocr_carea' id='block_1_11' title="bbox 386 1150 1980 1228">
    <p class='ocr_par' dir='ltr' id='par_1_11' title="bbox 386 1153 1960 1228">
     <span class='ocr_line' id='line_1_11' title="bbox 386 1153 1960 1228; baseline -0.004 -16"><span class='ocrx_word' id='word_1_106' title='bbox 386 1158 474 1212; x_wconf 82' lang='grc' dir='ltr'><strong>διὰ</strong></span> <span class='ocrx_word' id='word_1_107' title='bbox 521 1157 776 1228; x_wconf 80' lang='grc' dir='ltr'><strong>Σαμουὴλ</strong></span> <span class='ocrx_word' id='word_1_108' title='bbox 805 1160 832 1210; x_wconf 85' lang='grc' dir='ltr'>ὁ</span> <span class='ocrx_word' id='word_1_109' title='bbox 854 1158 1026 1212; x_wconf 79' lang='grc' dir='ltr'>Σαοὺλ</span> <span class='ocrx_word' id='word_1_110' title='bbox 1055 1158 1474 1228; x_wconf 66' lang='grc' dir='ltr'><strong>προσετέτακτο,</strong></span> <span class='ocrx_word' id='word_1_111' title='bbox 1507 1157 1602 1210; x_wconf 75' lang='grc' dir='ltr'>καὶ</span> <span class='ocrx_word' id='word_1_112' title='bbox 1633 1156 1709 1227; x_wconf 82' lang='grc' dir='ltr'><strong>μὴ</strong></span> <span class='ocrx_word' id='word_1_113' title='bbox 1739 1153 1960 1218; x_wconf 76' lang='grc' dir='ltr'><strong>τελείως</strong></span> 
     </span>
    </p>
   </div>
   <div class='ocr_carea' id='block_1_12' title="bbox 2043 1150 3637 1228">
    <p class='ocr_par' dir='ltr' id='par_1_12' title="bbox 2069 1150 3637 1224">
     <span class='ocr_line' id='line_1_12' title="bbox 2069 1150 3637 1224; baseline 0 -16"><span class='ocrx_word' id='word_1_114' title='bbox 2069 1169 2168 1224; x_wconf 85' lang='lat' dir='ltr'><strong>per</strong></span> <span class='ocrx_word' id='word_1_115' title='bbox 2194 1151 2501 1208; x_wconf 88' lang='lat' dir='ltr'><strong>Samuelem</strong></span> <span class='ocrx_word' id='word_1_116' title='bbox 2545 1150 2728 1208; x_wconf 80' lang='lat' dir='ltr'><strong>facere</strong></span> <span class='ocrx_word' id='word_1_117' title='bbox 2754 1165 2839 1208; x_wconf 87' lang='lat' dir='ltr'><strong>est</strong></span> <span class='ocrx_word' id='word_1_118' title='bbox 2883 1153 3235 1224; x_wconf 85' lang='lat' dir='ltr'><strong>imperatum,</strong></span> <span class='ocrx_word' id='word_1_119' title='bbox 3288 1169 3475 1210; x_wconf 87' lang='lat' dir='ltr'><strong>verum</strong></span> <span class='ocrx_word' id='word_1_120' title='bbox 3512 1170 3637 1210; x_wconf 92' lang='lat' dir='ltr'><strong>cum</strong></span> 
     </span>
    </p>
   </div>
   <div class='ocr_carea' id='block_1_13' title="bbox 389 1244 1983 1322">
    <p class='ocr_par' dir='ltr' id='par_1_13' title="bbox 389 1249 1360 1322">
     <span class='ocr_line' id='line_1_13' title="bbox 389 1249 1360 1322; baseline 0.002 -18"><span class='ocrx_word' id='word_1_121' title='bbox 389 1251 641 1322; x_wconf 74' lang='grc' dir='ltr'><strong>ποιήσας,</strong></span> <span class='ocrx_word' id='word_1_122' title='bbox 679 1253 778 1322; x_wconf 78' lang='grc' dir='ltr'><strong>τῆς</strong></span> <span class='ocrx_word' id='word_1_123' title='bbox 810 1249 1085 1321; x_wconf 75' lang='grc' dir='ltr'><strong>βασιλείας</strong></span> <span class='ocrx_word' id='word_1_124' title='bbox 1115 1249 1360 1320; x_wconf 75' lang='grc' dir='ltr'><strong>ἐξέπεσε.</strong></span> 
     </span>
    </p>
   </div>
   <div class='ocr_carea' id='block_1_14' title="bbox 2047 1244 3641 1322">
    <p class='ocr_par' dir='ltr' id='par_1_14' title="bbox 2069 1244 3641 1318">
     <span class='ocr_line' id='line_1_14' title="bbox 2069 1244 3641 1318; baseline 0.003 -20"><span class='ocrx_word' id='word_1_125' title='bbox 2069 1258 2182 1300; x_wconf 90' lang='lat' dir='ltr'><strong>non</strong></span> <span class='ocrx_word' id='word_1_126' title='bbox 2207 1244 2464 1299; x_wconf 83' lang='lat' dir='ltr'><strong>omnibus</strong></span> <span class='ocrx_word' id='word_1_127' title='bbox 2495 1245 2736 1301; x_wconf 85' lang='lat' dir='ltr'><strong>numeris</strong></span> <span class='ocrx_word' id='word_1_128' title='bbox 2765 1253 2911 1300; x_wconf 83' lang='lat' dir='ltr'><strong>esset</strong></span> <span class='ocrx_word' id='word_1_129' title='bbox 2937 1253 3256 1310; x_wconf 74' lang='lat' dir='ltr'><strong>exsecutus,</strong></span> <span class='ocrx_word' id='word_1_130' title='bbox 3286 1261 3458 1318; x_wconf 82' lang='lat' dir='ltr'><strong>regno</strong></span> <span class='ocrx_word' id='word_1_131' title='bbox 3488 1247 3641 1302; x_wconf 81' lang='lat' dir='ltr'><strong>exci-</strong></span> 
     </span>
    </p>
   </div>
   <div class='ocr_carea' id='block_1_15' title="bbox 2065 1336 2168 1390">
    <p class='ocr_par' dir='ltr' id='par_1_15' title="bbox 2065 1336 2168 1390">
     <span class='ocr_line' id='line_1_15' title="bbox 2065 1336 2168 1390; baseline 0 0"><span class='ocrx_word' id='word_1_132' title='bbox 2065 1336 2168 1390; x_wconf 84' lang='lat' dir='ltr'><strong>dit.</strong></span> 
     </span>
    </p>
   </div>
   <div class='ocr_carea' id='block_1_16' title="bbox 459 1442 3638 1518">
    <p class='ocr_par' dir='ltr' id='par_1_16' title="bbox 459 1442 3638 1518">
     <span class='ocr_line' id='line_1_16' title="bbox 459 1442 3638 1518; baseline -0.001 -16"><span class='ocrx_word' id='word_1_133' title='bbox 459 1447 532 1502; x_wconf 87' lang='lat' dir='ltr'><strong>Et</strong></span> <span class='ocrx_word' id='word_1_134' title='bbox 561 1447 822 1503; x_wconf 70' lang='lat' dir='ltr'><strong>excitabis</strong></span> <span class='ocrx_word' id='word_1_135' title='bbox 849 1449 944 1503; x_wconf 84' lang='lat' dir='ltr'><strong>tibi</strong></span> <span class='ocrx_word' id='word_1_136' title='bbox 975 1449 1080 1517; x_wconf 78' lang='lat' dir='ltr'><strong>ipsi</strong></span> <span class='ocrx_word' id='word_1_137' title='bbox 1113 1447 1316 1517; x_wconf 80' lang='lat' dir='ltr'><strong>lapides</strong></span> <span class='ocrx_word' id='word_1_138' title='bbox 1343 1463 1584 1518; x_wconf 74' lang='lat' dir='ltr'><strong>magnos.</strong></span> <span class='ocrx_word' id='word_1_139' title='bbox 1621 1445 1858 1518; x_wconf 76' lang='lat' dir='ltr'><strong>[XXVIL</strong></span> <span class='ocrx_word' id='word_1_140' title='bbox 1889 1442 1970 1516; x_wconf 73' lang='lat'><strong>2.]</strong></span> <span class='ocrx_word' id='word_1_141' title='bbox 2013 1443 2252 1514; x_wconf 85' lang='lat' dir='ltr'><strong>Lapides</strong></span> <span class='ocrx_word' id='word_1_142' title='bbox 2287 1443 2510 1516; x_wconf 82' lang='lat' dir='ltr'><strong>quidem</strong></span> <span class='ocrx_word' id='word_1_143' title='bbox 2545 1445 2780 1516; x_wconf 82' lang='lat' dir='ltr'><strong>apostoli</strong></span> <span class='ocrx_word' id='word_1_144' title='bbox 2811 1451 2940 1500; x_wconf 87' lang='lat' dir='ltr'><strong>sunt</strong></span> <span class='ocrx_word' id='word_1_145' title='bbox 2985 1445 3040 1500; x_wconf 88' lang='lat' dir='ltr'><strong>in</strong></span> <span class='ocrx_word' id='word_1_146' title='bbox 3079 1445 3190 1499; x_wconf 88' lang='lat' dir='ltr'><strong>alto</strong></span> <span class='ocrx_word' id='word_1_147' title='bbox 3233 1445 3514 1510; x_wconf 86' lang='lat' dir='ltr'><strong>collocati,</strong></span> <span class='ocrx_word' id='word_1_148' title='bbox 3541 1447 3638 1516; x_wconf 91' lang='lat' dir='ltr'><strong>qui</strong></span> 
     </span>
    </p>
   </div>
   <div class='ocr_carea' id='block_1_17' title="bbox 395 1532 3640 1606">
    <p class='ocr_par' dir='ltr' id='par_1_17' title="bbox 395 1532 3640 1606">
     <span class='ocr_line' id='line_1_17' title="bbox 395 1532 3640 1606; baseline -0.001 -16"><span class='ocrx_word' id='word_1_149' title='bbox 395 1549 520 1590; x_wconf 83' lang='lat' dir='ltr'><strong>cum</strong></span> <span class='ocrx_word' id='word_1_150' title='bbox 551 1536 859 1592; x_wconf 78' lang='lat' dir='ltr'><strong>virtutibus</strong></span> <span class='ocrx_word' id='word_1_151' title='bbox 881 1543 944 1592; x_wconf 84' lang='lat' dir='ltr'><strong>et</strong></span> <span class='ocrx_word' id='word_1_152' title='bbox 971 1535 1332 1606; x_wconf 79' lang='lat' dir='ltr'><strong>Opinionibus</strong></span> <span class='ocrx_word' id='word_1_153' title='bbox 1379 1541 1570 1590; x_wconf 89' lang='lat' dir='ltr'><strong>essent</strong></span> <span class='ocrx_word' id='word_1_154' title='bbox 1607 1532 1922 1602; x_wconf 81' lang='lat' dir='ltr'><strong>conspicui,</strong></span> <span class='ocrx_word' id='word_1_155' title='bbox 1957 1547 2128 1603; x_wconf 85' lang='lat' dir='ltr'><strong>supra</strong></span> <span class='ocrx_word' id='word_1_156' title='bbox 2159 1549 2263 1590; x_wconf 88' lang='lat' dir='ltr'><strong>nos</strong></span> <span class='ocrx_word' id='word_1_157' title='bbox 2299 1541 2428 1589; x_wconf 90' lang='lat' dir='ltr'><strong>sunt</strong></span> <span class='ocrx_word' id='word_1_158' title='bbox 2461 1534 2780 1590; x_wconf 82' lang='lat' dir='ltr'><strong>constituti.</strong></span> <span class='ocrx_word' id='word_1_159' title='bbox 2823 1534 2904 1588; x_wconf 81' lang='lat' dir='ltr'><strong>Ad</strong></span> <span class='ocrx_word' id='word_1_160' title='bbox 2935 1548 3076 1604; x_wconf 87' lang='lat' dir='ltr'><strong>quos</strong></span> <span class='ocrx_word' id='word_1_161' title='bbox 3107 1533 3364 1590; x_wconf 84' lang='lat' dir='ltr'><strong>Christus</strong></span> <span class='ocrx_word' id='word_1_162' title='bbox 3411 1533 3591 1604; x_wconf 88' lang='lat' dir='ltr'><strong>inquit</strong></span> <span class='ocrx_word' id='word_1_163' title='bbox 3625 1552 3640 1588; x_wconf 92' lang='lat'><strong>:</strong></span> 
     </span>
    </p>
   </div>
   <div class='ocr_carea' id='block_1_18' title="bbox 399 1620 3641 1691">
    <p class='ocr_par' dir='ltr' id='par_1_18' title="bbox 399 1620 3641 1691">
     <span class='ocr_line' id='line_1_18' title="bbox 399 1620 3641 1691; baseline 0.001 -17"><span class='ocrx_word' id='word_1_164' title='bbox 399 1641 422 1674; x_wconf 66' lang='grc' dir='ltr'><em>ς</em></span> <span class='ocrx_word' id='word_1_165' title='bbox 447 1622 560 1678; x_wconf 72' lang='lat' dir='ltr'><strong>Vos</strong></span> <span class='ocrx_word' id='word_1_166' title='bbox 595 1624 760 1678; x_wconf 81' lang='lat' dir='ltr'><strong>amici</strong></span> <span class='ocrx_word' id='word_1_167' title='bbox 811 1625 920 1680; x_wconf 85' lang='lat' dir='ltr'><strong>mei</strong></span> <span class='ocrx_word' id='word_1_168' title='bbox 949 1625 1090 1680; x_wconf 79' lang='lat' dir='ltr'><strong>estis</strong></span> <span class='ocrx_word' id='word_1_169' title='bbox 1111 1624 1180 1676; x_wconf 74' lang='grc'><strong>⁸⁸.</strong></span> <span class='ocrx_word' id='word_1_170' title='bbox 1215 1641 1236 1674; x_wconf 71' lang='grc' dir='ltr'><strong><em>ι</em></strong></span> <span class='ocrx_word' id='word_1_171' title='bbox 1277 1623 1428 1688; x_wconf 88' lang='lat' dir='ltr'><strong>Quos</strong></span> <span class='ocrx_word' id='word_1_172' title='bbox 1467 1623 1600 1676; x_wconf 83' lang='lat' dir='ltr'><strong>item</strong></span> <span class='ocrx_word' id='word_1_173' title='bbox 1659 1621 1842 1678; x_wconf 83' lang='lat' dir='ltr'><strong>lumen</strong></span> <span class='ocrx_word' id='word_1_174' title='bbox 1893 1629 1951 1676; x_wconf 79' lang='lat' dir='ltr'><strong>et</strong></span> <span class='ocrx_word' id='word_1_175' title='bbox 1983 1623 2154 1676; x_wconf 91' lang='lat' dir='ltr'><strong>salem</strong></span> <span class='ocrx_word' id='word_1_176' title='bbox 2203 1621 2394 1676; x_wconf 91' lang='lat' dir='ltr'><strong>mundi</strong></span> <span class='ocrx_word' id='word_1_177' title='bbox 2455 1621 2830 1690; x_wconf 75' lang='lat' dir='ltr'><strong>nuncupat“.</strong></span> <span class='ocrx_word' id='word_1_178' title='bbox 2873 1620 3124 1691; x_wconf 86' lang='lat' dir='ltr'><strong>Denique</strong></span> <span class='ocrx_word' id='word_1_179' title='bbox 3185 1624 3350 1677; x_wconf 90' lang='lat' dir='ltr'><strong>etiam</strong></span> <span class='ocrx_word' id='word_1_180' title='bbox 3389 1623 3641 1678; x_wconf 86' lang='lat' dir='ltr'><strong>medicos</strong></span> 
     </span>
    </p>
   </div>
   <div class='ocr_carea' id='block_1_19' title="bbox 391 1707 3642 1780">
    <p class='ocr_par' dir='ltr' id='par_1_19' title="bbox 391 1707 3642 1780">
     <span class='ocr_line' id='line_1_19' title="bbox 391 1707 3642 1780; baseline -0.001 -14"><span class='ocrx_word' id='word_1_181' title='bbox 391 1709 725 1779; x_wconf 78' lang='lat' dir='ltr'><strong>designavit,</strong></span> <span class='ocrx_word' id='word_1_182' title='bbox 756 1710 952 1766; x_wconf 84' lang='lat' dir='ltr'><strong>dicens</strong></span> <span class='ocrx_word' id='word_1_183' title='bbox 987 1727 1001 1766; x_wconf 89' lang='lat'><strong>:</strong></span> <span class='ocrx_word' id='word_1_184' title='bbox 1031 1727 1054 1762; x_wconf 71' lang='grc' dir='ltr'><strong><em>ι</em></strong></span> <span class='ocrx_word' id='word_1_185' title='bbox 1081 1710 1335 1764; x_wconf 83' lang='lat' dir='ltr'><strong>lntirmos</strong></span> <span class='ocrx_word' id='word_1_186' title='bbox 1382 1717 1598 1773; x_wconf 81' lang='lat' dir='ltr'><strong>curate,</strong></span> <span class='ocrx_word' id='word_1_187' title='bbox 1645 1707 1916 1762; x_wconf 74' lang='lat' dir='ltr'><strong>daemonia</strong></span> <span class='ocrx_word' id='word_1_188' title='bbox 1955 1707 2162 1776; x_wconf 79' lang='lat' dir='ltr'><strong>ejicite,</strong></span> <span class='ocrx_word' id='word_1_189' title='bbox 2221 1707 2477 1777; x_wconf 86' lang='lat' dir='ltr'><strong>leprosos</strong></span> <span class='ocrx_word' id='word_1_190' title='bbox 2517 1709 2800 1768; x_wconf 81' lang='lat' dir='ltr'><strong>mandate.</strong></span> <span class='ocrx_word' id='word_1_191' title='bbox 2854 1717 3103 1762; x_wconf 88' lang='lat' dir='ltr'><strong>mortuos</strong></span> <span class='ocrx_word' id='word_1_192' title='bbox 3150 1711 3410 1774; x_wconf 75' lang='lat' dir='ltr'><strong>excitate,</strong></span> <span class='ocrx_word' id='word_1_193' title='bbox 3469 1710 3642 1780; x_wconf 77' lang='lat' dir='ltr'><strong>gratis</strong></span> 
     </span>
    </p>
   </div>
   <div class='ocr_carea' id='block_1_20' title="bbox 391 1793 3636 1867">
    <p class='ocr_par' dir='ltr' id='par_1_20' title="bbox 391 1793 3636 1867">
     <span class='ocr_line' id='line_1_20' title="bbox 391 1793 3636 1867; baseline -0 -17"><span class='ocrx_word' id='word_1_194' title='bbox 391 1797 708 1866; x_wconf 88' lang='lat' dir='ltr'><strong>accepistis,</strong></span> <span class='ocrx_word' id='word_1_195' title='bbox 763 1797 937 1867; x_wconf 82' lang='lat' dir='ltr'><strong>gratis</strong></span> <span class='ocrx_word' id='word_1_196' title='bbox 990 1797 1205 1850; x_wconf 88' lang='lat' dir='ltr'><strong>reddite</strong></span> <span class='ocrx_word' id='word_1_197' title='bbox 1228 1795 1296 1846; x_wconf 76' lang='grc'><strong>⁸³.</strong></span> <span class='ocrx_word' id='word_1_198' title='bbox 1325 1815 1342 1846; x_wconf 71' lang='grc' dir='ltr'><strong>ι</strong></span> <span class='ocrx_word' id='word_1_199' title='bbox 1379 1793 1456 1848; x_wconf 90' lang='lat' dir='ltr'><strong>De</strong></span> <span class='ocrx_word' id='word_1_200' title='bbox 1498 1795 1700 1863; x_wconf 87' lang='lat' dir='ltr'><strong>quibus</strong></span> <span class='ocrx_word' id='word_1_201' title='bbox 1751 1793 2028 1863; x_wconf 90' lang='lat' dir='ltr'><strong>proditum</strong></span> <span class='ocrx_word' id='word_1_202' title='bbox 2061 1803 2148 1848; x_wconf 91' lang='lat' dir='ltr'><strong>est</strong></span> <span class='ocrx_word' id='word_1_203' title='bbox 2186 1809 2200 1846; x_wconf 87' lang='lat'><strong>:</strong></span> <span class='ocrx_word' id='word_1_204' title='bbox 2243 1812 2260 1844; x_wconf 75' lang='grc' dir='ltr'><strong>α</strong></span> <span class='ocrx_word' id='word_1_205' title='bbox 2293 1793 2526 1864; x_wconf 84' lang='lat' dir='ltr'><strong>Lapides</strong></span> <span class='ocrx_word' id='word_1_206' title='bbox 2557 1795 2731 1848; x_wconf 87' lang='lat' dir='ltr'><strong>sancti</strong></span> <span class='ocrx_word' id='word_1_207' title='bbox 2760 1793 3053 1850; x_wconf 86' lang='lat' dir='ltr'><strong>volvuntur</strong></span> <span class='ocrx_word' id='word_1_208' title='bbox 3075 1810 3239 1864; x_wconf 90' lang='lat' dir='ltr'><strong>super</strong></span> <span class='ocrx_word' id='word_1_209' title='bbox 3277 1803 3479 1849; x_wconf 87' lang='lat' dir='ltr'><strong>terram</strong></span> <span class='ocrx_word' id='word_1_210' title='bbox 3512 1795 3578 1852; x_wconf 82' lang='grc'><strong>⁸³.</strong></span> <span class='ocrx_word' id='word_1_211' title='bbox 3617 1815 3636 1848; x_wconf 74' lang='grc' dir='ltr'><strong>ι</strong></span> 
     </span>
    </p>
   </div>
   <div class='ocr_carea' id='block_1_21' title="bbox 389 1879 3642 1953">
    <p class='ocr_par' dir='ltr' id='par_1_21' title="bbox 389 1879 3642 1953">
     <span class='ocr_line' id='line_1_21' title="bbox 389 1879 3642 1953; baseline 0 -16"><span class='ocrx_word' id='word_1_212' title='bbox 389 1881 772 1953; x_wconf 82' lang='lat' dir='ltr'><strong>Undequaque</strong></span> <span class='ocrx_word' id='word_1_213' title='bbox 806 1883 954 1938; x_wconf 88' lang='lat' dir='ltr'><strong>enim</strong></span> <span class='ocrx_word' id='word_1_214' title='bbox 985 1883 1314 1937; x_wconf 90' lang='lat' dir='ltr'><strong>oberrantes</strong></span> <span class='ocrx_word' id='word_1_215' title='bbox 1349 1883 1636 1936; x_wconf 82' lang='lat' dir='ltr'><strong>veritatem</strong></span> <span class='ocrx_word' id='word_1_216' title='bbox 1659 1879 2106 1951; x_wconf 80' lang='lat' dir='ltr'><strong>promulgarunt.</strong></span> <span class='ocrx_word' id='word_1_217' title='bbox 2131 1880 2280 1947; x_wconf 88' lang='lat' dir='ltr'><strong>Quos</strong></span> <span class='ocrx_word' id='word_1_218' title='bbox 2311 1881 2520 1952; x_wconf 87' lang='lat' dir='ltr'><strong>lapides</strong></span> <span class='ocrx_word' id='word_1_219' title='bbox 2549 1881 2584 1935; x_wconf 90' lang='lat' dir='ltr'><strong>ii</strong></span> <span class='ocrx_word' id='word_1_220' title='bbox 2611 1882 2846 1952; x_wconf 85' lang='lat' dir='ltr'><strong>erigunt,</strong></span> <span class='ocrx_word' id='word_1_221' title='bbox 2876 1882 2968 1952; x_wconf 89' lang='lat' dir='ltr'><strong>qui</strong></span> <span class='ocrx_word' id='word_1_222' title='bbox 2999 1897 3095 1950; x_wconf 88' lang='lat' dir='ltr'><strong>per</strong></span> <span class='ocrx_word' id='word_1_223' title='bbox 3115 1881 3418 1937; x_wconf 84' lang='lat' dir='ltr'><strong>Jordanem</strong></span> <span class='ocrx_word' id='word_1_224' title='bbox 3459 1893 3642 1940; x_wconf 88' lang='lat' dir='ltr'><strong>trans-</strong></span> 
     </span>
    </p>
   </div>
   <div class='ocr_carea' id='block_1_22' title="bbox 393 1968 3646 2040">
    <p class='ocr_par' dir='ltr' id='par_1_22' title="bbox 393 1968 3646 2040">
     <span class='ocr_line' id='line_1_22' title="bbox 393 1968 3646 2040; baseline -0.001 -14"><span class='ocrx_word' id='word_1_225' title='bbox 393 1973 598 2036; x_wconf 87' lang='lat' dir='ltr'><strong>ierunt,</strong></span> <span class='ocrx_word' id='word_1_226' title='bbox 632 1973 737 2027; x_wconf 89' lang='lat' dir='ltr'><strong>hoc</strong></span> <span class='ocrx_word' id='word_1_227' title='bbox 771 1979 879 2034; x_wconf 86' lang='lat' dir='ltr'><strong>est,</strong></span> <span class='ocrx_word' id='word_1_228' title='bbox 940 1973 1036 2040; x_wconf 88' lang='lat' dir='ltr'><strong>qui</strong></span> <span class='ocrx_word' id='word_1_229' title='bbox 1073 1985 1248 2025; x_wconf 73' lang='lat' dir='ltr'><strong>saera-</strong></span> <span class='ocrx_word' id='word_1_230' title='bbox 1279 1971 1568 2025; x_wconf 89' lang='lat' dir='ltr'><strong>tiuctionis</strong></span> <span class='ocrx_word' id='word_1_231' title='bbox 1596 1971 1776 2040; x_wconf 88' lang='lat' dir='ltr'><strong>gratia</strong></span> <span class='ocrx_word' id='word_1_232' title='bbox 1807 1977 1937 2024; x_wconf 91' lang='lat' dir='ltr'><strong>sunt</strong></span> <span class='ocrx_word' id='word_1_233' title='bbox 1967 1969 2312 2038; x_wconf 84' lang='lat' dir='ltr'><strong>locupletati,</strong></span> <span class='ocrx_word' id='word_1_234' title='bbox 2349 1969 2511 2024; x_wconf 89' lang='lat' dir='ltr'><strong>iidem</strong></span> <span class='ocrx_word' id='word_1_235' title='bbox 2557 1969 2662 2024; x_wconf 86' lang='lat' dir='ltr'><strong>sibi</strong></span> <span class='ocrx_word' id='word_1_236' title='bbox 2691 1968 2827 2038; x_wconf 88' lang='lat' dir='ltr'><strong>ipsis</strong></span> <span class='ocrx_word' id='word_1_237' title='bbox 2859 1969 3179 2040; x_wconf 88' lang='lat' dir='ltr'><strong>magistros,</strong></span> <span class='ocrx_word' id='word_1_238' title='bbox 3210 1970 3301 2039; x_wconf 86' lang='lat' dir='ltr'><strong>qui</strong></span> <span class='ocrx_word' id='word_1_239' title='bbox 3339 1969 3646 2040; x_wconf 82' lang='lat' dir='ltr'><strong>pretiosum</strong></span> 
     </span>
    </p>
   </div>
   <div class='ocr_carea' id='block_1_23' title="bbox 395 2055 3622 2130">
    <p class='ocr_par' dir='ltr' id='par_1_23' title="bbox 395 2055 3622 2130">
     <span class='ocr_line' id='line_1_23' title="bbox 395 2055 3622 2130; baseline -0.001 -15"><span class='ocrx_word' id='word_1_240' title='bbox 395 2059 747 2130; x_wconf 85' lang='lat' dir='ltr'><strong>divulgarent</strong></span> <span class='ocrx_word' id='word_1_241' title='bbox 794 2055 1034 2127; x_wconf 87' lang='lat' dir='ltr'><strong>lapidem</strong></span> <span class='ocrx_word' id='word_1_242' title='bbox 1089 2059 1474 2128; x_wconf 78' lang='lat' dir='ltr'><strong>margaritam,</strong></span> <span class='ocrx_word' id='word_1_243' title='bbox 1523 2055 1914 2126; x_wconf 71' lang='lat' dir='ltr'><strong>praefecerunt.</strong></span> <span class='ocrx_word' id='word_1_244' title='bbox 1950 2057 2054 2123; x_wconf 86' lang='lat' dir='ltr'><strong>Qui</strong></span> <span class='ocrx_word' id='word_1_245' title='bbox 2103 2071 2238 2114; x_wconf 84' lang='lat' dir='ltr'><strong>sane</strong></span> <span class='ocrx_word' id='word_1_246' title='bbox 2281 2057 2508 2128; x_wconf 79' lang='lat' dir='ltr'><strong>pulvere</strong></span> <span class='ocrx_word' id='word_1_247' title='bbox 2558 2058 2771 2125; x_wconf 88' lang='lat' dir='ltr'><strong>aspersi</strong></span> <span class='ocrx_word' id='word_1_248' title='bbox 2823 2055 3147 2127; x_wconf 55' lang='lat' dir='ltr'><strong>Scriptura,</strong></span> <span class='ocrx_word' id='word_1_249' title='bbox 3191 2057 3366 2127; x_wconf 85' lang='lat' dir='ltr'><strong>legem</strong></span> <span class='ocrx_word' id='word_1_250' title='bbox 3415 2057 3622 2116; x_wconf 86' lang='lat' dir='ltr'><strong>habent</strong></span> 
     </span>
    </p>
   </div>
   <div class='ocr_carea' id='block_1_24' title="bbox 395 2143 3638 2216">
    <p class='ocr_par' dir='ltr' id='par_1_24' title="bbox 395 2143 3638 2216">
     <span class='ocr_line' id='line_1_24' title="bbox 395 2143 3638 2216; baseline 0 -16"><span class='ocrx_word' id='word_1_251' title='bbox 395 2146 662 2200; x_wconf 67' lang='lat' dir='ltr'><strong>Dilucidae</strong></span> <span class='ocrx_word' id='word_1_252' title='bbox 689 2145 834 2199; x_wconf 91' lang='lat' dir='ltr'><strong>enim</strong></span> <span class='ocrx_word' id='word_1_253' title='bbox 871 2143 1006 2214; x_wconf 83' lang='lat' dir='ltr'><strong>legis</strong></span> <span class='ocrx_word' id='word_1_254' title='bbox 1040 2145 1536 2213; x_wconf 86' lang='lat' dir='ltr'><strong>contemplationes</strong></span> <span class='ocrx_word' id='word_1_255' title='bbox 1585 2143 1730 2213; x_wconf 91' lang='lat' dir='ltr'><strong>apud</strong></span> <span class='ocrx_word' id='word_1_256' title='bbox 1762 2145 2063 2214; x_wconf 83' lang='lat' dir='ltr'><strong>apostolos,</strong></span> <span class='ocrx_word' id='word_1_257' title='bbox 2113 2145 2376 2216; x_wconf 89' lang='lat' dir='ltr'><strong>nullaque</strong></span> <span class='ocrx_word' id='word_1_258' title='bbox 2409 2147 2620 2202; x_wconf 76' lang='lat' dir='ltr'><strong>littera:</strong></span> <span class='ocrx_word' id='word_1_259' title='bbox 2653 2146 2846 2200; x_wconf 90' lang='lat' dir='ltr'><strong>umbra</strong></span> <span class='ocrx_word' id='word_1_260' title='bbox 2879 2145 3132 2202; x_wconf 69' lang='lat' dir='ltr'><strong>obducta:</strong></span> <span class='ocrx_word' id='word_1_261' title='bbox 3159 2149 3458 2202; x_wconf 80' lang='lat' dir='ltr'><strong>exsistunt.</strong></span> <span class='ocrx_word' id='word_1_262' title='bbox 3495 2147 3638 2214; x_wconf 86' lang='lat' dir='ltr'><strong>Qua-</strong></span> 
     </span>
    </p>
   </div>
   <div class='ocr_carea' id='block_1_25' title="bbox 398 2229 3646 2305">
    <p class='ocr_par' dir='ltr' id='par_1_25' title="bbox 398 2229 3646 2305">
     <span class='ocr_line' id='line_1_25' title="bbox 398 2229 3646 2305; baseline -0 -17"><span class='ocrx_word' id='word_1_263' title='bbox 398 2245 625 2305; x_wconf 84' lang='lat' dir='ltr'><strong>propter</strong></span> <span class='ocrx_word' id='word_1_264' title='bbox 675 2233 820 2286; x_wconf 87' lang='lat' dir='ltr'><strong>haud</strong></span> <span class='ocrx_word' id='word_1_265' title='bbox 853 2233 1087 2287; x_wconf 90' lang='lat' dir='ltr'><strong>obscure</strong></span> <span class='ocrx_word' id='word_1_266' title='bbox 1117 2231 1248 2286; x_wconf 91' lang='lat' dir='ltr'><strong>illud</strong></span> <span class='ocrx_word' id='word_1_267' title='bbox 1271 2247 1488 2302; x_wconf 88' lang='lat' dir='ltr'><strong>quoque</strong></span> <span class='ocrx_word' id='word_1_268' title='bbox 1519 2231 1670 2286; x_wconf 89' lang='lat' dir='ltr'><strong>addit</strong></span> <span class='ocrx_word' id='word_1_269' title='bbox 1701 2249 1712 2284; x_wconf 93' lang='lat'>:</span> <span class='ocrx_word' id='word_1_270' title='bbox 1746 2249 1764 2282; x_wconf 79' lang='grc' dir='ltr'>ι</span> <span class='ocrx_word' id='word_1_271' title='bbox 1793 2229 1938 2296; x_wconf 91' lang='lat' dir='ltr'><strong>Quin</strong></span> <span class='ocrx_word' id='word_1_272' title='bbox 1969 2231 2132 2286; x_wconf 89' lang='lat' dir='ltr'><strong>etiam</strong></span> <span class='ocrx_word' id='word_1_273' title='bbox 2170 2233 2341 2288; x_wconf 90' lang='lat' dir='ltr'><strong>altare</strong></span> <span class='ocrx_word' id='word_1_274' title='bbox 2377 2249 2444 2288; x_wconf 82' lang='lat' dir='ltr'><strong>ex</strong></span> <span class='ocrx_word' id='word_1_275' title='bbox 2483 2233 2756 2302; x_wconf 71' lang='lat' dir='ltr'><strong>lapidibus</strong></span> <span class='ocrx_word' id='word_1_276' title='bbox 2786 2247 2895 2288; x_wconf 77' lang='lat' dir='ltr'><strong>non</strong></span> <span class='ocrx_word' id='word_1_277' title='bbox 2925 2233 3094 2288; x_wconf 90' lang='lat' dir='ltr'><strong>sectis</strong></span> <span class='ocrx_word' id='word_1_278' title='bbox 3135 2234 3383 2288; x_wconf 82' lang='lat' dir='ltr'><strong>exsistat.</strong></span> <span class='ocrx_word' id='word_1_279' title='bbox 3427 2253 3444 2286; x_wconf 70' lang='grc' dir='ltr'><strong>ι</strong></span> <span class='ocrx_word' id='word_1_280' title='bbox 3477 2233 3646 2305; x_wconf 76' lang='lat' dir='ltr'><strong>Lapis</strong></span> 
     </span>
    </p>
   </div>
   <div class='ocr_carea' id='block_1_26' title="bbox 397 2315 3641 2392">
    <p class='ocr_par' dir='ltr' id='par_1_26' title="bbox 397 2315 3641 2392">
     <span class='ocr_line' id='line_1_26' title="bbox 397 2315 3641 2392; baseline -0.001 -14"><span class='ocrx_word' id='word_1_281' title='bbox 397 2322 542 2378; x_wconf 88' lang='lat' dir='ltr'><strong>enim</strong></span> <span class='ocrx_word' id='word_1_282' title='bbox 571 2317 850 2392; x_wconf 84' lang='lat' dir='ltr'><strong>ang’ularis</strong></span> <span class='ocrx_word' id='word_1_283' title='bbox 879 2320 1135 2374; x_wconf 88' lang='lat' dir='ltr'><strong>Christus</strong></span> <span class='ocrx_word' id='word_1_284' title='bbox 1165 2327 1251 2374; x_wconf 90' lang='lat' dir='ltr'><strong>est</strong></span> <span class='ocrx_word' id='word_1_285' title='bbox 1276 2319 1340 2384; x_wconf 67' lang='grc'><strong>⁸³,</strong></span> <span class='ocrx_word' id='word_1_286' title='bbox 1377 2318 1472 2388; x_wconf 92' lang='lat' dir='ltr'><strong>qui</strong></span> <span class='ocrx_word' id='word_1_287' title='bbox 1503 2317 1557 2370; x_wconf 92' lang='lat' dir='ltr'><strong>in</strong></span> <span class='ocrx_word' id='word_1_288' title='bbox 1593 2317 1951 2372; x_wconf 87' lang='lat' dir='ltr'><strong>fundamenta</strong></span> <span class='ocrx_word' id='word_1_289' title='bbox 1997 2315 2132 2373; x_wconf 89' lang='lat' dir='ltr'><strong>Sion</strong></span> <span class='ocrx_word' id='word_1_290' title='bbox 2177 2321 2393 2389; x_wconf 85' lang='lat' dir='ltr'><strong>positus</strong></span> <span class='ocrx_word' id='word_1_291' title='bbox 2421 2329 2529 2387; x_wconf 89' lang='lat' dir='ltr'><strong>est,</strong></span> <span class='ocrx_word' id='word_1_292' title='bbox 2560 2335 2725 2388; x_wconf 88' lang='lat' dir='ltr'><strong>super</strong></span> <span class='ocrx_word' id='word_1_293' title='bbox 2757 2321 2876 2390; x_wconf 91' lang='lat' dir='ltr'><strong>ipso</strong></span> <span class='ocrx_word' id='word_1_294' title='bbox 2933 2320 3136 2374; x_wconf 89' lang='lat' dir='ltr'><strong>etenim</strong></span> <span class='ocrx_word' id='word_1_295' title='bbox 3181 2320 3356 2374; x_wconf 79' lang='lat' dir='ltr'><strong>innixi</strong></span> <span class='ocrx_word' id='word_1_296' title='bbox 3383 2325 3492 2376; x_wconf 73' lang='lat' dir='ltr'><strong>&#39;ceu</strong></span> <span class='ocrx_word' id='word_1_297' title='bbox 3536 2323 3641 2376; x_wconf 82' lang='lat' dir='ltr'><strong>vivi</strong></span> 
     </span>
    </p>
   </div>
   <div class='ocr_carea' id='block_1_27' title="bbox 397 2403 3641 2478">
    <p class='ocr_par' dir='ltr' id='par_1_27' title="bbox 397 2403 3641 2478">
     <span class='ocr_line' id='line_1_27' title="bbox 397 2403 3641 2478; baseline 0 -16"><span class='ocrx_word' id='word_1_298' title='bbox 397 2408 610 2478; x_wconf 89' lang='lat' dir='ltr'><strong>lapides</strong></span> <span class='ocrx_word' id='word_1_299' title='bbox 641 2408 976 2462; x_wconf 84' lang='lat' dir='ltr'><strong>exstruimur</strong></span> <span class='ocrx_word' id='word_1_300' title='bbox 1011 2405 1212 2460; x_wconf 88' lang='lat' dir='ltr'><strong>domus</strong></span> <span class='ocrx_word' id='word_1_301' title='bbox 1257 2404 1590 2473; x_wconf 86' lang='lat' dir='ltr'><strong>spiritualis,</strong></span> <span class='ocrx_word' id='word_1_302' title='bbox 1625 2405 1682 2458; x_wconf 91' lang='lat' dir='ltr'><strong>in</strong></span> <span class='ocrx_word' id='word_1_303' title='bbox 1726 2403 1991 2472; x_wconf 87' lang='lat' dir='ltr'><strong>templum</strong></span> <span class='ocrx_word' id='word_1_304' title='bbox 2017 2415 2293 2462; x_wconf 89' lang='lat' dir='ltr'><strong>sanctum.</strong></span> <span class='ocrx_word' id='word_1_305' title='bbox 2345 2405 2647 2462; x_wconf 84' lang='lat' dir='ltr'><strong>Reddimur</strong></span> <span class='ocrx_word' id='word_1_306' title='bbox 2681 2415 2864 2460; x_wconf 88' lang='lat' dir='ltr'><strong>autem</strong></span> <span class='ocrx_word' id='word_1_307' title='bbox 2898 2407 3073 2460; x_wconf 90' lang='lat' dir='ltr'><strong>altare</strong></span> <span class='ocrx_word' id='word_1_308' title='bbox 3105 2422 3198 2476; x_wconf 88' lang='lat' dir='ltr'><strong>per</strong></span> <span class='ocrx_word' id='word_1_309' title='bbox 3229 2409 3496 2464; x_wconf 88' lang='lat' dir='ltr'><strong>unitatem</strong></span> <span class='ocrx_word' id='word_1_310' title='bbox 3529 2409 3641 2478; x_wconf 87' lang='lat' dir='ltr'><strong>spi-</strong></span> 
     </span>
    </p>
   </div>
   <div class='ocr_carea' id='block_1_28' title="bbox 397 2491 3644 2566">
    <p class='ocr_par' dir='ltr' id='par_1_28' title="bbox 397 2491 3644 2566">
     <span class='ocr_line' id='line_1_28' title="bbox 397 2491 3644 2566; baseline -0.001 -16"><span class='ocrx_word' id='word_1_311' title='bbox 397 2497 675 2560; x_wconf 89' lang='lat' dir='ltr'><strong>ritualem,</strong></span> <span class='ocrx_word' id='word_1_312' title='bbox 729 2496 777 2549; x_wconf 93' lang='lat' dir='ltr'><strong>si</strong></span> <span class='ocrx_word' id='word_1_313' title='bbox 825 2494 988 2548; x_wconf 82' lang='lat' dir='ltr'><strong>ﬁdem</strong></span> <span class='ocrx_word' id='word_1_314' title='bbox 1035 2493 1092 2546; x_wconf 92' lang='lat' dir='ltr'><strong>in</strong></span> <span class='ocrx_word' id='word_1_315' title='bbox 1129 2493 1356 2547; x_wconf 77' lang='lat' dir='ltr'><strong>Christo</strong></span> <span class='ocrx_word' id='word_1_316' title='bbox 1402 2493 1669 2546; x_wconf 89' lang='lat' dir='ltr'><strong>virtutum</strong></span> <span class='ocrx_word' id='word_1_317' title='bbox 1719 2491 1846 2544; x_wconf 88' lang='lat' dir='ltr'><strong>cibo</strong></span> <span class='ocrx_word' id='word_1_318' title='bbox 1878 2491 2230 2548; x_wconf 88' lang='lat' dir='ltr'><strong>instruimus.</strong></span> <span class='ocrx_word' id='word_1_319' title='bbox 2277 2493 2360 2549; x_wconf 86' lang='lat' dir='ltr'><strong>Ac</strong></span> <span class='ocrx_word' id='word_1_320' title='bbox 2411 2493 2640 2548; x_wconf 88' lang='lat' dir='ltr'><strong>Paulum</strong></span> <span class='ocrx_word' id='word_1_321' title='bbox 2668 2493 2848 2562; x_wconf 78' lang='lat' dir='ltr'><strong>juxta,</strong></span> <span class='ocrx_word' id='word_1_322' title='bbox 2884 2491 3134 2550; x_wconf 85' lang='lat' dir='ltr'><strong>sistimus</strong></span> <span class='ocrx_word' id='word_1_323' title='bbox 3159 2509 3396 2566; x_wconf 88' lang='lat' dir='ltr'><strong>corpora</strong></span> <span class='ocrx_word' id='word_1_324' title='bbox 3453 2508 3644 2550; x_wconf 87' lang='lat' dir='ltr'><strong>nostra</strong></span> 
     </span>
    </p>
   </div>
   <div class='ocr_carea' id='block_1_29' title="bbox 395 2578 3645 2654">
    <p class='ocr_par' dir='ltr' id='par_1_29' title="bbox 395 2578 3645 2654">
     <span class='ocr_line' id='line_1_29' title="bbox 395 2578 3645 2654; baseline 0 -18"><span class='ocrx_word' id='word_1_325' title='bbox 395 2582 634 2638; x_wconf 84' lang='lat' dir='ltr'><strong>hostiam</strong></span> <span class='ocrx_word' id='word_1_326' title='bbox 663 2583 869 2644; x_wconf 87' lang='lat' dir='ltr'><strong>vivam,</strong></span> <span class='ocrx_word' id='word_1_327' title='bbox 900 2587 1180 2649; x_wconf 77' lang='lat' dir='ltr'><strong>acceptam</strong></span> <span class='ocrx_word' id='word_1_328' title='bbox 1209 2579 1342 2642; x_wconf 87' lang='lat' dir='ltr'><strong>Deo,</strong></span> <span class='ocrx_word' id='word_1_329' title='bbox 1370 2579 1702 2633; x_wconf 84' lang='lat' dir='ltr'><strong>rationalem</strong></span> <span class='ocrx_word' id='word_1_330' title='bbox 1742 2578 1953 2632; x_wconf 90' lang='lat' dir='ltr'><strong>cultum</strong></span> <span class='ocrx_word' id='word_1_331' title='bbox 1987 2589 2260 2647; x_wconf 88' lang='lat' dir='ltr'><strong>nostrunt,</strong></span> <span class='ocrx_word' id='word_1_332' title='bbox 2317 2581 2521 2652; x_wconf 83' lang='lat' dir='ltr'><strong>integri</strong></span> <span class='ocrx_word' id='word_1_333' title='bbox 2568 2589 2622 2636; x_wconf 90' lang='lat' dir='ltr'><strong>et</strong></span> <span class='ocrx_word' id='word_1_334' title='bbox 2661 2581 2998 2636; x_wconf 89' lang='lat' dir='ltr'><strong>immaculati</strong></span> <span class='ocrx_word' id='word_1_335' title='bbox 3031 2599 3045 2645; x_wconf 91' lang='lat'><strong>;</strong></span> <span class='ocrx_word' id='word_1_336' title='bbox 3099 2597 3206 2636; x_wconf 89' lang='lat' dir='ltr'><strong>non</strong></span> <span class='ocrx_word' id='word_1_337' title='bbox 3238 2583 3398 2636; x_wconf 86' lang='lat' dir='ltr'><strong>divisi</strong></span> <span class='ocrx_word' id='word_1_338' title='bbox 3431 2583 3484 2636; x_wconf 92' lang='lat' dir='ltr'><strong>in</strong></span> <span class='ocrx_word' id='word_1_339' title='bbox 3518 2599 3645 2654; x_wconf 88' lang='lat' dir='ltr'><strong>par-</strong></span> 
     </span>
    </p>
   </div>
   <div class='ocr_carea' id='block_1_30' title="bbox 399 2667 3642 2738">
    <p class='ocr_par' dir='ltr' id='par_1_30' title="bbox 399 2667 3642 2738">
     <span class='ocr_line' id='line_1_30' title="bbox 399 2667 3642 2738; baseline -0.001 -14"><span class='ocrx_word' id='word_1_340' title='bbox 399 2678 482 2727; x_wconf 86' lang='lat' dir='ltr'><strong>tes</strong></span> <span class='ocrx_word' id='word_1_341' title='bbox 511 2669 727 2734; x_wconf 89' lang='lat' dir='ltr'><strong>tnundi,</strong></span> <span class='ocrx_word' id='word_1_342' title='bbox 758 2683 940 2737; x_wconf 85' lang='lat' dir='ltr'><strong>neque</strong></span> <span class='ocrx_word' id='word_1_343' title='bbox 970 2667 1202 2720; x_wconf 83' lang='lat' dir='ltr'><strong>vulnera</strong></span> <span class='ocrx_word' id='word_1_344' title='bbox 1231 2673 1588 2734; x_wconf 86' lang='lat' dir='ltr'><strong>peccatorum</strong></span> <span class='ocrx_word' id='word_1_345' title='bbox 1639 2671 2007 2730; x_wconf 89' lang='lat' dir='ltr'><strong>ostentantes,</strong></span> <span class='ocrx_word' id='word_1_346' title='bbox 2059 2667 2524 2738; x_wconf 85' lang='lat' dir='ltr'><strong>quemadmodum</strong></span> <span class='ocrx_word' id='word_1_347' title='bbox 2555 2667 2817 2722; x_wconf 85' lang='lat' dir='ltr'><strong>Christus</strong></span> <span class='ocrx_word' id='word_1_348' title='bbox 2869 2683 3090 2738; x_wconf 87' lang='lat' dir='ltr'><strong>quoque</strong></span> <span class='ocrx_word' id='word_1_349' title='bbox 3135 2685 3244 2724; x_wconf 90' lang='lat' dir='ltr'><strong>non</strong></span> <span class='ocrx_word' id='word_1_350' title='bbox 3295 2670 3504 2724; x_wconf 87' lang='lat' dir='ltr'><strong>divisus</strong></span> <span class='ocrx_word' id='word_1_351' title='bbox 3536 2679 3642 2734; x_wconf 86' lang='lat' dir='ltr'><strong>est,</strong></span> 
     </span>
    </p>
   </div>
   <div class='ocr_carea' id='block_1_31' title="bbox 397 2751 3646 2827">
    <p class='ocr_par' dir='ltr' id='par_1_31' title="bbox 397 2751 3646 2827">
     <span class='ocr_line' id='line_1_31' title="bbox 397 2751 3646 2827; baseline 0 -16"><span class='ocrx_word' id='word_1_352' title='bbox 397 2757 682 2827; x_wconf 86' lang='lat' dir='ltr'><strong>simplices</strong></span> <span class='ocrx_word' id='word_1_353' title='bbox 729 2769 796 2810; x_wconf 87' lang='lat' dir='ltr'><strong>ac</strong></span> <span class='ocrx_word' id='word_1_354' title='bbox 850 2769 1100 2818; x_wconf 87' lang='lat' dir='ltr'><strong>veraces,</strong></span> <span class='ocrx_word' id='word_1_355' title='bbox 1137 2751 1556 2822; x_wconf 82' lang='lat' dir='ltr'><strong>qualisPaulus</strong></span> <span class='ocrx_word' id='word_1_356' title='bbox 1608 2759 1716 2818; x_wconf 84' lang='lat' dir='ltr'><strong>est,</strong></span> <span class='ocrx_word' id='word_1_357' title='bbox 1747 2767 1878 2806; x_wconf 80' lang='lat' dir='ltr'><strong>cum</strong></span> <span class='ocrx_word' id='word_1_358' title='bbox 1904 2753 2122 2823; x_wconf 88' lang='lat' dir='ltr'><strong>inquit:</strong></span> <span class='ocrx_word' id='word_1_359' title='bbox 2175 2773 2193 2806; x_wconf 78' lang='grc' dir='ltr'>ι</span> <span class='ocrx_word' id='word_1_360' title='bbox 2225 2754 2362 2809; x_wconf 76' lang='lat' dir='ltr'><strong>Mihi</strong></span> <span class='ocrx_word' id='word_1_361' title='bbox 2395 2755 2570 2818; x_wconf 84' lang='lat' dir='ltr'><strong>enim,</strong></span> <span class='ocrx_word' id='word_1_362' title='bbox 2599 2755 2718 2810; x_wconf 89' lang='lat' dir='ltr'><strong>sive</strong></span> <span class='ocrx_word' id='word_1_363' title='bbox 2745 2755 2948 2818; x_wconf 86' lang='lat' dir='ltr'><strong>vivant,</strong></span> <span class='ocrx_word' id='word_1_364' title='bbox 2977 2757 3094 2810; x_wconf 88' lang='lat' dir='ltr'><strong>sive</strong></span> <span class='ocrx_word' id='word_1_365' title='bbox 3125 2759 3350 2822; x_wconf 89' lang='lat' dir='ltr'><strong>moriar,</strong></span> <span class='ocrx_word' id='word_1_366' title='bbox 3385 2757 3646 2813; x_wconf 82' lang='lat' dir='ltr'><strong>Christus</strong></span> 
     </span>
    </p>
   </div>
   <div class='ocr_carea' id='block_1_32' title="bbox 395 2839 3642 2916">
    <p class='ocr_par' dir='ltr' id='par_1_32' title="bbox 395 2839 3642 2916">
     <span class='ocr_line' id='line_1_32' title="bbox 395 2839 3642 2916; baseline 0 -16"><span class='ocrx_word' id='word_1_367' title='bbox 395 2845 555 2900; x_wconf 87' lang='lat' dir='ltr'><strong>lucro</strong></span> <span class='ocrx_word' id='word_1_368' title='bbox 580 2852 668 2898; x_wconf 91' lang='lat' dir='ltr'><strong>est</strong></span> <span class='ocrx_word' id='word_1_369' title='bbox 693 2843 762 2896; x_wconf 82' lang='grc'><strong>⁸⁵.</strong></span> <span class='ocrx_word' id='word_1_370' title='bbox 801 2860 820 2892; x_wconf 73' lang='grc' dir='ltr'><strong><em>ι</em></strong></span> <span class='ocrx_word' id='word_1_371' title='bbox 857 2839 1139 2910; x_wconf 87' lang='lat' dir='ltr'><strong>Tanquam</strong></span> <span class='ocrx_word' id='word_1_372' title='bbox 1173 2841 1340 2910; x_wconf 80' lang='lat' dir='ltr'><strong>igitur</strong></span> <span class='ocrx_word' id='word_1_373' title='bbox 1380 2840 1711 2894; x_wconf 80' lang='lat' dir='ltr'><strong>haberemus</strong></span> <span class='ocrx_word' id='word_1_374' title='bbox 1749 2839 2000 2894; x_wconf 70' lang='lat' dir='ltr'><strong>lmtamur</strong></span> <span class='ocrx_word' id='word_1_375' title='bbox 2027 2843 2074 2898; x_wconf 88' lang='lat' dir='ltr'><strong>si</strong></span> <span class='ocrx_word' id='word_1_376' title='bbox 2105 2843 2293 2898; x_wconf 85' lang='lat' dir='ltr'><strong>cibum</strong></span> <span class='ocrx_word' id='word_1_377' title='bbox 2323 2843 2672 2912; x_wconf 80' lang='lat' dir='ltr'><strong>spiritualem</strong></span> <span class='ocrx_word' id='word_1_378' title='bbox 2713 2845 2766 2898; x_wconf 91' lang='lat' dir='ltr'><strong>in</strong></span> <span class='ocrx_word' id='word_1_379' title='bbox 2799 2843 2982 2900; x_wconf 86' lang='lat' dir='ltr'><strong>oculis</strong></span> <span class='ocrx_word' id='word_1_380' title='bbox 3015 2842 3230 2899; x_wconf 89' lang='lat' dir='ltr'><strong>Domini</strong></span> <span class='ocrx_word' id='word_1_381' title='bbox 3281 2845 3642 2916; x_wconf 84' lang='lat' dir='ltr'><strong>percipimus,</strong></span> 
     </span>
    </p>
   </div>
   <div class='ocr_carea' id='block_1_33' title="bbox 319 2928 3645 3006">
    <p class='ocr_par' dir='ltr' id='par_1_33' title="bbox 319 2928 3645 3006">
     <span class='ocr_line' id='line_1_33' title="bbox 319 2928 3645 3006; baseline -0.001 -18"><span class='ocrx_word' id='word_1_382' title='bbox 319 2955 334 2964; x_wconf 82' lang='lat'><strong>-</strong></span> <span class='ocrx_word' id='word_1_383' title='bbox 399 2933 864 3006; x_wconf 85' lang='lat' dir='ltr'><strong>quemadmodum</strong></span> <span class='ocrx_word' id='word_1_384' title='bbox 903 2932 992 2986; x_wconf 91' lang='lat' dir='ltr'><strong>hic</strong></span> <span class='ocrx_word' id='word_1_385' title='bbox 1021 2933 1287 3001; x_wconf 90' lang='lat' dir='ltr'><strong>scriptum</strong></span> <span class='ocrx_word' id='word_1_386' title='bbox 1321 2939 1428 2994; x_wconf 88' lang='lat' dir='ltr'><strong>est,</strong></span> <span class='ocrx_word' id='word_1_387' title='bbox 1469 2939 1524 2986; x_wconf 90' lang='lat' dir='ltr'><strong>ct</strong></span> <span class='ocrx_word' id='word_1_388' title='bbox 1554 2945 1658 2986; x_wconf 85' lang='lat' dir='ltr'><strong>nos</strong></span> <span class='ocrx_word' id='word_1_389' title='bbox 1691 2931 1746 2984; x_wconf 89' lang='lat' dir='ltr'><strong>in</strong></span> <span class='ocrx_word' id='word_1_390' title='bbox 1781 2931 2053 2986; x_wconf 87' lang='lat' dir='ltr'><strong>Ecclesiis</strong></span> <span class='ocrx_word' id='word_1_391' title='bbox 2071 2929 2328 2984; x_wconf 80' lang='lat' dir='ltr'><strong>facimus.</strong></span> <span class='ocrx_word' id='word_1_392' title='bbox 2359 2928 2596 3000; x_wconf 84' lang='lat' dir='ltr'><strong>Lapides</strong></span> <span class='ocrx_word' id='word_1_393' title='bbox 2637 2945 2768 2986; x_wconf 82' lang='lat' dir='ltr'><strong>vero</strong></span> <span class='ocrx_word' id='word_1_394' title='bbox 2813 2945 2924 2986; x_wconf 89' lang='lat' dir='ltr'><strong>non</strong></span> <span class='ocrx_word' id='word_1_395' title='bbox 2947 2931 3006 2986; x_wconf 89' lang='lat' dir='ltr'><strong>in</strong></span> <span class='ocrx_word' id='word_1_396' title='bbox 3037 2941 3224 2986; x_wconf 86' lang='lat' dir='ltr'><strong>monte</strong></span> <span class='ocrx_word' id='word_1_397' title='bbox 3261 2931 3414 2998; x_wconf 88' lang='lat' dir='ltr'><strong>Ebal,</strong></span> <span class='ocrx_word' id='word_1_398' title='bbox 3453 2949 3645 2988; x_wconf 86' lang='lat' dir='ltr'><strong>verum</strong></span> 
     </span>
    </p>
   </div>
   <div class='ocr_carea' id='block_1_34' title="bbox 399 3017 3643 3090">
    <p class='ocr_par' dir='ltr' id='par_1_34' title="bbox 399 3017 3643 3090">
     <span class='ocr_line' id='line_1_34' title="bbox 399 3017 3643 3090; baseline -0.002 -10"><span class='ocrx_word' id='word_1_399' title='bbox 399 3023 644 3080; x_wconf 79' lang='lat' dir='ltr'><strong>Garizim</strong></span> <span class='ocrx_word' id='word_1_400' title='bbox 679 3023 988 3078; x_wconf 84' lang='lat' dir='ltr'><strong>collocasse</strong></span> <span class='ocrx_word' id='word_1_401' title='bbox 1029 3021 1342 3090; x_wconf 78' lang='lat' dir='ltr'><strong>exemplum</strong></span> <span class='ocrx_word' id='word_1_402' title='bbox 1387 3020 1556 3076; x_wconf 86' lang='lat' dir='ltr'><strong>habet</strong></span> <span class='ocrx_word' id='word_1_403' title='bbox 1589 3019 2006 3082; x_wconf 88' lang='lat' dir='ltr'><strong>Samariticum,</strong></span> <span class='ocrx_word' id='word_1_404' title='bbox 2037 3031 2139 3072; x_wconf 88' lang='lat' dir='ltr'><strong>nec</strong></span> <span class='ocrx_word' id='word_1_405' title='bbox 2173 3017 2318 3074; x_wconf 80' lang='lat' dir='ltr'><strong>forte</strong></span> <span class='ocrx_word' id='word_1_406' title='bbox 2343 3017 2554 3088; x_wconf 89' lang='lat' dir='ltr'><strong>absque</strong></span> <span class='ocrx_word' id='word_1_407' title='bbox 2587 3018 2818 3082; x_wconf 88' lang='lat' dir='ltr'><strong>ratione,</strong></span> <span class='ocrx_word' id='word_1_408' title='bbox 2853 3033 3028 3088; x_wconf 86' lang='lat' dir='ltr'><strong>eaque</strong></span> <span class='ocrx_word' id='word_1_409' title='bbox 3061 3018 3342 3086; x_wconf 87' lang='lat' dir='ltr'><strong>videlicet,</strong></span> <span class='ocrx_word' id='word_1_410' title='bbox 3370 3020 3643 3090; x_wconf 82' lang='lat' dir='ltr'><strong>siquidem</strong></span> 
     </span>
    </p>
   </div>
   <div class='ocr_carea' id='block_1_35' title="bbox 401 3103 3644 3180">
    <p class='ocr_par' dir='ltr' id='par_1_35' title="bbox 401 3103 3644 3180">
     <span class='ocr_line' id='line_1_35' title="bbox 401 3103 3644 3180; baseline 0.001 -20"><span class='ocrx_word' id='word_1_411' title='bbox 401 3111 474 3168; x_wconf 86' lang='lat' dir='ltr'><strong>ibi</strong></span> <span class='ocrx_word' id='word_1_412' title='bbox 524 3125 745 3180; x_wconf 82' lang='lat' dir='ltr'><strong>quoque</strong></span> <span class='ocrx_word' id='word_1_413' title='bbox 781 3107 1200 3164; x_wconf 88' lang='lat' dir='ltr'><strong>benedictiones</strong></span> <span class='ocrx_word' id='word_1_414' title='bbox 1229 3107 1347 3161; x_wconf 73' lang='lat' dir='ltr'><strong>fieri</strong></span> <span class='ocrx_word' id='word_1_415' title='bbox 1395 3105 1658 3176; x_wconf 68' lang='lat' dir='ltr'><strong>praecepit</strong></span> <span class='ocrx_word' id='word_1_416' title='bbox 1700 3123 1712 3160; x_wconf 90' lang='lat'><strong>:</strong></span> <span class='ocrx_word' id='word_1_417' title='bbox 1752 3124 1770 3156; x_wconf 84' lang='grc'><strong><em>‹</em></strong></span> <span class='ocrx_word' id='word_1_418' title='bbox 1797 3103 1856 3160; x_wconf 90' lang='lat' dir='ltr'><strong>In</strong></span> <span class='ocrx_word' id='word_1_419' title='bbox 1907 3103 2042 3160; x_wconf 88' lang='lat' dir='ltr'><strong>Ebal</strong></span> <span class='ocrx_word' id='word_1_420' title='bbox 2079 3119 2209 3161; x_wconf 86' lang='lat' dir='ltr'><strong>vero</strong></span> <span class='ocrx_word' id='word_1_421' title='bbox 2253 3104 2690 3162; x_wconf 86' lang='lat' dir='ltr'><strong>maledictiones.</strong></span> <span class='ocrx_word' id='word_1_422' title='bbox 2721 3124 2742 3157; x_wconf 72' lang='grc' dir='ltr'><strong><em>ι</em></strong></span> <span class='ocrx_word' id='word_1_423' title='bbox 2777 3105 2950 3177; x_wconf 86' lang='lat' dir='ltr'><strong>Ecqui</strong></span> <span class='ocrx_word' id='word_1_424' title='bbox 3001 3107 3170 3178; x_wconf 89' lang='lat' dir='ltr'><strong>igitur</strong></span> <span class='ocrx_word' id='word_1_425' title='bbox 3209 3115 3644 3164; x_wconf 85' lang='lat' dir='ltr'><strong>consentaneum</strong></span> 
     </span>
    </p>
   </div>
   <div class='ocr_carea' id='block_1_36' title="bbox 398 3189 3646 3264">
    <p class='ocr_par' dir='ltr' id='par_1_36' title="bbox 398 3189 3646 3264">
     <span class='ocr_line' id='line_1_36' title="bbox 398 3189 3646 3264; baseline -0.002 -9"><span class='ocrx_word' id='word_1_426' title='bbox 398 3199 568 3256; x_wconf 87' lang='lat' dir='ltr'><strong>fuerit</strong></span> <span class='ocrx_word' id='word_1_427' title='bbox 613 3198 667 3251; x_wconf 91' lang='lat' dir='ltr'><strong>in</strong></span> <span class='ocrx_word' id='word_1_428' title='bbox 701 3197 808 3250; x_wconf 91' lang='lat' dir='ltr'><strong>hoc</strong></span> <span class='ocrx_word' id='word_1_429' title='bbox 856 3195 1030 3250; x_wconf 89' lang='lat' dir='ltr'><strong>altare</strong></span> <span class='ocrx_word' id='word_1_430' title='bbox 1062 3209 1186 3250; x_wconf 75' lang='lat' dir='ltr'><strong>esse</strong></span> <span class='ocrx_word' id='word_1_431' title='bbox 1228 3193 1644 3248; x_wconf 85' lang='lat' dir='ltr'><strong>constitutum?</strong></span> <span class='ocrx_word' id='word_1_432' title='bbox 1687 3191 1858 3247; x_wconf 82' lang='lat' dir='ltr'><strong>Porro</strong></span> <span class='ocrx_word' id='word_1_433' title='bbox 1907 3191 1963 3247; x_wconf 89' lang='lat' dir='ltr'><strong>in</strong></span> <span class='ocrx_word' id='word_1_434' title='bbox 2002 3191 2146 3247; x_wconf 90' lang='lat' dir='ltr'><strong>libro</strong></span> <span class='ocrx_word' id='word_1_435' title='bbox 2185 3189 2439 3248; x_wconf 68' lang='lat' dir='ltr'><strong>Iudicum</strong></span> <span class='ocrx_word' id='word_1_436' title='bbox 2480 3192 2724 3248; x_wconf 74' lang='lat' dir='ltr'><strong>Garizim</strong></span> <span class='ocrx_word' id='word_1_437' title='bbox 2769 3203 3014 3250; x_wconf 86' lang='lat' dir='ltr'><strong>montem</strong></span> <span class='ocrx_word' id='word_1_438' title='bbox 3071 3195 3320 3250; x_wconf 89' lang='lat' dir='ltr'><strong>nominat</strong></span> <span class='ocrx_word' id='word_1_439' title='bbox 3355 3194 3446 3264; x_wconf 89' lang='lat' dir='ltr'><strong>qui</strong></span> <span class='ocrx_word' id='word_1_440' title='bbox 3499 3197 3646 3252; x_wconf 80' lang='lat' dir='ltr'><strong>circa</strong></span> 
     </span>
    </p>
   </div>
   <div class='ocr_carea' id='block_1_37' title="bbox 399 3275 3648 3356">
    <p class='ocr_par' dir='ltr' id='par_1_37' title="bbox 399 3275 3648 3356">
     <span class='ocr_line' id='line_1_37' title="bbox 399 3275 3648 3356; baseline -0 -16"><span class='ocrx_word' id='word_1_441' title='bbox 399 3283 684 3356; x_wconf 82' lang='lat' dir='ltr'><strong>Neapolim</strong></span> <span class='ocrx_word' id='word_1_442' title='bbox 715 3289 824 3346; x_wconf 88' lang='lat' dir='ltr'><strong>est,</strong></span> <span class='ocrx_word' id='word_1_443' title='bbox 867 3297 1027 3352; x_wconf 89' lang='lat' dir='ltr'><strong>quem</strong></span> <span class='ocrx_word' id='word_1_444' title='bbox 1073 3279 1358 3334; x_wconf 69' lang='lat' dir='ltr'><strong>Samarila?</strong></span> <span class='ocrx_word' id='word_1_445' title='bbox 1407 3279 1616 3334; x_wconf 89' lang='lat' dir='ltr'><strong>colunt.</strong></span> <span class='ocrx_word' id='word_1_446' title='bbox 1675 3275 1857 3349; x_wconf 89' lang='lat' dir='ltr'><strong>Super</strong></span> <span class='ocrx_word' id='word_1_447' title='bbox 1891 3293 2001 3349; x_wconf 91' lang='lat' dir='ltr'><strong>quo</strong></span> <span class='ocrx_word' id='word_1_448' title='bbox 2033 3293 2159 3334; x_wconf 90' lang='lat' dir='ltr'><strong>cum</strong></span> <span class='ocrx_word' id='word_1_449' title='bbox 2201 3280 2550 3336; x_wconf 89' lang='lat' dir='ltr'><strong>constitisset</strong></span> <span class='ocrx_word' id='word_1_450' title='bbox 2580 3279 2781 3336; x_wconf 89' lang='lat' dir='ltr'><strong>Jothan</strong></span> <span class='ocrx_word' id='word_1_451' title='bbox 2833 3281 2982 3339; x_wconf 85' lang='lat' dir='ltr'><strong>ﬁlius</strong></span> <span class='ocrx_word' id='word_1_452' title='bbox 3035 3281 3310 3338; x_wconf 85' lang='lat' dir='ltr'><strong>Gedeonis</strong></span> <span class='ocrx_word' id='word_1_453' title='bbox 3365 3293 3648 3352; x_wconf 88' lang='lat' dir='ltr'><strong>superstes</strong></span> 
     </span>
    </p>
   </div>
   <div class='ocr_carea' id='block_1_38' title="bbox 399 3367 3647 3443">
    <p class='ocr_par' dir='ltr' id='par_1_38' title="bbox 399 3367 3647 3443">
     <span class='ocr_line' id='line_1_38' title="bbox 399 3367 3647 3443; baseline -0.001 -12"><span class='ocrx_word' id='word_1_454' title='bbox 399 3383 727 3431; x_wconf 77' lang='lat' dir='ltr'><strong>exsecratus</strong></span> <span class='ocrx_word' id='word_1_455' title='bbox 761 3383 846 3427; x_wconf 88' lang='lat' dir='ltr'><strong>est</strong></span> <span class='ocrx_word' id='word_1_456' title='bbox 883 3387 983 3426; x_wconf 88' lang='lat' dir='ltr'><strong>eos</strong></span> <span class='ocrx_word' id='word_1_457' title='bbox 1010 3371 1106 3440; x_wconf 87' lang='lat' dir='ltr'><strong>qui</strong></span> <span class='ocrx_word' id='word_1_458' title='bbox 1153 3384 1338 3440; x_wconf 87' lang='lat' dir='ltr'><strong>regem</strong></span> <span class='ocrx_word' id='word_1_459' title='bbox 1375 3383 1540 3438; x_wconf 89' lang='lat' dir='ltr'><strong>super</strong></span> <span class='ocrx_word' id='word_1_460' title='bbox 1585 3383 1646 3422; x_wconf 86' lang='lat' dir='ltr'><strong>se</strong></span> <span class='ocrx_word' id='word_1_461' title='bbox 1675 3374 2000 3422; x_wconf 78' lang='lat' dir='ltr'><strong>creaverant</strong></span> <span class='ocrx_word' id='word_1_462' title='bbox 2031 3367 2350 3422; x_wconf 84' lang='lat' dir='ltr'><strong>Abimelech</strong></span> <span class='ocrx_word' id='word_1_463' title='bbox 2397 3367 2674 3426; x_wconf 87' lang='lat' dir='ltr'><strong>Gedeonis</strong></span> <span class='ocrx_word' id='word_1_464' title='bbox 2717 3371 2887 3425; x_wconf 86' lang='lat' dir='ltr'><strong>ﬁlium</strong></span> <span class='ocrx_word' id='word_1_465' title='bbox 2926 3387 2992 3426; x_wconf 70' lang='lat' dir='ltr'><strong>et</strong></span> <span class='ocrx_word' id='word_1_466' title='bbox 3043 3372 3266 3437; x_wconf 88' lang='lat' dir='ltr'><strong>ancilla,</strong></span> <span class='ocrx_word' id='word_1_467' title='bbox 3312 3373 3404 3443; x_wconf 90' lang='lat' dir='ltr'><strong>qui</strong></span> <span class='ocrx_word' id='word_1_468' title='bbox 3443 3371 3647 3428; x_wconf 76' lang='lat' dir='ltr'><strong>fratres</strong></span> 
     </span>
    </p>
   </div>
   <div class='ocr_carea' id='block_1_39' title="bbox 399 3455 3644 3530">
    <p class='ocr_par' dir='ltr' id='par_1_39' title="bbox 399 3455 3644 3530">
     <span class='ocr_line' id='line_1_39' title="bbox 399 3455 3644 3530; baseline -0.001 -12"><span class='ocrx_word' id='word_1_469' title='bbox 399 3477 536 3518; x_wconf 86' lang='lat' dir='ltr'><strong>suos</strong></span> <span class='ocrx_word' id='word_1_470' title='bbox 561 3460 862 3515; x_wconf 85' lang='lat' dir='ltr'><strong>interemit.</strong></span> <span class='ocrx_word' id='word_1_471' title='bbox 887 3457 1007 3512; x_wconf 71' lang='lat' dir='ltr'><strong>Nisi</strong></span> <span class='ocrx_word' id='word_1_472' title='bbox 1031 3459 1167 3526; x_wconf 86' lang='lat' dir='ltr'><strong>quis</strong></span> <span class='ocrx_word' id='word_1_473' title='bbox 1203 3465 1416 3511; x_wconf 85' lang='lat' dir='ltr'><strong>asserat</strong></span> <span class='ocrx_word' id='word_1_474' title='bbox 1445 3455 1675 3509; x_wconf 85' lang='lat' dir='ltr'><strong>Esdram</strong></span> <span class='ocrx_word' id='word_1_475' title='bbox 1709 3463 1804 3508; x_wconf 88' lang='lat' dir='ltr'><strong>aut</strong></span> <span class='ocrx_word' id='word_1_476' title='bbox 1837 3455 2248 3525; x_wconf 88' lang='lat' dir='ltr'><strong>Scripturarum</strong></span> <span class='ocrx_word' id='word_1_477' title='bbox 2285 3455 2658 3524; x_wconf 89' lang='lat' dir='ltr'><strong>collectorem,</strong></span> <span class='ocrx_word' id='word_1_478' title='bbox 2705 3461 2822 3514; x_wconf 86' lang='lat' dir='ltr'><strong>sive</strong></span> <span class='ocrx_word' id='word_1_479' title='bbox 2881 3459 3049 3514; x_wconf 89' lang='lat' dir='ltr'><strong>alium</strong></span> <span class='ocrx_word' id='word_1_480' title='bbox 3087 3459 3404 3530; x_wconf 89' lang='lat' dir='ltr'><strong>quempiatn</strong></span> <span class='ocrx_word' id='word_1_481' title='bbox 3453 3459 3644 3528; x_wconf 87' lang='lat' dir='ltr'><strong>fuisse,</strong></span> 
     </span>
    </p>
   </div>
   <div class='ocr_carea' id='block_1_40' title="bbox 402 3541 3647 3618">
    <p class='ocr_par' dir='ltr' id='par_1_40' title="bbox 402 3541 3647 3618">
     <span class='ocr_line' id='line_1_40' title="bbox 402 3541 3647 3618; baseline 0.001 -16"><span class='ocrx_word' id='word_1_482' title='bbox 402 3551 495 3618; x_wconf 87' lang='lat' dir='ltr'><strong>qui</strong></span> <span class='ocrx_word' id='word_1_483' title='bbox 523 3563 661 3601; x_wconf 88' lang='lat' dir='ltr'><strong>nova</strong></span> <span class='ocrx_word' id='word_1_484' title='bbox 693 3547 918 3602; x_wconf 82' lang='lat' dir='ltr'><strong>nomina</strong></span> <span class='ocrx_word' id='word_1_485' title='bbox 947 3561 1012 3600; x_wconf 82' lang='lat' dir='ltr'><strong>ex</strong></span> <span class='ocrx_word' id='word_1_486' title='bbox 1049 3561 1162 3598; x_wconf 79' lang='lat' dir='ltr'><strong>sua:</strong></span> <span class='ocrx_word' id='word_1_487' title='bbox 1195 3543 1616 3611; x_wconf 78' lang='lat' dir='ltr'><strong>gubernationis</strong></span> <span class='ocrx_word' id='word_1_488' title='bbox 1654 3541 1794 3596; x_wconf 88' lang='lat' dir='ltr'><strong>locis</strong></span> <span class='ocrx_word' id='word_1_489' title='bbox 1823 3543 2080 3596; x_wconf 89' lang='lat' dir='ltr'><strong>traducta</strong></span> <span class='ocrx_word' id='word_1_490' title='bbox 2117 3542 2255 3598; x_wconf 88' lang='lat' dir='ltr'><strong>locis</strong></span> <span class='ocrx_word' id='word_1_491' title='bbox 2296 3544 2642 3614; x_wconf 90' lang='lat' dir='ltr'><strong>imposuerit.</strong></span> <span class='ocrx_word' id='word_1_492' title='bbox 2684 3547 3160 3612; x_wconf 84' lang='lat' dir='ltr'><strong>Quemadmodum</strong></span> <span class='ocrx_word' id='word_1_493' title='bbox 3192 3549 3453 3604; x_wconf 84' lang='lat' dir='ltr'><strong>videlicet</strong></span> <span class='ocrx_word' id='word_1_494' title='bbox 3480 3547 3647 3605; x_wconf 77' lang='lat' dir='ltr'><strong>Jeru-</strong></span> 
     </span>
    </p>
   </div>
   <div class='ocr_carea' id='block_1_41' title="bbox 403 3627 2766 3702">
    <p class='ocr_par' dir='ltr' id='par_1_41' title="bbox 403 3627 2766 3702">
     <span class='ocr_line' id='line_1_41' title="bbox 403 3627 2766 3702; baseline -0.002 -12"><span class='ocrx_word' id='word_1_495' title='bbox 403 3637 572 3690; x_wconf 68' lang='lat' dir='ltr'><strong>salem</strong></span> <span class='ocrx_word' id='word_1_496' title='bbox 606 3641 767 3686; x_wconf 83' lang='lat' dir='ltr'><strong>vocat</strong></span> <span class='ocrx_word' id='word_1_497' title='bbox 795 3648 916 3701; x_wconf 76' lang='lat' dir='ltr'><strong>quae</strong></span> <span class='ocrx_word' id='word_1_498' title='bbox 949 3631 1258 3699; x_wconf 86' lang='lat' dir='ltr'><strong>antiquitus</strong></span> <span class='ocrx_word' id='word_1_499' title='bbox 1289 3627 1458 3682; x_wconf 88' lang='lat' dir='ltr'><strong>Jebus</strong></span> <span class='ocrx_word' id='word_1_500' title='bbox 1485 3627 1810 3690; x_wconf 86' lang='lat' dir='ltr'><strong>vocabatur,</strong></span> <span class='ocrx_word' id='word_1_501' title='bbox 1839 3627 2153 3682; x_wconf 72' lang='lat' dir='ltr'><strong>lietltlebem</strong></span> <span class='ocrx_word' id='word_1_502' title='bbox 2193 3629 2320 3684; x_wconf 88' lang='lat' dir='ltr'><strong>item</strong></span> <span class='ocrx_word' id='word_1_503' title='bbox 2357 3645 2478 3700; x_wconf 75' lang='lat' dir='ltr'><strong>quae</strong></span> <span class='ocrx_word' id='word_1_504' title='bbox 2507 3632 2766 3702; x_wconf 87' lang='lat' dir='ltr'><strong>prrata.</strong></span> 
     </span>
    </p>
   </div>
   <div class='ocr_carea' id='block_1_42' title="bbox 475 3711 3648 3792">
    <p class='ocr_par' dir='ltr' id='par_1_42' title="bbox 475 3711 3648 3792">
     <span class='ocr_line' id='line_1_42' title="bbox 475 3711 3648 3792; baseline 0.003 -21"><span class='ocrx_word' id='word_1_505' title='bbox 475 3717 572 3772; x_wconf 84' lang='lat' dir='ltr'><strong>Illi</strong></span> <span class='ocrx_word' id='word_1_506' title='bbox 619 3717 834 3770; x_wconf 82' lang='lat' dir='ltr'><strong>stabunt</strong></span> <span class='ocrx_word' id='word_1_507' title='bbox 884 3716 952 3770; x_wconf 83' lang='lat' dir='ltr'><strong>ad</strong></span> <span class='ocrx_word' id='word_1_508' title='bbox 1013 3711 1422 3768; x_wconf 79' lang='lat' dir='ltr'><strong>benedicendum</strong></span> <span class='ocrx_word' id='word_1_509' title='bbox 1473 3711 1668 3780; x_wconf 81' lang='lat' dir='ltr'><strong>populo</strong></span> <span class='ocrx_word' id='word_1_510' title='bbox 1719 3714 1776 3764; x_wconf 81' lang='lat' dir='ltr'><strong>in</strong></span> <span class='ocrx_word' id='word_1_511' title='bbox 1832 3720 2008 3766; x_wconf 86' lang='lat' dir='ltr'><strong>monte</strong></span> <span class='ocrx_word' id='word_1_512' title='bbox 2069 3711 2330 3768; x_wconf 76' lang='lat' dir='ltr'><strong>Garizim.</strong></span> <span class='ocrx_word' id='word_1_513' title='bbox 2403 3717 2542 3790; x_wconf 72' lang='lat'><strong>[12.]</strong></span> <span class='ocrx_word' id='word_1_514' title='bbox 2609 3717 2698 3772; x_wconf 81' lang='lat' dir='ltr'><strong>Eae</strong></span> <span class='ocrx_word' id='word_1_515' title='bbox 2755 3719 2934 3774; x_wconf 90' lang='lat' dir='ltr'><strong>tribus</strong></span> <span class='ocrx_word' id='word_1_516' title='bbox 2984 3735 3105 3791; x_wconf 68' lang='lat' dir='ltr'><strong>quae</strong></span> <span class='ocrx_word' id='word_1_517' title='bbox 3162 3721 3230 3775; x_wconf 89' lang='lat' dir='ltr'><strong>ab</strong></span> <span class='ocrx_word' id='word_1_518' title='bbox 3293 3737 3518 3792; x_wconf 83' lang='lat' dir='ltr'><strong>egressu</strong></span> <span class='ocrx_word' id='word_1_519' title='bbox 3581 3739 3648 3780; x_wconf 74' lang='lat' dir='ltr'><strong>ex</strong></span> 
     </span>
    </p>
   </div>
   <div class='ocr_carea' id='block_1_43' title="bbox 407 3797 3646 3878">
    <p class='ocr_par' dir='ltr' id='par_1_43' title="bbox 407 3797 3646 3878">
     <span class='ocr_line' id='line_1_43' title="bbox 407 3797 3646 3878; baseline 0.005 -24"><span class='ocrx_word' id='word_1_520' title='bbox 407 3805 646 3876; x_wconf 60' lang='lat' dir='ltr'><strong>Egyplo</strong></span> <span class='ocrx_word' id='word_1_521' title='bbox 681 3805 944 3874; x_wconf 82' lang='lat' dir='ltr'><strong>praeclare</strong></span> <span class='ocrx_word' id='word_1_522' title='bbox 992 3807 1282 3874; x_wconf 87' lang='lat' dir='ltr'><strong>gesserunt</strong></span> <span class='ocrx_word' id='word_1_523' title='bbox 1325 3813 1468 3866; x_wconf 88' lang='lat' dir='ltr'><strong>sese,</strong></span> <span class='ocrx_word' id='word_1_524' title='bbox 1505 3797 1882 3854; x_wconf 89' lang='lat' dir='ltr'><strong>benedictioni</strong></span> <span class='ocrx_word' id='word_1_525' title='bbox 1913 3813 1944 3854; x_wconf 88' lang='lat' dir='ltr'><strong>a</strong></span> <span class='ocrx_word' id='word_1_526' title='bbox 1984 3797 2098 3856; x_wconf 91' lang='lat' dir='ltr'><strong>Deo</strong></span> <span class='ocrx_word' id='word_1_527' title='bbox 2125 3811 2254 3858; x_wconf 86' lang='lat' dir='ltr'><strong>sunt</strong></span> <span class='ocrx_word' id='word_1_528' title='bbox 2289 3805 2560 3873; x_wconf 65' lang='lat' dir='ltr'><strong>praefecti.</strong></span> <span class='ocrx_word' id='word_1_529' title='bbox 2610 3806 2746 3873; x_wconf 75' lang='lat' dir='ltr'><strong>Quae</strong></span> <span class='ocrx_word' id='word_1_530' title='bbox 2799 3817 2984 3864; x_wconf 88' lang='lat' dir='ltr'><strong>autem</strong></span> <span class='ocrx_word' id='word_1_531' title='bbox 3031 3809 3199 3878; x_wconf 70' lang='lat' dir='ltr'><strong>lapsa:</strong></span> <span class='ocrx_word' id='word_1_532' title='bbox 3237 3818 3367 3866; x_wconf 90' lang='lat' dir='ltr'><strong>sunt</strong></span> <span class='ocrx_word' id='word_1_533' title='bbox 3411 3811 3646 3869; x_wconf 85' lang='lat' dir='ltr'><strong>maledi—</strong></span> 
     </span>
    </p>
   </div>
   <div class='ocr_carea' id='block_1_44' title="bbox 401 3893 596 3950">
    <p class='ocr_par' dir='ltr' id='par_1_44' title="bbox 401 3893 596 3950">
     <span class='ocr_line' id='line_1_44' title="bbox 401 3893 596 3950; baseline -0.005 -1"><span class='ocrx_word' id='word_1_534' title='bbox 401 3893 596 3950; x_wconf 73' lang='lat' dir='ltr'><strong>ctioni.</strong></span> 
     </span>
    </p>
   </div>
   <div class='ocr_carea' id='block_1_45' title="bbox 475 3972 3644 4050">
    <p class='ocr_par' dir='ltr' id='par_1_45' title="bbox 475 3972 3644 4050">
     <span class='ocr_line' id='line_1_45' title="bbox 475 3972 3644 4050; baseline 0.002 -17"><span class='ocrx_word' id='word_1_535' title='bbox 475 3979 798 4034; x_wconf 75' lang='lat' dir='ltr'><strong>Maledictus</strong></span> <span class='ocrx_word' id='word_1_536' title='bbox 845 3977 1142 4046; x_wconf 82' lang='lat' dir='ltr'><strong>quicunque</strong></span> <span class='ocrx_word' id='word_1_537' title='bbox 1191 3972 1374 4041; x_wconf 79' lang='lat' dir='ltr'><strong>fecerit</strong></span> <span class='ocrx_word' id='word_1_538' title='bbox 1425 3972 1669 4040; x_wconf 79' lang='lat' dir='ltr'><strong>sculptile</strong></span> <span class='ocrx_word' id='word_1_539' title='bbox 1709 3981 1802 4026; x_wconf 86' lang='lat' dir='ltr'><strong>aut</strong></span> <span class='ocrx_word' id='word_1_540' title='bbox 1829 3973 1990 4041; x_wconf 75' lang='lat' dir='ltr'><strong>fusile</strong></span> <span class='ocrx_word' id='word_1_541' title='bbox 2019 3990 2149 4043; x_wconf 74' lang='lat' dir='ltr'><strong>opus</strong></span> <span class='ocrx_word' id='word_1_542' title='bbox 2181 3978 2424 4034; x_wconf 84' lang='lat' dir='ltr'><strong>manibus</strong></span> <span class='ocrx_word' id='word_1_543' title='bbox 2453 3981 2698 4050; x_wconf 81' lang='lat' dir='ltr'><strong>artiﬁcis,</strong></span> <span class='ocrx_word' id='word_1_544' title='bbox 2734 3991 2782 4034; x_wconf 83' lang='lat' dir='ltr'><strong>et</strong></span> <span class='ocrx_word' id='word_1_545' title='bbox 2823 3980 2960 4034; x_wconf 84' lang='lat' dir='ltr'><strong>illud</strong></span> <span class='ocrx_word' id='word_1_546' title='bbox 2990 3979 3324 4036; x_wconf 83' lang='lat' dir='ltr'><strong>collocaverit</strong></span> <span class='ocrx_word' id='word_1_547' title='bbox 3357 3985 3408 4036; x_wconf 84' lang='lat' dir='ltr'><strong>in</strong></span> <span class='ocrx_word' id='word_1_548' title='bbox 3439 3983 3644 4039; x_wconf 84' lang='lat' dir='ltr'><strong>abdito.</strong></span> 
     </span>
    </p>
   </div>
   <div class='ocr_carea' id='block_1_46' title="bbox 407 4061 3650 4140">
    <p class='ocr_par' dir='ltr' id='par_1_46' title="bbox 407 4061 3650 4140">
     <span class='ocr_line' id='line_1_46' title="bbox 407 4061 3650 4140; baseline -0 -22"><span class='ocrx_word' id='word_1_549' title='bbox 407 4067 548 4140; x_wconf 72' lang='lat'><strong>[15.]</strong></span> <span class='ocrx_word' id='word_1_550' title='bbox 571 4065 710 4120; x_wconf 84' lang='lat' dir='ltr'><strong>Cum</strong></span> <span class='ocrx_word' id='word_1_551' title='bbox 746 4066 798 4120; x_wconf 86' lang='lat' dir='ltr'><strong>in</strong></span> <span class='ocrx_word' id='word_1_552' title='bbox 825 4061 1262 4134; x_wconf 73' lang='lat' dir='ltr'><strong>praecedentibus</strong></span> <span class='ocrx_word' id='word_1_553' title='bbox 1286 4061 1458 4115; x_wconf 76' lang='lat' dir='ltr'><strong>variis</strong></span> <span class='ocrx_word' id='word_1_554' title='bbox 1489 4061 1670 4117; x_wconf 83' lang='lat' dir='ltr'><strong>modis</strong></span> <span class='ocrx_word' id='word_1_555' title='bbox 1697 4061 2126 4118; x_wconf 77' lang='lat' dir='ltr'><strong>simulacrorum</strong></span> <span class='ocrx_word' id='word_1_556' title='bbox 2157 4067 2370 4120; x_wconf 89' lang='lat' dir='ltr'><strong>cultum</strong></span> <span class='ocrx_word' id='word_1_557' title='bbox 2595 4067 2932 4132; x_wconf 78' lang='lat' dir='ltr'><strong>abdicasset,</strong></span> <span class='ocrx_word' id='word_1_558' title='bbox 2961 4083 3094 4124; x_wconf 81' lang='lat' dir='ltr'><strong>vero</strong></span> <span class='ocrx_word' id='word_1_559' title='bbox 3119 4077 3300 4124; x_wconf 83' lang='lat' dir='ltr'><strong>autem</strong></span> <span class='ocrx_word' id='word_1_560' title='bbox 3333 4085 3442 4124; x_wconf 81' lang='lat' dir='ltr'><strong>non</strong></span> <span class='ocrx_word' id='word_1_561' title='bbox 3481 4071 3650 4126; x_wconf 78' lang='lat' dir='ltr'><strong>dissi-</strong></span> 
     </span>
    </p>
   </div>
   <div class='ocr_carea' id='block_1_47' title="bbox 403 4145 3646 4222">
    <p class='ocr_par' dir='ltr' id='par_1_47' title="bbox 403 4145 3646 4222">
     <span class='ocr_line' id='line_1_47' title="bbox 403 4145 3646 4222; baseline 0.001 -12"><span class='ocrx_word' id='word_1_562' title='bbox 403 4155 533 4210; x_wconf 77' lang='lat' dir='ltr'><strong>mih.-</strong></span> <span class='ocrx_word' id='word_1_563' title='bbox 553 4163 674 4208; x_wconf 82' lang='lat' dir='ltr'><strong>erat</strong></span> <span class='ocrx_word' id='word_1_564' title='bbox 705 4153 851 4222; x_wconf 89' lang='lat' dir='ltr'><strong>quod</strong></span> <span class='ocrx_word' id='word_1_565' title='bbox 880 4149 1086 4218; x_wconf 83' lang='lat' dir='ltr'><strong>aliquis</strong></span> <span class='ocrx_word' id='word_1_566' title='bbox 1115 4162 1294 4218; x_wconf 76' lang='lat' dir='ltr'><strong>ptenae</strong></span> <span class='ocrx_word' id='word_1_567' title='bbox 1333 4145 1630 4202; x_wconf 79' lang='lat' dir='ltr'><strong>formidine</strong></span> <span class='ocrx_word' id='word_1_568' title='bbox 1655 4147 1797 4201; x_wconf 89' lang='lat' dir='ltr'><strong>clam</strong></span> <span class='ocrx_word' id='word_1_569' title='bbox 1825 4163 1947 4204; x_wconf 87' lang='lat' dir='ltr'><strong>esse</strong></span> <span class='ocrx_word' id='word_1_570' title='bbox 1981 4158 2279 4222; x_wconf 87' lang='lat' dir='ltr'><strong>satageret,</strong></span> <span class='ocrx_word' id='word_1_571' title='bbox 2311 4155 2378 4210; x_wconf 90' lang='lat' dir='ltr'><strong>ad</strong></span> <span class='ocrx_word' id='word_1_572' title='bbox 2410 4171 2536 4210; x_wconf 90' lang='lat' dir='ltr'><strong>eum</strong></span> <span class='ocrx_word' id='word_1_573' title='bbox 2583 4155 3022 4210; x_wconf 77' lang='lat' dir='ltr'><strong>exsecrationem</strong></span> <span class='ocrx_word' id='word_1_574' title='bbox 3053 4156 3215 4212; x_wconf 87' lang='lat' dir='ltr'><strong>istam</strong></span> <span class='ocrx_word' id='word_1_575' title='bbox 3261 4159 3646 4214; x_wconf 84' lang='lat' dir='ltr'><strong>accommoda-</strong></span> 
     </span>
    </p>
   </div>
   <div class='ocr_carea' id='block_1_48' title="bbox 403 4233 3642 4311">
    <p class='ocr_par' dir='ltr' id='par_1_48' title="bbox 403 4233 3642 4311">
     <span class='ocr_line' id='line_1_48' title="bbox 403 4233 3642 4311; baseline 0.001 -13"><span class='ocrx_word' id='word_1_576' title='bbox 403 4243 504 4298; x_wconf 89' lang='lat' dir='ltr'><strong>vit.</strong></span> <span class='ocrx_word' id='word_1_577' title='bbox 537 4243 614 4296; x_wconf 81' lang='lat' dir='ltr'><strong>Ac</strong></span> <span class='ocrx_word' id='word_1_578' title='bbox 643 4236 972 4309; x_wconf 82' lang='lat' dir='ltr'><strong>.ltujusmodi</strong></span> <span class='ocrx_word' id='word_1_579' title='bbox 1001 4235 1223 4306; x_wconf 88' lang='lat' dir='ltr'><strong>quidem</strong></span> <span class='ocrx_word' id='word_1_580' title='bbox 1251 4233 1308 4288; x_wconf 88' lang='lat' dir='ltr'><strong>bi</strong></span> <span class='ocrx_word' id='word_1_581' title='bbox 1355 4241 1510 4300; x_wconf 89' lang='lat' dir='ltr'><strong>sunt,</strong></span> <span class='ocrx_word' id='word_1_582' title='bbox 1543 4233 1638 4305; x_wconf 89' lang='lat' dir='ltr'><strong>qui</strong></span> <span class='ocrx_word' id='word_1_583' title='bbox 1671 4247 1797 4289; x_wconf 88' lang='lat' dir='ltr'><strong>cum</strong></span> <span class='ocrx_word' id='word_1_584' title='bbox 1823 4235 1952 4290; x_wconf 70' lang='lat' dir='ltr'><strong>vitae</strong></span> <span class='ocrx_word' id='word_1_585' title='bbox 1981 4235 2356 4310; x_wconf 78' lang='lat' dir='ltr'><strong>integritatem</strong></span> <span class='ocrx_word' id='word_1_586' title='bbox 2406 4241 2689 4311; x_wconf 82' lang='lat' dir='ltr'><strong>simulent,</strong></span> <span class='ocrx_word' id='word_1_587' title='bbox 2721 4250 2958 4298; x_wconf 83' lang='lat' dir='ltr'><strong>mentem</strong></span> <span class='ocrx_word' id='word_1_588' title='bbox 2991 4242 3378 4300; x_wconf 80' lang='lat' dir='ltr'><strong>aﬂ&#39;ectiouibus</strong></span> <span class='ocrx_word' id='word_1_589' title='bbox 3407 4247 3642 4302; x_wconf 87' lang='lat' dir='ltr'><strong>obsitam</strong></span> 
     </span>
    </p>
   </div>
   <div class='ocr_carea' id='block_1_49' title="bbox 401 4331 2092 4388">
    <p class='ocr_par' dir='ltr' id='par_1_49' title="bbox 401 4331 2092 4388">
     <span class='ocr_line' id='line_1_49' title="bbox 401 4331 2092 4388; baseline -0.012 0"><span class='ocrx_word' id='word_1_590' title='bbox 401 4331 624 4388; x_wconf 75' lang='lat' dir='ltr'><strong>habent.</strong></span> <span class='ocrx_word' id='word_1_591' title='bbox 2065 4343 2092 4368; x_wconf 76' lang='grc' dir='ltr'><strong>ο</strong></span> 
     </span>
    </p>
   </div>
   <div class='ocr_carea' id='block_1_50' title="bbox 467 4431 2061 4512">
    <p class='ocr_par' dir='ltr' id='par_1_50' title="bbox 467 4431 2046 4504">
     <span class='ocr_line' id='line_1_50' title="bbox 467 4431 2046 4504; baseline -0.006 -10"><span class='ocrx_word' id='word_1_592' title='bbox 467 4439 706 4502; x_wconf 76' lang='grc' dir='ltr'><strong>Εἵδωλα,</strong></span> <span class='ocrx_word' id='word_1_593' title='bbox 736 4438 884 4490; x_wconf 80' lang='grc' dir='ltr'>πᾶσα</span> <span class='ocrx_word' id='word_1_594' title='bbox 913 4433 1268 4504; x_wconf 73' lang='grc' dir='ltr'><strong>πεπλασμένη</strong></span> <span class='ocrx_word' id='word_1_595' title='bbox 1301 4431 1570 4501; x_wconf 78' lang='grc' dir='ltr'><strong>Θεολογία.</strong></span> <span class='ocrx_word' id='word_1_596' title='bbox 1612 4431 1753 4486; x_wconf 80' lang='grc' dir='ltr'><strong>Ἀλλ’</strong></span> <span class='ocrx_word' id='word_1_597' title='bbox 1785 4435 1842 4486; x_wconf 80' lang='grc' dir='ltr'>αι</span> <span class='ocrx_word' id='word_1_598' title='bbox 1869 4434 1968 4504; x_wconf 74' lang='grc' dir='ltr'><strong>μὲν</strong></span> <span class='ocrx_word' id='word_1_599' title='bbox 1996 4441 2046 4504; x_wconf 79' lang='grc' dir='ltr'><strong>Β</strong></span> 
     </span>
    </p>
   </div>
   <div class='ocr_carea' id='block_1_51' title="bbox 2049 4431 3643 4512">
    <p class='ocr_par' dir='ltr' id='par_1_51' title="bbox 2147 4436 3643 4512">
     <span class='ocr_line' id='line_1_51' title="bbox 2147 4436 3643 4512; baseline 0.004 -20"><span class='ocrx_word' id='word_1_600' title='bbox 2147 4436 2420 4494; x_wconf 81' lang='lat' dir='ltr'><strong>[dolorum</strong></span> <span class='ocrx_word' id='word_1_601' title='bbox 2479 4455 2608 4495; x_wconf 86' lang='lat' dir='ltr'><strong>vero</strong></span> <span class='ocrx_word' id='word_1_602' title='bbox 2661 4439 2884 4496; x_wconf 88' lang='lat' dir='ltr'><strong>nomine</strong></span> <span class='ocrx_word' id='word_1_603' title='bbox 2931 4440 3204 4512; x_wconf 77' lang='lat' dir='ltr'><strong>intelligas</strong></span> <span class='ocrx_word' id='word_1_604' title='bbox 3241 4441 3370 4496; x_wconf 85' lang='lat' dir='ltr'><strong>licet</strong></span> <span class='ocrx_word' id='word_1_605' title='bbox 3421 4455 3643 4498; x_wconf 88' lang='lat' dir='ltr'><strong>omnem</strong></span> 
     </span>
    </p>
   </div>
   <div class='ocr_carea' id='block_1_52' title="bbox 400 4524 1994 4600">
    <p class='ocr_par' dir='ltr' id='par_1_52' title="bbox 400 4525 1974 4600">
     <span class='ocr_line' id='line_1_52' title="bbox 400 4525 1974 4600; baseline -0.005 -12"><span class='ocrx_word' id='word_1_606' title='bbox 400 4534 584 4600; x_wconf 76' lang='lat' dir='ltr'><strong>vospal</strong></span> <span class='ocrx_word' id='word_1_607' title='bbox 618 4530 992 4598; x_wconf 74' lang='grc' dir='ltr'><strong>πιθανότητες,</strong></span> <span class='ocrx_word' id='word_1_608' title='bbox 1039 4528 1133 4580; x_wconf 79' lang='grc' dir='ltr'><strong>καὶ</strong></span> <span class='ocrx_word' id='word_1_609' title='bbox 1189 4525 1476 4596; x_wconf 80' lang='grc' dir='ltr'><strong>ὀξυτέρους</strong></span> <span class='ocrx_word' id='word_1_610' title='bbox 1501 4525 1786 4594; x_wconf 82' lang='grc' dir='ltr'><strong>ἀπατῆσαι</strong></span> <span class='ocrx_word' id='word_1_611' title='bbox 1813 4527 1974 4580; x_wconf 82' lang='grc' dir='ltr'><strong>δυνά-</strong></span> 
     </span>
    </p>
   </div>
   <div class='ocr_carea' id='block_1_53' title="bbox 2049 4524 3643 4600">
    <p class='ocr_par' dir='ltr' id='par_1_53' title="bbox 2072 4524 3643 4600">
     <span class='ocr_line' id='line_1_53' title="bbox 2072 4524 3643 4600; baseline 0.008 -22"><span class='ocrx_word' id='word_1_612' title='bbox 2072 4524 2406 4599; x_wconf 87' lang='lat' dir='ltr'><strong>theologiam</strong></span> <span class='ocrx_word' id='word_1_613' title='bbox 2445 4529 2630 4584; x_wconf 81' lang='lat' dir='ltr'><strong>ﬁctam</strong></span> <span class='ocrx_word' id='word_1_614' title='bbox 2660 4536 2826 4600; x_wconf 88' lang='lat' dir='ltr'><strong>atque</strong></span> <span class='ocrx_word' id='word_1_615' title='bbox 2857 4529 3122 4586; x_wconf 85' lang='lat' dir='ltr'><strong>fucatam.</strong></span> <span class='ocrx_word' id='word_1_616' title='bbox 3156 4530 3384 4587; x_wconf 84' lang='lat' dir='ltr'><strong>Necnon</strong></span> <span class='ocrx_word' id='word_1_617' title='bbox 3440 4535 3643 4591; x_wconf 83' lang='lat' dir='ltr'><strong>mentis</strong></span> 
     </span>
    </p>
   </div>
   <div class='ocr_carea' id='block_1_54' title="bbox 403 4615 1997 4694">
    <p class='ocr_par' dir='ltr' id='par_1_54' title="bbox 403 4615 1969 4694">
     <span class='ocr_line' id='line_1_54' title="bbox 403 4615 1969 4694; baseline -0.017 -17"><span class='ocrx_word' id='word_1_618' title='bbox 403 4641 583 4694; x_wconf 84' lang='grc' dir='ltr'><strong>μεναι,</strong></span> <span class='ocrx_word' id='word_1_619' title='bbox 605 4621 848 4688; x_wconf 76' lang='grc' dir='ltr'><strong>λέγοιντο</strong></span> <span class='ocrx_word' id='word_1_620' title='bbox 883 4619 948 4671; x_wconf 83' lang='grc' dir='ltr'><strong>ἂν</strong></span> <span class='ocrx_word' id='word_1_621' title='bbox 977 4619 1040 4668; x_wconf 84' lang='grc' dir='ltr'><strong>ὲκ</strong></span> <span class='ocrx_word' id='word_1_622' title='bbox 1061 4615 1264 4686; x_wconf 77' lang='grc' dir='ltr'>χρυσοῦ</span> <span class='ocrx_word' id='word_1_623' title='bbox 1293 4617 1327 4686; x_wconf 80' lang='grc' dir='ltr'>ἢ</span> <span class='ocrx_word' id='word_1_624' title='bbox 1353 4615 1598 4686; x_wconf 79' lang='grc' dir='ltr'><strong>ἀργύρου</strong></span> <span class='ocrx_word' id='word_1_625' title='bbox 1623 4615 1969 4688; x_wconf 71' lang='grc' dir='ltr'><strong>χωνεὺματα.</strong></span> 
     </span>
    </p>
   </div>
   <div class='ocr_carea' id='block_1_55' title="bbox 2049 4615 3643 4694">
    <p class='ocr_par' dir='ltr' id='par_1_55' title="bbox 2072 4617 3643 4694">
     <span class='ocr_line' id='line_1_55' title="bbox 2072 4617 3643 4694; baseline 0.005 -21"><span class='ocrx_word' id='word_1_626' title='bbox 2072 4617 2284 4674; x_wconf 90' lang='lat' dir='ltr'><strong>sirenes</strong></span> <span class='ocrx_word' id='word_1_627' title='bbox 2324 4635 2422 4674; x_wconf 90' lang='lat' dir='ltr'><strong>seu</strong></span> <span class='ocrx_word' id='word_1_628' title='bbox 2457 4621 2632 4676; x_wconf 89' lang='lat' dir='ltr'><strong>mavis</strong></span> <span class='ocrx_word' id='word_1_629' title='bbox 2673 4623 3068 4692; x_wconf 83' lang='lat' dir='ltr'><strong>persuasiones</strong></span> <span class='ocrx_word' id='word_1_630' title='bbox 3102 4640 3224 4694; x_wconf 70' lang='lat' dir='ltr'><strong>qua:</strong></span> <span class='ocrx_word' id='word_1_631' title='bbox 3261 4625 3643 4694; x_wconf 85' lang='lat' dir='ltr'><strong>sagaeioribus</strong></span> 
     </span>
    </p>
   </div>
   <div class='ocr_carea' id='block_1_56' title="bbox 397 4705 1991 4783">
    <p class='ocr_par' dir='ltr' id='par_1_56' title="bbox 397 4705 1970 4778">
     <span class='ocr_line' id='line_1_56' title="bbox 397 4705 1970 4778; baseline -0.002 -13"><span class='ocrx_word' id='word_1_632' title='bbox 397 4714 466 4768; x_wconf 76' lang='grc' dir='ltr'><strong>τὰ</strong></span> <span class='ocrx_word' id='word_1_633' title='bbox 498 4713 542 4765; x_wconf 82' lang='grc' dir='ltr'>δ’</span> <span class='ocrx_word' id='word_1_634' title='bbox 577 4709 856 4770; x_wconf 78' lang='grc' dir='ltr'><strong>ἀπιθάνως</strong></span> <span class='ocrx_word' id='word_1_635' title='bbox 889 4707 1072 4776; x_wconf 78' lang='grc' dir='ltr'><strong>ὴλίθια</strong></span> <span class='ocrx_word' id='word_1_636' title='bbox 1101 4705 1368 4776; x_wconf 79' lang='grc' dir='ltr'><strong>δόγματα,</strong></span> <span class='ocrx_word' id='word_1_637' title='bbox 1416 4705 1650 4773; x_wconf 78' lang='grc' dir='ltr'><strong>γλυπτά.</strong></span> <span class='ocrx_word' id='word_1_638' title='bbox 1687 4707 1831 4778; x_wconf 81' lang='grc' dir='ltr'><strong>Πλὴν</strong></span> <span class='ocrx_word' id='word_1_639' title='bbox 1873 4715 1970 4766; x_wconf 78' lang='grc' dir='ltr'>καὶ</span> 
     </span>
    </p>
   </div>
   <div class='ocr_carea' id='block_1_57' title="bbox 2048 4705 3642 4783">
    <p class='ocr_par' dir='ltr' id='par_1_57' title="bbox 2070 4709 3642 4783">
     <span class='ocr_line' id='line_1_57' title="bbox 2070 4709 3642 4783; baseline 0.005 -20"><span class='ocrx_word' id='word_1_640' title='bbox 2070 4709 2234 4763; x_wconf 86' lang='lat' dir='ltr'><strong>etiam</strong></span> <span class='ocrx_word' id='word_1_641' title='bbox 2267 4709 2514 4765; x_wconf 88' lang='lat' dir='ltr'><strong>fraudem</strong></span> <span class='ocrx_word' id='word_1_642' title='bbox 2553 4710 2734 4767; x_wconf 88' lang='lat' dir='ltr'><strong>facere</strong></span> <span class='ocrx_word' id='word_1_643' title='bbox 2761 4721 3014 4783; x_wconf 89' lang='lat' dir='ltr'><strong>possunt,</strong></span> <span class='ocrx_word' id='word_1_644' title='bbox 3049 4713 3238 4770; x_wconf 90' lang='lat' dir='ltr'><strong>fusilia</strong></span> <span class='ocrx_word' id='word_1_645' title='bbox 3285 4717 3406 4772; x_wconf 90' lang='lat' dir='ltr'><strong>auri</strong></span> <span class='ocrx_word' id='word_1_646' title='bbox 3447 4717 3530 4772; x_wconf 90' lang='lat' dir='ltr'><strong>vel</strong></span> <span class='ocrx_word' id='word_1_647' title='bbox 3555 4733 3642 4771; x_wconf 88' lang='lat' dir='ltr'><strong>ar-</strong></span> 
     </span>
    </p>
   </div>
   <div class='ocr_carea' id='block_1_58' title="bbox 396 4795 1990 4880">
    <p class='ocr_par' dir='ltr' id='par_1_58' title="bbox 396 4795 1967 4870">
     <span class='ocr_line' id='line_1_58' title="bbox 396 4795 1967 4870; baseline -0.006 -14"><span class='ocrx_word' id='word_1_648' title='bbox 396 4803 570 4858; x_wconf 74' lang='grc' dir='ltr'>ταῦτα</span> <span class='ocrx_word' id='word_1_649' title='bbox 601 4801 736 4870; x_wconf 76' lang='grc' dir='ltr'>ἔργα</span> <span class='ocrx_word' id='word_1_650' title='bbox 771 4797 969 4870; x_wconf 82' lang='grc' dir='ltr'>χειρῶν</span> <span class='ocrx_word' id='word_1_651' title='bbox 990 4796 1236 4866; x_wconf 77' lang='grc' dir='ltr'><strong>τεχνίτου</strong></span> <span class='ocrx_word' id='word_1_652' title='bbox 1261 4795 1535 4866; x_wconf 79' lang='grc' dir='ltr'><strong>τροπικῶς</strong></span> <span class='ocrx_word' id='word_1_653' title='bbox 1557 4795 1799 4865; x_wconf 78' lang='grc' dir='ltr'><strong>λέγεται,</strong></span> <span class='ocrx_word' id='word_1_654' title='bbox 1819 4795 1967 4849; x_wconf 80' lang='grc' dir='ltr'><strong>τιθέ-</strong></span> 
     </span>
    </p>
   </div>
   <div class='ocr_carea' id='block_1_59' title="bbox 2049 4795 3643 4880">
    <p class='ocr_par' dir='ltr' id='par_1_59' title="bbox 2067 4801 3643 4880">
     <span class='ocr_line' id='line_1_59' title="bbox 2067 4801 3643 4880; baseline 0.008 -28"><span class='ocrx_word' id='word_1_655' title='bbox 2067 4801 2216 4870; x_wconf 88' lang='lat' dir='ltr'><strong>genti</strong></span> <span class='ocrx_word' id='word_1_656' title='bbox 2251 4801 2452 4870; x_wconf 88' lang='lat' dir='ltr'><strong>aliquis</strong></span> <span class='ocrx_word' id='word_1_657' title='bbox 2490 4813 2658 4874; x_wconf 87' lang='lat' dir='ltr'><strong>queat</strong></span> <span class='ocrx_word' id='word_1_658' title='bbox 2679 4805 2887 4869; x_wconf 88' lang='lat' dir='ltr'><strong>dicere,</strong></span> <span class='ocrx_word' id='word_1_659' title='bbox 2911 4805 3170 4875; x_wconf 80' lang='lat' dir='ltr'><strong>dogmata</strong></span> <span class='ocrx_word' id='word_1_660' title='bbox 3203 4823 3338 4862; x_wconf 87' lang='lat' dir='ltr'><strong>vero</strong></span> <span class='ocrx_word' id='word_1_661' title='bbox 3363 4810 3546 4880; x_wconf 90' lang='lat' dir='ltr'><strong>inepta</strong></span> <span class='ocrx_word' id='word_1_662' title='bbox 3578 4821 3643 4864; x_wconf 88' lang='lat' dir='ltr'><strong>ac</strong></span> 
     </span>
    </p>
   </div>
   <div class='ocr_carea' id='block_1_60' title="bbox 402 4888 1996 4972">
    <p class='ocr_par' dir='ltr' id='par_1_60' title="bbox 402 4888 1965 4965">
     <span class='ocr_line' id='line_1_60' title="bbox 402 4888 1965 4965; baseline -0.003 -19"><span class='ocrx_word' id='word_1_663' title='bbox 402 4912 539 4965; x_wconf 86' lang='grc' dir='ltr'>μενα</span> <span class='ocrx_word' id='word_1_664' title='bbox 569 4894 626 4946; x_wconf 83' lang='grc' dir='ltr'><strong>ὲν</strong></span> <span class='ocrx_word' id='word_1_665' title='bbox 663 4889 988 4961; x_wconf 67' lang='grc' dir='ltr'><strong>ἀποκρύφῳ,</strong></span> <span class='ocrx_word' id='word_1_666' title='bbox 1021 4889 1094 4951; x_wconf 82' lang='grc' dir='ltr'><strong>ὡς</strong></span> <span class='ocrx_word' id='word_1_667' title='bbox 1125 4891 1181 4940; x_wconf 82' lang='grc' dir='ltr'><strong>ὲν</strong></span> <span class='ocrx_word' id='word_1_668' title='bbox 1226 4888 1514 4958; x_wconf 78' lang='grc' dir='ltr'><strong>μυστηρίῳ</strong></span> <span class='ocrx_word' id='word_1_669' title='bbox 1547 4888 1965 4960; x_wconf 81' lang='grc' dir='ltr'><strong>παραδιδόμενα.</strong></span> 
     </span>
    </p>
   </div>
   <div class='ocr_carea' id='block_1_61' title="bbox 2049 4888 3643 4972">
    <p class='ocr_par' dir='ltr' id='par_1_61' title="bbox 2069 4889 3643 4972">
     <span class='ocr_line' id='line_1_61' title="bbox 2069 4889 3643 4972; baseline 0.006 -27"><span class='ocrx_word' id='word_1_670' title='bbox 2069 4891 2210 4945; x_wconf 90' lang='lat' dir='ltr'><strong>dura</strong></span> <span class='ocrx_word' id='word_1_671' title='bbox 2249 4907 2344 4947; x_wconf 89' lang='lat' dir='ltr'><strong>seu</strong></span> <span class='ocrx_word' id='word_1_672' title='bbox 2391 4889 2576 4960; x_wconf 75' lang='lat' dir='ltr'><strong>saxea,</strong></span> <span class='ocrx_word' id='word_1_673' title='bbox 2629 4897 2930 4966; x_wconf 85' lang='lat' dir='ltr'><strong>sculptilia.</strong></span> <span class='ocrx_word' id='word_1_674' title='bbox 2984 4899 3370 4956; x_wconf 81' lang='lat' dir='ltr'><strong>Verumtamen</strong></span> <span class='ocrx_word' id='word_1_675' title='bbox 3405 4917 3468 4955; x_wconf 90' lang='lat' dir='ltr'><strong>ea</strong></span> <span class='ocrx_word' id='word_1_676' title='bbox 3523 4901 3643 4972; x_wconf 89' lang='lat' dir='ltr'><strong>ipsa</strong></span> 
     </span>
    </p>
   </div>
   <div class='ocr_carea' id='block_1_62' title="bbox 397 4979 3646 5064">
    <p class='ocr_par' dir='ltr' id='par_1_62' title="bbox 397 4979 3646 5064">
     <span class='ocr_line' id='line_1_62' title="bbox 397 4979 3646 5064; baseline 0.004 -26"><span class='ocrx_word' id='word_1_677' title='bbox 397 5005 614 5060; x_wconf 79' lang='lat' dir='ltr'><strong>quoque</strong></span> <span class='ocrx_word' id='word_1_678' title='bbox 665 4999 832 5054; x_wconf 85' lang='lat' dir='ltr'><strong>opera</strong></span> <span class='ocrx_word' id='word_1_679' title='bbox 884 4981 1142 5036; x_wconf 87' lang='lat' dir='ltr'><strong>manibus</strong></span> <span class='ocrx_word' id='word_1_680' title='bbox 1206 4979 1436 5036; x_wconf 85' lang='lat' dir='ltr'><strong>artilicis</strong></span> <span class='ocrx_word' id='word_1_681' title='bbox 1497 4995 1598 5051; x_wconf 89' lang='lat' dir='ltr'><strong>per</strong></span> <span class='ocrx_word' id='word_1_682' title='bbox 1633 4981 1863 5052; x_wconf 81' lang='lat' dir='ltr'><strong>ﬁguram</strong></span> <span class='ocrx_word' id='word_1_683' title='bbox 1911 4981 1968 5036; x_wconf 89' lang='lat' dir='ltr'><strong>in</strong></span> <span class='ocrx_word' id='word_1_684' title='bbox 2005 4981 2191 5038; x_wconf 88' lang='lat' dir='ltr'><strong>abdito</strong></span> <span class='ocrx_word' id='word_1_685' title='bbox 2225 4987 2402 5056; x_wconf 86' lang='lat' dir='ltr'><strong>posita</strong></span> <span class='ocrx_word' id='word_1_686' title='bbox 2434 5003 2560 5044; x_wconf 85' lang='lat' dir='ltr'><strong>esse</strong></span> <span class='ocrx_word' id='word_1_687' title='bbox 2582 4988 2870 5054; x_wconf 87' lang='lat' dir='ltr'><strong>dieuntur,</strong></span> <span class='ocrx_word' id='word_1_688' title='bbox 2895 4989 2941 5046; x_wconf 88' lang='lat' dir='ltr'><strong>si</strong></span> <span class='ocrx_word' id='word_1_689' title='bbox 2966 5004 3029 5046; x_wconf 91' lang='lat' dir='ltr'><strong>ea</strong></span> <span class='ocrx_word' id='word_1_690' title='bbox 3083 4993 3316 5063; x_wconf 77' lang='lat' dir='ltr'><strong>mystice</strong></span> <span class='ocrx_word' id='word_1_691' title='bbox 3373 4996 3646 5064; x_wconf 81' lang='lat' dir='ltr'><strong>quodam-</strong></span> 
     </span>
    </p>
   </div>
   <div class='ocr_carea' id='block_1_63' title="bbox 397 5071 1162 5142">
    <p class='ocr_par' dir='ltr' id='par_1_63' title="bbox 397 5071 1162 5142">
     <span class='ocr_line' id='line_1_63' title="bbox 397 5071 1162 5142; baseline -0.012 -7"><span class='ocrx_word' id='word_1_692' title='bbox 397 5079 558 5136; x_wconf 84' lang='lat' dir='ltr'><strong>modo</strong></span> <span class='ocrx_word' id='word_1_693' title='bbox 591 5075 730 5132; x_wconf 84' lang='lat' dir='ltr'><strong>tradi</strong></span> <span class='ocrx_word' id='word_1_694' title='bbox 766 5071 1162 5142; x_wconf 83' lang='lat' dir='ltr'><strong>intelligamus.</strong></span> 
     </span>
    </p>
   </div>
   <div class='ocr_carea' id='block_1_64' title="bbox 463 5188 3644 5262">
    <p class='ocr_par' dir='ltr' id='par_1_64' title="bbox 463 5188 3644 5262">
     <span class='ocr_line' id='line_1_64' title="bbox 463 5188 3644 5262; baseline 0.002 -15"><span class='ocrx_word' id='word_1_695' title='bbox 463 5193 792 5248; x_wconf 71' lang='lat' dir='ltr'><strong>&#39;Exsecrutus</strong></span> <span class='ocrx_word' id='word_1_696' title='bbox 823 5193 914 5261; x_wconf 87' lang='lat' dir='ltr'><strong>qui</strong></span> <span class='ocrx_word' id='word_1_697' title='bbox 941 5201 1106 5244; x_wconf 80' lang='lat' dir='ltr'><strong>mouet</strong></span> <span class='ocrx_word' id='word_1_698' title='bbox 1138 5191 1382 5244; x_wconf 82' lang='lat' dir='ltr'><strong>limitem.</strong></span> <span class='ocrx_word' id='word_1_699' title='bbox 1421 5188 1559 5261; x_wconf 71' lang='grc' dir='ltr'>μη</span> <span class='ocrx_word' id='word_1_700' title='bbox 1587 5188 1782 5245; x_wconf 84' lang='lat' dir='ltr'><strong>Omnis</strong></span> <span class='ocrx_word' id='word_1_701' title='bbox 1819 5193 1914 5261; x_wconf 89' lang='lat' dir='ltr'><strong>qui</strong></span> <span class='ocrx_word' id='word_1_702' title='bbox 1956 5191 2194 5262; x_wconf 88' lang='lat' dir='ltr'><strong>aliquem</strong></span> <span class='ocrx_word' id='word_1_703' title='bbox 2233 5209 2300 5247; x_wconf 83' lang='lat' dir='ltr'><strong>ex</strong></span> <span class='ocrx_word' id='word_1_704' title='bbox 2341 5207 2470 5248; x_wconf 86' lang='lat' dir='ltr'><strong>vero</strong></span> <span class='ocrx_word' id='word_1_705' title='bbox 2511 5192 2611 5248; x_wconf 82' lang='lat' dir='ltr'><strong>Dei</strong></span> <span class='ocrx_word' id='word_1_706' title='bbox 2661 5194 2834 5258; x_wconf 91' lang='lat' dir='ltr'><strong>cultu,</strong></span> <span class='ocrx_word' id='word_1_707' title='bbox 2883 5209 2946 5249; x_wconf 90' lang='lat' dir='ltr'><strong>ac</strong></span> <span class='ocrx_word' id='word_1_708' title='bbox 2979 5193 3102 5249; x_wconf 78' lang='lat' dir='ltr'><strong>vitae</strong></span> <span class='ocrx_word' id='word_1_709' title='bbox 3135 5196 3352 5250; x_wconf 87' lang='lat' dir='ltr'><strong>ratione</strong></span> <span class='ocrx_word' id='word_1_710' title='bbox 3407 5205 3552 5252; x_wconf 89' lang='lat' dir='ltr'><strong>recta</strong></span> <span class='ocrx_word' id='word_1_711' title='bbox 3587 5199 3644 5252; x_wconf 88' lang='lat' dir='ltr'><strong>in</strong></span> 
     </span>
    </p>
   </div>
   <div class='ocr_carea' id='block_1_65' title="bbox 397 5277 3644 5351">
    <p class='ocr_par' dir='ltr' id='par_1_65' title="bbox 397 5277 3644 5351">
     <span class='ocr_line' id='line_1_65' title="bbox 397 5277 3644 5351; baseline -0 -14"><span class='ocrx_word' id='word_1_712' title='bbox 397 5283 612 5338; x_wconf 89' lang='lat' dir='ltr'><strong>diversa</strong></span> <span class='ocrx_word' id='word_1_713' title='bbox 647 5278 931 5334; x_wconf 70' lang='lat' dir='ltr'><strong>transfert.</strong></span> <span class='ocrx_word' id='word_1_714' title='bbox 967 5278 1070 5344; x_wconf 88' lang='lat' dir='ltr'><strong>Qui</strong></span> <span class='ocrx_word' id='word_1_715' title='bbox 1097 5279 1228 5332; x_wconf 88' lang='lat' dir='ltr'><strong>item</strong></span> <span class='ocrx_word' id='word_1_716' title='bbox 1271 5279 1540 5333; x_wconf 86' lang='lat' dir='ltr'><strong>virtutum</strong></span> <span class='ocrx_word' id='word_1_717' title='bbox 1565 5277 1787 5333; x_wconf 88' lang='lat' dir='ltr'><strong>modum</strong></span> <span class='ocrx_word' id='word_1_718' title='bbox 1819 5279 1938 5336; x_wconf 80' lang='lat' dir='ltr'><strong>sive</strong></span> <span class='ocrx_word' id='word_1_719' title='bbox 1970 5279 2038 5334; x_wconf 85' lang='lat' dir='ltr'><strong>ad</strong></span> <span class='ocrx_word' id='word_1_720' title='bbox 2069 5280 2193 5351; x_wconf 89' lang='lat' dir='ltr'><strong>plus</strong></span> <span class='ocrx_word' id='word_1_721' title='bbox 2233 5281 2350 5336; x_wconf 88' lang='lat' dir='ltr'><strong>sive</strong></span> <span class='ocrx_word' id='word_1_722' title='bbox 2375 5281 2558 5336; x_wconf 89' lang='lat' dir='ltr'><strong>minus</strong></span> <span class='ocrx_word' id='word_1_723' title='bbox 2587 5281 2826 5346; x_wconf 79' lang='lat' dir='ltr'><strong>excedit,</strong></span> <span class='ocrx_word' id='word_1_724' title='bbox 2867 5295 2930 5336; x_wconf 89' lang='lat' dir='ltr'><strong>ac</strong></span> <span class='ocrx_word' id='word_1_725' title='bbox 2971 5281 3036 5335; x_wconf 89' lang='lat' dir='ltr'><strong>ad</strong></span> <span class='ocrx_word' id='word_1_726' title='bbox 3071 5282 3264 5336; x_wconf 78' lang='lat' dir='ltr'><strong>vitium</strong></span> <span class='ocrx_word' id='word_1_727' title='bbox 3289 5285 3358 5336; x_wconf 87' lang='lat' dir='ltr'><strong>ab</strong></span> <span class='ocrx_word' id='word_1_728' title='bbox 3381 5283 3644 5336; x_wconf 84' lang='lat' dir='ltr'><strong>alterutra</strong></span> 
     </span>
    </p>
   </div>
   <div class='ocr_carea' id='block_1_66' title="bbox 397 5365 1156 5442">
    <p class='ocr_par' dir='ltr' id='par_1_66' title="bbox 397 5365 1156 5442">
     <span class='ocr_line' id='line_1_66' title="bbox 397 5365 1156 5442; baseline -0.007 -19"><span class='ocrx_word' id='word_1_729' title='bbox 397 5377 553 5442; x_wconf 83' lang='lat' dir='ltr'><strong>parte</strong></span> <span class='ocrx_word' id='word_1_730' title='bbox 586 5367 908 5435; x_wconf 72' lang='lat' dir='ltr'><strong>adjunctum</strong></span> <span class='ocrx_word' id='word_1_731' title='bbox 935 5365 1156 5420; x_wconf 77' lang='lat' dir='ltr'><strong>deiecit.</strong></span> 
     </span>
    </p>
   </div>
   <div class='ocr_carea' id='block_1_67' title="bbox 467 5451 3643 5528">
    <p class='ocr_par' dir='ltr' id='par_1_67' title="bbox 467 5451 3643 5528">
     <span class='ocr_line' id='line_1_67' title="bbox 467 5451 3643 5528; baseline -0.001 -16"><span class='ocrx_word' id='word_1_732' title='bbox 467 5457 796 5512; x_wconf 71' lang='lat' dir='ltr'><strong>Exsecratus</strong></span> <span class='ocrx_word' id='word_1_733' title='bbox 818 5455 908 5526; x_wconf 87' lang='lat' dir='ltr'><strong>qui</strong></span> <span class='ocrx_word' id='word_1_734' title='bbox 929 5469 1124 5509; x_wconf 69' lang='lat' dir='ltr'><strong>crucum</strong></span> <span class='ocrx_word' id='word_1_735' title='bbox 1155 5467 1336 5508; x_wconf 81' lang='lat' dir='ltr'><strong>errore</strong></span> <span class='ocrx_word' id='word_1_736' title='bbox 1371 5461 1464 5508; x_wconf 74' lang='lat' dir='ltr'><strong>aut</strong></span> <span class='ocrx_word' id='word_1_737' title='bbox 1495 5451 1780 5524; x_wconf 77' lang='lat' dir='ltr'><strong>impingere</strong></span> <span class='ocrx_word' id='word_1_738' title='bbox 1830 5455 1984 5525; x_wconf 79' lang='lat' dir='ltr'><strong>facit.</strong></span> <span class='ocrx_word' id='word_1_739' title='bbox 2023 5454 2164 5528; x_wconf 87' lang='lat'><strong>[18.]</strong></span> <span class='ocrx_word' id='word_1_740' title='bbox 2197 5455 2422 5510; x_wconf 83' lang='lat' dir='ltr'><strong>Seducit</strong></span> <span class='ocrx_word' id='word_1_741' title='bbox 2451 5469 2654 5511; x_wconf 65' lang='lat' dir='ltr'><strong>caecum</strong></span> <span class='ocrx_word' id='word_1_742' title='bbox 2699 5455 2754 5510; x_wconf 92' lang='lat' dir='ltr'><strong>in</strong></span> <span class='ocrx_word' id='word_1_743' title='bbox 2781 5455 3002 5524; x_wconf 89' lang='lat' dir='ltr'><strong>itinere,</strong></span> <span class='ocrx_word' id='word_1_744' title='bbox 3033 5457 3213 5512; x_wconf 88' lang='lat' dir='ltr'><strong>omnis</strong></span> <span class='ocrx_word' id='word_1_745' title='bbox 3245 5455 3338 5526; x_wconf 86' lang='lat' dir='ltr'><strong>qui</strong></span> <span class='ocrx_word' id='word_1_746' title='bbox 3359 5455 3643 5510; x_wconf 87' lang='lat' dir='ltr'><strong>ethnicum</strong></span> 
     </span>
    </p>
   </div>
   <div class='ocr_carea' id='block_1_68' title="bbox 469 5626 2063 5704">
    <p class='ocr_par' dir='ltr' id='par_1_68' title="bbox 469 5626 2063 5704">
     <span class='ocr_line' id='line_1_68' title="bbox 469 5626 2063 5704; baseline -0.001 -20"><span class='ocrx_word' id='word_1_747' title='bbox 469 5633 515 5704; x_wconf 65' lang='grc' dir='ltr'><strong>’ξ</strong></span> <span class='ocrx_word' id='word_1_748' title='bbox 551 5633 594 5684; x_wconf 71' lang='grc' dir='ltr'>Μ</span> <span class='ocrx_word' id='word_1_749' title='bbox 635 5631 940 5704; x_wconf 73' lang='lat' dir='ltr'><strong>t_t_h._v,20.</strong></span> <span class='ocrx_word' id='word_1_750' title='bbox 1046 5626 1286 5704; x_wconf 40' lang='lat' dir='ltr'><strong>&quot;.loan.</strong></span> <span class='ocrx_word' id='word_1_751' title='bbox 1325 5643 1418 5696; x_wconf 73' lang='lat' dir='ltr'><strong>xv,</strong></span> <span class='ocrx_word' id='word_1_752' title='bbox 1457 5627 1544 5685; x_wconf 74' lang='grc' dir='ltr'><strong>Η.</strong></span> <span class='ocrx_word' id='word_1_753' title='bbox 1593 5627 1688 5704; x_wconf 31' lang='lat' dir='ltr'><strong>ﬂ&quot;</strong></span> <span class='ocrx_word' id='word_1_754' title='bbox 1717 5627 1920 5689; x_wconf 80' lang='lat' dir='ltr'><strong>Matth.</strong></span> <span class='ocrx_word' id='word_1_755' title='bbox 1947 5643 2006 5698; x_wconf 72' lang='grc' dir='ltr'><strong>ν,</strong></span> <span class='ocrx_word' id='word_1_756' title='bbox 2045 5627 2063 5683; x_wconf 88' lang='lat'><strong>1</strong></span> 
     </span>
    </p>
   </div>
   <div class='ocr_carea' id='block_1_69' title="bbox 2049 5626 3643 5704">
    <p class='ocr_par' dir='ltr' id='par_1_69' title="bbox 2049 5627 3643 5700">
     <span class='ocr_line' id='line_1_69' title="bbox 2049 5627 3643 5700; baseline -0.001 -16"><span class='ocrx_word' id='word_1_757' title='bbox 2049 5627 2136 5686; x_wconf 69' lang='lat'><strong>14.</strong></span> <span class='ocrx_word' id='word_1_758' title='bbox 2177 5631 2228 5666; x_wconf 80' lang='grc'>⁸³</span> <span class='ocrx_word' id='word_1_759' title='bbox 2249 5629 2519 5698; x_wconf 77' lang='lat' dir='ltr'><strong>Mattb.x,</strong></span> <span class='ocrx_word' id='word_1_760' title='bbox 2547 5631 2601 5688; x_wconf 86' lang='lat'><strong>8.</strong></span> <span class='ocrx_word' id='word_1_761' title='bbox 2675 5632 2724 5664; x_wconf 86' lang='grc'><strong><em>⁸³</em></strong></span> <span class='ocrx_word' id='word_1_762' title='bbox 2755 5630 2991 5689; x_wconf 82' lang='lat' dir='ltr'><strong>Zachar.</strong></span> <span class='ocrx_word' id='word_1_763' title='bbox 3045 5648 3121 5696; x_wconf 79' lang='grc' dir='ltr'><strong>ιι,</strong></span> <span class='ocrx_word' id='word_1_764' title='bbox 3181 5631 3266 5684; x_wconf 73' lang='lat'><strong>16.</strong></span> <span class='ocrx_word' id='word_1_765' title='bbox 3365 5627 3411 5662; x_wconf 75' lang='lat'><strong>“</strong></span> <span class='ocrx_word' id='word_1_766' title='bbox 3441 5627 3643 5700; x_wconf 77' lang='lat' dir='ltr'><strong>Ephes.</strong></span> 
     </span>
    </p>
   </div>
   <div class='ocr_carea' id='block_1_70' title="bbox 399 5697 1186 5768">
    <p class='ocr_par' dir='ltr' id='par_1_70' title="bbox 399 5697 1186 5768">
     <span class='ocr_line' id='line_1_70' title="bbox 399 5697 1186 5768; baseline -0.005 -12"><span class='ocrx_word' id='word_1_767' title='bbox 399 5717 458 5768; x_wconf 75' lang='grc' dir='ltr'><strong>α,</strong></span> <span class='ocrx_word' id='word_1_768' title='bbox 487 5701 580 5765; x_wconf 70' lang='lat' dir='ltr'><strong>eo.</strong></span> <span class='ocrx_word' id='word_1_769' title='bbox 649 5697 694 5730; x_wconf 78' lang='lat'>&quot;</span> <span class='ocrx_word' id='word_1_770' title='bbox 729 5702 980 5768; x_wconf 73' lang='lat' dir='ltr'><strong>Philipp.</strong></span> <span class='ocrx_word' id='word_1_771' title='bbox 1019 5713 1060 5766; x_wconf 83' lang='grc' dir='ltr'><strong>ι,</strong></span> <span class='ocrx_word' id='word_1_772' title='bbox 1089 5697 1186 5752; x_wconf 74' lang='lat'><strong>21.</strong></span> 
     </span>
    </p>
   </div>
  </div>
