4036 6214
424 338 527 407 ΜΒ
1712 321 2018 383 PROCOPI

2104 319 2341 380 GAZJEI
3567 303 3698 369 .9“

421 461 516 506 aut
553 444 800 502 Judaeum
825 440 915 511 qui
950 439 1132 492 lumen
1169 435 1418 493 scientia:
1445 434 1685 488 nondum
1710 432 1937 493 habent,
1966 431 2021 485 in
2049 428 2298 484 hatresim
2336 441 2497 482 secus
2522 426 2666 480 viam
2720 424 3078 495 apostolicam
3128 421 3423 495 pertrahit.
3474 416 3605 473 Sive
3636 418 3698 472 td

424 549 648 606 quoque
689 530 856 584 faciat
887 524 1127 580 fidelium
1158 523 1474 591 cuicunque
1507 521 1600 590 qui
1634 519 2005 590 cOgnitionem
2036 517 2280 573 nondum
2321 515 2635 584 acquisivit.
2672 512 2848 567 I’orro
2896 527 3024 568 vero
3062 511 3354 606 advenam,
3394 511 3691 606 pupillum,

425 597 475 678 et
507 597 722 677 viduam
758 625 917 672 vocat
947 628 1044 669 eos
1093 613 1185 682 qui
1218 611 1484 672 nonduin,
1525 607 1717 663 ﬁdeles
1751 607 1879 663 licet
1902 607 2039 669 sint,
2071 605 2338 659 accedere
2374 611 2555 657 tamen
2609 602 2823 661 volunt.
2864 609 2920 655 et
2960 600 3180 670 spiritui
3214 597 3439 669 quidem
3465 598 3698 653 Satanan

424 714 544 766 Valc
573 707 793 779 quidem
831 702 1114 764 dixerunt,
1138 699 1425 754 Christum
1448 712 1580 751 vero
1604 695 1837 751 necdum
1861 693 2175 748 induerunt.
2203 688 2533 761 Hujusmodi
2561 698 2748 744 autem
2778 688 2978 742 animae
3006 687 3183 742 viduae
3206 694 3360 753 sunt,
3383 699 3508 755 qua
3527 700 3695 740 aver-

426 806 561 852 satae
589 775 810 865 quidem
846 789 1055 846 erroris
1082 796 1352 850 satorem,
1381 783 1624 839 nonduin
1649 797 1780 837 vero
1803 780 2086 835 Christum
2110 789 2388 841 castarum
2411 777 2688 847 virginum
2725 791 2874 831 more
2903 775 3231 846 amplexata).
3258 783 3414 842 sunt,
3449 788 3691 845 quarum

424 883 690 955 judicium
718 880 767 934 is
794 878 887 947 qui
918 892 1026 930 non
1061 872 1356 943 legitimam
1401 868 1633 923 tradidit
1666 866 2000 932 doctrinam,
2035 867 2256 922 avertit.

502 992 821 1047 Exsecratus
855 989 1024 1059 quivis
1060 985 1215 1039 homo
1242 983 1332 1052 qui
1356 998 1463 1036 non
1492 988 1764 1052 permanet
1802 978 1857 1033 in
1885 992 2002 1032 om-
2033 982 2078 1040 Α

2189 978 2656 1048 Ἐπικατάρατος
2680 976 2803 1045 πᾶς
2829 978 3142 1048 ἄνθρωπος
3187 979 3258 1046 ὃς
3298 978 3408 1033 οὐκ
3451 976 3694 1049 ἐμμένει

428 1086 581 1141 nibus
600 1084 767 1141 verbis
796 1081 952 1151 hujus
984 1078 1133 1149 legis,
1176 1086 1232 1129 ut
1276 1075 1446 1144 faciat
1481 1089 1561 1126 ea.
1606 1070 1748 1145 [27.]
1781 1070 1918 1125 Illud
1951 1070 2005 1123 in

2108 1071 2177 1124 ἐν
2208 1068 2358 1125 πᾶσι
2391 1070 2518 1138 τοῖς
2547 1071 2753 1140 λόγοις
2783 1070 2892 1125 τοῦ
2923 1072 3115 1141 νόμου
3141 1071 3359 1125 τούτου
3379 1068 3489 1125 τοῦ
3519 1069 3693 1137 ποιῆ-

428 1179 696 1241 omnibus,
717 1172 863 1244 quod
894 1187 924 1226 a
948 1169 1302 1239 Septuaginta
1331 1166 1571 1237 positum
1604 1170 1709 1229 est,
1737 1163 1808 1218 ab
1827 1177 2008 1217 exem-

2104 1176 2211 1215 σαι
2239 1162 2486 1229 αὐτούς.
2519 1163 2615 1230 Τὸ,
2636 1162 2708 1217 ἐν
2728 1161 2901 1231 πᾶσι,
2925 1163 3182 1233 κείμενον
3206 1162 3359 1232 παρὰ
3382 1162 3496 1225 τοῖς
3511 1160 3698 1213 Ἑϐδο-

424 1273 520 1343 pIo
566 1265 896 1324 Samaritico
939 1264 1321 1319 conﬁrmatur.
1371 1256 1429 1311 In
1465 1269 1574 1327 quo
1608 1254 1669 1308 τδ
1693 1251 1817 1326 χδλ,
1860 1253 2006 1324 quod

2113 1253 2379 1323 μήκοντα,
2413 1251 2679 1325 κυροῦται
2708 1252 2819 1307 ἀπὸ
2843 1252 2938 1306 τοῦ
2984 1251 3393 1324 Σαμαρειτικοΰ
3426 1250 3695 1321 ἀντιγρὰ-

422 1337 537 1427 est,
588 1362 647 1415 in
691 1357 956 1421 omnibus,
998 1368 1096 1409 seu
1148 1366 1240 1420 per
1282 1347 1482 1412 omnia,
1513 1358 1830 1401 consonans
1881 1357 2007 1397 cum

2111 1360 2233 1411 φου.
2280 1344 2368 1396 Ἐν
2396 1337 2442 1412 ᾧ
2483 1343 2553 1397 τὸ
2606 1346 2747 1415 χὸλ,
2797 1346 2936 1416 ὅπερ
2969 1344 3108 1409 ἐστὶ,
3154 1341 3369 1403 πᾶσιν,
3395 1341 3429 1412 ἢ
3456 1339 3695 1407 πάντα,

423 1454 736 1526 apostolico
771 1464 786 1503 :
822 1468 841 1500 ι
876 1447 1162 1514 Quotquot
1212 1441 1359 1497 enim
1392 1437 1529 1509 legis
1580 1436 1844 1507 operibus
1873 1441 2007 1491 sunt

2111 1434 2413 1506 φερόμενον
2447 1432 2707 1507 εὕρομεν.
2770 1429 2866 1499 Οἷς
2904 1435 3121 1507 συνᾴδει
3159 1434 3306 1490 καὶὸ
3343 1432 3693 1497 ’Λπόστολος,

423 1524 660 1608 addicti,
689 1534 1060 1597 exsecrationi
1091 1538 1223 1588 sunt
1270 1527 1516 1583 obnoxii.
1555 1544 1575 1578 ι

2111 1525 2312 1593 λέγων.
2349 1545 2369 1578 ι
2402 1528 2562 1581 Ὅσοι
2581 1526 2691 1596 γὰρ
2716 1524 2778 1592 ἐξ
2798 1526 2980 1599 ἔργων
3009 1528 3175 1598 νόμου
3202 1528 3365 1591 εἰσὶν,
3397 1525 3504 1579 ὑπὸ
3526 1525 3701 1579 κατὰ-

2117 1632 2215 1687 ραν
2239 1617 2399 1672 εἰσιν.
2435 1635 2454 1669 ι
2482 1617 2646 1670 Ὅθεν
2684 1618 2733 1670 ei
2764 1618 2830 1671 ὲκ
2875 1619 3185 1688 περιτομῆς
3234 1615 3552 1688 ἐλέγχονται
3587 1613 3699 1669 ὑπὸ

2114 1708 2360 1789 καιτάραν
2381 1707 2555 1772 ὄντες,
2585 1707 2645 1762 τὸ
2677 1707 2753 1779 μὴ
2786 1707 2964 1762 πάντα
3000 1710 3195 1762 ποιεῖν.

505 1828 780 1897 Scriptum
812 1830 897 1879 est
925 1822 1071 1878 enim
1107 1837 1121 1873 :
1160 1839 1179 1871 ι
1214 1817 1555 1876 Essecratus
1581 1814 1761 1870 omnis
1794 1816 1889 1886 qui
1919 1832 2028 1872 non
2057 1827 2342 1888 permanet
2372 1820 2426 1874 in
2459 1820 2716 1879 omnibus
2756 1837 2878 1894 quae
2913 1821 2968 1877 in
3000 1821 3105 1879 hoc
3135 1822 3274 1879 libro
3302 1822 3441 1895 legis
3470 1830 3700 1879 exStant

432 1917 653 1979 litteris,
682 1924 740 1968 ut
767 1919 988 1982 praestet
1024 1924 1089 1964 ea
1113 1908 1183 1962 ⁸⁸.
1218 1925 1239 1959 s

506 2000 821 2059 Benedictus
856 2007 913 2051 tu
944 1998 998 2051 in
1030 1995 1243 2057 urbe,et
1266 1992 1563 2048 benedictus
1588 1992 1643 2045 in
1670 2007 1818 2065 agro.
1839 1990 2101 2063 [XXVIIL
2127 1993 2205 2067 3.]
2233 1993 2286 2049 In
2319 1994 2597 2064 Ecclesia,
2623 1996 2715 2053 ubi
2749 1998 2841 2068 qui
2874 1997 3005 2068 agit,
3023 1996 3158 2054 serit
3178 2005 3232 2054 et
3264 1998 3424 2053 metit
3453 1996 3700 2053 fructum

437 2094 492 2148 in
518 2094 682 2147 vitam
708 2095 997 2144 aeternam.
1040 2081 1257 2138 Feturae
1286 2096 1421 2137 vero
1454 2080 1598 2135 uteri
1624 2079 1728 2150 piae
1753 2080 2121 2150 cogitationes
2157 2090 2306 2137 sunt.
2341 2082 2483 2138 Dicit
2513 2085 2659 2140 enim
2688 2085 2859 2142 Isaias
2894 2104 2909 2141 :
2953 2105 2972 2137 ι
3007 2087 3111 2142 Per
3149 2096 3356 2141 metum
3383 2094 3563 2149 tuum,
3591 2087 3703 2140 Du-

433 2183 605 2245 mine,
645 2179 700 2233 in
726 2184 917 2232 ventre
939 2170 1315 2242 concepimus,
1349 2169 1570 2225 dolores
1603 2167 1951 2254 pertulimus,
1983 2177 2038 2247 et
2076 2171 2494 2241 parturiviinus,
2554 2172 2811 2244 spiritum
2866 2173 3064 2229 salutis
3107 2182 3213 2230 tute
3270 2173 3499 2230 fecimus
3530 2189 3706 2246 super

435 2277 582 2326 terra
610 2267 679 2321 ⁸⁷.
718 2285 737 2317 ι
764 2259 930 2318 Iidem
959 2274 1091 2315 vero
1117 2266 1280 2314 terrai
1316 2270 1538 2327 quoque
1568 2262 1754 2327 partes
1784 2266 1933 2324 sunt,
1958 2259 2114 2330 juxta
2140 2260 2275 2314 illud
2312 2277 2329 2314 :
2367 2278 2385 2312 ι
2415 2259 2598 2317 Exivit
2618 2269 2769 2316 sator
2800 2261 2868 2317 ad
2894 2262 3212 2328 serendum,
3252 2270 3310 2318 et
3339 2263 3448 2317 alia
3474 2264 3703 2334 quidem

437 2356 757 2414 ceciderunt
779 2365 940 2408 secus
966 2350 1136 2412 viam,
1170 2347 1278 2402 alia
1312 2361 1481 2417 super
1514 2355 1724 2413 sentes,
1752 2348 1858 2402 alia
1890 2363 2018 2403 vero
2044 2363 2208 2419 super
2237 2358 2471 2419 petram,
2513 2349 2621 2403 alia
2648 2363 2782 2405 vero
2804 2364 2974 2421 super
3001 2359 3201 2406 terram
3236 2351 3460 2418 bonam,
3490 2360 3547 2406 et
3573 2352 3705 2408 red-

436 2444 576 2501 didit
616 2443 884 2505 fructum,
921 2436 1069 2492 aliud
1108 2436 1329 2506 quidem
1373 2434 1763 2516 trigecuplum,
1793 2434 1940 2489 aliud
1966 2436 2480 2507 septuageeuplum,
2514 2436 2663 2491 aliud
2709 2438 3035 2505 centuplum
3064 2438 3132 2494 ⁸⁸.
3174 2457 3193 2490 ι

509 2531 760 2588 Armenta
791 2525 946 2580 boum
974 2532 1023 2577 et
1048 2538 1227 2595 greges
1261 2520 1455 2576 ovium.
1484 2519 1588 2594 [4.]
1621 2520 1823 2576 Munda
1876 2524 2080 2579 etenim
2127 2539 2254 2582 esse
2282 2524 2486 2582 debent
2515 2540 2637 2597 qua:
2685 2525 2753 2581 ad
2781 2527 2952 2583 altare
2985 2525 3361 2596 adducuntur,
3393 2525 3463 2584 de
3495 2527 3707 2598 quibus

439 2631 820 2690 swpcmtmero
847 2614 1114 2669 diximus.

504 2752 717 2807 Heri-ea
739 2759 831 2803 tua
862 2756 913 2803 et
939 2745 1176 2817 reliquiis
1206 2755 1328 2801 tua.
1353 2744 1458 2819 [5.]
1488 2748 1697 2803 Horrea
1721 2754 1880 2803 vocat
1908 2764 2018 2805 non
2051 2738 2096 2800 Β

2188 2758 2257 2811 Αἱ
2281 2758 2588 2830 ἀπσθῆκαί
2603 2777 2741 2828 σου,
2774 2762 2874 2817 καὶ
2908 2760 2983 2816 τὰ
3008 2760 3522 2833 ἐματαιὶειμματά
3559 2776 3706 2817 σου.

420 2860 505 2900 .ea
530 2845 620 2898 ubi
657 2843 805 2898 tinea
834 2840 1002 2905 rodit,
1038 2853 1218 2908 neque
1242 2853 1364 2908 quae
1387 2837 1541 2895 fures
1587 2839 1903 2911 perfodiunt
1945 2843 2014 2909 ⁸ο,

2136 2848 2448 2923 Ἀποθήκας
2490 2854 2677 2922 φησὶν,
2728 2852 2831 2907 οὐκ
2885 2853 3012 2907 ἔνθα
3041 2853 3144 2925 σὴς
3178 2852 3457 2922 ἀφανίζει,
3488 2852 3599 2906 οὐδ’
3637 2851 3710 2915 ἃς

438 2950 634 2990 verum
668 2950 734 2990 ea
766 2948 887 3001 quae
922 2929 1083 2986 nobis
1109 2929 1373 2983 viaticum
1404 2930 1647 2999 praebent
1690 2931 1758 2986 ad
1788 2947 2017 3001 regnum

2124 2940 2354 2995 κλέπται
2381 2944 2775 3016 διορύττουσιν,
2804 2946 2940 3000 ἀλλὰ
2971 2946 3072 3008 τὰς
3095 2945 3417 3014 ἀπαγούσας
3445 2946 3597 3016 ἡμᾶς
3624 2945 3714 3009 εἰς

439 3029 733 3083 calorum.
776 3022 1045 3091 Reliquis:
1082 3034 1235 3081 vero.
1282 3018 1465 3073 futura
1496 3027 1551 3074 et
1583 3020 1902 3076 novissima.
1937 3020 2018 3077 Ita

2123 3032 2223 3104 τὴν
2254 3032 2534 3103 βασιλείαν
2563 3036 2672 3089 τῶν
2701 3037 2947 3108 οὐρανῶν
2968 3052 2981 3067 ·
3006 3035 3499 3108 ἐγκαταλεὶμματα
3527 3035 3609 3101 δὲ,
3636 3036 3711 3089 τὰ

439 3120 590 3175 enim
616 3121 988 3185 exposuerunt
1015 3108 1211 3178 reliqui
1241 3111 1294 3163 in
1325 3110 1431 3165 hoc
1456 3109 1610 3166 dicto
1647 3126 1661 3163 :
1699 3129 1719 3162 ι
1748 3110 2016 3182 Reliquiae

2130 3121 2393 3192 μέλλοντα
2426 3125 2522 3177 καὶ
2573 3126 2643 3180 τὰ
2676 3124 2906 3197 ἔσχατα.
3008 3126 3167 3180 Οὕτω
3214 3125 3323 3197 γὰρ
3352 3126 3623 3190 ἐξέδωκαν
3656 3127 3709 3177 oi

445 3207 742 3278 impiorum
775 3200 1249 3266 exscindentur”,
1279 3206 1305 3253 i'
1323 3200 1467 3270 quod
1500 3200 1710 3271 psalmo
1741 3203 2021 3260 tricesimo

2126 3209 2325 3280 λοιποὶ,
2353 3214 2412 3268 ἐν
2438 3214 2542 3287 τῷ.
2560 3215 2655 3271 ατὰ
2667 3215 3163 3287 ὲγκαταλείμματα
3194 3217 3303 3271 τῶν
3344 3216 3557 3271 ἀσεϐῶν
3585 3215 3710 3281 ἐξο-

424 3310 602 3358 οδοχιο
627 3296 885 3352 habetur.

2131 3303 2606 3376 λοθρευθήσονται,
2651 3328 2670 3361 s
2713 3308 2770 3362 ὲν
2805 3308 2892 3374 λς’
2914 3308 3115 3381 ψαλμῷ
3142 3308 3456 3380 λεγόμενον.

424 3500 425 3505 γ
521 3418 660 3476 Cum
698 3414 984 3487 ingrederis
1011 3422 1060 3469 et
1110 3410 1397 3484 egrederis.
1436 3411 1540 3483 [6].
1590 3411 1728 3468 Cum
1779 3412 1884 3468 hoc
1934 3411 2018 3467 Da'

2146 3433 2364 3490 quoque
2424 3423 2694 3487 concinit,
2730 3423 3032 3496 inquiens:
3097 3444 3115 3477 ι
3160 3424 3429 3481 Dominus
3458 3424 3712 3479 tuebitur

442 3510 659 3565 exitum
693 3515 844 3560 tuum
876 3510 930 3559 et
964 3501 1254 3556 introitum
1285 3501 1357 3556 “.
1394 3520 1412 3553 ι
1448 3501 1679 3571 Oportet
1712 3501 1860 3555 enim
1897 3502 1945 3556 ei
1970 3502 2063 3573 qui
2096 3505 2166 3560 ab
2204 3505 2484 3576 impietate
2521 3509 2749 3576 recedit,
2798 3526 2962 3567 manu
3005 3511 3072 3566 ad
3114 3512 3372 3582 pietatem
3418 3510 3524 3565 iter
3572 3526 3715 3581 prae-

449 3600 602 3655 bere.
632 3592 806 3651 Porro
836 3602 893 3648 et
919 3591 1082 3647 nobis
1110 3598 1302 3646 contra
1330 3590 1422 3646 Dei
1458 3592 1646 3645 hostes
1677 3592 1733 3645 in
1775 3591 1976 3645 bellum
2016 3598 2102 3646 est
2133 3593 2550 3664 egrediendum.
2579 3597 2683 3651 Per
2722 3599 3012 3654 introitum
3051 3614 3180 3652 vero
3216 3599 3403 3655 licebit
3432 3599 3714 3670 intelligas

432 3688 769 3742 accuratam
803 3678 1136 3751 cognitionis
1167 3678 1499 3734 custodiam.
1535 3677 1640 3733 Per
1665 3678 1871 3734 exitum
1896 3688 2103 3747 autem,
2126 3696 2245 3736 eam
2273 3686 2644 3753 egressionem
2669 3702 2778 3757 qua
2804 3688 2990 3743 omnis
3011 3688 3234 3743 solertia
3266 3688 3626 3757 relinquitur,
3657 3695 3713 3743 ct

447 3787 581 3842 erga
612 3769 859 3825 infirmos
881 3767 934 3819 tit
964 3764 1248 3821 demissio.
1280 3764 1493 3831 Quibus
1520 3766 1844 3837 subjungit:
1877 3784 1894 3818 ι
1942 3764 2008 3819 Ει
2035 3766 2213 3820 tradet
2246 3769 2507 3826 Dominus
2541 3772 2688 3827 Deus
2716 3782 2844 3828 tuus
2873 3773 3131 3828 inimicos
3163 3782 3291 3829 tuos
3336 3774 3433 3844 qui
3488 3775 3714 3829 restite-

452 3868 583 3913 runt
619 3857 744 3921 tibi,
778 3854 1101 3911 contractos
1132 3853 1188 3907 in
1221 3861 1575 3923 conspectum
1607 3864 1786 3920 tuum,
1831 3875 1849 3907 ι
1879 3855 2036 3926 juxta
2066 3854 2199 3911 illud
2226 3855 2474 3928 Apostoli
2510 3877 2522 3914 :
2571 3880 2587 3911 ι
2631 3860 2694 3914 Ει
2738 3860 2916 3916 tradet
2948 3860 3211 3917 Dominus
3247 3861 3515 3916 Satanam
3549 3862 3713 3931 pedi-

448 3947 559 4003 bus
588 3944 789 4000 nostris
829 3940 1263 4007 conculcandum
1290 3940 1477 3996 subito
1504 3941 1569 3993 ν’.
1608 3962 1625 3992 s

527 4065 626 4119 Per
662 4079 825 4117 unum
874 4061 972 4116 iter
1008 4059 1362 4131 egredientur,
1417 4070 1466 4114 et
1501 4071 1694 4128 septem
1748 4062 2026 4115 itineribus
2056 4077 2099 4136 ο

2216 4063 2364 4128 Ὀδῷ
2385 4064 2494 4134 μιᾷ
2536 4065 2923 4131 ἐξελεύσεται
2969 4066 3123 4135 πρὸς
3172 4065 3268 4130 σὲ,
3315 4064 3411 4119 καὶ
3458 4065 3530 4117 ἐν
3561 4063 3714 4118 ἑπτὰ

447 4158 731 4228 di/Togient
764 4170 791 4209 e
842 4162 1120 4223 conspecto
1152 4161 1289 4208 'tuo.
1336 4152 1439 4224 [7.]
1491 4152 1825 4207 Sceleratam
1867 4151 2034 4223 458

2142 4154 2305 4222 ὁδοῖς
2320 4157 2601 4226 φεύξεται
2629 4159 2748 4214 ἀπὸ
2776 4158 3104 4228 προσώπου
3132 4174 3271 4212 σου.
3301 4158 3415 4227 Τὴν
3444 4157 3588 4209 κατὰ
3619 4154 3712 4208 σοῦ

450 4254 602 4306 cnim
634 4246 1096 4317 conjurationem,
1129 4246 1524 4314 pactionesque
1547 4254 1747 4299 contra
1781 4253 1836 4300 te
1865 4247 2033 4300 scitas

2141 4250 2431 4320 γινομένην
2459 4251 2637 4305 αὐτῶν
2653 4251 2829 4323 κακὴν
2858 4251 3198 4322 συμφωνίαν,
3219 4250 3311 4303 καὶ
3334 4250 3432 4320 τὴν
3447 4248 3710 4317 διαθήκην

457 4342 749 4413 dissipabit
801 4335 1269 4405 Dominus,’juxta
1304 4335 1439 4390 illud
1473 4350 1486 4386 :
1529 4353 1548 4386 ι
1593 4335 1807 4406 Dissipa
1843 4331 2033 4406 gent12s

2141 4339 2343 4403 αὐτῶν,
2374 4340 2442 4411 ἢν
2472 4343 2613 4395 κατὰ
2639 4341 2735 4395 σοῦ
2781 4344 2841 4395 ὲν
2871 4341 3099 4412 ὁμονοίᾳ
3132 4340 3389 4403 διέθεντο,
3422 4338 3706 4389 διασκεδά-

388 4433 394 4438 ’
456 4451 691 4509 quarunt
721 4432 942 4487 animus
981 4430 1034 4483 in
1060 4427 1228 4482 .bellis
1256 4439 1339 4481 est
1367 4428 1434 4481 ".
1482 4444 1501 4477 ι

2146 4444 2228 4480 σει
2270 4429 2496 4501 Κύριος,
2549 4434 2696 4487 καθά
2739 4449 2902 4505 φησιν
2961 4435 2990 4486 ὁ
3018 4432 3214 4484 Δαϐίδ·
3260 4450 3280 4482 ι
3320 4429 3714 4498 Διασκὸρπισον

2149 4518 2277 4589 ἔθνη
2303 4521 2372 4573 τὰ
2397 4520 2525 4587 τοὺς
2554 4523 2823 4593 πολέμους
2857 4523 3102 4577 θέλοντα.
3148 4541 3168 4575 ι

542 4649 605 4703 Et
629 4650 681 4701 in
718 4641 1096 4717 promptuariis
1135 4640 1256 4699 tuis.
1291 4650 1338 4693 et
1370 4640 1427 4692 in
1450 4640 1692 4694 onznibus
1721 4640 1790 4695 ad
1813 4658 1929 4711 (μιαν
1960 4660 2174 4697 manum
2204 4645 2491 4702 admolitus
2525 4649 2710 4718 fueris.
2743 4648 2847 4721 [8.]
2872 4648 2927 4704 Si
2992 4650 3140 4704 enim
3190 4644 3444 4701 mandata
3476 4643 3571 4698 Dei
3619 4656 3713 4711 pro

464 4730 1136 4791 virili’obset‘vaverimus,
1171 4727 1419 4810 felicitati
1453 4728 1927 4784 consecrabuntur
1955 4741 2062 4784 tam
2095 4734 2326 4799 occulta:
2356 4737 2722 4807 cogitationes
2755 4754 2916 4807 quam
2953 4736 3257 4791 manifesta:
3290 4735 3561 4794 actiones,
3590 4746 3709 4784 cum

468 4840 530 4880 ea
562 4837 682 4893 qua:
713 4821 1118 4882 diminuunlur,
1154 4824 1268 4870 tum
1291 4830 1353 4870 ea
1382 4830 1503 4885 qua:
1539 4815 1611 4870 ad
1636 4816 2033 4871 incrementum
2069 4818 2317 4874 tendunt.
2348 4822 2519 4878 David
2545 4827 2743 4879 ctenim
2777 4824 2941 4879 dicit:
2977 4841 2996 4875 ι
3032 4824 3106 4877 Ex
3132 4821 3359 4878 secretis
3387 4819 3525 4873 meis
3544 4829 3707 4887 purga

468 4929 554 4966 me
578 4910 646 4965 ".
676 4928 697 4963 ι
734 4907 991 4962 Servatur
1016 4906 1146 4958 item
1188 4922 1201 4958 :
1243 4921 1263 4954 ι
1298 4901 1451 4957 Citra
1493 4918 1579 4957 me
1606 4903 1817 4960 edicere
1854 4907 1986 4959 nihil
2019 4910 2249 4976 potestis
2279 4910 2348 4962 ⁸⁸.
2382 4929 2398 4961 ι

545 4995 808 5050 Επὶίαὺίι
841 5004 889 5048 te
918 4993 1021 5047 sibi
1047 4991 1305 5046 Dominus
1338 4991 1590 5060 populum
1647 5002 1911 5057 sumtum,
1946 4996 2387 5063 quemadmodum
2429 4997 2635 5068 juravit
2678 4996 2918 5067 patribus
2966 4994 3092 5049 tuis.
3156 4992 3259 5066 [9.]
3288 4992 3540 5061 Ipsorum
3571 4989 3709 5043 enim

474 5084 700 5154 adoptio
731 5089 838 5148 est,
869 5089 923 5136 et
955 5085 1367 5140 testamentum,
1402 5088 1455 5133 et
1490 5080 1696 5145 cultus,
1727 5096 1791 5134 ex
1828 5082 2030 5150 quibus
2070 5082 2326 5141 Christus
2362 5082 2661 5142 secundum
2708 5100 2932 5141 carnem
2983 5092 3144 5138 natus
3183 5091 3290 5137 est.
3322 5080 3462 5148 Ipsis
3500 5088 3718 5147 quoque

472 5174 652 5244 primo
675 5170 769 5224 Dei
795 5170 1021 5224 verbum
1062 5166 1492 5222 renuntiandum
1543 5177 1683 5220 erat.-
1745 5164 1801 5219 Id
1841 5171 2017 5236 ipsum
2069 5185 2198 5225 vero
2239 5187 2363 5225 cum
2418 5182 2762 5240 respuerent,
2810 5171 3046 5227 felicitas
3081 5169 3263 5224 omnis
3314 5166 3381 5220 ad
3416 5174 3611 5235 gentes
3638 5169 3719 5215 est

428 5320 431 5323 _
474 5258 765 5321 translata,
794 5266 851 5309 ut
874 5255 1078 5310 Christi
1114 5253 1294 5308 verbis
1328 5260 1477 5321 patet
1511 5269 1524 5306 :
1563 5272 1580 5303 ι
1617 5252 1857 5308 Profecti
1886 5254 2084 5312 docete
2115 5272 2308 5313 omnes
2331 5267 2523 5327 gentes
2551 5258 2617 5311 ’°.
2659 5277 2678 5309 ι
2716 5258 3108 5327 Apostolorum
3143 5256 3295 5318 item,
3343 5253 3439 5323 qui
3482 5251 3716 5304 dicunt:

477 5365 497 5399 ι
531 5347 610 5401 Ad
647 5351 834 5415 gentes
860 5339 1315 5396 convertimur”.
1346 5358 1363 5389 ι
1392 5338 1539 5404 Quas
1576 5350 1629 5393 et
1654 5354 1867 5407 gentem
1895 5353 2162 5403 sanctam,
2191 5344 2372 5411 regale
2395 5344 2789 5408 sacerdotium,
2825 5345 3085 5414 populum
3108 5341 3444 5411 acquisitum
3472 5344 3630 5391 vocat
3653 5334 3717 5384 "'.

476 5435 605 5492 Post
633 5433 876 5488 reditum
909 5444 1041 5483 vero
1072 5429 1212 5482 idem
1255 5436 1642 5501 testamentum
1689 5446 1812 5482 cum
1857 5432 2081 5484 Domino
2116 5431 2361 5486 condere
2408 5431 2911 5501 subscriptionihus
2943 5446 3008 5487 ac
3053 5430 3225 5500 signis
3253 5426 3501 5483 nuntium
3535 5438 3716 5477 sacer-

516 5618 724 5674 “Deut.
752 5614 1037 5683 xxvtt,26.
1113 5611 1158 5683 ⁸7
1195 5611 1300 5665 lsa.
1333 5610 1735 5683 κεινιχιῖίίδ.Δ
1771 5611 1839 5683 *⁸⁸
1867 5608 2069 5683 Matth.
2102 5627 2110 5663 ε

2120 5626 2221 5673 illi,
2250 5610 2368 5683 5-8.
2403 5678 2429 5683 Α
2472 5608 2734 5670 "(Mattio
2777 5624 2851 5683 vt_.
3027 5676 3042 5683 _
3103 5608 3149 5639 ⁸⁸
3180 5607 3576 5683 Ι’5έίΙ-ωλιξγιιν·
3626 5598 3714 5683 Δ58·

477 5698 520 5734 ⁸⁸
738 5700 865 5747 cxx,
892 5670 941 5736 8'.
1002 5670 1005 5671 ν
1053 5684 1097 5715 θ’
1137 5682 1292 5734 Itoni.
1332 5697 1441 5742 xvi,
1469 5670 1591 5732 ‘20.’
1693 5680 1737 5710 ³³
1771 5679 1913 5732 Paul.
1951 5674 2069 5733 uti

2155 5670 2244 5737 5f.
2322 5682 2365 5711 θ’
2397 5678 2542 5735 Psal.
2578 5694 2734 5745 xvm,
2779 5679 2864 5733 I2.
2940 5679 2985 5712 "
3016 5676 3173 5733 Joun.
3206 5693 3291 5743 xv,
3321 5678 3374 5731 5.
3449 5675 3495 5706 ’⁸
3528 5670 3715 5725 Mattn.

474 5779 673 5827 xxvttt,
702 5761 791 5819 19.
867 5756 909 5786 ⁸⁷
943 5753 1066 5808 Act.
1098 5769 1217 5818 xm,
1250 5751 1340 5805 46.
1453 5752 1496 5781 ⁸⁸
1532 5752 1546 5802 I
1580 5749 1722 5823 item
1753 5766 1812 5815 ιι,
1842 5752 1894 5803 υ,

1698 5768 1722 5802 ·.
1753 5766 1812 5815 ιι,
1842 5752 1894 5803 9.
3281 5751 3292 5763 '
