4036 6214
409 326 523 391 945

1317 323 1728 383 COMMENTA
1742 324 1855 383 ΒΗ
1898 323 1977 382 IN
2020 323 2715 387 DEUTERONOMIUM.

3558 329 3671 394 9ἓῖ

409 433 620 496 dotum,
653 430 987 498 Levitarnni,
1023 437 1075 487 et
1113 430 1430 501 principum
1466 432 1517 484 in
1545 431 1792 486 Secundo
1821 431 1961 485 libro
1987 434 2158 499 cupit.
2180 432 2531 501 Quapropter
2571 433 2876 486 eiamnum
2915 439 3032 487 toto
3059 426 3281 502 pectore
3313 434 3415 507 legi
3448 438 3662 492 imum-

406 522 543 575 bunt
574 529 721 574 metu
749 519 1209 590 transgressionis
1236 519 1439 578 adacti.
1466 518 1606 572 Nam
1640 520 1896 588 ignorant
1947 518 2097 588 quod
2134 518 2393 575 Christus
2435 534 2533 588 pro
2582 520 2745 575 nobis
2775 526 3209 576 exsecrationem
3240 524 3460 588 subivit,
3500 541 3565 580 ae
3599 529 3668 580 .ih

403 608 781 664 exsecratione
808 608 940 677 legis
976 624 1080 662 nos
1112 607 1389 662 liberavit.
1434 605 1731 676 Postquam
1765 607 1936 676 igitur
1973 608 2088 677 ipse
2117 622 2222 661 nos
2256 606 2436 660 omnis
2492 608 2708 676 generis
2761 608 3020 664 felicitate
3062 610 3336 679 spirituali
3369 611 3582 673 ditavit,
3614 625 3670 669 et

401 695 471 749 ab
503 694 887 749 exsecratione
917 694 1203 761 liberavit,
1231 693 1298 750 de
1333 694 1821 750 benedictionibus
1842 693 2069 764 quidem
2116 692 2290 748 illud:
2331 712 2350 744 ι
2390 692 2532 760 Fiat,
2568 694 2683 758 ﬁat,
2719 714 2737 746 ›
2767 694 2988 750 dicitur.
3053 697 3126 750 lle
3156 699 3669 757 .uialodictienibus

400 797 531 837 vero
561 796 934 851 nequaquam.
974 780 1096 835 Non
1126 781 1273 835 enim
1302 779 1484 835 factus
1520 790 1609 837 est
1641 784 1830 846 etiam,
1890 797 2020 845 non,
2059 781 2525 849 qttemadmodnnt
2577 782 2642 835 ad
2694 784 3008 838 Corinthios
3064 785 3271 838 dictum
3312 803 3325 840 :
3378 805 3395 836 ι
3442 787 3666 853 Verum,

398 871 564 924 etiam
614 869 669 922 in
721 884 787 924 eo
835 867 985 934 fuit;
1025 883 1219 924 omnes
1256 869 1403 925 enim
1442 867 1539 924 Dei
1577 870 1975 940 promissioucs
2027 868 2083 923 in
2126 870 2247 940 ipso
2307 870 2475 923 etiam
2535 880 2666 925 sunt
2709 889 2721 924 :
2760 887 2930 941 quare
2981 881 3205 943 prepter
3237 874 3419 945 ipsum
3442 860 3671 947 quoque

346 1008 355 1055 ᾗ
398 960 575 1014 Amen
616 959 684 1014 ”.
728 976 750 1010 ι

392 1141 641 1214 ἀγαθὸν,
673 1142 783 1197 τὸν
835 1144 1115 1214 οὐρανὸν,
1172 1143 1385 1199 δοῦναι
1421 1144 1530 1198 τὸν
1557 1144 1738 1199 ὑετὸν
1789 1143 1864 1214 τῇ
1901 1144 1979 1214 τῇ

394 1249 533 1289 σου.
571 1233 682 1287 Καὶ
708 1233 791 1297 τίς
814 1234 963 1287 ἐστιν
997 1230 1155 1299 οὗτος
1199 1233 1250 1307 [ὁ
1283 1234 1490 1302 ἀγαθὸς
1524 1234 1798 1306 θησαυρός
1827 1236 1869 1307 ;]
1903 1232 1978 1289 Ἦ

395 1319 589 1397 παρίἶι
621 1325 761 1380 εἰσιν
807 1327 859 1379 ol.
901 1325 1164 1398 Θησαυροὶ
1199 1327 1298 1397 τῆς
1336 1326 1530 1395 σοφίας
1566 1328 1663 1381 καὶ
1704 1328 1806 1397 τῆς
1835 1328 1978 1397 γνὼ-

395 1434 535 1480 σεως
563 1417 899 1487 ἀπόκρυφοι.
932 1417 1106 1482 Αὐτὸς
1134 1417 1245 1489 γὰρ
1269 1417 1365 1473 καὶ
1394 1421 1515 1482 ταῖς
1550 1419 1803 1489 νεφέλαις
1825 1421 1976 1473 ὲντε-

392 1509 586 1574 λεῖται,
635 1510 803 1581 ἤγουν
851 1512 966 1572 τοῖς
1008 1512 1320 1582 προφήταις
1346 1510 1533 1564 δοῦναι
1578 1511 1672 1565 τὸν
1706 1512 1861 1564 ὑετὸν
1888 1512 1978 1566 τὸν

390 1601 663 1673 οὐράνιον.
699 1619 720 1654 ι
752 1599 926 1664 Αὐτὸς
954 1599 1064 1673 γὰρ
1088 1600 1252 1654 δώσει
1282 1601 1652 1673 χρηστότητα.
1695 1603 1805 1655 Καὶ
1839 1602 1871 1672 ή
1902 1600 1976 1671 γῆ

389 1691 547 1763 ἡμῶν
577 1690 741 1745 δώσει
790 1691 881 1745 τὸν
929 1690 1145 1762 καρπὸν
1200 1691 1391 1761 αὐτῆς.
1422 1710 1441 1742 ι
1497 1692 1707 1756 Δανιεῑς
1761 1690 1978 1754 πολλοῖς

388 1782 571 1837 ἔθνεσι
598 1782 659 1836 τὸ
680 1782 1147 1854 δεδοκιμασμένον
1181 1782 1467 1854 ἀργύριον,
1496 1783 1562 1836 σὺ
1591 1782 1648 1835 δὲ
1686 1783 1749 1835 ού
1792 1782 1970 1854 δανιῇ.

387 1875 464 1929 οὐ
495 1874 605 1943 γὰρ
630 1876 761 1943 παρ’
790 1874 979 1938 αὐτοῖς
1006 1874 1295 1945 ἐπιστήμη
1320 1875 1419 1928 καὶ
1447 1873 1698 1937 σύνεσις.

458 1968 569 2022 Kal
593 1968 798 2037 ἄρξεις
821 1967 907 2022 σὺ
924 1967 1119 2023 ἐθνῶν
1146 1965 1415 2022 πολλῶν.
1450 1968 1678 2039 Εἴρηται
1710 1968 1814 2038 μὲν
1838 1967 1973 2037 πρὸς

384 2060 517 2124 τοὺς
537 2061 690 2124 υἱοὺς
748 2060 1001 2132 Ἰσραὴλ,
1041 2060 1307 2130 ἁρμόττει
1351 2060 1410 2114 δὲ
1441 2059 1649 2129 κυρίως
1689 2063 1802 2123 τοῖς
1830 2061 1973 2128 Χρι-

387 2153 514 2207 στοῦ
550 2153 822 2223 μαθηταῖς
846 2168 860 2183 ο
909 2154 986 2216 ὡς
1034 2152 1113 2224 (1)
1145 2153 1332 2222 λέγειν
1373 2153 1593 2219 αὐτοὺς,
1634 2171 1654 2204 ι
1682 2152 1779 2207 Διὰ
1810 2151 1972 2205 τοῦτο

385 2243 622 2310 ὑπέταξε
675 2224 840 2308 λαοῖις
892 2245 1064 2317 ἡμῖν,
1122 2245 1219 2299 καὶ
1265 2242 1394 2315 Ξθνη
1456 2244 1562 2297 ύπδ
1618 2244 1747 2309 τοὺς
1802 2243 1971 2307 πόδας

384 2338 420 2407 ἡ
427 2336 564 2406 μῶν.
611 2355 633 2389 ι

347 1040 356 1121 ᾗ
478 1048 731 1116 Ἀνοίξαι
762 1066 864 1106 σοι
899 1050 1118 1122 Κύριος
1152 1052 1262 1106 τὸν
1297 1050 1607 1121 θησαυρὸν
1655 1050 1843 1106 αὐτοῦ
1876 1051 1967 1106 τὸν

2158 1053 2373 1118 Aperiat
2391 1052 2486 1106 tibi
2498 1051 2754 1107 Dominus
2767 1053 3069 1108 thesaurum
3091 1070 3244 1109 suum
3261 1057 3668 1121 bonunmtempe

2083 1143 2291 1208 caelum,
2310 1154 2366 1196 ut
2388 1143 2473 1197 det
2491 1144 2725 1214 pluviam
2744 1154 3034 1199 terrwtuat.
3056 1144 3439 1217 [XXVIILISJ
3463 1144 3669 1216 Ecquis

2082 1251 2211 1291 vero
2245 1236 2539 1291 thesaurus
2571 1236 2661 1290 ille
2713 1235 2895 1291 bonus
2944 1236 3072 1291 est?
3099 1234 3372 1291 Nimirum
3416 1239 3463 1290 is
3515 1237 3660 1308 apud

2082 1342 2242 1395 quem
2288 1340 2480 1380 omnes
2536 1325 2780 1379 thesauri
2844 1324 3093 1380 scientiae
3146 1332 3276 1379 sunt
3312 1324 3580 1379 reconditi
3618 1324 3657 1376 '.

2079 1417 2198 1487 Ipse
2225 1418 2426 1472 etenim
2461 1417 2742 1487 prophetis
2767 1430 2988 1485 quoque
3011 1414 3127 1471 suis
3158 1414 3399 1469 nubibus
3433 1412 3663 1467 manda-

2079 1511 2184 1576 bit,
2215 1519 2275 1564 ut
2306 1510 2546 1580 pluviam
2568 1504 2720 1564 dent
2770 1510 3075 1563 caelestem.
3121 1526 3141 1559 ι
3185 1506 3307 1578 Ipse
3336 1506 3483 1562 enim
3508 1505 3664 1559 dabit

2078 1604 2405 1668 bonitatem,
2439 1612 2494 1657 et
2515 1612 2662 1656 terra
2686 1610 2873 1656 nostra
2899 1602 3087 1657 reddet
3115 1600 3359 1656 fructum
3382 1614 3543 1654 suum
3578 1601 3655 1650 ’.ι

2076 1693 2372 1749 I’robatum
2400 1694 2599 1748 divina:
2631 1692 2968 1764 cognitionis
2992 1696 3276 1762 argentum
3308 1706 3322 1741 :
3354 1707 3373 1740 ι
3413 1687 3495 1742 Tu
3526 1703 3670 1741 vero

2079 1788 2213 1841 nihil
2244 1794 2436 1841 mutuo
2488 1786 2749 1855 accipies.
2811 1806 2830 1838 ι
2863 1784 3022 1856 Apud
3049 1799 3144 1839 eos
3187 1784 3334 1839 enim
3384 1783 3536 1836 nulla
3576 1792 3660 1837 est

2078 1879 2308 1934 scientia
2347 1894 2449 1934 nec
2488 1876 2876 1948 intelligentia.

2147 1970 2434 2039 Imperabit
2460 1969 2698 2039 gentibus
2730 1970 2931 2023 multis.
2978 1966 3208 2039 Proprie
3240 1965 3443 2023 Christi
3483 1964 3657 2021 disci-

2077 2064 2219 2134 pulis
2257 2063 2512 2133 quadrat.
2548 2063 2703 2134 Ipsos
2758 2061 2904 2117 enim
2953 2061 3127 2116 totius
3179 2070 3337 2114 terrte
3372 2058 3653 2128 principes

2073 2156 2360 2213 constituit
2403 2172 2416 2209 :
2447 2155 2552 2221 Qui
2595 2170 2729 2210 sane
2766 2153 3064 2223 inquiunt:
3107 2172 3127 2205 ι
3154 2151 3454 2222 Subjecisti
3485 2165 3659 2222 popu-

2074 2250 2158 2307 los
2188 2257 2242 2305 et
2272 2248 2524 2304 nationes
2550 2247 2782 2319 pedibus
2810 2245 3019 2301 nostris
3044 2244 3087 2298 ⁸.
3124 2262 3147 2295 ι

455 2435 620 2489 Ponet
660 2444 709 2490 te
752 2436 1006 2491 Dominus
1035 2435 1176 2491 Deus
1206 2447 1328 2492 tuus
1363 2437 1418 2491 in
1451 2444 1636 2507 caput,
1664 2451 1769 2490 non
1790 2436 1844 2489 in
1870 2434 2116 2489 caudam.
2144 2432 2284 2507 [13.]
2312 2432 2513 2487 Verum
2540 2445 2648 2485 non
2679 2442 2872 2484 omnes
2905 2428 3008 2482 I:ac
3039 2426 3220 2482 fausta
3252 2424 3647 2495 imprecatione

384 2523 531 2593 digni
559 2523 912 2577 exstiterunt.
937 2523 1344 2578 Tantummodo
1372 2525 1593 2595 quidem
1626 2523 1773 2578 beati
1793 2522 2068 2590 discipuli,
2094 2537 2193 2576 nos
2216 2522 2343 2576 item
2370 2521 2416 2575 si
2444 2522 2593 2590 ipsos
2619 2526 3024 2581 consectamur,
3056 2529 3197 2586 quos
3221 2521 3343 2584 post
3372 2512 3655 2568 Christum

380 2610 579 2681 capitis
618 2608 742 2666 loco
773 2610 1059 2667 habemus.
1094 2610 1201 2667 Eos
1239 2626 1372 2666 vero
1402 2612 1497 2682 qui
1529 2625 1638 2665 non
1673 2611 2049 2674 crediderunt,
2084 2610 2406 2665 iit-caudam
2433 2608 2636 2679 posuit.
2670 2608 2713 2660 A
2755 2616 2907 2675 tergo
2938 2604 3084 2660 enim
3117 2618 3214 2659 eos
3249 2601 3558 2667 collocavit,
3595 2611 3652 2654 ut

383 2695 551 2751 David
581 2697 757 2768 inquit
775 2697 818 2761 ⁸.
835 2698 1102 2768 inopiam,
1139 2696 1361 2764 famem,
1390 2701 1590 2755 tabem.

452 2788 624 2844 Τοῦτο
655 2790 752 2845 νῦν
783 2792 1080 2864 ἐξαιρέτως
1120 2792 1198 2865 (2)
1223 2794 1461 2848 νοσοῦσι.
1504 2813 1523 2846 ι
1552 2791 1964 2866 Περιδραμοῦνο

2139 2792 2218 2847 Eo
2248 2807 2378 2847 vero
2426 2792 2648 2861 gravior
2694 2791 2945 2861 ipsorum
2978 2789 3205 2845 morbus
3238 2795 3345 2853 est,
3382 2783 3551 2858 quod.
3588 2794 3650 2839 ut

381 2874 470 2934 ται
495 2879 625 2952 γὰρ,
657 2883 814 2952 φησὶ,
842 2881 1135 2955 ζητοῦντες
1165 2883 1257 2937 τὸν
1285 2884 1444 2952 λόγον
1472 2883 1568 2937 τοῦ
1588 2883 1748 2949 Θεοῦ,
1780 2884 1877 2938 καὶ
1901 2884 1962 2938 ού

385 2972 461 3042 μὴ
484 2970 739 3042 εὕρωσιν.
768 2992 787 3026 ι
836 2975 912 3029 Οὐ
948 2975 1055 3047 γὰρ
1097 2976 1256 3046 λιμὸν
1286 2978 1454 3047 ἄρτου
1497 2978 1681 3039 αὐτοῖς
1726 2976 1962 3043 ἀπειλεῖ,

381 3064 432 3115 si
465 3063 562 3117 καὶ
582 3063 742 3118 τοῦτο
775 3065 975 3137 συνέϐη
1025 3065 1157 3121 ποτὲ
1181 3107 1197 3133 ,
1244 3067 1367 3121 οὐδὲ
1396 3066 1557 3137 δίψαν
1585 3065 1797 3132 ὕδατος,
1826 3068 1964 3122 ἀλλὰ

380 3153 540 3226 λιμὸν
566 3155 663 3210 τοῦ
694 3156 926 3211 ἀκοῦσαι
953 3155 1115 3229 λόγον
1144 3159 1374 3229 Κυρίου.
1414 3158 1561 3214 Ἀντὶ
1589 3160 1646 3214 δὲ
1669 3159 1786 3226 τοῦ,
1817 3160 1966 3213 ἔκλι-

383 3248 533 3317 μίαν,
568 3250 599 3302 6
627 3248 945 3321 Σύμμαχος,
977 3252 1313 3323 ἁχορτασίαν
1332 3250 1586 3316 ἐξέδωκε.
1625 3269 1647 3303 ι
1674 3250 1958 3305 Melas-(Im

380 3337 488 3409 γὰρ
522 3340 677 3405 κενὰ,
718 3340 947 3412 μηδενὸς
976 3340 1344 3406 ἀπολαύοντες
1376 3340 1483 3395 τῶν
1515 3339 1848 3411 λεγομένων.
1890 3360 1911 3393 ι

2069 2885 2269 2956 inquit,
2308 2903 2327 2937 ι
2353 2882 2827 2947 Circumcursant,
2855 2897 2920 2936 ac
2969 2881 3233 2952 indagant
3261 2880 3482 2935 verbum
3529 2877 3649 2947 Dei,

2069 2990 2171 3031 nec
2206 2975 2336 3030 illud
2364 2975 2649 3030 inveniunt
2679 2975 2722 3030 ⁸.
2751 2992 2769 3024 ι
2806 2971 2925 3028 Non
2957 2974 3103 3029 enim
3132 2970 3329 3027 famem
3361 2971 3516 3042 panis
3542 2970 3651 3025 illis

2067 3067 2649 3135 minitatur,quatnvis
2668 3076 2721 3122 et
2751 3065 2854 3121 hoc
2881 3080 2989 3120 non
3021 3064 3299 3121 caruerint
3317 3063 3645 3134 aliquando,

2070 3175 2171 3215 nec
2205 3159 2355 3213 sitim
2376 3174 2553 3229 aquae,
2575 3173 2763 3214 verum
2796 3157 2947 3214 verbi
2978 3157 3073 3213 Dei
3096 3156 3351 3212 audiendi
3381 3157 3580 3210 famem
3602 3154 3647 3209 ⁸.

2065 3247 2171 3302 Pro
2204 3249 2302 3304 illo
2324 3264 2458 3305 vero
2489 3249 2781 3315 voeabulo,
2814 3247 3032 3318 famem,
3072 3247 3458 3319 Symmachus,
3497 3248 3647 3299 ima-

2072 3340 2436 3406 tiabilitatem,
2469 3342 2722 3412 exposuit
2756 3357 2770 3393 :
2811 3359 2829 3392 ι
2875 3339 3066 3395 Studia
3102 3340 3248 3394 enim
3289 3353 3480 3393 eorum
3510 3353 3645 3391 vana

2073 3442 2224 3499 sunt,
2264 3449 2391 3488 nam
2427 3433 2562 3487 nihil
2583 3447 2773 3488 eorum
2808 3447 2932 3503 qua:
2960 3432 3241 3494 dicuntur,
3266 3430 3594 3502 percipiunt.
3623 3447 3641 3481 ι

450 3526 832 3583 Conficiuntur
860 3527 1006 3582 enim
1052 3540 1246 3583 omnes
1301 3535 1572 3599 quotquot
1621 3542 1654 3583 a
1685 3527 2036 3586 daemonibus
2086 3527 2439 3585 infestantur.
2477 3526 2752 3594 Quocirca
2786 3528 2952 3583 infert
2986 3542 3001 3580 :
3060 3525 3196 3583 Edet
3233 3527 3286 3581 in
3318 3535 3372 3581 te
3404 3536 3642 3597 stragem

380 3611 667 3665 Dominus.

463 3703 800 3770 Ἐπισκοπὴν
843 3703 1086 3756 ἐναντίον
1138 3704 1249 3756 τῶν
1302 3703 1517 3774 ἐχθρῶν
1557 3721 1674 3768 σου,
1705 3707 1952 3759 τουτέστι

376 3790 716 3861 θραυόμενον
750 3792 846 3845 καὶ
881 3794 1321 3861 προσκόπτοντα,
1357 3793 1455 3867 [ὡς
1477 3794 1747 3861 ἐξέδωκαν
1773 3796 1822 3848 οἱ
1841 3795 1955 3848 λοι-

375 3877 519 3950 erat]

2129 3705 2329 3759 Coram
2359 3705 2617 3759 omnibus
2640 3703 2880 3759 inimicis
2912 3703 3021 3759 tuis
3044 3744 3060 3768 ,
3085 3702 3192 3758 hoc
3236 3710 3342 3764 est,
3373 3709 3434 3755 ιιι
3454 3701 3639 3756 caueri

2075 3803 2473 3866 exposuerunt,
2498 3798 2746 3852 saucium
2774 3808 2829 3852 et
2865 3796 3208 3853 vulneratum
3256 3805 3308 3851 te
3335 3794 3506 3850 tradit
3534 3796 3639 3850 eis.

446 3968 516 4021 Et
541 3970 647 4023 sris
681 3969 910 4039 pulpam
945 3972 999 4025 in
1030 3971 1270 4028 meridie.
1307 3971 1447 4045 μιν]
1481 3973 1638 4029 Nunc
1672 3977 1818 4030 eitim
1841 3992 1966 4031 cum
1998 3984 2192 4047 gentes
2220 3978 2274 4030 in
2316 3978 2493 4032 media
2525 3980 2650 4034 luce
2675 3986 2894 4034 aetatem
2925 3978 3149 4049 degant,
3183 3978 3350 4035 Israel
3381 3990 3638 4036 versatur

373 4055 429 4110 in
459 4058 723 4120 tenebris,
759 4069 815 4112 et
846 4065 1113 4128 tanquam
1145 4061 1274 4114 caici
1308 4076 1530 4115 murum
1560 4064 1805 4132 palpant,
1841 4064 2015 4132 legem
2038 4065 2177 4135 ipsis
2209 4067 2491 4133 traditam,
2520 4068 2675 4137 juxta
2696 4067 2893 4124 Isaiam
2921 4070 2940 4100 ⁷
2968 4087 2982 4123 :
3015 4084 3083 4123 eo
3110 4069 3257 4139 quod
3280 4070 3423 4126 lucis
3451 4070 3634 4126 radios

371 4143 578 4200 Christi
601 4146 939 4215 cognitionis
969 4146 1183 4203 nollent
1223 4149 1539 4212 admittere,
1567 4161 1623 4205 et
1657 4167 1781 4206 cum
1805 4152 2007 4207 Davide
2036 4155 2230 4209 dicere
2267 4175 2275 4204 ;
2322 4173 2342 4206 ι
2389 4156 2588 4209 Revela
2626 4157 2761 4209 mihi
2785 4158 2978 4212 oculos
3010 4166 3153 4223 tuos,
3188 4166 3243 4212 et
3265 4159 3635 4214 considerabo

356 4233 645 4288 .mirabilia
677 4234 747 4290 de
773 4235 892 4306 lege
936 4243 1034 4290 tua
1064 4235 1107 4292 ⁸.
1146 4254 1167 4288 ι
1200 4235 1553 4307 Quapropter
1582 4239 1751 4294 infert
1785 4258 1797 4293 :
1837 4259 1857 4293 ι
1902 4239 2126 4296 Advcna
2157 4242 2253 4311 qui
2291 4240 2436 4311 apud
2473 4252 2526 4296 te
2559 4251 2644 4297 est
2682 4256 2851 4313 supra
2898 4253 2951 4300 te
2982 4244 3248 4300 ascendet
3281 4246 3534 4312 subinde,
3575 4260 3633 4301 ιιι

369 4335 501 4375 vero
522 4321 760 4378 subinde
788 4322 1120 4383 descendes.
1159 4342 1177 4375 ι
1204 4325 1274 4379 de
1300 4325 1558 4394 gentibus
1584 4326 1838 4396 loquens.

437 4407 605 4481 459
634 4413 701 4464 Et
750 4412 981 4480 imponet
1026 4412 1122 4466 tibi
1163 4429 1381 4468 nervum
1436 4412 1690 4483 ferreum.
1726 4414 1869 4489 [ιιι]
1899 4414 1973 4472 De
2005 4420 2161 4488 gravi
2199 4422 2470 4478 servitute
2519 4422 2786 4492 loquitur.
2811 4424 2888 4479 Ac
2935 4423 3165 4494 proinde
3199 4423 3408 4479 ferreos
3435 4426 3670 4495 maluit,

366 4511 572 4584 ponere
592 4512 756 4567 quam
788 4500 1016 4569 ligneos.
1055 4499 1255 4584 Beatus
1277 4517 1501 4572 quoque
1530 4500 1814 4559 Jeremias
1871 4504 1943 4559 ob
1974 4508 2026 4560 id
2066 4508 2352 4577 imponere
2384 4511 2494 4565 sibi
2532 4510 2803 4581 praecipit,
2833 4521 2893 4566 ut
2952 4512 3288 4582 captivitatis
3316 4515 3626 4570 molestiam

368 4583 477 4672 illis
508 4584 810 4672 significet.
849 4584 926 4641 De
952 4583 1062 4657 qua
1093 4604 1242 4643 nunc
1277 4589 1635 4653 vaticinatur,
1667 4598 1722 4645 et
1751 4591 1933 4661 inquit
1960 4609 1972 4645 :
2011 4614 2029 4645 ι
2054 4596 2300 4651 Adducet
2332 4613 2501 4668 super
2532 4607 2585 4654 te
2620 4609 2838 4670 gentem
2871 4614 2901 4654 e
2933 4599 3238 4672 longinquo
3273 4602 3317 4655 ’.
3358 4619 3377 4652 ι
3414 4600 3632 4668 Quibus

366 4671 550 4726 verbis
573 4669 842 4759 Ieremias
892 4683 949 4727 et
1001 4675 1284 4743 prophetae
1336 4676 1428 4731 alii
1487 4677 1747 4749 Assyrios
1798 4679 2238 4752 Babyloniosque
2286 4685 2607 4741 iunuerunt.
2631 4669 2883 4753 Quorum
2936 4669 3178 4743 hostium
3238 4689 3635 4759 pernicitatem

365 4767 530 4827 atque
555 4758 701 4815 vires
725 4759 912 4815 volatu
937 4761 1137 4831 aquila:
1161 4761 1514 4819 adumbravit
1537 4764 1771 4837 Moyses.
1798 4766 2201 4836 Impudentiam
2233 4787 2362 4826 vero
2401 4771 2539 4827 facie
2563 4790 2686 4843 quae
2710 4775 2848 4830 nulli
2871 4775 3017 4828 aetati
3050 4758 3263 4844 parcat.
3282 4775 3622 4842 Quinetiam,

369 4864 387 4895 ι
429 4846 742 4916 Devorabit,
774 4848 975 4919 inquit,
1011 4849 1158 4906 fetus
1191 4852 1332 4905 uteri
1360 4853 1461 4907 tui.
1498 4871 1516 4904 ι
1548 4854 1707 4919 Quod
1740 4854 1794 4908 in
1826 4853 2063 4911 Threnis
2102 4856 2373 4916 Ieremias
2423 4861 2793 4928 latneutatur,
2825 4875 2880 4917 et
2916 4878 2945 4916 a
2967 4862 3230 4918 Romanis
3264 4863 3466 4919 factum
3498 4882 3623 4921 esse

360 4932 635 5005 Jnseplttts
662 4939 985 4991 narratione
1018 4953 1116 4993 sua
1166 4939 1435 5009 prodidit.

436 5020 616 5077 Mollis
645 5025 698 5077 in
721 5033 767 5079 te
785 5034 829 5077 et
866 5024 1149 5079 delicatus.
1183 5026 1326 5099 [δι]
1353 5028 1455 5094 Qui
1478 5029 1691 5087 deliciis
1715 5039 1797 5085 est
1822 5040 2094 5097 assuetus,
2140 5033 2335 5104 inquit,
2369 5036 2436 5091 ad
2470 5038 2651 5092 cibum
2684 5037 2753 5092 ab
2785 5040 2934 5093 ο·ιιιιί
2974 5039 3314 5096 humanitate
3384 5043 3622 5096 alienum

362 5112 581 5163 redibit.
636 5111 748 5167 Nec
819 5114 1036 5167 animus
1102 5114 1405 5184 quidquam
1439 5117 1507 5171 de
1551 5118 1654 5172 hoc
1699 5119 1910 5173 intimis
1944 5122 2060 5176 suis
2104 5122 2398 5194 decerpere
2437 5127 2742 5196 permittet.
2793 5128 2895 5196 Qui
2926 5130 3071 5185 enim
3104 5130 3407 5187 liberorum
3451 5147 3620 5185 unum

366 5199 711 5266 mactaverit,
737 5216 843 5254 non
869 5199 1048 5269 fratri,
1082 5216 1193 5256 non
1229 5204 1412 5265 uxori,
1443 5220 1552 5260 non
1597 5207 1785 5261 liberis
1823 5207 1951 5261 aliis
1983 5208 2283 5279 impertiat.

426 5353 474 5386 θ’
514 5352 710 5435 Ἶροι-ε
751 5370 787 5435 ιλ,
826 5353 909 5416 19,
942 5353 1030 5409 20.
1103 5356 1470 5435 _‘_Co_loss._tt,
1510 5360 1563 5412 5.
1639 5361 1661 5392 ²
1692 5359 1837 5435 Psal.
1882 5377 1967 5435 ut

2074 5380 2104 5427 ι,
2134 5363 2221 5417 15.
2299 5366 2319 5397 ³
2355 5365 2498 5421 Psal.
2543 5385 2687 5431 vat,
2721 5372 2770 5425 5.
2852 5370 2871 5403 ⁸
2906 5371 3050 5428 Psal.
3087 5391 3177 5435 xx.
3217 5376 3301 5432 15.
3375 5375 3399 5408 ⁸
3429 5372 3633 5430 Matth.

357 5437 483 5490 xm,
518 5425 615 5480 20.
691 5424 712 5453 ⁸
750 5424 919 5479 Amos
949 5441 1064 5491 vni,
1102 5427 1184 5490 II,
1223 5429 1309 5481 12.
1385 5430 1402 5460 τ
1434 5432 1537 5484 lsa.
1578 5447 1689 5497 ιιι,
1730 5433 1813 5486 tu.
1890 5435 1912 5463 ⁸
1948 5433 1967 5487 I

2082 5451 2311 5501 .cxvtlt,
2350 5438 2431 5491 I8.
2508 5440 2529 5471 9
2558 5424 2756 5496 Jct'em.
2799 5460 2848 5509 ι’,
2898 5445 2982 5498 15.

1864 5527 2099 5586 [ἱΟΤΑΞ.

429 5615 745 5700 ,Αοτοῦς
766 5615 875 5685 γὰρ
905 5618 1242 5700 xei-ﬁdiora?
1296 5619 1561 5700 ἄρχοντας
1607 5622 1697 5674 ἐπὶ
1749 5624 1928 5677 πίων
1968 5623 2061 5696 τὴν
2088 5628 2209 5698 γῆν.
2234 5628 2295 5684 Οἱ
2330 5632 2421 5683 καί
2456 5649 2644 5700 φττιν.
2683 5634 2940 5699 ﬁxi-.135,
2976 5649 3054 5684 κτ.
3102 5632 3161 5687 Ὀ
3189 5633 3307 5684 αὐτ.
3340 5631 3473 5685 mini.

422 5686 910 5755 (ἓμιαφερόντως.
942 5688 1001 5739 ὐ
1035 5686 1139 5758 τῆς
1164 5690 1300 5757 Αύγ.
