  <div class='ocr_page' id='page_1' title='image "/cluster/home/n/w/nwhite01/storage/ocr_20150623/87:1/hvd.32044073502353/479.png"; bbox 0 0 4036 6214; ppageno 0'>
   <div class='ocr_carea' id='block_1_1' title="bbox 380 281 3643 370">
    <p class='ocr_par' dir='ltr' id='par_1_1' title="bbox 380 281 3643 370">
     <span class='ocr_line' id='line_1_1' title="bbox 380 281 3643 370; baseline 0.007 -23"><span class='ocrx_word' id='word_1_1' title='bbox 380 281 485 347; x_wconf 69' lang='grc'><strong>947</strong></span> <span class='ocrx_word' id='word_1_2' title='bbox 1717 292 2071 359; x_wconf 79' lang='lat' dir='ltr'><strong>PROCOPII</strong></span> <span class='ocrx_word' id='word_1_3' title='bbox 2107 296 2352 359; x_wconf 74' lang='lat' dir='ltr'><strong>GAZ/EI</strong></span> <span class='ocrx_word' id='word_1_4' title='bbox 3524 303 3643 370; x_wconf 63' lang='lat'><strong>948</strong></span> 
     </span>
    </p>
   </div>
   <div class='ocr_carea' id='block_1_2' title="bbox 449 386 2043 482">
    <p class='ocr_par' dir='ltr' id='par_1_2' title="bbox 449 386 2030 482">
     <span class='ocr_line' id='line_1_2' title="bbox 449 386 2030 482; baseline 0.011 -39"><span class='ocrx_word' id='word_1_5' title='bbox 449 386 521 444; x_wconf 83' lang='lat' dir='ltr'><strong>Et</strong></span> <span class='ocrx_word' id='word_1_6' title='bbox 543 405 684 482; x_wconf 75' lang='lat' dir='ltr'><strong>nova</strong></span> <span class='ocrx_word' id='word_1_7' title='bbox 724 394 844 466; x_wconf 88' lang='lat' dir='ltr'><strong>(seu</strong></span> <span class='ocrx_word' id='word_1_8' title='bbox 898 392 1205 468; x_wconf 70' lang='lat' dir='ltr'><strong>inopinata)</strong></span> <span class='ocrx_word' id='word_1_9' title='bbox 1263 398 1480 457; x_wconf 77' lang='lat' dir='ltr'><strong>verbere</strong></span> <span class='ocrx_word' id='word_1_10' title='bbox 1525 401 1733 475; x_wconf 64' lang='lat' dir='ltr'><strong>inﬁget</strong></span> <span class='ocrx_word' id='word_1_11' title='bbox 1770 403 1954 458; x_wconf 76' lang='lat' dir='ltr'><strong>Domi-</strong></span> <span class='ocrx_word' id='word_1_12' title='bbox 1982 410 2030 469; x_wconf 73' lang='grc' dir='ltr'>Α</span> 
     </span>
    </p>
   </div>
   <div class='ocr_carea' id='block_1_3' title="bbox 2040 386 3634 482">
    <p class='ocr_par' dir='ltr' id='par_1_3' title="bbox 2126 405 3634 482">
     <span class='ocr_line' id='line_1_3' title="bbox 2126 405 3634 482; baseline 0.006 -21"><span class='ocrx_word' id='word_1_13' title='bbox 2126 407 2237 461; x_wconf 78' lang='grc' dir='ltr'><strong>Καὶ</strong></span> <span class='ocrx_word' id='word_1_14' title='bbox 2262 405 2675 476; x_wconf 56' lang='lat' dir='ltr'><strong>“pansum</strong></span> <span class='ocrx_word' id='word_1_15' title='bbox 2710 407 2931 479; x_wconf 68' lang='grc' dir='ltr'><strong>Κύριος</strong></span> <span class='ocrx_word' id='word_1_16' title='bbox 2967 409 3077 479; x_wconf 75' lang='grc' dir='ltr'><strong>τὰς</strong></span> <span class='ocrx_word' id='word_1_17' title='bbox 3118 410 3359 482; x_wconf 69' lang='grc' dir='ltr'><strong>πληγάς</strong></span> <span class='ocrx_word' id='word_1_18' title='bbox 3392 429 3531 469; x_wconf 83' lang='grc' dir='ltr'><strong>σου.</strong></span> <span class='ocrx_word' id='word_1_19' title='bbox 3560 417 3634 469; x_wconf 82' lang='grc' dir='ltr'><strong>Ἢ</strong></span> 
     </span>
    </p>
   </div>
   <div class='ocr_carea' id='block_1_4' title="bbox 379 481 1973 589">
    <p class='ocr_par' dir='ltr' id='par_1_4' title="bbox 379 481 1954 558">
     <span class='ocr_line' id='line_1_4' title="bbox 379 481 1954 558; baseline 0.011 -24"><span class='ocrx_word' id='word_1_20' title='bbox 379 497 503 536; x_wconf 78' lang='lat' dir='ltr'><strong>aus.</strong></span> <span class='ocrx_word' id='word_1_21' title='bbox 540 481 805 558; x_wconf 64' lang='grc' dir='ltr'><strong>ίδιηνει</strong></span> <span class='ocrx_word' id='word_1_22' title='bbox 847 497 1116 549; x_wconf 87' lang='lat' dir='ltr'><strong>consueta</strong></span> <span class='ocrx_word' id='word_1_23' title='bbox 1171 491 1467 551; x_wconf 67' lang='lat' dir='ltr'><strong>intendens</strong></span> <span class='ocrx_word' id='word_1_24' title='bbox 1524 495 1611 553; x_wconf 83' lang='lat' dir='ltr'><strong>vel</strong></span> <span class='ocrx_word' id='word_1_25' title='bbox 1629 510 1773 553; x_wconf 85' lang='lat' dir='ltr'><strong>nova</strong></span> <span class='ocrx_word' id='word_1_26' title='bbox 1793 511 1954 552; x_wconf 71' lang='lat' dir='ltr'><strong>exco-</strong></span> 
     </span>
    </p>
   </div>
   <div class='ocr_carea' id='block_1_5' title="bbox 2046 481 3640 589">
    <p class='ocr_par' dir='ltr' id='par_1_5' title="bbox 2059 481 3640 577">
     <span class='ocr_line' id='line_1_5' title="bbox 2059 481 3640 577; baseline 0.007 -27"><span class='ocrx_word' id='word_1_27' title='bbox 2059 496 2158 560; x_wconf 78' lang='grc' dir='ltr'><strong>τὰς</strong></span> <span class='ocrx_word' id='word_1_28' title='bbox 2192 498 2468 569; x_wconf 76' lang='grc' dir='ltr'><strong>συνήθεις,</strong></span> <span class='ocrx_word' id='word_1_29' title='bbox 2509 498 2779 571; x_wconf 68' lang='grc' dir='ltr'><strong>[τουτέστι</strong></span> <span class='ocrx_word' id='word_1_30' title='bbox 2808 499 3071 574; x_wconf 80' lang='grc' dir='ltr'><strong>πληγὰς,]</strong></span> <span class='ocrx_word' id='word_1_31' title='bbox 3102 481 3407 571; x_wconf 65' lang='grc' dir='ltr'><strong>ἐπιτείνων,</strong></span> <span class='ocrx_word' id='word_1_32' title='bbox 3440 504 3479 577; x_wconf 79' lang='grc' dir='ltr'>ἢ</span> <span class='ocrx_word' id='word_1_33' title='bbox 3514 522 3640 561; x_wconf 75' lang='grc' dir='ltr'><strong>κατ-</strong></span> 
     </span>
    </p>
   </div>
   <div class='ocr_carea' id='block_1_6' title="bbox 376 585 1970 660">
    <p class='ocr_par' dir='ltr' id='par_1_6' title="bbox 376 585 575 648">
     <span class='ocr_line' id='line_1_6' title="bbox 376 585 575 648; baseline 0.02 -17"><span class='ocrx_word' id='word_1_34' title='bbox 376 585 575 648; x_wconf 75' lang='lat' dir='ltr'><strong>gitans.</strong></span> 
     </span>
    </p>
   </div>
   <div class='ocr_carea' id='block_1_7' title="bbox 969 585 2563 660">
    <p class='ocr_par' dir='ltr' id='par_1_7' title="bbox 2058 590 2563 660">
     <span class='ocr_line' id='line_1_7' title="bbox 2058 590 2563 660; baseline 0 -15"><span class='ocrx_word' id='word_1_35' title='bbox 2058 590 2285 660; x_wconf 83' lang='grc' dir='ltr'><strong>νοτέρας</strong></span> <span class='ocrx_word' id='word_1_36' title='bbox 2310 590 2563 645; x_wconf 76' lang='grc' dir='ltr'><strong>ἐπινοῶν.</strong></span> 
     </span>
    </p>
   </div>
   <div class='ocr_carea' id='block_1_8' title="bbox 455 691 3634 781">
    <p class='ocr_par' dir='ltr' id='par_1_8' title="bbox 455 691 3634 781">
     <span class='ocr_line' id='line_1_8' title="bbox 455 691 3634 781; baseline 0.007 -36"><span class='ocrx_word' id='word_1_37' title='bbox 455 691 526 745; x_wconf 83' lang='lat' dir='ltr'><strong>Et</strong></span> <span class='ocrx_word' id='word_1_38' title='bbox 545 693 789 763; x_wconf 79' lang='lat' dir='ltr'><strong>pendebit</strong></span> <span class='ocrx_word' id='word_1_39' title='bbox 817 697 923 751; x_wconf 86' lang='lat' dir='ltr'><strong>vita</strong></span> <span class='ocrx_word' id='word_1_40' title='bbox 949 706 1043 755; x_wconf 84' lang='lat' dir='ltr'><strong>tua</strong></span> <span class='ocrx_word' id='word_1_41' title='bbox 1074 712 1198 757; x_wconf 87' lang='lat' dir='ltr'><strong>ante</strong></span> <span class='ocrx_word' id='word_1_42' title='bbox 1228 704 1410 761; x_wconf 80' lang='lat' dir='ltr'><strong>oculos</strong></span> <span class='ocrx_word' id='word_1_43' title='bbox 1439 715 1580 761; x_wconf 87' lang='lat' dir='ltr'><strong>tuos.</strong></span> <span class='ocrx_word' id='word_1_44' title='bbox 1623 706 1765 780; x_wconf 84' lang='lat'><strong>[66.]</strong></span> <span class='ocrx_word' id='word_1_45' title='bbox 1791 707 1905 762; x_wconf 82' lang='lat' dir='ltr'><strong>Hoc</strong></span> <span class='ocrx_word' id='word_1_46' title='bbox 1933 714 2038 772; x_wconf 88' lang='lat' dir='ltr'><strong>est,</strong></span> <span class='ocrx_word' id='word_1_47' title='bbox 2073 706 2130 761; x_wconf 90' lang='lat' dir='ltr'><strong>in</strong></span> <span class='ocrx_word' id='word_1_48' title='bbox 2161 706 2330 761; x_wconf 87' lang='lat' dir='ltr'><strong>dubio</strong></span> <span class='ocrx_word' id='word_1_49' title='bbox 2359 714 2413 763; x_wconf 88' lang='lat' dir='ltr'><strong>et</strong></span> <span class='ocrx_word' id='word_1_50' title='bbox 2445 706 2706 762; x_wconf 89' lang='lat' dir='ltr'><strong>interitus</strong></span> <span class='ocrx_word' id='word_1_51' title='bbox 2736 707 2983 776; x_wconf 86' lang='lat' dir='ltr'><strong>periculo</strong></span> <span class='ocrx_word' id='word_1_52' title='bbox 3006 716 3125 766; x_wconf 89' lang='lat' dir='ltr'><strong>erat</strong></span> <span class='ocrx_word' id='word_1_53' title='bbox 3168 707 3243 771; x_wconf 91' lang='lat' dir='ltr'><strong>ei,</strong></span> <span class='ocrx_word' id='word_1_54' title='bbox 3267 708 3360 781; x_wconf 90' lang='lat' dir='ltr'><strong>qui</strong></span> <span class='ocrx_word' id='word_1_55' title='bbox 3396 717 3634 766; x_wconf 89' lang='lat' dir='ltr'><strong>mortem</strong></span> 
     </span>
    </p>
   </div>
   <div class='ocr_carea' id='block_1_9' title="bbox 378 781 3635 868">
    <p class='ocr_par' dir='ltr' id='par_1_9' title="bbox 378 781 3635 868">
     <span class='ocr_line' id='line_1_9' title="bbox 378 781 3635 868; baseline 0.007 -37"><span class='ocrx_word' id='word_1_56' title='bbox 378 784 505 868; x_wconf 84' lang='lat' dir='ltr'><strong>ante</strong></span> <span class='ocrx_word' id='word_1_57' title='bbox 529 781 693 850; x_wconf 82' lang='lat' dir='ltr'><strong>pedes</strong></span> <span class='ocrx_word' id='word_1_58' title='bbox 713 782 1189 844; x_wconf 87' lang='lat' dir='ltr'><strong>videbit.’l‘raduci</strong></span> <span class='ocrx_word' id='word_1_59' title='bbox 1222 802 1407 847; x_wconf 90' lang='lat' dir='ltr'><strong>autem</strong></span> <span class='ocrx_word' id='word_1_60' title='bbox 1442 792 1495 847; x_wconf 92' lang='lat' dir='ltr'><strong>in</strong></span> <span class='ocrx_word' id='word_1_61' title='bbox 1524 792 1810 849; x_wconf 78' lang='lat' dir='ltr'><strong>Christum</strong></span> <span class='ocrx_word' id='word_1_62' title='bbox 1841 810 2062 866; x_wconf 85' lang='lat' dir='ltr'><strong>quoque</strong></span> <span class='ocrx_word' id='word_1_63' title='bbox 2093 796 2292 866; x_wconf 89' lang='lat' dir='ltr'><strong>possit,</strong></span> <span class='ocrx_word' id='word_1_64' title='bbox 2331 795 2427 866; x_wconf 88' lang='lat' dir='ltr'><strong>qui</strong></span> <span class='ocrx_word' id='word_1_65' title='bbox 2458 794 2595 850; x_wconf 89' lang='lat' dir='ltr'><strong>dicit</strong></span> <span class='ocrx_word' id='word_1_66' title='bbox 2630 812 2645 849; x_wconf 88' lang='lat'><strong>:</strong></span> <span class='ocrx_word' id='word_1_67' title='bbox 2683 814 2701 847; x_wconf 85' lang='grc' dir='ltr'><strong>ι</strong></span> <span class='ocrx_word' id='word_1_68' title='bbox 2738 794 2853 868; x_wconf 84' lang='lat' dir='ltr'><strong>Ego</strong></span> <span class='ocrx_word' id='word_1_69' title='bbox 2882 810 3004 850; x_wconf 88' lang='lat' dir='ltr'><strong>sum</strong></span> <span class='ocrx_word' id='word_1_70' title='bbox 3030 796 3142 851; x_wconf 88' lang='lat' dir='ltr'><strong>vita</strong></span> <span class='ocrx_word' id='word_1_71' title='bbox 3162 797 3227 863; x_wconf 84' lang='grc'><strong>¹⁰,</strong></span> <span class='ocrx_word' id='word_1_72' title='bbox 3259 815 3278 848; x_wconf 74' lang='grc' dir='ltr'><strong>ι</strong></span> <span class='ocrx_word' id='word_1_73' title='bbox 3310 811 3475 868; x_wconf 85' lang='lat' dir='ltr'><strong>quem</strong></span> <span class='ocrx_word' id='word_1_74' title='bbox 3505 813 3635 855; x_wconf 90' lang='lat' dir='ltr'><strong>cum</strong></span> 
     </span>
    </p>
   </div>
   <div class='ocr_carea' id='block_1_10' title="bbox 381 867 3265 953">
    <p class='ocr_par' dir='ltr' id='par_1_10' title="bbox 381 867 3265 953">
     <span class='ocr_line' id='line_1_10' title="bbox 381 867 3265 953; baseline 0.012 -33"><span class='ocrx_word' id='word_1_75' title='bbox 381 880 413 921; x_wconf 89' lang='lat' dir='ltr'><strong>e</strong></span> <span class='ocrx_word' id='word_1_76' title='bbox 443 867 592 938; x_wconf 86' lang='lat' dir='ltr'><strong>ligno</strong></span> <span class='ocrx_word' id='word_1_77' title='bbox 628 873 871 940; x_wconf 84' lang='lat' dir='ltr'><strong>pendere</strong></span> <span class='ocrx_word' id='word_1_78' title='bbox 892 875 1166 943; x_wconf 86' lang='lat' dir='ltr'><strong>viderent,</strong></span> <span class='ocrx_word' id='word_1_79' title='bbox 1198 879 1302 936; x_wconf 82' lang='lat' dir='ltr'><strong>fide</strong></span> <span class='ocrx_word' id='word_1_80' title='bbox 1331 896 1443 936; x_wconf 91' lang='lat' dir='ltr'><strong>non</strong></span> <span class='ocrx_word' id='word_1_81' title='bbox 1477 891 1837 953; x_wconf 81' lang='lat' dir='ltr'><strong>exceperunt.</strong></span> <span class='ocrx_word' id='word_1_82' title='bbox 2795 867 2801 868; x_wconf 12' lang='grc' dir='ltr'>ί</span> <span class='ocrx_word' id='word_1_83' title='bbox 3259 875 3265 882; x_wconf 31' lang='grc'><strong>1</strong></span> 
     </span>
    </p>
   </div>
   <div class='ocr_carea' id='block_1_11' title="bbox 454 954 3629 1042">
    <p class='ocr_par' dir='ltr' id='par_1_11' title="bbox 454 954 3629 1042">
     <span class='ocr_line' id='line_1_11' title="bbox 454 954 3629 1042; baseline 0.006 -33"><span class='ocrx_word' id='word_1_84' title='bbox 454 954 521 1009; x_wconf 83' lang='lat' dir='ltr'><strong>Et</strong></span> <span class='ocrx_word' id='word_1_85' title='bbox 553 958 765 1014; x_wconf 80' lang='lat' dir='ltr'><strong>reducet</strong></span> <span class='ocrx_word' id='word_1_86' title='bbox 797 970 846 1015; x_wconf 87' lang='lat' dir='ltr'><strong>te</strong></span> <span class='ocrx_word' id='word_1_87' title='bbox 874 962 1131 1020; x_wconf 85' lang='lat' dir='ltr'><strong>Dominus</strong></span> <span class='ocrx_word' id='word_1_88' title='bbox 1164 967 1218 1020; x_wconf 86' lang='lat' dir='ltr'><strong>in</strong></span> <span class='ocrx_word' id='word_1_89' title='bbox 1264 967 1560 1040; x_wconf 60' lang='lat' dir='ltr'><strong>Egyptian</strong></span> <span class='ocrx_word' id='word_1_90' title='bbox 1619 971 1840 1026; x_wconf 78' lang='lat' dir='ltr'><strong>navibus</strong></span> <span class='ocrx_word' id='word_1_91' title='bbox 1861 986 1953 1041; x_wconf 82' lang='lat' dir='ltr'><strong>per</strong></span> <span class='ocrx_word' id='word_1_92' title='bbox 2003 971 2106 1026; x_wconf 83' lang='lat' dir='ltr'><strong>iter</strong></span> <span class='ocrx_word' id='word_1_93' title='bbox 2126 970 2264 1041; x_wconf 81' lang='lat' dir='ltr'><strong>quod</strong></span> <span class='ocrx_word' id='word_1_94' title='bbox 2303 971 2400 1024; x_wconf 85' lang='lat' dir='ltr'><strong>tibi</strong></span> <span class='ocrx_word' id='word_1_95' title='bbox 2421 969 2545 1024; x_wconf 72' lang='lat' dir='ltr'><strong>dixi</strong></span> <span class='ocrx_word' id='word_1_96' title='bbox 2573 986 2592 1024; x_wconf 89' lang='lat'><strong><em>:</em></strong></span> <span class='ocrx_word' id='word_1_97' title='bbox 2622 969 2746 1025; x_wconf 82' lang='lat' dir='ltr'><strong>Non</strong></span> <span class='ocrx_word' id='word_1_98' title='bbox 2787 970 2985 1026; x_wconf 77' lang='lat' dir='ltr'><strong>videbis</strong></span> <span class='ocrx_word' id='word_1_99' title='bbox 3018 973 3190 1041; x_wconf 78' lang='lat' dir='ltr'><strong>ipsum</strong></span> <span class='ocrx_word' id='word_1_100' title='bbox 3227 974 3482 1042; x_wconf 76' lang='lat' dir='ltr'><strong>amplius,</strong></span> <span class='ocrx_word' id='word_1_101' title='bbox 3517 980 3629 1030; x_wconf 87' lang='lat' dir='ltr'><strong>etc.</strong></span> 
     </span>
    </p>
   </div>
   <div class='ocr_carea' id='block_1_12' title="bbox 382 1041 3632 1128">
    <p class='ocr_par' dir='ltr' id='par_1_12' title="bbox 382 1041 3632 1128">
     <span class='ocr_line' id='line_1_12' title="bbox 382 1041 3632 1128; baseline 0.005 -30"><span class='ocrx_word' id='word_1_102' title='bbox 382 1041 524 1116; x_wconf 81' lang='lat'><strong>[68.]</strong></span> <span class='ocrx_word' id='word_1_103' title='bbox 556 1044 673 1101; x_wconf 89' lang='lat' dir='ltr'><strong>Non</strong></span> <span class='ocrx_word' id='word_1_104' title='bbox 708 1049 924 1104; x_wconf 80' lang='lat' dir='ltr'><strong>reduxit</strong></span> <span class='ocrx_word' id='word_1_105' title='bbox 981 1052 1122 1122; x_wconf 87' lang='lat' dir='ltr'><strong>ipse,</strong></span> <span class='ocrx_word' id='word_1_106' title='bbox 1148 1068 1338 1110; x_wconf 89' lang='lat' dir='ltr'><strong>verum</strong></span> <span class='ocrx_word' id='word_1_107' title='bbox 1372 1059 1668 1113; x_wconf 72' lang='lat' dir='ltr'><strong>redeuntes</strong></span> <span class='ocrx_word' id='word_1_108' title='bbox 1697 1073 1807 1113; x_wconf 93' lang='lat' dir='ltr'><strong>non</strong></span> <span class='ocrx_word' id='word_1_109' title='bbox 1846 1054 2148 1128; x_wconf 86' lang='lat' dir='ltr'><strong>prohibuit.</strong></span> <span class='ocrx_word' id='word_1_110' title='bbox 2191 1058 2537 1124; x_wconf 86' lang='lat' dir='ltr'><strong>Argumento</strong></span> <span class='ocrx_word' id='word_1_111' title='bbox 2580 1056 2717 1111; x_wconf 90' lang='lat' dir='ltr'><strong>illud</strong></span> <span class='ocrx_word' id='word_1_112' title='bbox 2747 1065 2854 1122; x_wconf 91' lang='lat' dir='ltr'><strong>est,</strong></span> <span class='ocrx_word' id='word_1_113' title='bbox 2889 1060 2962 1112; x_wconf 90' lang='lat' dir='ltr'><strong>de</strong></span> <span class='ocrx_word' id='word_1_114' title='bbox 2981 1072 3092 1127; x_wconf 86' lang='lat' dir='ltr'><strong>quo</strong></span> <span class='ocrx_word' id='word_1_115' title='bbox 3112 1059 3212 1112; x_wconf 88' lang='lat' dir='ltr'><strong>tibi</strong></span> <span class='ocrx_word' id='word_1_116' title='bbox 3245 1041 3356 1113; x_wconf 66' lang='lat' dir='ltr'><strong>diri</strong></span> <span class='ocrx_word' id='word_1_117' title='bbox 3392 1076 3406 1114; x_wconf 90' lang='lat'><strong>:</strong></span> <span class='ocrx_word' id='word_1_118' title='bbox 3444 1079 3463 1111; x_wconf 84' lang='grc' dir='ltr'><strong>ι</strong></span> <span class='ocrx_word' id='word_1_119' title='bbox 3510 1060 3632 1114; x_wconf 78' lang='lat' dir='ltr'><strong>Non</strong></span> 
     </span>
    </p>
   </div>
   <div class='ocr_carea' id='block_1_13' title="bbox 378 1132 3634 1212">
    <p class='ocr_par' dir='ltr' id='par_1_13' title="bbox 378 1132 3634 1212">
     <span class='ocr_line' id='line_1_13' title="bbox 378 1132 3634 1212; baseline 0.006 -29"><span class='ocrx_word' id='word_1_120' title='bbox 378 1132 595 1187; x_wconf 77' lang='lat' dir='ltr'><strong>videbis</strong></span> <span class='ocrx_word' id='word_1_121' title='bbox 626 1135 802 1203; x_wconf 83' lang='lat' dir='ltr'><strong>ipsum</strong></span> <span class='ocrx_word' id='word_1_122' title='bbox 832 1139 1090 1208; x_wconf 65' lang='lat' dir='ltr'><strong>ampiius.</strong></span> <span class='ocrx_word' id='word_1_123' title='bbox 1132 1156 1151 1192; x_wconf 72' lang='grc' dir='ltr'><strong>ι</strong></span> <span class='ocrx_word' id='word_1_124' title='bbox 1182 1141 1319 1195; x_wconf 84' lang='lat' dir='ltr'><strong>Cum</strong></span> <span class='ocrx_word' id='word_1_125' title='bbox 1355 1142 1508 1197; x_wconf 88' lang='lat' dir='ltr'><strong>enim</strong></span> <span class='ocrx_word' id='word_1_126' title='bbox 1536 1144 1742 1198; x_wconf 89' lang='lat' dir='ltr'><strong>reditio</strong></span> <span class='ocrx_word' id='word_1_127' title='bbox 1764 1144 1857 1198; x_wconf 71' lang='lat' dir='ltr'><strong>illa</strong></span> <span class='ocrx_word' id='word_1_128' title='bbox 1883 1144 2001 1198; x_wconf 91' lang='lat' dir='ltr'><strong>vitii</strong></span> <span class='ocrx_word' id='word_1_129' title='bbox 2029 1144 2150 1198; x_wconf 92' lang='lat' dir='ltr'><strong>loco</strong></span> <span class='ocrx_word' id='word_1_130' title='bbox 2206 1151 2475 1205; x_wconf 82' lang='lat' dir='ltr'><strong>vertatur,</strong></span> <span class='ocrx_word' id='word_1_131' title='bbox 2515 1144 2789 1212; x_wconf 89' lang='lat' dir='ltr'><strong>quomodo</strong></span> <span class='ocrx_word' id='word_1_132' title='bbox 2848 1144 2967 1212; x_wconf 87' lang='lat' dir='ltr'><strong>ipse</strong></span> <span class='ocrx_word' id='word_1_133' title='bbox 3008 1153 3208 1199; x_wconf 83' lang='lat' dir='ltr'><strong>auctor</strong></span> <span class='ocrx_word' id='word_1_134' title='bbox 3241 1145 3438 1200; x_wconf 80' lang='lat' dir='ltr'><strong>fuisset</strong></span> <span class='ocrx_word' id='word_1_135' title='bbox 3461 1147 3487 1200; x_wconf 82' lang='lat'><strong>?</strong></span> <span class='ocrx_word' id='word_1_136' title='bbox 3518 1147 3634 1201; x_wconf 88' lang='lat' dir='ltr'><strong>Suo</strong></span> 
     </span>
    </p>
   </div>
   <div class='ocr_carea' id='block_1_14' title="bbox 282 1219 3637 1303">
    <p class='ocr_par' dir='ltr' id='par_1_14' title="bbox 282 1219 3637 1303">
     <span class='ocr_line' id='line_1_14' title="bbox 282 1219 3637 1303; baseline 0.005 -31"><span class='ocrx_word' id='word_1_137' title='bbox 282 1264 285 1279; x_wconf 84' lang='lat'><strong>,</strong></span> <span class='ocrx_word' id='word_1_138' title='bbox 378 1219 547 1286; x_wconf 84' lang='lat' dir='ltr'><strong>igitur</strong></span> <span class='ocrx_word' id='word_1_139' title='bbox 573 1230 749 1277; x_wconf 83' lang='lat' dir='ltr'><strong>marte</strong></span> <span class='ocrx_word' id='word_1_140' title='bbox 770 1229 978 1281; x_wconf 82' lang='lat' dir='ltr'><strong>reversi</strong></span> <span class='ocrx_word' id='word_1_141' title='bbox 1006 1236 1164 1293; x_wconf 87' lang='lat' dir='ltr'><strong>sunt;</strong></span> <span class='ocrx_word' id='word_1_142' title='bbox 1193 1243 1344 1282; x_wconf 90' lang='lat' dir='ltr'><strong>nunc</strong></span> <span class='ocrx_word' id='word_1_143' title='bbox 1367 1230 1588 1299; x_wconf 84' lang='lat' dir='ltr'><strong>quidem</strong></span> <span class='ocrx_word' id='word_1_144' title='bbox 1613 1231 1681 1286; x_wconf 90' lang='lat' dir='ltr'><strong>ab</strong></span> <span class='ocrx_word' id='word_1_145' title='bbox 1706 1232 1841 1302; x_wconf 86' lang='lat' dir='ltr'><strong>ipsis</strong></span> <span class='ocrx_word' id='word_1_146' title='bbox 1867 1232 2130 1286; x_wconf 80' lang='lat' dir='ltr'><strong>auxilium</strong></span> <span class='ocrx_word' id='word_1_147' title='bbox 2163 1241 2358 1286; x_wconf 89' lang='lat' dir='ltr'><strong>contra</strong></span> <span class='ocrx_word' id='word_1_148' title='bbox 2385 1231 2641 1303; x_wconf 80' lang='lat' dir='ltr'><strong>Assyrios</strong></span> <span class='ocrx_word' id='word_1_149' title='bbox 2671 1232 2926 1301; x_wconf 88' lang='lat' dir='ltr'><strong>petitum,</strong></span> <span class='ocrx_word' id='word_1_150' title='bbox 2945 1248 3094 1288; x_wconf 90' lang='lat' dir='ltr'><strong>nunc</strong></span> <span class='ocrx_word' id='word_1_151' title='bbox 3122 1247 3253 1288; x_wconf 87' lang='lat' dir='ltr'><strong>vero</strong></span> <span class='ocrx_word' id='word_1_152' title='bbox 3280 1248 3309 1288; x_wconf 89' lang='lat' dir='ltr'><strong>a</strong></span> <span class='ocrx_word' id='word_1_153' title='bbox 3340 1232 3637 1291; x_wconf 80' lang='lat' dir='ltr'><strong>Nechaone</strong></span> 
     </span>
    </p>
   </div>
   <div class='ocr_carea' id='block_1_15' title="bbox 380 1304 3637 1392">
    <p class='ocr_par' dir='ltr' id='par_1_15' title="bbox 380 1304 3637 1392">
     <span class='ocr_line' id='line_1_15' title="bbox 380 1304 3637 1392; baseline 0.001 -18"><span class='ocrx_word' id='word_1_154' title='bbox 380 1304 688 1374; x_wconf 65' lang='grc' dir='ltr'><strong>Ριιετθοιιθο</strong></span> <span class='ocrx_word' id='word_1_155' title='bbox 720 1318 775 1363; x_wconf 69' lang='grc' dir='ltr'><strong>ει</strong></span> <span class='ocrx_word' id='word_1_156' title='bbox 804 1311 927 1367; x_wconf 63' lang='lat' dir='ltr'><strong>aliis</strong></span> <span class='ocrx_word' id='word_1_157' title='bbox 949 1310 1223 1384; x_wconf 64' lang='lat' dir='ltr'><strong>Egyptiis</strong></span> <span class='ocrx_word' id='word_1_158' title='bbox 1254 1316 1476 1384; x_wconf 80' lang='lat' dir='ltr'><strong>regibus</strong></span> <span class='ocrx_word' id='word_1_159' title='bbox 1504 1318 1705 1388; x_wconf 77' lang='lat' dir='ltr'><strong>captivi</strong></span> <span class='ocrx_word' id='word_1_160' title='bbox 1740 1318 1961 1373; x_wconf 87' lang='lat' dir='ltr'><strong>abducti</strong></span> <span class='ocrx_word' id='word_1_161' title='bbox 1991 1334 2005 1384; x_wconf 90' lang='lat'><strong>;</strong></span> <span class='ocrx_word' id='word_1_162' title='bbox 2043 1318 2151 1373; x_wconf 82' lang='lat' dir='ltr'><strong>sibi</strong></span> <span class='ocrx_word' id='word_1_163' title='bbox 2177 1319 2316 1390; x_wconf 89' lang='lat' dir='ltr'><strong>ipsis</strong></span> <span class='ocrx_word' id='word_1_164' title='bbox 2354 1319 2773 1375; x_wconf 80' lang='lat' dir='ltr'><strong>consciscentes</strong></span> <span class='ocrx_word' id='word_1_165' title='bbox 2818 1321 2985 1374; x_wconf 87' lang='lat' dir='ltr'><strong>maia.</strong></span> <span class='ocrx_word' id='word_1_166' title='bbox 3020 1319 3371 1392; x_wconf 78' lang='lat' dir='ltr'><strong>Qnapmpter</strong></span> <span class='ocrx_word' id='word_1_167' title='bbox 3408 1333 3637 1377; x_wconf 85' lang='lat' dir='ltr'><strong>accusat</strong></span> 
     </span>
    </p>
   </div>
   <div class='ocr_carea' id='block_1_16' title="bbox 378 1396 3639 1478">
    <p class='ocr_par' dir='ltr' id='par_1_16' title="bbox 378 1396 3639 1478">
     <span class='ocr_line' id='line_1_16' title="bbox 378 1396 3639 1478; baseline 0.006 -31"><span class='ocrx_word' id='word_1_168' title='bbox 378 1408 475 1449; x_wconf 85' lang='lat' dir='ltr'><strong>eos</strong></span> <span class='ocrx_word' id='word_1_169' title='bbox 499 1407 598 1465; x_wconf 85' lang='lat' dir='ltr'><strong>per</strong></span> <span class='ocrx_word' id='word_1_170' title='bbox 629 1396 955 1468; x_wconf 79' lang='lat' dir='ltr'><strong>prophetam</strong></span> <span class='ocrx_word' id='word_1_171' title='bbox 978 1398 1125 1455; x_wconf 87' lang='lat' dir='ltr'><strong>Deus</strong></span> <span class='ocrx_word' id='word_1_172' title='bbox 1154 1419 1168 1456; x_wconf 91' lang='lat'><strong>:</strong></span> <span class='ocrx_word' id='word_1_173' title='bbox 1206 1416 1227 1452; x_wconf 74' lang='grc' dir='ltr'><strong><em>ο</em></strong></span> <span class='ocrx_word' id='word_1_174' title='bbox 1259 1401 1365 1464; x_wconf 81' lang='lat' dir='ltr'><strong>Qui</strong></span> <span class='ocrx_word' id='word_1_175' title='bbox 1427 1402 1795 1469; x_wconf 87' lang='lat' dir='ltr'><strong>descendunt,</strong></span> <span class='ocrx_word' id='word_1_176' title='bbox 1831 1405 2110 1474; x_wconf 89' lang='lat' dir='ltr'><strong>inquiens,</strong></span> <span class='ocrx_word' id='word_1_177' title='bbox 2171 1407 2432 1471; x_wconf 87' lang='lat' dir='ltr'><strong>navibus,</strong></span> <span class='ocrx_word' id='word_1_178' title='bbox 2456 1406 2512 1461; x_wconf 90' lang='lat' dir='ltr'><strong>in</strong></span> <span class='ocrx_word' id='word_1_179' title='bbox 2537 1404 2858 1478; x_wconf 67' lang='lat' dir='ltr'><strong>Egyptum,</strong></span> <span class='ocrx_word' id='word_1_180' title='bbox 2900 1415 2959 1462; x_wconf 89' lang='lat' dir='ltr'><strong>ut</strong></span> <span class='ocrx_word' id='word_1_181' title='bbox 2990 1409 3257 1464; x_wconf 85' lang='lat' dir='ltr'><strong>auxilium</strong></span> <span class='ocrx_word' id='word_1_182' title='bbox 3285 1425 3314 1463; x_wconf 91' lang='lat' dir='ltr'><strong>a</strong></span> <span class='ocrx_word' id='word_1_183' title='bbox 3349 1409 3639 1465; x_wconf 73' lang='lat' dir='ltr'><strong>Pharaone</strong></span> 
     </span>
    </p>
   </div>
   <div class='ocr_carea' id='block_1_17' title="bbox 377 1480 3638 1565">
    <p class='ocr_par' dir='ltr' id='par_1_17' title="bbox 377 1480 3638 1565">
     <span class='ocr_line' id='line_1_17' title="bbox 377 1480 3638 1565; baseline 0.005 -29"><span class='ocrx_word' id='word_1_184' title='bbox 377 1480 601 1554; x_wconf 74' lang='lat' dir='ltr'><strong>Egypti</strong></span> <span class='ocrx_word' id='word_1_185' title='bbox 628 1499 757 1552; x_wconf 78' lang='lat' dir='ltr'><strong>rege</strong></span> <span class='ocrx_word' id='word_1_186' title='bbox 786 1496 1226 1556; x_wconf 76' lang='lat' dir='ltr'><strong>consequantur.</strong></span> <span class='ocrx_word' id='word_1_187' title='bbox 1298 1489 1384 1544; x_wconf 75' lang='lat' dir='ltr'><strong>Me</strong></span> <span class='ocrx_word' id='word_1_188' title='bbox 1426 1503 1558 1547; x_wconf 89' lang='lat' dir='ltr'><strong>vero</strong></span> <span class='ocrx_word' id='word_1_189' title='bbox 1614 1491 1684 1549; x_wconf 89' lang='lat' dir='ltr'><strong>de</strong></span> <span class='ocrx_word' id='word_1_190' title='bbox 1715 1507 1780 1547; x_wconf 90' lang='lat' dir='ltr'><strong>ea</strong></span> <span class='ocrx_word' id='word_1_191' title='bbox 1809 1508 1869 1548; x_wconf 90' lang='lat' dir='ltr'><strong>re</strong></span> <span class='ocrx_word' id='word_1_192' title='bbox 1895 1508 2180 1565; x_wconf 80' lang='lat' dir='ltr'><strong>nunquam</strong></span> <span class='ocrx_word' id='word_1_193' title='bbox 2206 1495 2530 1549; x_wconf 89' lang='lat' dir='ltr'><strong>salutarunt</strong></span> <span class='ocrx_word' id='word_1_194' title='bbox 2553 1494 2619 1550; x_wconf 81' lang='lat'><strong>“.</strong></span> <span class='ocrx_word' id='word_1_195' title='bbox 2661 1511 2679 1546; x_wconf 78' lang='grc' dir='ltr'><strong>ι</strong></span> <span class='ocrx_word' id='word_1_196' title='bbox 2716 1494 2781 1549; x_wconf 84' lang='lat' dir='ltr'><strong>Et</strong></span> <span class='ocrx_word' id='word_1_197' title='bbox 2830 1495 3029 1550; x_wconf 85' lang='lat' dir='ltr'><strong>iterum</strong></span> <span class='ocrx_word' id='word_1_198' title='bbox 3065 1511 3080 1550; x_wconf 90' lang='lat'><strong>:</strong></span> <span class='ocrx_word' id='word_1_199' title='bbox 3119 1514 3139 1547; x_wconf 79' lang='grc' dir='ltr'><strong>ι</strong></span> <span class='ocrx_word' id='word_1_200' title='bbox 3190 1495 3337 1559; x_wconf 80' lang='lat' dir='ltr'><strong>Quid</strong></span> <span class='ocrx_word' id='word_1_201' title='bbox 3372 1489 3471 1553; x_wconf 80' lang='lat' dir='ltr'><strong>tibi</strong></span> <span class='ocrx_word' id='word_1_202' title='bbox 3504 1512 3638 1553; x_wconf 84' lang='lat' dir='ltr'><strong>eum</strong></span> 
     </span>
    </p>
   </div>
   <div class='ocr_carea' id='block_1_18' title="bbox 376 1569 3638 1652">
    <p class='ocr_par' dir='ltr' id='par_1_18' title="bbox 376 1569 3638 1652">
     <span class='ocr_line' id='line_1_18' title="bbox 376 1569 3638 1652; baseline 0.004 -25"><span class='ocrx_word' id='word_1_203' title='bbox 376 1569 615 1643; x_wconf 65' lang='lat' dir='ltr'><strong>Egypto</strong></span> <span class='ocrx_word' id='word_1_204' title='bbox 644 1580 704 1626; x_wconf 93' lang='lat' dir='ltr'><strong>ut</strong></span> <span class='ocrx_word' id='word_1_205' title='bbox 729 1573 948 1630; x_wconf 80' lang='lat' dir='ltr'><strong>biberes</strong></span> <span class='ocrx_word' id='word_1_206' title='bbox 977 1590 1175 1643; x_wconf 88' lang='lat' dir='ltr'><strong>aquam</strong></span> <span class='ocrx_word' id='word_1_207' title='bbox 1197 1576 1350 1633; x_wconf 88' lang='lat' dir='ltr'><strong>Geou</strong></span> <span class='ocrx_word' id='word_1_208' title='bbox 1374 1578 1454 1633; x_wconf 69' lang='lat' dir='ltr'><strong>“fl</strong></span> <span class='ocrx_word' id='word_1_209' title='bbox 1477 1597 1496 1631; x_wconf 74' lang='grc' dir='ltr'><strong>ι</strong></span> <span class='ocrx_word' id='word_1_210' title='bbox 1520 1579 1804 1650; x_wconf 81' lang='lat' dir='ltr'><strong>Ejusmodi</strong></span> <span class='ocrx_word' id='word_1_211' title='bbox 1838 1580 1976 1636; x_wconf 90' lang='lat' dir='ltr'><strong>illud</strong></span> <span class='ocrx_word' id='word_1_212' title='bbox 1994 1594 2213 1651; x_wconf 89' lang='lat' dir='ltr'><strong>quoque</strong></span> <span class='ocrx_word' id='word_1_213' title='bbox 2235 1588 2321 1637; x_wconf 88' lang='lat' dir='ltr'><strong>est</strong></span> <span class='ocrx_word' id='word_1_214' title='bbox 2349 1582 2492 1651; x_wconf 88' lang='lat' dir='ltr'><strong>quod</strong></span> <span class='ocrx_word' id='word_1_215' title='bbox 2516 1581 2901 1652; x_wconf 66' lang='lat' dir='ltr'><strong>subiungitur:</strong></span> <span class='ocrx_word' id='word_1_216' title='bbox 2926 1601 2945 1634; x_wconf 80' lang='grc' dir='ltr'><strong>ι</strong></span> <span class='ocrx_word' id='word_1_217' title='bbox 2971 1583 3036 1637; x_wconf 84' lang='grc' dir='ltr'><strong>Ει</strong></span> <span class='ocrx_word' id='word_1_218' title='bbox 3066 1596 3175 1638; x_wconf 84' lang='lat' dir='ltr'><strong>non</strong></span> <span class='ocrx_word' id='word_1_219' title='bbox 3193 1584 3347 1640; x_wconf 80' lang='lat' dir='ltr'><strong>dedit</strong></span> <span class='ocrx_word' id='word_1_220' title='bbox 3368 1580 3638 1640; x_wconf 85' lang='lat' dir='ltr'><strong>Dominus</strong></span> 
     </span>
    </p>
   </div>
   <div class='ocr_carea' id='block_1_19' title="bbox 380 1658 3747 1744">
    <p class='ocr_par' dir='ltr' id='par_1_19' title="bbox 380 1658 3747 1744">
     <span class='ocr_line' id='line_1_19' title="bbox 380 1658 3747 1744; baseline 0.005 -33"><span class='ocrx_word' id='word_1_221' title='bbox 380 1658 525 1715; x_wconf 79' lang='lat' dir='ltr'><strong>Deus</strong></span> <span class='ocrx_word' id='word_1_222' title='bbox 552 1660 710 1719; x_wconf 89' lang='lat' dir='ltr'><strong>vobis</strong></span> <span class='ocrx_word' id='word_1_223' title='bbox 730 1676 827 1717; x_wconf 89' lang='lat' dir='ltr'><strong>cor</strong></span> <span class='ocrx_word' id='word_1_224' title='bbox 842 1662 910 1716; x_wconf 82' lang='lat' dir='ltr'><strong>ad</strong></span> <span class='ocrx_word' id='word_1_225' title='bbox 934 1663 1370 1731; x_wconf 76' lang='lat' dir='ltr'><strong>intelligendum,</strong></span> <span class='ocrx_word' id='word_1_226' title='bbox 1391 1681 1495 1722; x_wconf 87' lang='lat' dir='ltr'><strong>nec</strong></span> <span class='ocrx_word' id='word_1_227' title='bbox 1530 1668 1721 1724; x_wconf 85' lang='lat' dir='ltr'><strong>oculos</strong></span> <span class='ocrx_word' id='word_1_228' title='bbox 1741 1668 1811 1723; x_wconf 87' lang='lat' dir='ltr'><strong>ad</strong></span> <span class='ocrx_word' id='word_1_229' title='bbox 1839 1668 2152 1733; x_wconf 87' lang='lat' dir='ltr'><strong>videndum,</strong></span> <span class='ocrx_word' id='word_1_230' title='bbox 2179 1685 2279 1725; x_wconf 88' lang='lat' dir='ltr'><strong>nec</strong></span> <span class='ocrx_word' id='word_1_231' title='bbox 2296 1683 2459 1724; x_wconf 85' lang='lat' dir='ltr'><strong>aures</strong></span> <span class='ocrx_word' id='word_1_232' title='bbox 2479 1668 2547 1724; x_wconf 84' lang='lat' dir='ltr'><strong>ad</strong></span> <span class='ocrx_word' id='word_1_233' title='bbox 2578 1668 2907 1724; x_wconf 73' lang='lat' dir='ltr'><strong>audiendum</strong></span> <span class='ocrx_word' id='word_1_234' title='bbox 2934 1671 3341 1741; x_wconf 82' lang='lat' dir='ltr'><strong>usqueindlem</strong></span> <span class='ocrx_word' id='word_1_235' title='bbox 3370 1672 3514 1727; x_wconf 82' lang='lat' dir='ltr'><strong>hunc</strong></span> <span class='ocrx_word' id='word_1_236' title='bbox 3534 1668 3599 1728; x_wconf 85' lang='lat'><strong>“.</strong></span> <span class='ocrx_word' id='word_1_237' title='bbox 3615 1692 3635 1726; x_wconf 77' lang='grc' dir='ltr'><strong>ι</strong></span> <span class='ocrx_word' id='word_1_238' title='bbox 3740 1738 3747 1744; x_wconf 17' lang='grc' dir='ltr'><strong>Α</strong></span> 
     </span>
    </p>
   </div>
   <div class='ocr_carea' id='block_1_20' title="bbox 379 1748 3644 1831">
    <p class='ocr_par' dir='ltr' id='par_1_20' title="bbox 379 1748 3644 1831">
     <span class='ocr_line' id='line_1_20' title="bbox 379 1748 3644 1831; baseline 0.004 -30"><span class='ocrx_word' id='word_1_239' title='bbox 379 1748 495 1802; x_wconf 80' lang='lat' dir='ltr'><strong>Cur</strong></span> <span class='ocrx_word' id='word_1_240' title='bbox 528 1752 677 1805; x_wconf 80' lang='lat' dir='ltr'><strong>enim</strong></span> <span class='ocrx_word' id='word_1_241' title='bbox 707 1751 818 1807; x_wconf 85' lang='lat' dir='ltr'><strong>illis</strong></span> <span class='ocrx_word' id='word_1_242' title='bbox 868 1752 966 1821; x_wconf 89' lang='lat' dir='ltr'><strong>qui</strong></span> <span class='ocrx_word' id='word_1_243' title='bbox 990 1754 1245 1823; x_wconf 83' lang='lat' dir='ltr'><strong>accipere</strong></span> <span class='ocrx_word' id='word_1_244' title='bbox 1266 1754 1538 1825; x_wconf 85' lang='lat' dir='ltr'><strong>designati</strong></span> <span class='ocrx_word' id='word_1_245' title='bbox 1563 1755 1784 1812; x_wconf 79' lang='lat' dir='ltr'><strong>fuerant</strong></span> <span class='ocrx_word' id='word_1_246' title='bbox 1832 1765 1887 1811; x_wconf 89' lang='lat' dir='ltr'><strong>et</strong></span> <span class='ocrx_word' id='word_1_247' title='bbox 1934 1773 2003 1813; x_wconf 81' lang='lat' dir='ltr'><strong>ex</strong></span> <span class='ocrx_word' id='word_1_248' title='bbox 2026 1758 2301 1813; x_wconf 87' lang='lat' dir='ltr'><strong>destinata</strong></span> <span class='ocrx_word' id='word_1_249' title='bbox 2364 1759 2577 1813; x_wconf 88' lang='lat' dir='ltr'><strong>malitia</strong></span> <span class='ocrx_word' id='word_1_250' title='bbox 2617 1761 2851 1815; x_wconf 74' lang='lat' dir='ltr'><strong>aversati</strong></span> <span class='ocrx_word' id='word_1_251' title='bbox 2903 1759 3274 1831; x_wconf 79' lang='lat' dir='ltr'><strong>praebuisset?</strong></span> <span class='ocrx_word' id='word_1_252' title='bbox 3303 1760 3382 1813; x_wconf 76' lang='lat' dir='ltr'><strong>Ac</strong></span> <span class='ocrx_word' id='word_1_253' title='bbox 3437 1758 3644 1815; x_wconf 72' lang='lat' dir='ltr'><strong>talibus</strong></span> 
     </span>
    </p>
   </div>
   <div class='ocr_carea' id='block_1_21' title="bbox 380 1834 3646 1918">
    <p class='ocr_par' dir='ltr' id='par_1_21' title="bbox 380 1834 3646 1918">
     <span class='ocr_line' id='line_1_21' title="bbox 380 1834 3646 1918; baseline 0.004 -29"><span class='ocrx_word' id='word_1_254' title='bbox 380 1834 606 1904; x_wconf 85' lang='lat' dir='ltr'><strong>quidem</strong></span> <span class='ocrx_word' id='word_1_255' title='bbox 637 1836 839 1892; x_wconf 90' lang='lat' dir='ltr'><strong>dicitur</strong></span> <span class='ocrx_word' id='word_1_256' title='bbox 875 1838 1017 1893; x_wconf 88' lang='lat' dir='ltr'><strong>Deus</strong></span> <span class='ocrx_word' id='word_1_257' title='bbox 1045 1840 1184 1894; x_wconf 88' lang='lat' dir='ltr'><strong>nihil</strong></span> <span class='ocrx_word' id='word_1_258' title='bbox 1215 1839 1371 1898; x_wconf 88' lang='lat' dir='ltr'><strong>dare.</strong></span> <span class='ocrx_word' id='word_1_259' title='bbox 1413 1842 1892 1909; x_wconf 79' lang='lat' dir='ltr'><strong>Quemadmodum</strong></span> <span class='ocrx_word' id='word_1_260' title='bbox 1927 1845 2034 1900; x_wconf 81' lang='lat' dir='ltr'><strong>dux</strong></span> <span class='ocrx_word' id='word_1_261' title='bbox 2066 1846 2374 1901; x_wconf 78' lang='lat' dir='ltr'><strong>exercitum</strong></span> <span class='ocrx_word' id='word_1_262' title='bbox 2422 1846 2640 1903; x_wconf 83' lang='lat' dir='ltr'><strong>tradere</strong></span> <span class='ocrx_word' id='word_1_263' title='bbox 2695 1847 2920 1912; x_wconf 86' lang='lat' dir='ltr'><strong>dicitur,</strong></span> <span class='ocrx_word' id='word_1_264' title='bbox 2970 1847 3192 1918; x_wconf 78' lang='lat' dir='ltr'><strong>quando</strong></span> <span class='ocrx_word' id='word_1_265' title='bbox 3226 1848 3646 1918; x_wconf 74' lang='lat' dir='ltr'><strong>ingravescente</strong></span> 
     </span>
    </p>
   </div>
   <div class='ocr_carea' id='block_1_22' title="bbox 378 1924 3639 2006">
    <p class='ocr_par' dir='ltr' id='par_1_22' title="bbox 378 1924 3639 2006">
     <span class='ocr_line' id='line_1_22' title="bbox 378 1924 3639 2006; baseline 0.002 -26"><span class='ocrx_word' id='word_1_266' title='bbox 378 1924 492 1997; x_wconf 89' lang='lat' dir='ltr'><strong>jam</strong></span> <span class='ocrx_word' id='word_1_267' title='bbox 517 1927 805 1994; x_wconf 82' lang='lat' dir='ltr'><strong>conﬂictu,</strong></span> <span class='ocrx_word' id='word_1_268' title='bbox 835 1944 900 1986; x_wconf 90' lang='lat' dir='ltr'><strong>eo</strong></span> <span class='ocrx_word' id='word_1_269' title='bbox 937 1931 1203 1988; x_wconf 89' lang='lat' dir='ltr'><strong>derelicto</strong></span> <span class='ocrx_word' id='word_1_270' title='bbox 1225 1947 1290 1988; x_wconf 89' lang='lat' dir='ltr'><strong>se</strong></span> <span class='ocrx_word' id='word_1_271' title='bbox 1322 1933 1636 1998; x_wconf 84' lang='lat' dir='ltr'><strong>abduxerit,</strong></span> <span class='ocrx_word' id='word_1_272' title='bbox 1676 1934 1782 1990; x_wconf 87' lang='lat' dir='ltr'><strong>hoc</strong></span> <span class='ocrx_word' id='word_1_273' title='bbox 1807 1936 1930 2006; x_wconf 86' lang='lat' dir='ltr'><strong>ipso</strong></span> <span class='ocrx_word' id='word_1_274' title='bbox 1960 1935 2108 2004; x_wconf 86' lang='lat' dir='ltr'><strong>quod</strong></span> <span class='ocrx_word' id='word_1_275' title='bbox 2143 1947 2248 1987; x_wconf 87' lang='lat' dir='ltr'><strong>suo</strong></span> <span class='ocrx_word' id='word_1_276' title='bbox 2296 1932 2502 1988; x_wconf 80' lang='lat' dir='ltr'><strong>auxilio</strong></span> <span class='ocrx_word' id='word_1_277' title='bbox 2531 1933 2786 1989; x_wconf 81' lang='lat' dir='ltr'><strong>destituit</strong></span> <span class='ocrx_word' id='word_1_278' title='bbox 2818 1933 3094 1991; x_wconf 80' lang='lat' dir='ltr'><strong>videlicet.</strong></span> <span class='ocrx_word' id='word_1_279' title='bbox 3127 1933 3320 1989; x_wconf 78' lang='lat' dir='ltr'><strong>Simile</strong></span> <span class='ocrx_word' id='word_1_280' title='bbox 3350 1934 3484 1990; x_wconf 87' lang='lat' dir='ltr'><strong>illud</strong></span> <span class='ocrx_word' id='word_1_281' title='bbox 3521 1941 3639 1990; x_wconf 83' lang='lat' dir='ltr'><strong>est:</strong></span> 
     </span>
    </p>
   </div>
   <div class='ocr_carea' id='block_1_23' title="bbox 390 2012 3646 2093">
    <p class='ocr_par' dir='ltr' id='par_1_23' title="bbox 390 2012 3646 2093">
     <span class='ocr_line' id='line_1_23' title="bbox 390 2012 3646 2093; baseline 0.002 -26"><span class='ocrx_word' id='word_1_282' title='bbox 390 2033 410 2067; x_wconf 77' lang='grc' dir='ltr'><strong>ι</strong></span> <span class='ocrx_word' id='word_1_283' title='bbox 447 2012 701 2073; x_wconf 82' lang='lat' dir='ltr'><strong>Tradidit</strong></span> <span class='ocrx_word' id='word_1_284' title='bbox 726 2032 825 2075; x_wconf 87' lang='lat' dir='ltr'><strong>eos</strong></span> <span class='ocrx_word' id='word_1_285' title='bbox 864 2019 1186 2090; x_wconf 71' lang='lat' dir='ltr'><strong>ignominia:</strong></span> <span class='ocrx_word' id='word_1_286' title='bbox 1216 2036 1405 2087; x_wconf 81' lang='lat' dir='ltr'><strong>casus,</strong></span> <span class='ocrx_word' id='word_1_287' title='bbox 1434 2032 1488 2079; x_wconf 89' lang='lat' dir='ltr'><strong>et</strong></span> <span class='ocrx_word' id='word_1_288' title='bbox 1519 2023 1707 2080; x_wconf 79' lang='lat' dir='ltr'><strong>cordis</strong></span> <span class='ocrx_word' id='word_1_289' title='bbox 1745 2024 1832 2079; x_wconf 87' lang='lat' dir='ltr'><strong>sui</strong></span> <span class='ocrx_word' id='word_1_290' title='bbox 1871 2023 2243 2093; x_wconf 82' lang='lat' dir='ltr'><strong>appetitiones</strong></span> <span class='ocrx_word' id='word_1_291' title='bbox 2282 2021 2348 2077; x_wconf 66' lang='grc'><strong>⁸⁸.</strong></span> <span class='ocrx_word' id='word_1_292' title='bbox 2387 2039 2403 2073; x_wconf 76' lang='grc' dir='ltr'><strong>ι</strong></span> <span class='ocrx_word' id='word_1_293' title='bbox 2436 2019 2496 2076; x_wconf 84' lang='lat' dir='ltr'><strong>Si</strong></span> <span class='ocrx_word' id='word_1_294' title='bbox 2540 2021 2714 2093; x_wconf 85' lang='lat' dir='ltr'><strong>igitur</strong></span> <span class='ocrx_word' id='word_1_295' title='bbox 2746 2036 2994 2093; x_wconf 63' lang='lat' dir='ltr'><strong>praesens</strong></span> <span class='ocrx_word' id='word_1_296' title='bbox 3037 2039 3260 2093; x_wconf 85' lang='lat' dir='ltr'><strong>quoque</strong></span> <span class='ocrx_word' id='word_1_297' title='bbox 3289 2023 3495 2077; x_wconf 74' lang='lat' dir='ltr'><strong>dictum</strong></span> <span class='ocrx_word' id='word_1_298' title='bbox 3530 2038 3646 2076; x_wconf 82' lang='lat' dir='ltr'><strong>non</strong></span> 
     </span>
    </p>
   </div>
   <div class='ocr_carea' id='block_1_24' title="bbox 384 2103 3649 2181">
    <p class='ocr_par' dir='ltr' id='par_1_24' title="bbox 384 2103 3649 2181">
     <span class='ocr_line' id='line_1_24' title="bbox 384 2103 3649 2181; baseline 0.002 -24"><span class='ocrx_word' id='word_1_299' title='bbox 384 2103 577 2158; x_wconf 89' lang='lat' dir='ltr'><strong>eodem</strong></span> <span class='ocrx_word' id='word_1_300' title='bbox 611 2105 777 2161; x_wconf 89' lang='lat' dir='ltr'><strong>modo</strong></span> <span class='ocrx_word' id='word_1_301' title='bbox 820 2107 1186 2179; x_wconf 75' lang='lat' dir='ltr'><strong>intelligatur,</strong></span> <span class='ocrx_word' id='word_1_302' title='bbox 1248 2110 1593 2167; x_wconf 85' lang='lat' dir='ltr'><strong>contrarium</strong></span> <span class='ocrx_word' id='word_1_303' title='bbox 1644 2111 1750 2166; x_wconf 88' lang='lat' dir='ltr'><strong>erit</strong></span> <span class='ocrx_word' id='word_1_304' title='bbox 1784 2110 1835 2166; x_wconf 90' lang='lat' dir='ltr'><strong>ei</strong></span> <span class='ocrx_word' id='word_1_305' title='bbox 1867 2110 2009 2181; x_wconf 93' lang='lat' dir='ltr'><strong>quod</strong></span> <span class='ocrx_word' id='word_1_306' title='bbox 2042 2109 2325 2179; x_wconf 71' lang='lat' dir='ltr'><strong>praecedit.</strong></span> <span class='ocrx_word' id='word_1_307' title='bbox 2366 2108 2590 2163; x_wconf 81' lang='lat' dir='ltr'><strong>Dixerat</strong></span> <span class='ocrx_word' id='word_1_308' title='bbox 2620 2109 2769 2164; x_wconf 86' lang='lat' dir='ltr'><strong>enim</strong></span> <span class='ocrx_word' id='word_1_309' title='bbox 2803 2124 2817 2161; x_wconf 87' lang='lat'><strong>:</strong></span> <span class='ocrx_word' id='word_1_310' title='bbox 2857 2128 2877 2161; x_wconf 82' lang='grc' dir='ltr'><strong>ι</strong></span> <span class='ocrx_word' id='word_1_311' title='bbox 2911 2107 3025 2164; x_wconf 82' lang='lat' dir='ltr'><strong>Vos</strong></span> <span class='ocrx_word' id='word_1_312' title='bbox 3055 2110 3279 2166; x_wconf 83' lang='lat' dir='ltr'><strong>vidistis</strong></span> <span class='ocrx_word' id='word_1_313' title='bbox 3303 2110 3487 2163; x_wconf 85' lang='lat' dir='ltr'><strong>omnia</strong></span> <span class='ocrx_word' id='word_1_314' title='bbox 3518 2122 3649 2176; x_wconf 65' lang='lat' dir='ltr'><strong>quae</strong></span> 
     </span>
    </p>
   </div>
   <div class='ocr_carea' id='block_1_25' title="bbox 386 2186 3652 2270">
    <p class='ocr_par' dir='ltr' id='par_1_25' title="bbox 386 2186 3652 2270">
     <span class='ocr_line' id='line_1_25' title="bbox 386 2186 3652 2270; baseline 0.001 -25"><span class='ocrx_word' id='word_1_315' title='bbox 386 2188 517 2245; x_wconf 77' lang='lat' dir='ltr'><strong>fecit</strong></span> <span class='ocrx_word' id='word_1_316' title='bbox 557 2186 847 2249; x_wconf 90' lang='lat' dir='ltr'><strong>Dominus.</strong></span> <span class='ocrx_word' id='word_1_317' title='bbox 884 2213 904 2245; x_wconf 75' lang='grc' dir='ltr'><strong>ι</strong></span> <span class='ocrx_word' id='word_1_318' title='bbox 938 2195 1226 2262; x_wconf 85' lang='lat' dir='ltr'><strong>Quomodo</strong></span> <span class='ocrx_word' id='word_1_319' title='bbox 1283 2199 1455 2270; x_wconf 87' lang='lat' dir='ltr'><strong>igitur</strong></span> <span class='ocrx_word' id='word_1_320' title='bbox 1505 2198 1701 2255; x_wconf 87' lang='lat' dir='ltr'><strong>oculos</strong></span> <span class='ocrx_word' id='word_1_321' title='bbox 1762 2198 1873 2253; x_wconf 87' lang='lat' dir='ltr'><strong>illis</strong></span> <span class='ocrx_word' id='word_1_322' title='bbox 1900 2196 1970 2252; x_wconf 88' lang='lat' dir='ltr'><strong>ad</strong></span> <span class='ocrx_word' id='word_1_323' title='bbox 1999 2196 2295 2253; x_wconf 90' lang='lat' dir='ltr'><strong>videndum</strong></span> <span class='ocrx_word' id='word_1_324' title='bbox 2347 2210 2457 2250; x_wconf 84' lang='lat' dir='ltr'><strong>non</strong></span> <span class='ocrx_word' id='word_1_325' title='bbox 2506 2194 2831 2251; x_wconf 81' lang='lat' dir='ltr'><strong>dedit?Aut</strong></span> <span class='ocrx_word' id='word_1_326' title='bbox 2857 2196 3119 2267; x_wconf 85' lang='lat' dir='ltr'><strong>qualibus</strong></span> <span class='ocrx_word' id='word_1_327' title='bbox 3140 2195 3399 2251; x_wconf 87' lang='lat' dir='ltr'><strong>viderunt</strong></span> <span class='ocrx_word' id='word_1_328' title='bbox 3420 2193 3652 2249; x_wconf 73' lang='lat' dir='ltr'><strong>oculis?</strong></span> 
     </span>
    </p>
   </div>
   <div class='ocr_carea' id='block_1_26' title="bbox 392 2282 3645 2354">
    <p class='ocr_par' dir='ltr' id='par_1_26' title="bbox 392 2282 3645 2354">
     <span class='ocr_line' id='line_1_26' title="bbox 392 2282 3645 2354; baseline 0.001 -24"><span class='ocrx_word' id='word_1_329' title='bbox 392 2286 487 2332; x_wconf 89' lang='lat' dir='ltr'><strong>aut</strong></span> <span class='ocrx_word' id='word_1_330' title='bbox 520 2282 797 2349; x_wconf 90' lang='lat' dir='ltr'><strong>quomodo</strong></span> <span class='ocrx_word' id='word_1_331' title='bbox 824 2283 1106 2350; x_wconf 89' lang='lat' dir='ltr'><strong>viderunt,</strong></span> <span class='ocrx_word' id='word_1_332' title='bbox 1139 2285 1188 2341; x_wconf 90' lang='lat' dir='ltr'><strong>si</strong></span> <span class='ocrx_word' id='word_1_333' title='bbox 1223 2285 1336 2342; x_wconf 88' lang='lat' dir='ltr'><strong>Deo</strong></span> <span class='ocrx_word' id='word_1_334' title='bbox 1360 2288 1519 2341; x_wconf 89' lang='lat' dir='ltr'><strong>aliter</strong></span> <span class='ocrx_word' id='word_1_335' title='bbox 1550 2287 1655 2341; x_wconf 78' lang='lat' dir='ltr'><strong>fuit</strong></span> <span class='ocrx_word' id='word_1_336' title='bbox 1685 2287 1865 2342; x_wconf 88' lang='lat' dir='ltr'><strong>visum</strong></span> <span class='ocrx_word' id='word_1_337' title='bbox 1890 2286 1914 2340; x_wconf 69' lang='grc' dir='ltr'><strong><em>Ἰ</em></strong></span> <span class='ocrx_word' id='word_1_338' title='bbox 1943 2285 2146 2342; x_wconf 84' lang='lat' dir='ltr'><strong>Verum</strong></span> <span class='ocrx_word' id='word_1_339' title='bbox 2181 2284 2484 2340; x_wconf 86' lang='lat' dir='ltr'><strong>sensilibus</strong></span> <span class='ocrx_word' id='word_1_340' title='bbox 2506 2284 2730 2354; x_wconf 86' lang='lat' dir='ltr'><strong>quidem</strong></span> <span class='ocrx_word' id='word_1_341' title='bbox 2768 2285 3030 2339; x_wconf 82' lang='lat' dir='ltr'><strong>viderunt</strong></span> <span class='ocrx_word' id='word_1_342' title='bbox 3060 2284 3261 2350; x_wconf 90' lang='lat' dir='ltr'><strong>oculis,</strong></span> <span class='ocrx_word' id='word_1_343' title='bbox 3290 2285 3485 2343; x_wconf 81' lang='lat' dir='ltr'><strong>tuentis</strong></span> <span class='ocrx_word' id='word_1_344' title='bbox 3510 2293 3645 2336; x_wconf 84' lang='lat' dir='ltr'><strong>vere</strong></span> 
     </span>
    </p>
   </div>
   <div class='ocr_carea' id='block_1_27' title="bbox 381 2361 3651 2444">
    <p class='ocr_par' dir='ltr' id='par_1_27' title="bbox 381 2361 3651 2444">
     <span class='ocr_line' id='line_1_27' title="bbox 381 2361 3651 2444; baseline 0.001 -24"><span class='ocrx_word' id='word_1_345' title='bbox 381 2361 599 2423; x_wconf 77' lang='lat' dir='ltr'><strong>visione</strong></span> <span class='ocrx_word' id='word_1_346' title='bbox 620 2369 834 2440; x_wconf 87' lang='lat' dir='ltr'><strong>seipsos</strong></span> <span class='ocrx_word' id='word_1_347' title='bbox 862 2372 1169 2441; x_wconf 86' lang='lat' dir='ltr'><strong>privavere,</strong></span> <span class='ocrx_word' id='word_1_348' title='bbox 1204 2374 1427 2444; x_wconf 86' lang='lat' dir='ltr'><strong>pietatis</strong></span> <span class='ocrx_word' id='word_1_349' title='bbox 1453 2375 1823 2443; x_wconf 72' lang='lat' dir='ltr'><strong>cognitionem</strong></span> <span class='ocrx_word' id='word_1_350' title='bbox 1852 2373 2014 2444; x_wconf 88' lang='lat' dir='ltr'><strong>cujus</strong></span> <span class='ocrx_word' id='word_1_351' title='bbox 2047 2372 2390 2428; x_wconf 87' lang='lat' dir='ltr'><strong>adminiculo</strong></span> <span class='ocrx_word' id='word_1_352' title='bbox 2423 2370 2675 2441; x_wconf 79' lang='lat' dir='ltr'><strong>prodigia</strong></span> <span class='ocrx_word' id='word_1_353' title='bbox 2706 2372 2959 2430; x_wconf 86' lang='lat' dir='ltr'><strong>viderant</strong></span> <span class='ocrx_word' id='word_1_354' title='bbox 3002 2372 3382 2441; x_wconf 86' lang='lat' dir='ltr'><strong>repudiantes,</strong></span> <span class='ocrx_word' id='word_1_355' title='bbox 3416 2383 3651 2427; x_wconf 84' lang='lat' dir='ltr'><strong>eorum-</strong></span> 
     </span>
    </p>
   </div>
   <div class='ocr_carea' id='block_1_28' title="bbox 386 2466 3639 2540">
    <p class='ocr_par' dir='ltr' id='par_1_28' title="bbox 386 2466 3639 2540">
     <span class='ocr_line' id='line_1_28' title="bbox 386 2466 3639 2540; baseline 0.001 -23"><span class='ocrx_word' id='word_1_356' title='bbox 386 2475 498 2531; x_wconf 86' lang='lat' dir='ltr'><strong>que</strong></span> <span class='ocrx_word' id='word_1_357' title='bbox 524 2475 806 2521; x_wconf 86' lang='lat' dir='ltr'><strong>auctorem</strong></span> <span class='ocrx_word' id='word_1_358' title='bbox 829 2482 940 2522; x_wconf 90' lang='lat' dir='ltr'><strong>non</strong></span> <span class='ocrx_word' id='word_1_359' title='bbox 974 2477 1360 2537; x_wconf 82' lang='lat' dir='ltr'><strong>agnoscentes.</strong></span> <span class='ocrx_word' id='word_1_360' title='bbox 1404 2468 1754 2540; x_wconf 84' lang='lat' dir='ltr'><strong>Quapropter</strong></span> <span class='ocrx_word' id='word_1_361' title='bbox 1774 2478 1831 2523; x_wconf 89' lang='lat' dir='ltr'><strong>ut</strong></span> <span class='ocrx_word' id='word_1_362' title='bbox 1856 2483 1956 2524; x_wconf 89' lang='lat' dir='ltr'><strong>eos</strong></span> <span class='ocrx_word' id='word_1_363' title='bbox 1990 2467 2269 2524; x_wconf 79' lang='lat' dir='ltr'><strong>cautiores</strong></span> <span class='ocrx_word' id='word_1_364' title='bbox 2297 2466 2575 2531; x_wconf 83' lang='lat' dir='ltr'><strong>redderet,</strong></span> <span class='ocrx_word' id='word_1_365' title='bbox 2616 2467 2866 2537; x_wconf 88' lang='lat' dir='ltr'><strong>ipsorum</strong></span> <span class='ocrx_word' id='word_1_366' title='bbox 2909 2467 3311 2523; x_wconf 77' lang='lat' dir='ltr'><strong>beneﬁciorum</strong></span> <span class='ocrx_word' id='word_1_367' title='bbox 3338 2481 3404 2521; x_wconf 83' lang='lat' dir='ltr'><strong>ac</strong></span> <span class='ocrx_word' id='word_1_368' title='bbox 3450 2466 3639 2534; x_wconf 84' lang='lat' dir='ltr'><strong>signo-</strong></span> 
     </span>
    </p>
   </div>
   <div class='ocr_carea' id='block_1_29' title="bbox 387 2554 3639 2628">
    <p class='ocr_par' dir='ltr' id='par_1_29' title="bbox 387 2554 3639 2628">
     <span class='ocr_line' id='line_1_29' title="bbox 387 2554 3639 2628; baseline 0 -23"><span class='ocrx_word' id='word_1_369' title='bbox 387 2565 510 2605; x_wconf 88' lang='lat' dir='ltr'><strong>rum</strong></span> <span class='ocrx_word' id='word_1_370' title='bbox 547 2554 864 2608; x_wconf 89' lang='lat' dir='ltr'><strong>memoriam</strong></span> <span class='ocrx_word' id='word_1_371' title='bbox 887 2570 1270 2625; x_wconf 73' lang='lat' dir='ltr'><strong>saapenumero</strong></span> <span class='ocrx_word' id='word_1_372' title='bbox 1293 2556 1537 2614; x_wconf 78' lang='lat' dir='ltr'><strong>refricat.</strong></span> <span class='ocrx_word' id='word_1_373' title='bbox 1573 2558 1875 2614; x_wconf 87' lang='lat' dir='ltr'><strong>Denuntiat</strong></span> <span class='ocrx_word' id='word_1_374' title='bbox 1897 2571 2122 2628; x_wconf 89' lang='lat' dir='ltr'><strong>quoque</strong></span> <span class='ocrx_word' id='word_1_375' title='bbox 2151 2555 2393 2610; x_wconf 88' lang='lat' dir='ltr'><strong>radicem</strong></span> <span class='ocrx_word' id='word_1_376' title='bbox 2426 2554 2750 2612; x_wconf 83' lang='lat' dir='ltr'><strong>acerbitatis</strong></span> <span class='ocrx_word' id='word_1_377' title='bbox 2780 2571 2846 2611; x_wconf 80' lang='lat' dir='ltr'><strong>ex</strong></span> <span class='ocrx_word' id='word_1_378' title='bbox 2880 2555 3080 2625; x_wconf 79' lang='lat' dir='ltr'><strong>seipsis</strong></span> <span class='ocrx_word' id='word_1_379' title='bbox 3105 2555 3448 2616; x_wconf 81' lang='lat' dir='ltr'><strong>evellendam</strong></span> <span class='ocrx_word' id='word_1_380' title='bbox 3481 2566 3639 2617; x_wconf 85' lang='lat' dir='ltr'><strong>esse,</strong></span> 
     </span>
    </p>
   </div>
   <div class='ocr_carea' id='block_1_30' title="bbox 384 2634 3651 2714">
    <p class='ocr_par' dir='ltr' id='par_1_30' title="bbox 384 2634 3651 2714">
     <span class='ocr_line' id='line_1_30' title="bbox 384 2634 3651 2714; baseline 0 -22"><span class='ocrx_word' id='word_1_381' title='bbox 384 2634 539 2708; x_wconf 57' lang='lat' dir='ltr'><strong>iubila</strong></span> <span class='ocrx_word' id='word_1_382' title='bbox 569 2638 703 2694; x_wconf 89' lang='lat' dir='ltr'><strong>illud</strong></span> <span class='ocrx_word' id='word_1_383' title='bbox 731 2659 744 2695; x_wconf 91' lang='lat'>:</span> <span class='ocrx_word' id='word_1_384' title='bbox 781 2660 801 2693; x_wconf 78' lang='grc' dir='ltr'><strong>ι</strong></span> <span class='ocrx_word' id='word_1_385' title='bbox 842 2642 1157 2714; x_wconf 83' lang='lat' dir='ltr'><strong>Expurgate</strong></span> <span class='ocrx_word' id='word_1_386' title='bbox 1185 2654 1344 2702; x_wconf 91' lang='lat' dir='ltr'><strong>vetus</strong></span> <span class='ocrx_word' id='word_1_387' title='bbox 1371 2645 1705 2701; x_wconf 80' lang='lat' dir='ltr'><strong>fermentum</strong></span> <span class='ocrx_word' id='word_1_388' title='bbox 1739 2652 1798 2699; x_wconf 93' lang='lat' dir='ltr'><strong>ut</strong></span> <span class='ocrx_word' id='word_1_389' title='bbox 1830 2645 1952 2700; x_wconf 89' lang='lat' dir='ltr'><strong>sitis</strong></span> <span class='ocrx_word' id='word_1_390' title='bbox 1979 2659 2120 2699; x_wconf 88' lang='lat' dir='ltr'><strong>nova</strong></span> <span class='ocrx_word' id='word_1_391' title='bbox 2148 2642 2471 2712; x_wconf 90' lang='lat' dir='ltr'><strong>conspersio</strong></span> <span class='ocrx_word' id='word_1_392' title='bbox 2496 2643 2564 2697; x_wconf 84' lang='grc'><strong>¹⁵.</strong></span> <span class='ocrx_word' id='word_1_393' title='bbox 2607 2661 2627 2695; x_wconf 74' lang='grc' dir='ltr'><strong>ι</strong></span> <span class='ocrx_word' id='word_1_394' title='bbox 2654 2641 2708 2696; x_wconf 91' lang='lat' dir='ltr'><strong>Si</strong></span> <span class='ocrx_word' id='word_1_395' title='bbox 2742 2658 2874 2698; x_wconf 87' lang='lat' dir='ltr'><strong>vero</strong></span> <span class='ocrx_word' id='word_1_396' title='bbox 2906 2643 3033 2711; x_wconf 90' lang='lat' dir='ltr'><strong>quis</strong></span> <span class='ocrx_word' id='word_1_397' title='bbox 3060 2640 3304 2711; x_wconf 83' lang='lat' dir='ltr'><strong>perﬁdus</strong></span> <span class='ocrx_word' id='word_1_398' title='bbox 3332 2649 3417 2695; x_wconf 86' lang='lat' dir='ltr'><strong>est</strong></span> <span class='ocrx_word' id='word_1_399' title='bbox 3447 2655 3476 2692; x_wconf 91' lang='lat' dir='ltr'><strong>a</strong></span> <span class='ocrx_word' id='word_1_400' title='bbox 3508 2652 3651 2692; x_wconf 86' lang='lat' dir='ltr'><strong>con-</strong></span> 
     </span>
    </p>
   </div>
   <div class='ocr_carea' id='block_1_31' title="bbox 387 2729 3654 2803">
    <p class='ocr_par' dir='ltr' id='par_1_31' title="bbox 387 2729 3654 2803">
     <span class='ocr_line' id='line_1_31' title="bbox 387 2729 3654 2803; baseline -0.001 -22"><span class='ocrx_word' id='word_1_401' title='bbox 387 2729 564 2782; x_wconf 88' lang='lat' dir='ltr'><strong>sortio</strong></span> <span class='ocrx_word' id='word_1_402' title='bbox 590 2739 771 2784; x_wconf 88' lang='lat' dir='ltr'><strong>vestro</strong></span> <span class='ocrx_word' id='word_1_403' title='bbox 789 2744 1102 2798; x_wconf 86' lang='lat' dir='ltr'><strong>separetur,</strong></span> <span class='ocrx_word' id='word_1_404' title='bbox 1136 2733 1342 2803; x_wconf 89' lang='lat' dir='ltr'><strong>inquit,</strong></span> <span class='ocrx_word' id='word_1_405' title='bbox 1371 2749 1440 2789; x_wconf 90' lang='lat' dir='ltr'><strong>ne</strong></span> <span class='ocrx_word' id='word_1_406' title='bbox 1462 2742 1695 2789; x_wconf 86' lang='lat' dir='ltr'><strong>sanctus</strong></span> <span class='ocrx_word' id='word_1_407' title='bbox 1724 2733 1928 2803; x_wconf 86' lang='lat' dir='ltr'><strong>aliquis</strong></span> <span class='ocrx_word' id='word_1_408' title='bbox 1955 2746 2144 2788; x_wconf 87' lang='lat' dir='ltr'><strong>secum</strong></span> <span class='ocrx_word' id='word_1_409' title='bbox 2170 2730 2380 2797; x_wconf 87' lang='lat' dir='ltr'><strong>volvat,</strong></span> <span class='ocrx_word' id='word_1_410' title='bbox 2415 2730 2471 2785; x_wconf 90' lang='lat' dir='ltr'><strong>in</strong></span> <span class='ocrx_word' id='word_1_411' title='bbox 2499 2733 2864 2802; x_wconf 87' lang='lat' dir='ltr'><strong>perversitate</strong></span> <span class='ocrx_word' id='word_1_412' title='bbox 2897 2731 3083 2788; x_wconf 85' lang='lat' dir='ltr'><strong>cordis</strong></span> <span class='ocrx_word' id='word_1_413' title='bbox 3115 2730 3222 2786; x_wconf 87' lang='lat' dir='ltr'><strong>mei</strong></span> <span class='ocrx_word' id='word_1_414' title='bbox 3280 2744 3380 2801; x_wconf 82' lang='lat' dir='ltr'><strong>ego</strong></span> <span class='ocrx_word' id='word_1_415' title='bbox 3424 2739 3654 2796; x_wconf 87' lang='lat' dir='ltr'><strong>quoque</strong></span> 
     </span>
    </p>
   </div>
   <div class='ocr_carea' id='block_1_32' title="bbox 388 2812 3653 2892">
    <p class='ocr_par' dir='ltr' id='par_1_32' title="bbox 388 2812 3653 2892">
     <span class='ocr_line' id='line_1_32' title="bbox 388 2812 3653 2892; baseline 0 -25"><span class='ocrx_word' id='word_1_416' title='bbox 388 2812 658 2882; x_wconf 87' lang='lat' dir='ltr'><strong>incedam,</strong></span> <span class='ocrx_word' id='word_1_417' title='bbox 719 2831 783 2872; x_wconf 92' lang='lat' dir='ltr'><strong>ac</strong></span> <span class='ocrx_word' id='word_1_418' title='bbox 827 2816 998 2873; x_wconf 88' lang='lat' dir='ltr'><strong>simul</strong></span> <span class='ocrx_word' id='word_1_419' title='bbox 1070 2834 1101 2875; x_wconf 87' lang='lat' dir='ltr'><strong>a</strong></span> <span class='ocrx_word' id='word_1_420' title='bbox 1151 2821 1396 2891; x_wconf 85' lang='lat' dir='ltr'><strong>peccatis</strong></span> <span class='ocrx_word' id='word_1_421' title='bbox 1444 2835 1682 2876; x_wconf 89' lang='lat' dir='ltr'><strong>vacuum</strong></span> <span class='ocrx_word' id='word_1_422' title='bbox 1706 2820 1873 2877; x_wconf 89' lang='lat' dir='ltr'><strong>etiam</strong></span> <span class='ocrx_word' id='word_1_423' title='bbox 1925 2818 2160 2892; x_wconf 86' lang='lat' dir='ltr'><strong>perdat:</strong></span> <span class='ocrx_word' id='word_1_424' title='bbox 2196 2835 2215 2870; x_wconf 86' lang='grc' dir='ltr'><strong>ι</strong></span> <span class='ocrx_word' id='word_1_425' title='bbox 2265 2814 2556 2873; x_wconf 89' lang='lat' dir='ltr'><strong>Paululum</strong></span> <span class='ocrx_word' id='word_1_426' title='bbox 2588 2819 2738 2874; x_wconf 90' lang='lat' dir='ltr'><strong>enim</strong></span> <span class='ocrx_word' id='word_1_427' title='bbox 2778 2817 3036 2876; x_wconf 79' lang='lat' dir='ltr'><strong>fermenti</strong></span> <span class='ocrx_word' id='word_1_428' title='bbox 3073 2824 3247 2873; x_wconf 85' lang='lat' dir='ltr'><strong>totam</strong></span> <span class='ocrx_word' id='word_1_429' title='bbox 3281 2828 3525 2873; x_wconf 84' lang='lat' dir='ltr'><strong>massam</strong></span> <span class='ocrx_word' id='word_1_430' title='bbox 3553 2813 3653 2867; x_wconf 84' lang='lat' dir='ltr'><strong>in-</strong></span> 
     </span>
    </p>
   </div>
   <div class='ocr_carea' id='block_1_33' title="bbox 389 2898 655 2958">
    <p class='ocr_par' dir='ltr' id='par_1_33' title="bbox 389 2898 655 2958">
     <span class='ocr_line' id='line_1_33' title="bbox 389 2898 655 2958; baseline 0.004 -2"><span class='ocrx_word' id='word_1_431' title='bbox 389 2898 504 2957; x_wconf 72' lang='lat' dir='ltr'><strong>ﬁcit</strong></span> <span class='ocrx_word' id='word_1_432' title='bbox 537 2903 603 2958; x_wconf 83' lang='grc'><strong>¹⁶.</strong></span> <span class='ocrx_word' id='word_1_433' title='bbox 638 2924 655 2957; x_wconf 77' lang='lat' dir='ltr'><strong>t</strong></span> 
     </span>
    </p>
   </div>
   <div class='ocr_carea' id='block_1_34' title="bbox 461 2992 3652 3092">
    <p class='ocr_par' dir='ltr' id='par_1_34' title="bbox 461 2992 3652 3092">
     <span class='ocr_line' id='line_1_34' title="bbox 461 2992 3652 3092; baseline 0 -20"><span class='ocrx_word' id='word_1_434' title='bbox 461 3016 529 3072; x_wconf 85' lang='lat' dir='ltr'><strong>Et</strong></span> <span class='ocrx_word' id='word_1_435' title='bbox 557 3017 694 3073; x_wconf 84' lang='lat' dir='ltr'><strong>dicet</strong></span> <span class='ocrx_word' id='word_1_436' title='bbox 724 3021 998 3088; x_wconf 81' lang='lat' dir='ltr'><strong>generatio</strong></span> <span class='ocrx_word' id='word_1_437' title='bbox 1055 3022 1323 3089; x_wconf 84' lang='lat' dir='ltr'><strong>posterior</strong></span> <span class='ocrx_word' id='word_1_438' title='bbox 1379 3021 1485 3091; x_wconf 77' lang='lat' dir='ltr'><strong>[itii</strong></span> <span class='ocrx_word' id='word_1_439' title='bbox 1534 3037 1718 3076; x_wconf 87' lang='lat' dir='ltr'><strong>eorum</strong></span> <span class='ocrx_word' id='word_1_440' title='bbox 1757 3022 1848 3092; x_wconf 87' lang='lat' dir='ltr'><strong>qui</strong></span> <span class='ocrx_word' id='word_1_441' title='bbox 1896 3020 2207 3076; x_wconf 69' lang='lat' dir='ltr'><strong>exorientur</strong></span> <span class='ocrx_word' id='word_1_442' title='bbox 2235 3036 2300 3076; x_wconf 79' lang='lat' dir='ltr'><strong>ea:</strong></span> <span class='ocrx_word' id='word_1_443' title='bbox 2342 3021 2509 3090; x_wconf 77' lang='lat' dir='ltr'><strong>vobis,</strong></span> <span class='ocrx_word' id='word_1_444' title='bbox 2533 3028 2582 3077; x_wconf 83' lang='lat' dir='ltr'><strong>et</strong></span> <span class='ocrx_word' id='word_1_445' title='bbox 2610 3021 2817 3076; x_wconf 78' lang='lat' dir='ltr'><strong>alienus</strong></span> <span class='ocrx_word' id='word_1_446' title='bbox 2843 3021 2934 3092; x_wconf 83' lang='lat' dir='ltr'><strong>qui</strong></span> <span class='ocrx_word' id='word_1_447' title='bbox 2957 2992 3212 3075; x_wconf 51' lang='lat' dir='ltr'><strong>ueniet‘de</strong></span> <span class='ocrx_word' id='word_1_448' title='bbox 3245 3028 3392 3075; x_wconf 80' lang='lat' dir='ltr'><strong>terra</strong></span> <span class='ocrx_word' id='word_1_449' title='bbox 3414 3026 3652 3073; x_wconf 73' lang='lat' dir='ltr'><strong>remota.</strong></span> 
     </span>
    </p>
   </div>
   <div class='ocr_carea' id='block_1_35' title="bbox 391 3104 3651 3180">
    <p class='ocr_par' dir='ltr' id='par_1_35' title="bbox 391 3104 3651 3180">
     <span class='ocr_line' id='line_1_35' title="bbox 391 3104 3651 3180; baseline 0 -21"><span class='ocrx_word' id='word_1_450' title='bbox 391 3104 614 3178; x_wconf 75' lang='lat' dir='ltr'><strong>[XXIX,</strong></span> <span class='ocrx_word' id='word_1_451' title='bbox 645 3104 765 3178; x_wconf 57' lang='grc' dir='ltr'><strong>Ἡ]</strong></span> <span class='ocrx_word' id='word_1_452' title='bbox 798 3104 1223 3163; x_wconf 86' lang='lat' dir='ltr'><strong>Generationem</strong></span> <span class='ocrx_word' id='word_1_453' title='bbox 1251 3109 1481 3164; x_wconf 84' lang='lat' dir='ltr'><strong>atteram</strong></span> <span class='ocrx_word' id='word_1_454' title='bbox 1508 3120 1715 3166; x_wconf 78' lang='lat' dir='ltr'><strong>ecetqu</strong></span> <span class='ocrx_word' id='word_1_455' title='bbox 1755 3124 1822 3165; x_wconf 84' lang='lat' dir='ltr'><strong>ex</strong></span> <span class='ocrx_word' id='word_1_456' title='bbox 1850 3111 2106 3180; x_wconf 75' lang='lat' dir='ltr'><strong>gentibus</strong></span> <span class='ocrx_word' id='word_1_457' title='bbox 2141 3111 2432 3166; x_wconf 87' lang='lat' dir='ltr'><strong>collectum</strong></span> <span class='ocrx_word' id='word_1_458' title='bbox 2462 3119 2643 3166; x_wconf 90' lang='lat' dir='ltr'><strong>vocat.</strong></span> <span class='ocrx_word' id='word_1_459' title='bbox 2670 3109 3151 3177; x_wconf 82' lang='lat' dir='ltr'><strong>Quemadmodum</strong></span> <span class='ocrx_word' id='word_1_460' title='bbox 3196 3107 3366 3163; x_wconf 87' lang='lat' dir='ltr'><strong>David</strong></span> <span class='ocrx_word' id='word_1_461' title='bbox 3390 3120 3651 3177; x_wconf 87' lang='lat' dir='ltr'><strong>quoque:</strong></span> 
     </span>
    </p>
   </div>
   <div class='ocr_carea' id='block_1_36' title="bbox 399 3192 3657 3267">
    <p class='ocr_par' dir='ltr' id='par_1_36' title="bbox 399 3192 3657 3267">
     <span class='ocr_line' id='line_1_36' title="bbox 399 3192 3657 3267; baseline 0.001 -22"><span class='ocrx_word' id='word_1_462' title='bbox 399 3212 419 3245; x_wconf 77' lang='grc' dir='ltr'><strong>ι</strong></span> <span class='ocrx_word' id='word_1_463' title='bbox 455 3192 741 3263; x_wconf 81' lang='lat' dir='ltr'><strong>Divulgato</strong></span> <span class='ocrx_word' id='word_1_464' title='bbox 797 3192 850 3249; x_wconf 92' lang='lat' dir='ltr'><strong>in</strong></span> <span class='ocrx_word' id='word_1_465' title='bbox 899 3195 1313 3264; x_wconf 79' lang='lat' dir='ltr'><strong>generationem</strong></span> <span class='ocrx_word' id='word_1_466' title='bbox 1350 3195 1602 3260; x_wconf 89' lang='lat' dir='ltr'><strong>alteram,</strong></span> <span class='ocrx_word' id='word_1_467' title='bbox 1638 3197 1786 3267; x_wconf 92' lang='lat' dir='ltr'><strong>quod</strong></span> <span class='ocrx_word' id='word_1_468' title='bbox 1826 3195 1942 3265; x_wconf 90' lang='lat' dir='ltr'><strong>ipse</strong></span> <span class='ocrx_word' id='word_1_469' title='bbox 1980 3195 2123 3252; x_wconf 90' lang='lat' dir='ltr'><strong>Deus</strong></span> <span class='ocrx_word' id='word_1_470' title='bbox 2158 3207 2342 3253; x_wconf 89' lang='lat' dir='ltr'><strong>vester</strong></span> <span class='ocrx_word' id='word_1_471' title='bbox 2400 3206 2486 3254; x_wconf 88' lang='lat' dir='ltr'><strong>est</strong></span> <span class='ocrx_word' id='word_1_472' title='bbox 2524 3199 2590 3253; x_wconf 82' lang='lat'><strong>&quot;&#39;.</strong></span> <span class='ocrx_word' id='word_1_473' title='bbox 2624 3216 2644 3251; x_wconf 76' lang='grc' dir='ltr'><strong>ι</strong></span> <span class='ocrx_word' id='word_1_474' title='bbox 2677 3199 2744 3253; x_wconf 89' lang='lat' dir='ltr'><strong>Et</strong></span> <span class='ocrx_word' id='word_1_475' title='bbox 2800 3198 3002 3253; x_wconf 84' lang='lat' dir='ltr'><strong>iterum</strong></span> <span class='ocrx_word' id='word_1_476' title='bbox 3033 3214 3050 3252; x_wconf 87' lang='lat'><strong>:</strong></span> <span class='ocrx_word' id='word_1_477' title='bbox 3096 3214 3116 3249; x_wconf 81' lang='grc' dir='ltr'><strong>ι</strong></span> <span class='ocrx_word' id='word_1_478' title='bbox 3155 3196 3401 3267; x_wconf 87' lang='lat' dir='ltr'><strong>Populus</strong></span> <span class='ocrx_word' id='word_1_479' title='bbox 3429 3208 3657 3265; x_wconf 88' lang='lat' dir='ltr'><strong>quoque</strong></span> 
     </span>
    </p>
   </div>
   <div class='ocr_carea' id='block_1_37' title="bbox 392 3279 3657 3356">
    <p class='ocr_par' dir='ltr' id='par_1_37' title="bbox 392 3279 3657 3356">
     <span class='ocr_line' id='line_1_37' title="bbox 392 3279 3657 3356; baseline 0.001 -22"><span class='ocrx_word' id='word_1_480' title='bbox 392 3280 703 3352; x_wconf 87' lang='lat' dir='ltr'><strong>acquisitus</strong></span> <span class='ocrx_word' id='word_1_481' title='bbox 730 3279 974 3337; x_wconf 87' lang='lat' dir='ltr'><strong>laudabit</strong></span> <span class='ocrx_word' id='word_1_482' title='bbox 994 3280 1287 3336; x_wconf 87' lang='lat' dir='ltr'><strong>Dominum</strong></span> <span class='ocrx_word' id='word_1_483' title='bbox 1322 3281 1386 3336; x_wconf 66' lang='grc'><strong>⁸³.</strong></span> <span class='ocrx_word' id='word_1_484' title='bbox 1435 3301 1453 3335; x_wconf 78' lang='grc' dir='ltr'><strong>ι</strong></span> <span class='ocrx_word' id='word_1_485' title='bbox 1487 3281 1653 3354; x_wconf 64' lang='grc'><strong>460</strong></span> <span class='ocrx_word' id='word_1_486' title='bbox 1685 3281 1747 3336; x_wconf 82' lang='grc' dir='ltr'><strong>Ει</strong></span> <span class='ocrx_word' id='word_1_487' title='bbox 1770 3282 1967 3338; x_wconf 90' lang='lat' dir='ltr'><strong>iterum</strong></span> <span class='ocrx_word' id='word_1_488' title='bbox 1993 3302 2006 3338; x_wconf 90' lang='lat'><strong>:</strong></span> <span class='ocrx_word' id='word_1_489' title='bbox 2036 3301 2055 3336; x_wconf 83' lang='grc' dir='ltr'><strong>ι</strong></span> <span class='ocrx_word' id='word_1_490' title='bbox 2095 3286 2497 3341; x_wconf 88' lang='lat' dir='ltr'><strong>Accensebitur</strong></span> <span class='ocrx_word' id='word_1_491' title='bbox 2530 3287 2580 3341; x_wconf 91' lang='lat' dir='ltr'><strong>ei</strong></span> <span class='ocrx_word' id='word_1_492' title='bbox 2610 3285 2894 3356; x_wconf 84' lang='lat' dir='ltr'><strong>generatio</strong></span> <span class='ocrx_word' id='word_1_493' title='bbox 2917 3292 3175 3349; x_wconf 88' lang='lat' dir='ltr'><strong>ventura,</strong></span> <span class='ocrx_word' id='word_1_494' title='bbox 3205 3291 3259 3340; x_wconf 89' lang='lat' dir='ltr'><strong>et</strong></span> <span class='ocrx_word' id='word_1_495' title='bbox 3280 3282 3657 3339; x_wconf 83' lang='lat' dir='ltr'><strong>enuntiabant</strong></span> 
     </span>
    </p>
   </div>
   <div class='ocr_carea' id='block_1_38' title="bbox 386 3367 3658 3442">
    <p class='ocr_par' dir='ltr' id='par_1_38' title="bbox 386 3367 3658 3442">
     <span class='ocr_line' id='line_1_38' title="bbox 386 3367 3658 3442; baseline 0 -19"><span class='ocrx_word' id='word_1_496' title='bbox 386 3367 663 3439; x_wconf 85' lang='lat' dir='ltr'><strong>justitiam</strong></span> <span class='ocrx_word' id='word_1_497' title='bbox 693 3367 816 3438; x_wconf 77' lang='lat' dir='ltr'><strong>ejus</strong></span> <span class='ocrx_word' id='word_1_498' title='bbox 857 3369 1057 3441; x_wconf 91' lang='lat' dir='ltr'><strong>populo</strong></span> <span class='ocrx_word' id='word_1_499' title='bbox 1086 3367 1372 3425; x_wconf 76' lang='lat' dir='ltr'><strong>nescituro</strong></span> <span class='ocrx_word' id='word_1_500' title='bbox 1402 3370 1465 3425; x_wconf 80' lang='lat'><strong>&quot;.</strong></span> <span class='ocrx_word' id='word_1_501' title='bbox 1509 3389 1528 3423; x_wconf 76' lang='grc' dir='ltr'><strong>ι</strong></span> <span class='ocrx_word' id='word_1_502' title='bbox 1559 3369 1733 3435; x_wconf 86' lang='lat' dir='ltr'><strong>Quem</strong></span> <span class='ocrx_word' id='word_1_503' title='bbox 1789 3369 2057 3427; x_wconf 86' lang='lat' dir='ltr'><strong>Dominus</strong></span> <span class='ocrx_word' id='word_1_504' title='bbox 2110 3370 2262 3426; x_wconf 78' lang='lat' dir='ltr'><strong>fecit.</strong></span> <span class='ocrx_word' id='word_1_505' title='bbox 2293 3373 2361 3425; x_wconf 88' lang='lat' dir='ltr'><strong>At</strong></span> <span class='ocrx_word' id='word_1_506' title='bbox 2412 3386 2535 3441; x_wconf 70' lang='lat' dir='ltr'><strong>qua:</strong></span> <span class='ocrx_word' id='word_1_507' title='bbox 2576 3372 2695 3426; x_wconf 70' lang='lat' dir='ltr'><strong>haec</strong></span> <span class='ocrx_word' id='word_1_508' title='bbox 2727 3372 3008 3441; x_wconf 77' lang='lat' dir='ltr'><strong>generatio</strong></span> <span class='ocrx_word' id='word_1_509' title='bbox 3046 3387 3143 3426; x_wconf 86' lang='lat' dir='ltr'><strong>seu</strong></span> <span class='ocrx_word' id='word_1_510' title='bbox 3186 3372 3275 3425; x_wconf 85' lang='lat' dir='ltr'><strong>hic</strong></span> <span class='ocrx_word' id='word_1_511' title='bbox 3321 3371 3559 3442; x_wconf 88' lang='lat' dir='ltr'><strong>populus</strong></span> <span class='ocrx_word' id='word_1_512' title='bbox 3580 3368 3658 3424; x_wconf 83' lang='lat' dir='ltr'><strong>sit</strong></span> 
     </span>
    </p>
   </div>
   <div class='ocr_carea' id='block_1_39' title="bbox 389 3448 3240 3530">
    <p class='ocr_par' dir='ltr' id='par_1_39' title="bbox 389 3448 3240 3530">
     <span class='ocr_line' id='line_1_39' title="bbox 389 3448 3240 3530; baseline 0 -19"><span class='ocrx_word' id='word_1_513' title='bbox 389 3457 604 3530; x_wconf 79' lang='lat' dir='ltr'><strong>Moyses</strong></span> <span class='ocrx_word' id='word_1_514' title='bbox 630 3457 940 3530; x_wconf 76' lang='lat' dir='ltr'><strong>subjunxit,</strong></span> <span class='ocrx_word' id='word_1_515' title='bbox 975 3455 1167 3513; x_wconf 89' lang='lat' dir='ltr'><strong>dicens</strong></span> <span class='ocrx_word' id='word_1_516' title='bbox 1198 3473 1211 3510; x_wconf 91' lang='lat'>:</span> <span class='ocrx_word' id='word_1_517' title='bbox 1248 3475 1267 3508; x_wconf 82' lang='grc' dir='ltr'><strong>ι</strong></span> <span class='ocrx_word' id='word_1_518' title='bbox 1294 3458 1373 3513; x_wconf 85' lang='lat' dir='ltr'><strong>Ac</strong></span> <span class='ocrx_word' id='word_1_519' title='bbox 1398 3457 1583 3513; x_wconf 87' lang='lat' dir='ltr'><strong>dicent</strong></span> <span class='ocrx_word' id='word_1_520' title='bbox 1611 3472 1805 3514; x_wconf 89' lang='lat' dir='ltr'><strong>omnes</strong></span> <span class='ocrx_word' id='word_1_521' title='bbox 1837 3448 2056 3529; x_wconf 87' lang='lat' dir='ltr'><strong>gentes:</strong></span> <span class='ocrx_word' id='word_1_522' title='bbox 2081 3458 2263 3526; x_wconf 83' lang='lat' dir='ltr'><strong>Quare</strong></span> <span class='ocrx_word' id='word_1_523' title='bbox 2295 3458 2378 3516; x_wconf 88' lang='lat' dir='ltr'><strong>sic</strong></span> <span class='ocrx_word' id='word_1_524' title='bbox 2409 3457 2538 3514; x_wconf 82' lang='lat' dir='ltr'><strong>fecit</strong></span> <span class='ocrx_word' id='word_1_525' title='bbox 2579 3456 2850 3513; x_wconf 90' lang='lat' dir='ltr'><strong>Dominus</strong></span> <span class='ocrx_word' id='word_1_526' title='bbox 2876 3467 3039 3514; x_wconf 72' lang='lat' dir='ltr'><strong>terrae</strong></span> <span class='ocrx_word' id='word_1_527' title='bbox 3066 3458 3240 3513; x_wconf 83' lang='lat' dir='ltr'><strong>huic?</strong></span> 
     </span>
    </p>
   </div>
   <div class='ocr_carea' id='block_1_40' title="bbox 459 3588 2053 3662">
    <p class='ocr_par' dir='ltr' id='par_1_40' title="bbox 459 3588 2046 3662">
     <span class='ocr_line' id='line_1_40' title="bbox 459 3588 2046 3662; baseline 0.002 -17"><span class='ocrx_word' id='word_1_528' title='bbox 459 3588 690 3646; x_wconf 79' lang='lat' dir='ltr'><strong>Terram</strong></span> <span class='ocrx_word' id='word_1_529' title='bbox 743 3607 876 3647; x_wconf 87' lang='lat' dir='ltr'><strong>vero</strong></span> <span class='ocrx_word' id='word_1_530' title='bbox 937 3606 1048 3646; x_wconf 90' lang='lat' dir='ltr'><strong>non</strong></span> <span class='ocrx_word' id='word_1_531' title='bbox 1095 3591 1356 3647; x_wconf 89' lang='lat' dir='ltr'><strong>sensilem</strong></span> <span class='ocrx_word' id='word_1_532' title='bbox 1394 3591 1686 3662; x_wconf 87' lang='lat' dir='ltr'><strong>concipere</strong></span> <span class='ocrx_word' id='word_1_533' title='bbox 1726 3599 1966 3662; x_wconf 87' lang='lat' dir='ltr'><strong>oportet.</strong></span> <span class='ocrx_word' id='word_1_534' title='bbox 2001 3601 2046 3657; x_wconf 78' lang='grc' dir='ltr'><strong>Β</strong></span> 
     </span>
    </p>
   </div>
   <div class='ocr_carea' id='block_1_41' title="bbox 2064 3588 3658 3662">
    <p class='ocr_par' dir='ltr' id='par_1_41' title="bbox 2142 3588 3658 3662">
     <span class='ocr_line' id='line_1_41' title="bbox 2142 3588 3658 3662; baseline 0 -18"><span class='ocrx_word' id='word_1_535' title='bbox 2142 3591 2252 3659; x_wconf 84' lang='grc' dir='ltr'><strong>Γῆν</strong></span> <span class='ocrx_word' id='word_1_536' title='bbox 2279 3590 2341 3644; x_wconf 80' lang='grc' dir='ltr'><strong>οὐ</strong></span> <span class='ocrx_word' id='word_1_537' title='bbox 2369 3590 2471 3661; x_wconf 81' lang='grc' dir='ltr'><strong>τὴν</strong></span> <span class='ocrx_word' id='word_1_538' title='bbox 2531 3588 2800 3661; x_wconf 75' lang='grc' dir='ltr'><strong>αἰσθητήν</strong></span> <span class='ocrx_word' id='word_1_539' title='bbox 2819 3605 2833 3618; x_wconf 76' lang='grc'><strong>⁸</strong></span> <span class='ocrx_word' id='word_1_540' title='bbox 2864 3588 3052 3662; x_wconf 79' lang='grc' dir='ltr'><strong>[ἑτέρα</strong></span> <span class='ocrx_word' id='word_1_541' title='bbox 3080 3589 3191 3661; x_wconf 83' lang='grc' dir='ltr'><strong>γὰρ</strong></span> <span class='ocrx_word' id='word_1_542' title='bbox 3229 3589 3329 3661; x_wconf 83' lang='grc' dir='ltr'><strong>οὐχ</strong></span> <span class='ocrx_word' id='word_1_543' title='bbox 3370 3588 3658 3661; x_wconf 64' lang='grc' dir='ltr'><strong>ἱστόρηται</strong></span> 
     </span>
    </p>
   </div>
   <div class='ocr_carea' id='block_1_42' title="bbox 391 3680 1985 3754">
    <p class='ocr_par' dir='ltr' id='par_1_42' title="bbox 391 3680 1975 3752">
     <span class='ocr_line' id='line_1_42' title="bbox 391 3680 1975 3752; baseline -0.001 -14"><span class='ocrx_word' id='word_1_544' title='bbox 391 3682 470 3738; x_wconf 88' lang='lat' dir='ltr'><strong>De</strong></span> <span class='ocrx_word' id='word_1_545' title='bbox 508 3681 658 3737; x_wconf 80' lang='lat' dir='ltr'><strong>nulla</strong></span> <span class='ocrx_word' id='word_1_546' title='bbox 689 3683 894 3737; x_wconf 87' lang='lat' dir='ltr'><strong>etenim</strong></span> <span class='ocrx_word' id='word_1_547' title='bbox 929 3690 1072 3737; x_wconf 81' lang='lat' dir='ltr'><strong>terra</strong></span> <span class='ocrx_word' id='word_1_548' title='bbox 1117 3689 1319 3752; x_wconf 65' lang='lat' dir='ltr'><strong>praeter</strong></span> <span class='ocrx_word' id='word_1_549' title='bbox 1376 3681 1740 3737; x_wconf 85' lang='lat' dir='ltr'><strong>Sodomorum</strong></span> <span class='ocrx_word' id='word_1_550' title='bbox 1772 3689 1829 3737; x_wconf 89' lang='lat' dir='ltr'><strong>et</strong></span> <span class='ocrx_word' id='word_1_551' title='bbox 1865 3680 1975 3736; x_wconf 86' lang='lat' dir='ltr'><strong>Go-</strong></span> 
     </span>
    </p>
   </div>
   <div class='ocr_carea' id='block_1_43' title="bbox 2067 3680 3661 3754">
    <p class='ocr_par' dir='ltr' id='par_1_43' title="bbox 2078 3680 3661 3754">
     <span class='ocr_line' id='line_1_43' title="bbox 2078 3680 3661 3754; baseline -0.001 -18"><span class='ocrx_word' id='word_1_552' title='bbox 2078 3683 2173 3754; x_wconf 83' lang='grc' dir='ltr'><strong>γῆ,</strong></span> <span class='ocrx_word' id='word_1_553' title='bbox 2206 3681 2347 3754; x_wconf 77' lang='grc' dir='ltr'><strong>πλὴν</strong></span> <span class='ocrx_word' id='word_1_554' title='bbox 2370 3681 2618 3753; x_wconf 81' lang='grc' dir='ltr'><strong>Σοδόμων</strong></span> <span class='ocrx_word' id='word_1_555' title='bbox 2665 3682 2760 3736; x_wconf 80' lang='grc' dir='ltr'><strong>καὶ</strong></span> <span class='ocrx_word' id='word_1_556' title='bbox 2790 3682 3079 3754; x_wconf 72' lang='grc' dir='ltr'><strong>Γομόρρας</strong></span> <span class='ocrx_word' id='word_1_557' title='bbox 3124 3682 3195 3736; x_wconf 81' lang='grc' dir='ltr'><strong>τὰ</strong></span> <span class='ocrx_word' id='word_1_558' title='bbox 3236 3680 3334 3736; x_wconf 79' lang='grc' dir='ltr'><strong>τοῦ</strong></span> <span class='ocrx_word' id='word_1_559' title='bbox 3359 3682 3535 3754; x_wconf 77' lang='grc' dir='ltr'><strong>πυρὸς</strong></span> <span class='ocrx_word' id='word_1_560' title='bbox 3562 3683 3661 3735; x_wconf 78' lang='grc' dir='ltr'><strong>καὶ</strong></span> 
     </span>
    </p>
   </div>
   <div class='ocr_carea' id='block_1_44' title="bbox 395 3763 1989 3846">
    <p class='ocr_par' dir='ltr' id='par_1_44' title="bbox 395 3773 1977 3846">
     <span class='ocr_line' id='line_1_44' title="bbox 395 3773 1977 3846; baseline 0 -17"><span class='ocrx_word' id='word_1_561' title='bbox 395 3774 634 3829; x_wconf 68' lang='grc' dir='ltr'><strong>ιιιοττιιω</strong></span> <span class='ocrx_word' id='word_1_562' title='bbox 658 3773 804 3846; x_wconf 85' lang='lat' dir='ltr'><strong>quod</strong></span> <span class='ocrx_word' id='word_1_563' title='bbox 842 3775 983 3829; x_wconf 83' lang='lat' dir='ltr'><strong>mala</strong></span> <span class='ocrx_word' id='word_1_564' title='bbox 1037 3773 1184 3845; x_wconf 83' lang='lat' dir='ltr'><strong>ignis</strong></span> <span class='ocrx_word' id='word_1_565' title='bbox 1222 3783 1280 3828; x_wconf 82' lang='lat' dir='ltr'><strong>et</strong></span> <span class='ocrx_word' id='word_1_566' title='bbox 1337 3773 1474 3829; x_wconf 80' lang='lat' dir='ltr'><strong>satis</strong></span> <span class='ocrx_word' id='word_1_567' title='bbox 1514 3773 1589 3827; x_wconf 87' lang='lat' dir='ltr'><strong>sit</strong></span> <span class='ocrx_word' id='word_1_568' title='bbox 1625 3788 1887 3844; x_wconf 85' lang='lat' dir='ltr'><strong>perpessa</strong></span> <span class='ocrx_word' id='word_1_569' title='bbox 1917 3773 1977 3829; x_wconf 86' lang='lat' dir='ltr'><strong>in</strong></span> 
     </span>
    </p>
   </div>
   <div class='ocr_carea' id='block_1_45' title="bbox 2070 3763 3664 3846">
    <p class='ocr_par' dir='ltr' id='par_1_45' title="bbox 2076 3763 3664 3845">
     <span class='ocr_line' id='line_1_45' title="bbox 2076 3763 3664 3845; baseline -0.003 -15"><span class='ocrx_word' id='word_1_570' title='bbox 2076 3775 2187 3830; x_wconf 84' lang='grc' dir='ltr'><strong>τῶν</strong></span> <span class='ocrx_word' id='word_1_571' title='bbox 2213 3763 2358 3828; x_wconf 79' lang='grc' dir='ltr'><strong>ἁλῶν</strong></span> <span class='ocrx_word' id='word_1_572' title='bbox 2415 3773 2758 3844; x_wconf 78' lang='grc' dir='ltr'><strong>ὑπομείνασα</strong></span> <span class='ocrx_word' id='word_1_573' title='bbox 2795 3774 2944 3842; x_wconf 76' lang='grc' dir='ltr'><strong>πάθη</strong></span> <span class='ocrx_word' id='word_1_574' title='bbox 2966 3772 3008 3845; x_wconf 79' lang='grc'><strong>’]</strong></span> <span class='ocrx_word' id='word_1_575' title='bbox 3046 3771 3183 3827; x_wconf 80' lang='grc' dir='ltr'><strong>ἀλλὰ</strong></span> <span class='ocrx_word' id='word_1_576' title='bbox 3238 3772 3338 3844; x_wconf 77' lang='grc' dir='ltr'><strong>τὴν</strong></span> <span class='ocrx_word' id='word_1_577' title='bbox 3379 3772 3664 3844; x_wconf 82' lang='grc' dir='ltr'><strong>τροπικῶς</strong></span> 
     </span>
    </p>
   </div>
   <div class='ocr_carea' id='block_1_46' title="bbox 394 3864 1988 3939">
    <p class='ocr_par' dir='ltr' id='par_1_46' title="bbox 394 3865 1977 3937">
     <span class='ocr_line' id='line_1_46' title="bbox 394 3865 1977 3937; baseline -0.003 -13"><span class='ocrx_word' id='word_1_578' title='bbox 394 3867 648 3924; x_wconf 80' lang='lat' dir='ltr'><strong>historiis</strong></span> <span class='ocrx_word' id='word_1_579' title='bbox 674 3874 879 3924; x_wconf 82' lang='lat' dir='ltr'><strong>exstat.</strong></span> <span class='ocrx_word' id='word_1_580' title='bbox 923 3865 1000 3922; x_wconf 90' lang='lat' dir='ltr'><strong>De</strong></span> <span class='ocrx_word' id='word_1_581' title='bbox 1029 3881 1093 3922; x_wconf 89' lang='lat' dir='ltr'><strong>ea</strong></span> <span class='ocrx_word' id='word_1_582' title='bbox 1128 3881 1258 3922; x_wconf 90' lang='lat' dir='ltr'><strong>vero</strong></span> <span class='ocrx_word' id='word_1_583' title='bbox 1287 3880 1411 3937; x_wconf 65' lang='lat' dir='ltr'><strong>quae</strong></span> <span class='ocrx_word' id='word_1_584' title='bbox 1441 3881 1540 3936; x_wconf 87' lang='lat' dir='ltr'><strong>per</strong></span> <span class='ocrx_word' id='word_1_585' title='bbox 1577 3867 1808 3935; x_wconf 77' lang='lat' dir='ltr'><strong>ﬁguram</strong></span> <span class='ocrx_word' id='word_1_586' title='bbox 1834 3867 1977 3921; x_wconf 87' lang='lat' dir='ltr'><strong>dici-</strong></span> 
     </span>
    </p>
   </div>
   <div class='ocr_carea' id='block_1_47' title="bbox 2068 3864 3662 3939">
    <p class='ocr_par' dir='ltr' id='par_1_47' title="bbox 2078 3864 3662 3939">
     <span class='ocr_line' id='line_1_47' title="bbox 2078 3864 3662 3939; baseline -0.003 -17"><span class='ocrx_word' id='word_1_587' title='bbox 2078 3868 2385 3939; x_wconf 82' lang='grc' dir='ltr'><strong>λεγομένην</strong></span> <span class='ocrx_word' id='word_1_588' title='bbox 2409 3866 2513 3938; x_wconf 82' lang='grc' dir='ltr'><strong>γῆν</strong></span> <span class='ocrx_word' id='word_1_589' title='bbox 2533 3883 2549 3899; x_wconf 89' lang='grc'><strong>·</strong></span> <span class='ocrx_word' id='word_1_590' title='bbox 2598 3866 2723 3937; x_wconf 73' lang='grc' dir='ltr'><strong>ἥτις</strong></span> <span class='ocrx_word' id='word_1_591' title='bbox 2754 3866 2850 3919; x_wconf 82' lang='grc' dir='ltr'><strong>καὶ</strong></span> <span class='ocrx_word' id='word_1_592' title='bbox 2885 3866 3055 3920; x_wconf 82' lang='grc' dir='ltr'><strong>πάλαι</strong></span> <span class='ocrx_word' id='word_1_593' title='bbox 3085 3865 3444 3937; x_wconf 75' lang='grc' dir='ltr'><strong>,καρποφόρος</strong></span> <span class='ocrx_word' id='word_1_594' title='bbox 3479 3864 3662 3936; x_wconf 79' lang='grc' dir='ltr'><strong>ὑπάρ-</strong></span> 
     </span>
    </p>
   </div>
   <div class='ocr_carea' id='block_1_48' title="bbox 393 3955 1987 4032">
    <p class='ocr_par' dir='ltr' id='par_1_48' title="bbox 393 3958 1978 4031">
     <span class='ocr_line' id='line_1_48' title="bbox 393 3958 1978 4031; baseline -0.001 -16"><span class='ocrx_word' id='word_1_595' title='bbox 393 3969 508 4027; x_wconf 89' lang='lat' dir='ltr'><strong>tur,</strong></span> <span class='ocrx_word' id='word_1_596' title='bbox 545 3975 668 4031; x_wconf 77' lang='lat' dir='ltr'><strong>quas</strong></span> <span class='ocrx_word' id='word_1_597' title='bbox 693 3975 819 4016; x_wconf 91' lang='lat' dir='ltr'><strong>cum</strong></span> <span class='ocrx_word' id='word_1_598' title='bbox 876 3961 1010 4015; x_wconf 87' lang='lat' dir='ltr'><strong>olim</strong></span> <span class='ocrx_word' id='word_1_599' title='bbox 1043 3967 1192 4017; x_wconf 86' lang='lat' dir='ltr'><strong>esset</strong></span> <span class='ocrx_word' id='word_1_600' title='bbox 1219 3958 1423 4016; x_wconf 79' lang='lat' dir='ltr'><strong>fertilis</strong></span> <span class='ocrx_word' id='word_1_601' title='bbox 1460 3960 1516 4014; x_wconf 89' lang='lat' dir='ltr'><strong>in</strong></span> <span class='ocrx_word' id='word_1_602' title='bbox 1551 3960 1722 4016; x_wconf 86' lang='lat' dir='ltr'><strong>salem</strong></span> <span class='ocrx_word' id='word_1_603' title='bbox 1756 3969 1978 4029; x_wconf 87' lang='lat' dir='ltr'><strong>propter</strong></span> 
     </span>
    </p>
   </div>
   <div class='ocr_carea' id='block_1_49' title="bbox 2073 3955 3667 4032">
    <p class='ocr_par' dir='ltr' id='par_1_49' title="bbox 2079 3955 3667 4032">
     <span class='ocr_line' id='line_1_49' title="bbox 2079 3955 3667 4032; baseline -0.003 -19"><span class='ocrx_word' id='word_1_604' title='bbox 2079 3975 2274 4032; x_wconf 88' lang='grc' dir='ltr'><strong>χουσα,</strong></span> <span class='ocrx_word' id='word_1_605' title='bbox 2309 3956 2659 4030; x_wconf 80' lang='grc' dir='ltr'><strong>μετεστράφη</strong></span> <span class='ocrx_word' id='word_1_606' title='bbox 2691 3959 2771 4020; x_wconf 76' lang='grc' dir='ltr'><strong>εἰς</strong></span> <span class='ocrx_word' id='word_1_607' title='bbox 2811 3955 2994 4028; x_wconf 68' lang='grc' dir='ltr'><strong>ἅλμην</strong></span> <span class='ocrx_word' id='word_1_608' title='bbox 3031 3957 3140 4011; x_wconf 80' lang='grc' dir='ltr'><strong>ἀπὸ</strong></span> <span class='ocrx_word' id='word_1_609' title='bbox 3168 3956 3370 4020; x_wconf 79' lang='grc' dir='ltr'><strong>κακίας</strong></span> <span class='ocrx_word' id='word_1_610' title='bbox 3393 3956 3504 4010; x_wconf 84' lang='grc' dir='ltr'><strong>τῶν</strong></span> <span class='ocrx_word' id='word_1_611' title='bbox 3530 3957 3667 4009; x_wconf 62' lang='lat' dir='ltr'><strong>tvo:-</strong></span> 
     </span>
    </p>
   </div>
   <div class='ocr_carea' id='block_1_50' title="bbox 393 4048 1987 4123">
    <p class='ocr_par' dir='ltr' id='par_1_50' title="bbox 393 4050 1981 4123">
     <span class='ocr_line' id='line_1_50' title="bbox 393 4050 1981 4123; baseline -0.002 -14"><span class='ocrx_word' id='word_1_612' title='bbox 393 4052 709 4110; x_wconf 84' lang='lat' dir='ltr'><strong>iucolarum</strong></span> <span class='ocrx_word' id='word_1_613' title='bbox 771 4052 1187 4123; x_wconf 88' lang='lat' dir='ltr'><strong>improbitatem</strong></span> <span class='ocrx_word' id='word_1_614' title='bbox 1251 4051 1476 4108; x_wconf 85' lang='lat' dir='ltr'><strong>redacta</strong></span> <span class='ocrx_word' id='word_1_615' title='bbox 1519 4050 1588 4117; x_wconf 79' lang='lat'><strong>”,</strong></span> <span class='ocrx_word' id='word_1_616' title='bbox 1635 4066 1700 4106; x_wconf 89' lang='lat' dir='ltr'><strong>ac</strong></span> <span class='ocrx_word' id='word_1_617' title='bbox 1729 4052 1856 4121; x_wconf 88' lang='lat' dir='ltr'><strong>igne</strong></span> <span class='ocrx_word' id='word_1_618' title='bbox 1891 4066 1981 4106; x_wconf 87' lang='lat' dir='ltr'><strong>as-</strong></span> 
     </span>
    </p>
   </div>
   <div class='ocr_carea' id='block_1_51' title="bbox 2068 4048 3662 4123">
    <p class='ocr_par' dir='ltr' id='par_1_51' title="bbox 2080 4048 3662 4122">
     <span class='ocr_line' id='line_1_51' title="bbox 2080 4048 3662 4122; baseline -0.003 -16"><span class='ocrx_word' id='word_1_619' title='bbox 2080 4052 2320 4107; x_wconf 78' lang='grc' dir='ltr'><strong>κούντων</strong></span> <span class='ocrx_word' id='word_1_620' title='bbox 2334 4053 2393 4104; x_wconf 79' lang='grc' dir='ltr'><strong>ὲν</strong></span> <span class='ocrx_word' id='word_1_621' title='bbox 2421 4052 2583 4122; x_wconf 78' lang='grc' dir='ltr'><strong>αὐτῇ,</strong></span> <span class='ocrx_word' id='word_1_622' title='bbox 2612 4049 2730 4122; x_wconf 78' lang='grc' dir='ltr'><strong>[καὶ</strong></span> <span class='ocrx_word' id='word_1_623' title='bbox 2747 4049 2940 4119; x_wconf 81' lang='grc' dir='ltr'><strong>γέγονε</strong></span> <span class='ocrx_word' id='word_1_624' title='bbox 2962 4050 3444 4119; x_wconf 72' lang='grc' dir='ltr'><strong>κατακεκαυμένη,</strong></span> <span class='ocrx_word' id='word_1_625' title='bbox 3468 4048 3662 4121; x_wconf 73' lang='grc' dir='ltr'><strong>ἐπειδὴ</strong></span> 
     </span>
    </p>
   </div>
   <div class='ocr_carea' id='block_1_52' title="bbox 395 4140 1989 4216">
    <p class='ocr_par' dir='ltr' id='par_1_52' title="bbox 395 4142 1979 4216">
     <span class='ocr_line' id='line_1_52' title="bbox 395 4142 1979 4216; baseline -0.003 -15"><span class='ocrx_word' id='word_1_626' title='bbox 395 4157 616 4216; x_wconf 86' lang='lat' dir='ltr'><strong>sumpta</strong></span> <span class='ocrx_word' id='word_1_627' title='bbox 654 4146 779 4201; x_wconf 79' lang='lat' dir='ltr'><strong>fuit.</strong></span> <span class='ocrx_word' id='word_1_628' title='bbox 810 4146 949 4200; x_wconf 84' lang='lat' dir='ltr'><strong>Nam</strong></span> <span class='ocrx_word' id='word_1_629' title='bbox 988 4144 1225 4201; x_wconf 84' lang='lat' dir='ltr'><strong>nubibus</strong></span> <span class='ocrx_word' id='word_1_630' title='bbox 1269 4143 1551 4199; x_wconf 83' lang='lat' dir='ltr'><strong>mandavit</strong></span> <span class='ocrx_word' id='word_1_631' title='bbox 1594 4142 1882 4207; x_wconf 78' lang='lat' dir='ltr'><strong>Dominus,</strong></span> <span class='ocrx_word' id='word_1_632' title='bbox 1914 4154 1979 4196; x_wconf 89' lang='lat' dir='ltr'><strong>ne</strong></span> 
     </span>
    </p>
   </div>
   <div class='ocr_carea' id='block_1_53' title="bbox 2069 4140 3663 4216">
    <p class='ocr_par' dir='ltr' id='par_1_53' title="bbox 2079 4140 3663 4214">
     <span class='ocr_line' id='line_1_53' title="bbox 2079 4140 3663 4214; baseline -0.003 -17"><span class='ocrx_word' id='word_1_633' title='bbox 2079 4147 2199 4207; x_wconf 80' lang='grc' dir='ltr'><strong>ταῖς</strong></span> <span class='ocrx_word' id='word_1_634' title='bbox 2237 4143 2492 4213; x_wconf 73' lang='grc' dir='ltr'><strong>νεφέλαις</strong></span> <span class='ocrx_word' id='word_1_635' title='bbox 2553 4141 2858 4197; x_wconf 68' lang='grc' dir='ltr'><strong>ἐνετείλατο</strong></span> <span class='ocrx_word' id='word_1_636' title='bbox 2905 4140 3113 4214; x_wconf 81' lang='grc' dir='ltr'><strong>Κύριος</strong></span> <span class='ocrx_word' id='word_1_637' title='bbox 3159 4141 3255 4195; x_wconf 76' lang='grc' dir='ltr'><strong>τοῦ</strong></span> <span class='ocrx_word' id='word_1_638' title='bbox 3306 4141 3383 4213; x_wconf 78' lang='grc' dir='ltr'><strong>μὴ</strong></span> <span class='ocrx_word' id='word_1_639' title='bbox 3446 4140 3663 4213; x_wconf 81' lang='grc' dir='ltr'><strong>βρέχειν</strong></span> 
     </span>
    </p>
   </div>
   <div class='ocr_carea' id='block_1_54' title="bbox 394 4231 1988 4309">
    <p class='ocr_par' dir='ltr' id='par_1_54' title="bbox 394 4231 1979 4309">
     <span class='ocr_line' id='line_1_54' title="bbox 394 4231 1979 4309; baseline -0.004 -17"><span class='ocrx_word' id='word_1_640' title='bbox 394 4239 586 4309; x_wconf 84' lang='lat' dir='ltr'><strong>pluvia</strong></span> <span class='ocrx_word' id='word_1_641' title='bbox 610 4238 912 4307; x_wconf 87' lang='lat' dir='ltr'><strong>irrigarent</strong></span> <span class='ocrx_word' id='word_1_642' title='bbox 976 4251 1096 4291; x_wconf 87' lang='lat' dir='ltr'><strong>eam</strong></span> <span class='ocrx_word' id='word_1_643' title='bbox 1125 4236 1200 4294; x_wconf 81' lang='lat'><strong>&quot;.</strong></span> <span class='ocrx_word' id='word_1_644' title='bbox 1225 4234 1401 4301; x_wconf 81' lang='lat' dir='ltr'><strong>Quam</strong></span> <span class='ocrx_word' id='word_1_645' title='bbox 1450 4234 1678 4304; x_wconf 86' lang='lat' dir='ltr'><strong>spiritus</strong></span> <span class='ocrx_word' id='word_1_646' title='bbox 1706 4233 1836 4286; x_wconf 89' lang='lat' dir='ltr'><strong>item</strong></span> <span class='ocrx_word' id='word_1_647' title='bbox 1870 4231 1979 4286; x_wconf 87' lang='lat' dir='ltr'><strong>im-</strong></span> 
     </span>
    </p>
   </div>
   <div class='ocr_carea' id='block_1_55' title="bbox 2070 4231 3664 4309">
    <p class='ocr_par' dir='ltr' id='par_1_55' title="bbox 2081 4233 3664 4308">
     <span class='ocr_line' id='line_1_55' title="bbox 2081 4233 3664 4308; baseline -0.003 -19"><span class='ocrx_word' id='word_1_648' title='bbox 2081 4234 2238 4290; x_wconf 70' lang='grc' dir='ltr'><strong>ὑετὸν</strong></span> <span class='ocrx_word' id='word_1_649' title='bbox 2288 4235 2378 4289; x_wconf 73' lang='grc' dir='ltr'><strong>ἐπ’</strong></span> <span class='ocrx_word' id='word_1_650' title='bbox 2428 4234 2622 4307; x_wconf 82' lang='grc' dir='ltr'><strong>αὐτήν.</strong></span> <span class='ocrx_word' id='word_1_651' title='bbox 2673 4234 2787 4290; x_wconf 75' lang='grc' dir='ltr'><strong>Καὶ</strong></span> <span class='ocrx_word' id='word_1_652' title='bbox 2821 4234 3209 4308; x_wconf 81' lang='grc' dir='ltr'><strong>διαπορεύεται</strong></span> <span class='ocrx_word' id='word_1_653' title='bbox 3253 4233 3318 4287; x_wconf 85' lang='grc' dir='ltr'><strong>τὸ</strong></span> <span class='ocrx_word' id='word_1_654' title='bbox 3348 4233 3664 4305; x_wconf 74' lang='grc' dir='ltr'><strong>ἀκάθαρτον</strong></span> 
     </span>
    </p>
   </div>
   <div class='ocr_carea' id='block_1_56' title="bbox 392 4320 1986 4400">
    <p class='ocr_par' dir='ltr' id='par_1_56' title="bbox 392 4320 1978 4399">
     <span class='ocr_line' id='line_1_56' title="bbox 392 4320 1978 4399; baseline -0.005 -15"><span class='ocrx_word' id='word_1_655' title='bbox 392 4328 634 4385; x_wconf 86' lang='lat' dir='ltr'><strong>mundus</strong></span> <span class='ocrx_word' id='word_1_656' title='bbox 649 4339 841 4399; x_wconf 84' lang='lat' dir='ltr'><strong>utpote</strong></span> <span class='ocrx_word' id='word_1_657' title='bbox 864 4327 1076 4382; x_wconf 87' lang='lat' dir='ltr'><strong>aridam</strong></span> <span class='ocrx_word' id='word_1_658' title='bbox 1096 4333 1151 4381; x_wconf 89' lang='lat' dir='ltr'><strong>et</strong></span> <span class='ocrx_word' id='word_1_659' title='bbox 1171 4341 1202 4380; x_wconf 90' lang='lat' dir='ltr'><strong>a</strong></span> <span class='ocrx_word' id='word_1_660' title='bbox 1229 4325 1335 4381; x_wconf 89' lang='lat' dir='ltr'><strong>Deo</strong></span> <span class='ocrx_word' id='word_1_661' title='bbox 1352 4325 1628 4381; x_wconf 88' lang='lat' dir='ltr'><strong>desertam</strong></span> <span class='ocrx_word' id='word_1_662' title='bbox 1645 4328 1889 4394; x_wconf 89' lang='lat' dir='ltr'><strong>permeat</strong></span> <span class='ocrx_word' id='word_1_663' title='bbox 1909 4320 1978 4376; x_wconf 82' lang='lat'><strong>&quot;.</strong></span> 
     </span>
    </p>
   </div>
   <div class='ocr_carea' id='block_1_57' title="bbox 2069 4320 3663 4400">
    <p class='ocr_par' dir='ltr' id='par_1_57' title="bbox 2082 4323 3663 4400">
     <span class='ocr_line' id='line_1_57' title="bbox 2082 4323 3663 4400; baseline -0.003 -19"><span class='ocrx_word' id='word_1_664' title='bbox 2082 4326 2303 4400; x_wconf 79' lang='grc' dir='ltr'><strong>πνεῦμα</strong></span> <span class='ocrx_word' id='word_1_665' title='bbox 2339 4328 2445 4400; x_wconf 79' lang='grc' dir='ltr'><strong>γῆν</strong></span> <span class='ocrx_word' id='word_1_666' title='bbox 2484 4326 2839 4399; x_wconf 79' lang='grc' dir='ltr'><strong>ὑπάρχουσαν</strong></span> <span class='ocrx_word' id='word_1_667' title='bbox 2879 4328 3105 4399; x_wconf 74' lang='grc' dir='ltr'><strong>ἄνυδρον</strong></span> <span class='ocrx_word' id='word_1_668' title='bbox 3135 4328 3228 4383; x_wconf 75' lang='grc' dir='ltr'><strong>καὶ</strong></span> <span class='ocrx_word' id='word_1_669' title='bbox 3257 4326 3464 4399; x_wconf 72' lang='grc' dir='ltr'><strong>ἔρημον</strong></span> <span class='ocrx_word' id='word_1_670' title='bbox 3500 4323 3663 4378; x_wconf 77' lang='grc' dir='ltr'><strong>Θεοῦ.</strong></span> 
     </span>
    </p>
   </div>
   <div class='ocr_carea' id='block_1_58' title="bbox 391 4416 1985 4494">
    <p class='ocr_par' dir='ltr' id='par_1_58' title="bbox 391 4416 1983 4494">
     <span class='ocr_line' id='line_1_58' title="bbox 391 4416 1983 4494; baseline -0.006 -16"><span class='ocrx_word' id='word_1_671' title='bbox 391 4425 527 4491; x_wconf 73' lang='lat' dir='ltr'><strong>Quae</strong></span> <span class='ocrx_word' id='word_1_672' title='bbox 555 4423 777 4494; x_wconf 86' lang='lat' dir='ltr'><strong>quidem</strong></span> <span class='ocrx_word' id='word_1_673' title='bbox 805 4437 907 4477; x_wconf 88' lang='lat' dir='ltr'><strong>nec</strong></span> <span class='ocrx_word' id='word_1_674' title='bbox 950 4426 1188 4481; x_wconf 87' lang='lat' dir='ltr'><strong>seretur,</strong></span> <span class='ocrx_word' id='word_1_675' title='bbox 1229 4432 1410 4488; x_wconf 86' lang='lat' dir='ltr'><strong>neque</strong></span> <span class='ocrx_word' id='word_1_676' title='bbox 1438 4416 1983 4489; x_wconf 86' lang='lat' dir='ltr'><strong>germinabit,quan-</strong></span> 
     </span>
    </p>
   </div>
   <div class='ocr_carea' id='block_1_59' title="bbox 2068 4416 3662 4494">
    <p class='ocr_par' dir='ltr' id='par_1_59' title="bbox 2085 4417 3662 4491">
     <span class='ocr_line' id='line_1_59' title="bbox 2085 4417 3662 4491; baseline -0.003 -17"><span class='ocrx_word' id='word_1_677' title='bbox 2085 4420 2250 4484; x_wconf 85' lang='grc' dir='ltr'><strong>Ἤτις</strong></span> <span class='ocrx_word' id='word_1_678' title='bbox 2270 4421 2332 4474; x_wconf 82' lang='grc' dir='ltr'><strong>οὐ</strong></span> <span class='ocrx_word' id='word_1_679' title='bbox 2364 4419 2703 4491; x_wconf 84' lang='grc' dir='ltr'><strong>σπαρήσεται</strong></span> <span class='ocrx_word' id='word_1_680' title='bbox 2741 4417 2863 4472; x_wconf 72' lang='grc' dir='ltr'><strong>οὐδὲ</strong></span> <span class='ocrx_word' id='word_1_681' title='bbox 2891 4418 3163 4482; x_wconf 82' lang='grc' dir='ltr'><strong>ἀνατελεῖ,</strong></span> <span class='ocrx_word' id='word_1_682' title='bbox 3192 4418 3298 4472; x_wconf 78' lang='grc' dir='ltr'><strong>κᾶν</strong></span> <span class='ocrx_word' id='word_1_683' title='bbox 3326 4419 3507 4489; x_wconf 79' lang='grc' dir='ltr'><strong>σπαρῇ</strong></span> <span class='ocrx_word' id='word_1_684' title='bbox 3553 4418 3662 4469; x_wconf 71' lang='grc' dir='ltr'><strong>πᾶν</strong></span> 
     </span>
    </p>
   </div>
   <div class='ocr_carea' id='block_1_60' title="bbox 396 4508 1990 4588">
    <p class='ocr_par' dir='ltr' id='par_1_60' title="bbox 396 4509 1987 4582">
     <span class='ocr_line' id='line_1_60' title="bbox 396 4509 1987 4582; baseline -0.002 -15"><span class='ocrx_word' id='word_1_685' title='bbox 396 4514 604 4569; x_wconf 88' lang='lat' dir='ltr'><strong>tumvis</strong></span> <span class='ocrx_word' id='word_1_686' title='bbox 659 4513 842 4568; x_wconf 87' lang='lat' dir='ltr'><strong>virens</strong></span> <span class='ocrx_word' id='word_1_687' title='bbox 900 4519 996 4565; x_wconf 88' lang='lat' dir='ltr'><strong>aut</strong></span> <span class='ocrx_word' id='word_1_688' title='bbox 1049 4526 1244 4566; x_wconf 89' lang='lat' dir='ltr'><strong>recens</strong></span> <span class='ocrx_word' id='word_1_689' title='bbox 1306 4526 1531 4581; x_wconf 85' lang='lat' dir='ltr'><strong>germen</strong></span> <span class='ocrx_word' id='word_1_690' title='bbox 1571 4509 1775 4582; x_wconf 63' lang='lat' dir='ltr'><strong>politiae</strong></span> <span class='ocrx_word' id='word_1_691' title='bbox 1814 4524 1987 4565; x_wconf 59' lang='lat' dir='ltr'><strong>evana</strong></span> 
     </span>
    </p>
   </div>
   <div class='ocr_carea' id='block_1_61' title="bbox 2071 4508 3665 4588">
    <p class='ocr_par' dir='ltr' id='par_1_61' title="bbox 2084 4508 3665 4588">
     <span class='ocr_line' id='line_1_61' title="bbox 2084 4508 3665 4588; baseline -0.004 -20"><span class='ocrx_word' id='word_1_692' title='bbox 2084 4513 2294 4588; x_wconf 79' lang='grc' dir='ltr'><strong>χλωρὸν</strong></span> <span class='ocrx_word' id='word_1_693' title='bbox 2324 4515 2381 4569; x_wconf 81' lang='grc' dir='ltr'><strong>ἐν</strong></span> <span class='ocrx_word' id='word_1_694' title='bbox 2412 4513 2601 4587; x_wconf 81' lang='grc' dir='ltr'><strong>αὐτῇ,]</strong></span> <span class='ocrx_word' id='word_1_695' title='bbox 2626 4512 2687 4568; x_wconf 86' lang='grc' dir='ltr'><strong>τδ</strong></span> <span class='ocrx_word' id='word_1_696' title='bbox 2716 4511 2835 4568; x_wconf 71' lang='grc' dir='ltr'><strong>νέον</strong></span> <span class='ocrx_word' id='word_1_697' title='bbox 2870 4511 3156 4584; x_wconf 78' lang='grc' dir='ltr'><strong>βλάστημα</strong></span> <span class='ocrx_word' id='word_1_698' title='bbox 3172 4511 3271 4581; x_wconf 79' lang='grc' dir='ltr'><strong>τῆς</strong></span> <span class='ocrx_word' id='word_1_699' title='bbox 3294 4508 3665 4580; x_wconf 73' lang='grc' dir='ltr'><strong>εὐαγγελικῆς</strong></span> 
     </span>
    </p>
   </div>
   <div class='ocr_carea' id='block_1_62' title="bbox 402 4600 1996 4679">
    <p class='ocr_par' dir='ltr' id='par_1_62' title="bbox 402 4600 1985 4673">
     <span class='ocr_line' id='line_1_62' title="bbox 402 4600 1985 4673; baseline -0.003 -13"><span class='ocrx_word' id='word_1_700' title='bbox 402 4606 591 4673; x_wconf 71' lang='lat' dir='ltr'><strong>geiica:</strong></span> <span class='ocrx_word' id='word_1_701' title='bbox 627 4604 681 4658; x_wconf 88' lang='lat' dir='ltr'><strong>in</strong></span> <span class='ocrx_word' id='word_1_702' title='bbox 711 4616 831 4658; x_wconf 81' lang='lat' dir='ltr'><strong>eam</strong></span> <span class='ocrx_word' id='word_1_703' title='bbox 891 4604 1163 4669; x_wconf 81' lang='lat' dir='ltr'><strong>mittatur,</strong></span> <span class='ocrx_word' id='word_1_704' title='bbox 1206 4600 1526 4658; x_wconf 87' lang='lat' dir='ltr'><strong>volatilibus</strong></span> <span class='ocrx_word' id='word_1_705' title='bbox 1558 4602 1684 4658; x_wconf 65' lang='lat' dir='ltr'><strong>caeli</strong></span> <span class='ocrx_word' id='word_1_706' title='bbox 1729 4616 1795 4657; x_wconf 90' lang='lat' dir='ltr'><strong>ea</strong></span> <span class='ocrx_word' id='word_1_707' title='bbox 1824 4600 1985 4658; x_wconf 83' lang='lat' dir='ltr'><strong>abri-</strong></span> 
     </span>
    </p>
   </div>
   <div class='ocr_carea' id='block_1_63' title="bbox 2070 4600 3664 4679">
    <p class='ocr_par' dir='ltr' id='par_1_63' title="bbox 2087 4602 3664 4679">
     <span class='ocr_line' id='line_1_63' title="bbox 2087 4602 3664 4679; baseline -0.004 -16"><span class='ocrx_word' id='word_1_708' title='bbox 2087 4607 2390 4672; x_wconf 76' lang='grc' dir='ltr'><strong>πολιτείας,</strong></span> <span class='ocrx_word' id='word_1_709' title='bbox 2428 4607 2519 4661; x_wconf 82' lang='grc' dir='ltr'><strong>διὰ</strong></span> <span class='ocrx_word' id='word_1_710' title='bbox 2544 4607 2643 4679; x_wconf 81' lang='grc' dir='ltr'><strong>τὴν</strong></span> <span class='ocrx_word' id='word_1_711' title='bbox 2668 4607 2869 4661; x_wconf 79' lang='grc' dir='ltr'><strong>κακίαν</strong></span> <span class='ocrx_word' id='word_1_712' title='bbox 2925 4605 3091 4676; x_wconf 84' lang='grc' dir='ltr'><strong>αὐτῆς</strong></span> <span class='ocrx_word' id='word_1_713' title='bbox 3137 4602 3404 4675; x_wconf 82' lang='grc' dir='ltr'><strong>δηλονότι,</strong></span> <span class='ocrx_word' id='word_1_714' title='bbox 3435 4603 3546 4656; x_wconf 84' lang='grc' dir='ltr'><strong>τῶν</strong></span> <span class='ocrx_word' id='word_1_715' title='bbox 3569 4617 3664 4656; x_wconf 84' lang='grc' dir='ltr'><strong>πε-</strong></span> 
     </span>
    </p>
   </div>
   <div class='ocr_carea' id='block_1_64' title="bbox 403 4695 1997 4769">
    <p class='ocr_par' dir='ltr' id='par_1_64' title="bbox 403 4696 783 4768">
     <span class='ocr_line' id='line_1_64' title="bbox 403 4696 783 4768; baseline 0.008 -18"><span class='ocrx_word' id='word_1_716' title='bbox 403 4696 683 4768; x_wconf 84' lang='lat' dir='ltr'><strong>pientibus</strong></span> <span class='ocrx_word' id='word_1_717' title='bbox 716 4696 783 4753; x_wconf 82' lang='lat'><strong>“.</strong></span> 
     </span>
    </p>
   </div>
   <div class='ocr_carea' id='block_1_65' title="bbox 1444 4695 3038 4769">
    <p class='ocr_par' dir='ltr' id='par_1_65' title="bbox 2087 4695 3038 4769">
     <span class='ocr_line' id='line_1_65' title="bbox 2087 4695 3038 4769; baseline -0.004 -16"><span class='ocrx_word' id='word_1_718' title='bbox 2087 4696 2281 4753; x_wconf 85' lang='grc' dir='ltr'><strong>τεινῶν</strong></span> <span class='ocrx_word' id='word_1_719' title='bbox 2320 4698 2673 4769; x_wconf 77' lang='grc' dir='ltr'><strong>ἁρπαζόντων</strong></span> <span class='ocrx_word' id='word_1_720' title='bbox 2695 4697 2787 4751; x_wconf 79' lang='grc' dir='ltr'><strong>τὸν</strong></span> <span class='ocrx_word' id='word_1_721' title='bbox 2818 4695 3038 4768; x_wconf 80' lang='grc' dir='ltr'><strong>σπόρον.</strong></span> 
     </span>
    </p>
   </div>
   <div class='ocr_carea' id='block_1_66' title="bbox 477 4783 2071 4859">
    <p class='ocr_par' dir='ltr' id='par_1_66' title="bbox 477 4784 1986 4855">
     <span class='ocr_line' id='line_1_66' title="bbox 477 4784 1986 4855; baseline 0.001 -14"><span class='ocrx_word' id='word_1_722' title='bbox 477 4786 595 4841; x_wconf 86' lang='lat' dir='ltr'><strong>Erit</strong></span> <span class='ocrx_word' id='word_1_723' title='bbox 618 4800 750 4843; x_wconf 87' lang='lat' dir='ltr'><strong>vero</strong></span> <span class='ocrx_word' id='word_1_724' title='bbox 779 4787 927 4843; x_wconf 90' lang='lat' dir='ltr'><strong>sicut</strong></span> <span class='ocrx_word' id='word_1_725' title='bbox 958 4784 1197 4842; x_wconf 89' lang='lat' dir='ltr'><strong>Sodoma</strong></span> <span class='ocrx_word' id='word_1_726' title='bbox 1242 4793 1297 4844; x_wconf 91' lang='lat' dir='ltr'><strong>et</strong></span> <span class='ocrx_word' id='word_1_727' title='bbox 1341 4784 1671 4855; x_wconf 86' lang='lat' dir='ltr'><strong>Gomorrha,</strong></span> <span class='ocrx_word' id='word_1_728' title='bbox 1704 4786 1816 4841; x_wconf 88' lang='lat' dir='ltr'><strong>imo</strong></span> <span class='ocrx_word' id='word_1_729' title='bbox 1852 4800 1986 4842; x_wconf 89' lang='lat' dir='ltr'><strong>vero</strong></span> 
     </span>
    </p>
   </div>
   <div class='ocr_carea' id='block_1_67' title="bbox 2088 4783 3682 4859">
    <p class='ocr_par' dir='ltr' id='par_1_67' title="bbox 2159 4783 3682 4859">
     <span class='ocr_line' id='line_1_67' title="bbox 2159 4783 3682 4859; baseline -0.005 -15"><span class='ocrx_word' id='word_1_730' title='bbox 2159 4789 2360 4845; x_wconf 82' lang='grc' dir='ltr'><strong>Ἔσται</strong></span> <span class='ocrx_word' id='word_1_731' title='bbox 2420 4788 2478 4841; x_wconf 76' lang='grc' dir='ltr'><strong>δὲ</strong></span> <span class='ocrx_word' id='word_1_732' title='bbox 2523 4786 2600 4849; x_wconf 83' lang='grc' dir='ltr'>ὡς</span> <span class='ocrx_word' id='word_1_733' title='bbox 2658 4785 2866 4856; x_wconf 83' lang='grc' dir='ltr'><strong>Σόδομα</strong></span> <span class='ocrx_word' id='word_1_734' title='bbox 2918 4786 3013 4840; x_wconf 67' lang='grc' dir='ltr'><strong>καὶ</strong></span> <span class='ocrx_word' id='word_1_735' title='bbox 3052 4786 3328 4859; x_wconf 75' lang='grc' dir='ltr'><strong>Γόμορρα,</strong></span> <span class='ocrx_word' id='word_1_736' title='bbox 3372 4785 3577 4857; x_wconf 80' lang='grc' dir='ltr'><strong>μᾶλλον</strong></span> <span class='ocrx_word' id='word_1_737' title='bbox 3607 4783 3682 4838; x_wconf 75' lang='grc' dir='ltr'><strong>δὲ’</strong></span> 
     </span>
    </p>
   </div>
   <div class='ocr_carea' id='block_1_68' title="bbox 401 4874 1995 4951">
    <p class='ocr_par' dir='ltr' id='par_1_68' title="bbox 401 4878 1984 4951">
     <span class='ocr_line' id='line_1_68' title="bbox 401 4878 1984 4951; baseline 0.001 -16"><span class='ocrx_word' id='word_1_738' title='bbox 401 4880 602 4936; x_wconf 84' lang='lat' dir='ltr'><strong>melius</strong></span> <span class='ocrx_word' id='word_1_739' title='bbox 633 4878 916 4935; x_wconf 87' lang='lat' dir='ltr'><strong>habebunt</strong></span> <span class='ocrx_word' id='word_1_740' title='bbox 942 4880 1062 4936; x_wconf 72' lang='lat' dir='ltr'><strong>ista:</strong></span> <span class='ocrx_word' id='word_1_741' title='bbox 1083 4878 1138 4935; x_wconf 90' lang='lat' dir='ltr'><strong>in</strong></span> <span class='ocrx_word' id='word_1_742' title='bbox 1166 4878 1471 4951; x_wconf 76' lang='lat' dir='ltr'><strong>dieiudicii</strong></span> <span class='ocrx_word' id='word_1_743' title='bbox 1502 4895 1665 4949; x_wconf 89' lang='lat' dir='ltr'><strong>quam</strong></span> <span class='ocrx_word' id='word_1_744' title='bbox 1689 4884 1832 4935; x_wconf 89' lang='lat' dir='ltr'><strong>terra</strong></span> <span class='ocrx_word' id='word_1_745' title='bbox 1856 4878 1984 4936; x_wconf 90' lang='lat' dir='ltr'><strong>ista.</strong></span> 
     </span>
    </p>
   </div>
   <div class='ocr_carea' id='block_1_69' title="bbox 2074 4874 3668 4951">
    <p class='ocr_par' dir='ltr' id='par_1_69' title="bbox 2090 4874 3668 4951">
     <span class='ocr_line' id='line_1_69' title="bbox 2090 4874 3668 4951; baseline -0.008 -12"><span class='ocrx_word' id='word_1_746' title='bbox 2090 4882 2447 4951; x_wconf 76' lang='grc' dir='ltr'><strong>ἀνεκτότερον</strong></span> <span class='ocrx_word' id='word_1_747' title='bbox 2495 4878 2651 4933; x_wconf 75' lang='grc' dir='ltr'><strong>ἔσται</strong></span> <span class='ocrx_word' id='word_1_748' title='bbox 2695 4878 2945 4942; x_wconf 84' lang='grc' dir='ltr'><strong>ταύταις,</strong></span> <span class='ocrx_word' id='word_1_749' title='bbox 3005 4877 3038 4949; x_wconf 78' lang='grc' dir='ltr'><strong>ἥ</strong></span> <span class='ocrx_word' id='word_1_750' title='bbox 3087 4880 3154 4951; x_wconf 77' lang='grc' dir='ltr'><strong>τῇ</strong></span> <span class='ocrx_word' id='word_1_751' title='bbox 3224 4881 3297 4949; x_wconf 75' lang='grc' dir='ltr'>γῇ</span> <span class='ocrx_word' id='word_1_752' title='bbox 3353 4877 3559 4949; x_wconf 72' lang='grc' dir='ltr'><strong>ἐκείνῃ,</strong></span> <span class='ocrx_word' id='word_1_753' title='bbox 3600 4874 3668 4946; x_wconf 68' lang='grc' dir='ltr'><strong>ἢν</strong></span> 
     </span>
    </p>
   </div>
   <div class='ocr_carea' id='block_1_70' title="bbox 404 4959 1998 5047">
    <p class='ocr_par' dir='ltr' id='par_1_70' title="bbox 404 4969 1972 5045">
     <span class='ocr_line' id='line_1_70' title="bbox 404 4969 1972 5045; baseline -0.003 -18"><span class='ocrx_word' id='word_1_754' title='bbox 404 4973 580 5040; x_wconf 82' lang='lat' dir='ltr'><strong>Quam</strong></span> <span class='ocrx_word' id='word_1_755' title='bbox 614 4973 967 5044; x_wconf 89' lang='lat' dir='ltr'><strong>conspiciunt</strong></span> <span class='ocrx_word' id='word_1_756' title='bbox 995 4974 1086 5044; x_wconf 92' lang='lat' dir='ltr'><strong>qui</strong></span> <span class='ocrx_word' id='word_1_757' title='bbox 1124 4973 1350 5029; x_wconf 87' lang='lat' dir='ltr'><strong>interra</strong></span> <span class='ocrx_word' id='word_1_758' title='bbox 1381 4972 1691 5045; x_wconf 88' lang='lat' dir='ltr'><strong>longinqua</strong></span> <span class='ocrx_word' id='word_1_759' title='bbox 1722 4969 1972 5035; x_wconf 89' lang='lat' dir='ltr'><strong>veniunt,</strong></span> 
     </span>
    </p>
   </div>
   <div class='ocr_carea' id='block_1_71' title="bbox 2075 4959 3669 5047">
    <p class='ocr_par' dir='ltr' id='par_1_71' title="bbox 2084 4965 3669 5047">
     <span class='ocr_line' id='line_1_71' title="bbox 2084 4965 3669 5047; baseline -0.008 -17"><span class='ocrx_word' id='word_1_760' title='bbox 2084 4975 2321 5047; x_wconf 83' lang='grc' dir='ltr'><strong>ὁρῶντες</strong></span> <span class='ocrx_word' id='word_1_761' title='bbox 2352 4975 2415 5026; x_wconf 78' lang='grc' dir='ltr'><strong>ὲκ</strong></span> <span class='ocrx_word' id='word_1_762' title='bbox 2454 4971 2555 5040; x_wconf 74' lang='grc' dir='ltr'><strong>γῆς</strong></span> <span class='ocrx_word' id='word_1_763' title='bbox 2587 4969 2883 5043; x_wconf 82' lang='grc' dir='ltr'><strong>μακρόθεν,</strong></span> <span class='ocrx_word' id='word_1_764' title='bbox 2911 4969 3187 5024; x_wconf 79' lang='grc' dir='ltr'><strong>τουτέστιν</strong></span> <span class='ocrx_word' id='word_1_765' title='bbox 3212 4970 3263 5022; x_wconf 77' lang='grc' dir='ltr'><strong>οἱ</strong></span> <span class='ocrx_word' id='word_1_766' title='bbox 3286 4967 3418 5022; x_wconf 77' lang='grc' dir='ltr'><strong>ποτὲ</strong></span> <span class='ocrx_word' id='word_1_767' title='bbox 3451 4965 3669 5038; x_wconf 77' lang='grc' dir='ltr'><strong>μακρὰν</strong></span> 
     </span>
    </p>
   </div>
   <div class='ocr_carea' id='block_1_72' title="bbox 402 5057 1996 5138">
    <p class='ocr_par' dir='ltr' id='par_1_72' title="bbox 402 5061 1983 5138">
     <span class='ocr_line' id='line_1_72' title="bbox 402 5061 1983 5138; baseline -0.004 -16"><span class='ocrx_word' id='word_1_768' title='bbox 402 5067 509 5122; x_wconf 84' lang='lat' dir='ltr'><strong>hoc</strong></span> <span class='ocrx_word' id='word_1_769' title='bbox 530 5073 635 5131; x_wconf 89' lang='lat' dir='ltr'><strong>est,</strong></span> <span class='ocrx_word' id='word_1_770' title='bbox 670 5066 866 5138; x_wconf 88' lang='lat' dir='ltr'><strong>pagani</strong></span> <span class='ocrx_word' id='word_1_771' title='bbox 894 5064 982 5138; x_wconf 90' lang='lat' dir='ltr'><strong>qui</strong></span> <span class='ocrx_word' id='word_1_772' title='bbox 1023 5081 1053 5120; x_wconf 89' lang='lat' dir='ltr'><strong>a</strong></span> <span class='ocrx_word' id='word_1_773' title='bbox 1086 5064 1196 5122; x_wconf 89' lang='lat' dir='ltr'><strong>Deo</strong></span> <span class='ocrx_word' id='word_1_774' title='bbox 1223 5066 1384 5135; x_wconf 81' lang='lat' dir='ltr'><strong>longe</strong></span> <span class='ocrx_word' id='word_1_775' title='bbox 1428 5064 1556 5119; x_wconf 85' lang='lat' dir='ltr'><strong>olim</strong></span> <span class='ocrx_word' id='word_1_776' title='bbox 1594 5074 1775 5128; x_wconf 89' lang='lat' dir='ltr'><strong>erant,</strong></span> <span class='ocrx_word' id='word_1_777' title='bbox 1803 5061 1983 5117; x_wconf 85' lang='lat' dir='ltr'><strong>idolo-</strong></span> 
     </span>
    </p>
   </div>
   <div class='ocr_carea' id='block_1_73' title="bbox 2074 5057 3668 5138">
    <p class='ocr_par' dir='ltr' id='par_1_73' title="bbox 2091 5057 3668 5137">
     <span class='ocr_line' id='line_1_73' title="bbox 2091 5057 3668 5137; baseline -0.009 -14"><span class='ocrx_word' id='word_1_778' title='bbox 2091 5065 2301 5123; x_wconf 53' lang='grc' dir='ltr'><strong>ἐθνικοὶ⁸</strong></span> <span class='ocrx_word' id='word_1_779' title='bbox 2332 5064 2426 5120; x_wconf 82' lang='grc' dir='ltr'><strong>τοῦ</strong></span> <span class='ocrx_word' id='word_1_780' title='bbox 2459 5063 2617 5131; x_wconf 80' lang='grc' dir='ltr'><strong>Θεοῦ,</strong></span> <span class='ocrx_word' id='word_1_781' title='bbox 2643 5063 2828 5137; x_wconf 75' lang='grc' dir='ltr'><strong>ἐροῦσι</strong></span> <span class='ocrx_word' id='word_1_782' title='bbox 2851 5065 2965 5128; x_wconf 87' lang='grc' dir='ltr'><strong>τοῖς</strong></span> <span class='ocrx_word' id='word_1_783' title='bbox 2994 5061 3432 5134; x_wconf 71' lang='grc' dir='ltr'><strong>εἰδωλολάτραις,</strong></span> <span class='ocrx_word' id='word_1_784' title='bbox 3496 5057 3668 5130; x_wconf 77' lang='grc' dir='ltr'><strong>ὁρῶσι</strong></span> 
     </span>
    </p>
   </div>
   <div class='ocr_carea' id='block_1_74' title="bbox 401 5150 1995 5230">
    <p class='ocr_par' dir='ltr' id='par_1_74' title="bbox 401 5151 1983 5228">
     <span class='ocr_line' id='line_1_74' title="bbox 401 5151 1983 5228; baseline -0.005 -14"><span class='ocrx_word' id='word_1_785' title='bbox 401 5157 561 5215; x_wconf 87' lang='lat' dir='ltr'><strong>latris</strong></span> <span class='ocrx_word' id='word_1_786' title='bbox 609 5156 1113 5228; x_wconf 87' lang='lat' dir='ltr'><strong>contemplantibus</strong></span> <span class='ocrx_word' id='word_1_787' title='bbox 1163 5155 1771 5227; x_wconf 89' lang='lat' dir='ltr'><strong>percontantibusque,</strong></span> <span class='ocrx_word' id='word_1_788' title='bbox 1837 5151 1983 5223; x_wconf 87' lang='lat' dir='ltr'><strong>quod</strong></span> 
     </span>
    </p>
   </div>
   <div class='ocr_carea' id='block_1_75' title="bbox 2075 5150 3669 5230">
    <p class='ocr_par' dir='ltr' id='par_1_75' title="bbox 2084 5150 3669 5230">
     <span class='ocr_line' id='line_1_75' title="bbox 2084 5150 3669 5230; baseline -0.008 -15"><span class='ocrx_word' id='word_1_789' title='bbox 2084 5177 2147 5215; x_wconf 81' lang='grc' dir='ltr'><strong>τε</strong></span> <span class='ocrx_word' id='word_1_790' title='bbox 2191 5159 2284 5213; x_wconf 72' lang='grc' dir='ltr'><strong>καὶ</strong></span> <span class='ocrx_word' id='word_1_791' title='bbox 2312 5155 2758 5230; x_wconf 78' lang='grc' dir='ltr'><strong>πυνθανομένοις,</strong></span> <span class='ocrx_word' id='word_1_792' title='bbox 2789 5154 2874 5210; x_wconf 84' lang='grc' dir='ltr'><strong>ὅτι</strong></span> <span class='ocrx_word' id='word_1_793' title='bbox 2907 5154 3227 5211; x_wconf 82' lang='grc' dir='ltr'><strong>κατέλειπον</strong></span> <span class='ocrx_word' id='word_1_794' title='bbox 3258 5153 3358 5225; x_wconf 80' lang='grc' dir='ltr'><strong>τὴν</strong></span> <span class='ocrx_word' id='word_1_795' title='bbox 3399 5150 3669 5222; x_wconf 79' lang='grc' dir='ltr'><strong>διαθήκην</strong></span> 
     </span>
    </p>
   </div>
   <div class='ocr_carea' id='block_1_76' title="bbox 405 5243 2318 5325">
    <p class='ocr_par' dir='ltr' id='par_1_76' title="bbox 405 5243 2318 5325">
     <span class='ocr_line' id='line_1_76' title="bbox 405 5243 2318 5325; baseline -0.004 -18"><span class='ocrx_word' id='word_1_796' title='bbox 405 5249 819 5321; x_wconf 80' lang='lat' dir='ltr'><strong>dcreliqueruut</strong></span> <span class='ocrx_word' id='word_1_797' title='bbox 848 5257 1238 5305; x_wconf 84' lang='lat' dir='ltr'><strong>testamentum</strong></span> <span class='ocrx_word' id='word_1_798' title='bbox 1291 5247 1533 5313; x_wconf 89' lang='lat' dir='ltr'><strong>Domini,</strong></span> <span class='ocrx_word' id='word_1_799' title='bbox 1569 5245 1791 5301; x_wconf 89' lang='lat' dir='ltr'><strong>dicent:</strong></span> <span class='ocrx_word' id='word_1_800' title='bbox 1831 5263 1849 5297; x_wconf 83' lang='grc' dir='ltr'><strong>ι</strong></span> <span class='ocrx_word' id='word_1_801' title='bbox 1873 5243 1985 5300; x_wconf 82' lang='lat' dir='ltr'><strong>Ne-</strong></span> <span class='ocrx_word' id='word_1_802' title='bbox 2088 5251 2318 5325; x_wconf 78' lang='grc' dir='ltr'><strong>Κυρίου.</strong></span> 
     </span>
    </p>
   </div>
   <div class='ocr_carea' id='block_1_77' title="bbox 408 5336 1984 5414">
    <p class='ocr_par' dir='ltr' id='par_1_77' title="bbox 408 5336 1984 5414">
     <span class='ocr_line' id='line_1_77' title="bbox 408 5336 1984 5414; baseline -0.006 -16"><span class='ocrx_word' id='word_1_803' title='bbox 408 5358 518 5414; x_wconf 90' lang='lat' dir='ltr'><strong>que</strong></span> <span class='ocrx_word' id='word_1_804' title='bbox 539 5341 825 5398; x_wconf 84' lang='lat' dir='ltr'><strong>distribuit</strong></span> <span class='ocrx_word' id='word_1_805' title='bbox 847 5338 997 5405; x_wconf 81' lang='lat' dir='ltr'><strong>illis;</strong></span> <span class='ocrx_word' id='word_1_806' title='bbox 1034 5354 1052 5391; x_wconf 71' lang='grc' dir='ltr'><strong>ι</strong></span> <span class='ocrx_word' id='word_1_807' title='bbox 1100 5336 1510 5410; x_wconf 83' lang='lat' dir='ltr'><strong>Symmachus:</strong></span> <span class='ocrx_word' id='word_1_808' title='bbox 1555 5339 1735 5405; x_wconf 78' lang='lat' dir='ltr'><strong>Neque</strong></span> <span class='ocrx_word' id='word_1_809' title='bbox 1794 5349 1984 5391; x_wconf 74' lang='lat' dir='ltr'><strong>conve-</strong></span> 
     </span>
    </p>
   </div>
   <div class='ocr_carea' id='block_1_78' title="bbox 406 5435 743 5493">
    <p class='ocr_par' dir='ltr' id='par_1_78' title="bbox 406 5435 743 5493">
     <span class='ocr_line' id='line_1_78' title="bbox 406 5435 743 5493; baseline -0.006 0"><span class='ocrx_word' id='word_1_810' title='bbox 406 5437 585 5493; x_wconf 71' lang='lat' dir='ltr'><strong>niebat</strong></span> <span class='ocrx_word' id='word_1_811' title='bbox 613 5435 743 5491; x_wconf 73' lang='lat' dir='ltr'><strong>illis.</strong></span> 
     </span>
    </p>
   </div>
   <div class='ocr_carea' id='block_1_79' title="bbox 479 5571 2073 5661">
    <p class='ocr_par' dir='ltr' id='par_1_79' title="bbox 479 5586 2073 5661">
     <span class='ocr_line' id='line_1_79' title="bbox 479 5586 2073 5661; baseline -0.008 -11"><span class='ocrx_word' id='word_1_812' title='bbox 479 5597 523 5628; x_wconf 85' lang='grc'><strong>¹⁰</strong></span> <span class='ocrx_word' id='word_1_813' title='bbox 562 5593 721 5650; x_wconf 82' lang='lat' dir='ltr'><strong>JOan.</strong></span> <span class='ocrx_word' id='word_1_814' title='bbox 756 5610 868 5661; x_wconf 73' lang='grc' dir='ltr'><strong>τιν,</strong></span> <span class='ocrx_word' id='word_1_815' title='bbox 901 5592 955 5648; x_wconf 88' lang='lat'><strong>6.</strong></span> <span class='ocrx_word' id='word_1_816' title='bbox 1036 5592 1077 5624; x_wconf 84' lang='lat'>“</span> <span class='ocrx_word' id='word_1_817' title='bbox 1112 5589 1215 5648; x_wconf 87' lang='lat' dir='ltr'><strong>lsa.</strong></span> <span class='ocrx_word' id='word_1_818' title='bbox 1254 5606 1386 5661; x_wconf 57' lang='lat' dir='ltr'><strong>axx,</strong></span> <span class='ocrx_word' id='word_1_819' title='bbox 1415 5589 1473 5656; x_wconf 58' lang='grc' dir='ltr'><strong>Ως</strong></span> <span class='ocrx_word' id='word_1_820' title='bbox 1500 5606 1645 5651; x_wconf 61' lang='lat' dir='ltr'><strong>aut.</strong></span> <span class='ocrx_word' id='word_1_821' title='bbox 1683 5591 1734 5646; x_wconf 79' lang='grc' dir='ltr'><strong>Ι.</strong></span> <span class='ocrx_word' id='word_1_822' title='bbox 1813 5586 2073 5661; x_wconf 43' lang='lat' dir='ltr'><strong>flerent?</strong></span> 
     </span>
    </p>
   </div>
   <div class='ocr_carea' id='block_1_80' title="bbox 2070 5571 3664 5661">
    <p class='ocr_par' dir='ltr' id='par_1_80' title="bbox 2070 5571 3664 5661">
     <span class='ocr_line' id='line_1_80' title="bbox 2070 5571 3664 5661; baseline -0.001 1"><span class='ocrx_word' id='word_1_823' title='bbox 2070 5585 2283 5661; x_wconf 61' lang='lat' dir='ltr'><strong>:nds-</strong></span> <span class='ocrx_word' id='word_1_824' title='bbox 2356 5582 2405 5661; x_wconf 72' lang='lat' dir='ltr'><strong>.‘f</strong></span> <span class='ocrx_word' id='word_1_825' title='bbox 2427 5581 2587 5661; x_wconf 64' lang='grc' dir='ltr'><strong>ρθυι-</strong></span> <span class='ocrx_word' id='word_1_826' title='bbox 2610 5584 2835 5661; x_wconf 57' lang='lat' dir='ltr'><strong>tux-.4.-</strong></span> <span class='ocrx_word' id='word_1_827' title='bbox 2914 5577 3146 5661; x_wconf 58' lang='grc' dir='ltr'><strong>’ζίέουιο</strong></span> <span class='ocrx_word' id='word_1_828' title='bbox 3177 5594 3215 5643; x_wconf 85' lang='lat' dir='ltr'><strong>l-</strong></span> <span class='ocrx_word' id='word_1_829' title='bbox 3243 5575 3385 5661; x_wconf 53' lang='lat' dir='ltr'><strong>ﬁt.</strong></span> <span class='ocrx_word' id='word_1_830' title='bbox 3412 5572 3457 5606; x_wconf 82' lang='grc'><strong>’³</strong></span> <span class='ocrx_word' id='word_1_831' title='bbox 3483 5571 3664 5661; x_wconf 62' lang='grc' dir='ltr'><strong>υἱοῖ-</strong></span> 
     </span>
    </p>
   </div>
   <div class='ocr_carea' id='block_1_81' title="bbox 404 5644 3664 5735">
    <p class='ocr_par' dir='ltr' id='par_1_81' title="bbox 404 5644 3664 5735">
     <span class='ocr_line' id='line_1_81' title="bbox 404 5644 3664 5735; baseline -0.005 -17"><span class='ocrx_word' id='word_1_832' title='bbox 404 5681 459 5735; x_wconf 71' lang='grc' dir='ltr'><strong>ν,</strong></span> <span class='ocrx_word' id='word_1_833' title='bbox 493 5644 994 5726; x_wconf 57' lang='lat' dir='ltr'><strong>7.&quot;&#39;i&#39;°&quot;o&quot;a&#39;tsi.&quot;v,</strong></span> <span class='ocrx_word' id='word_1_834' title='bbox 1021 5663 1074 5717; x_wconf 89' lang='lat'><strong>9.</strong></span> <span class='ocrx_word' id='word_1_835' title='bbox 1138 5644 1157 5648; x_wconf 62' lang='lat'><strong>&#39;</strong></span> <span class='ocrx_word' id='word_1_836' title='bbox 1192 5644 1729 5735; x_wconf 15' lang='lat' dir='ltr'><strong>1&quot;Ar_s_5i._&#39;m|,is.&#39;</strong></span> <span class='ocrx_word' id='word_1_837' title='bbox 1828 5656 1869 5689; x_wconf 72' lang='grc' dir='ltr'><strong>ι·</strong></span> <span class='ocrx_word' id='word_1_838' title='bbox 1905 5644 2276 5722; x_wconf 69' lang='lat' dir='ltr'><strong>Psa1.ct,&#39;t9.</strong></span> <span class='ocrx_word' id='word_1_839' title='bbox 2355 5652 2579 5710; x_wconf 81' lang='lat' dir='ltr'><strong>&quot;Psal.</strong></span> <span class='ocrx_word' id='word_1_840' title='bbox 2622 5644 2854 5722; x_wconf 71' lang='grc' dir='ltr'><strong>ιιι,’;’›ε;</strong></span> <span class='ocrx_word' id='word_1_841' title='bbox 2932 5648 3150 5707; x_wconf 75' lang='lat' dir='ltr'><strong>&quot;Paul.</strong></span> <span class='ocrx_word' id='word_1_842' title='bbox 3182 5644 3413 5717; x_wconf 67' lang='lat' dir='ltr'><strong>emat.</strong></span> <span class='ocrx_word' id='word_1_843' title='bbox 3488 5644 3664 5703; x_wconf 72' lang='lat' dir='ltr'><strong>&quot;Isti.</strong></span> 
     </span>
    </p>
   </div>
   <div class='ocr_carea' id='block_1_82' title="bbox 406 5730 1709 5803">
    <p class='ocr_par' dir='ltr' id='par_1_82' title="bbox 406 5730 1709 5803">
     <span class='ocr_line' id='line_1_82' title="bbox 406 5730 1709 5803; baseline -0.005 -12"><span class='ocrx_word' id='word_1_844' title='bbox 406 5730 467 5803; x_wconf 63' lang='grc' dir='ltr'><strong>ν,</strong></span> <span class='ocrx_word' id='word_1_845' title='bbox 487 5734 541 5790; x_wconf 84' lang='grc'><strong>6.</strong></span> <span class='ocrx_word' id='word_1_846' title='bbox 618 5737 664 5770; x_wconf 79' lang='lat'><em>“</em></span> <span class='ocrx_word' id='word_1_847' title='bbox 697 5735 887 5793; x_wconf 74' lang='lat' dir='ltr'><strong>Matth.</strong></span> <span class='ocrx_word' id='word_1_848' title='bbox 922 5749 1019 5799; x_wconf 73' lang='lat' dir='ltr'><strong>tut,</strong></span> <span class='ocrx_word' id='word_1_849' title='bbox 1054 5735 1138 5788; x_wconf 70' lang='grc'><strong>45.</strong></span> <span class='ocrx_word' id='word_1_850' title='bbox 1217 5733 1261 5765; x_wconf 75' lang='grc'><strong>’³</strong></span> <span class='ocrx_word' id='word_1_851' title='bbox 1290 5730 1486 5787; x_wconf 79' lang='lat' dir='ltr'><strong>Matth.</strong></span> <span class='ocrx_word' id='word_1_852' title='bbox 1511 5746 1629 5786; x_wconf 79' lang='lat' dir='ltr'><strong>xm.</strong></span> <span class='ocrx_word' id='word_1_853' title='bbox 1656 5731 1709 5785; x_wconf 68' lang='grc'><strong>4.</strong></span> 
     </span>
    </p>
   </div>
  </div>
