4036 6214
442 282 549 349 953
1328 297 1872 364 COMMENTARII
1915 304 1998 365 IN
2044 306 2745 370 DEUTERONOMIUM.
3590 307 3700 374 θδι

434 418 548 454 τως
573 398 925 457 ἀνακαλεῖται
959 404 1054 459 καὶ
1081 405 1178 478 γῆ,
1209 405 1278 460 τὰ
1299 409 1530 465 καθόλου
1554 412 1653 483 τῆς
1682 413 1999 481 οἰκουμένης

2117 414 2456 470 invocantur
2500 415 2699 471 merito
2736 434 2750 471 :
2780 430 2902 488 quae
2934 426 3122 489 gentes
3151 432 3252 488 per
3279 426 3450 474 totum
3505 422 3694 475 orbem

440 490 570 563 εθνη
628 492 889 565 δηλοῦντα
915 536 932 562 ,
996 498 1092 551 καὶ
1136 498 1265 570 ⁸τῆς
1319 500 1378 553 ἐν
1426 501 1677 572 οὐρανοῖς
1731 503 1999 575 διατριϐῆς

2121 513 2430 573 versantes,
2461 520 2526 562 ac
2551 508 2875 564 cmlestibus
2906 506 3134 564 sedibus
3165 507 3362 579 dignas
3393 524 3695 579 repraesen-

441 583 602 650 ἄξια;

2119 604 2259 652 tam.

509 701 693 757 διίησι
708 711 766 756 ιιι
792 701 978 772 pluvia
1002 704 1264 777 eloquium
1285 724 1478 763 meum.
1511 705 1755 781 [XXXI],
1771 707 1851 780 2.]
1869 708 2004 764 Cum
2029 708 2193 765 nubis
2214 711 2389 766 instar
2413 709 2590 766 Moses
2610 717 2776 776 esset,
2796 709 3142 767 isto'dicendi
3169 728 3371 782 genere
3383 714 3575 767 utitur.
3600 713 3696 768 Sic

435 791 582 846 enim
608 794 781 846 sancti
815 795 1185 864 appellantur.
1220 797 1297 851 De
1327 798 1529 867 quibus
1554 796 1761 852 dictum
1794 804 1974 871 exstat
1999 813 2015 851 :
2050 815 2070 850 ι
2094 795 2313 853 Veritas
2340 804 2432 850 tua
2465 797 2534 852 ad
2556 798 2734 853 nubes
2765 813 2942 868 usque
2968 800 3231 870 protingit
3254 800 3323 857 “.
3352 818 3371 852 ι
3414 800 3515 867 Qui
3546 800 3692 855 enim

436 877 612 932 nubes
641 878 931 935 insensiles
956 882 1205 937 veritatis
1236 898 1457 939 sensum
1482 884 1837 954 percipiunt?
1868 882 2065 941 Iisdem
2097 899 2319 956 quoque
2354 900 2385 939 a
2416 884 2529 940 Deo
2560 884 2812 940 mandari
2862 886 3087 953 dicitur,
3120 895 3179 942 ut
3223 889 3462 958 pluviam
3531 880 3701 943 terrai

434 972 652 1035 negent.
687 964 766 1021 Ac
794 966 914 1035 ejus
968 969 1210 1023 mandati
1245 971 1416 1026 divini
1475 987 1646 1028 sensu
1690 979 2018 1042 tanguntur,
2050 980 2105 1027 et
2125 972 2215 1026 ubi
2245 971 2535 1042 rigandum
2566 972 2819 1027 minusve
2860 980 3085 1027 norunt.
3146 973 3243 1030 His
3300 989 3432 1029 vero
3483 972 3692 1039 verbis,

433 1060 496 1106 ut
524 1053 700 1107 locum
724 1053 867 1122 apud
890 1054 1103 1124 seipsos
1126 1066 1320 1125 parent
1337 1058 1392 1110 in
1421 1072 1487 1111 eo
1508 1057 1727 1127 eloquia
1762 1059 1867 1114 ista
1891 1059 2193 1129 excipiant,
2231 1058 2691 1129 quemadmodum
2715 1059 2968 1129 agricolae
2993 1068 3192 1115 terram
3227 1076 3421 1131 parare
3486 1059 3692 1115 solent:

431 1154 543 1211 quo
564 1139 713 1194 nulla
741 1139 990 1194 elabatur
1013 1157 1177 1212 aqua,
1201 1144 1472 1200 hortatur.
2430 1168 2439 1175 ‘

500 1257 575 1312 Τὸ
596 1258 862 1330 ἠρεμαῖον
887 1260 980 1313 καὶ
1001 1258 1075 1331 μὴ
1095 1258 1303 1313 κατασύ
1312 1276 1401 1327 ρον
1416 1258 1527 1312 τῶν
1547 1258 1807 1330 ῥημάτων
1829 1258 1999 1329 δηλῶν

2186 1254 2391 1313 Deinde
2430 1258 2731 1323 lenitatem,
2760 1267 2815 1314 et
2841 1259 3134 1315 verborum
3199 1260 3530 1316 modestiam
3564 1272 3692 1330 qua

389 1380 392 1384 ~
430 1350 574 1403 κατὰ
612 1350 785 1421 βραχὺ
804 1351 1087 1416 δυνόντων,
1122 1352 1220 1405 καὶ
1246 1350 1344 1420 τὴν
1380 1351 1608 1422 καρδίαν
1640 1350 1999 1421 ἁπαλωτέραι

2115 1347 2375 1416 paulatim
2446 1348 2741 1403 subsidunt
2799 1365 3007 1421 corque
3064 1353 3475 1406 molliusculum
3531 1350 3689 1404 ferax

430 1444 568 1510 πρὸς
605 1443 981 1512 καρποφορίαν
1006 1443 1416 1514 ἐργαζομένων,
1472 1441 1671 1512 δρόσον
1703 1441 1878 1495 ταῦτα
1908 1458 1999 1496 κα·

2112 1436 2368 1503 reddunt,
2398 1453 2518 1492 cum
2551 1454 2614 1493 ea
2645 1439 2789 1496 roris
2822 1443 3087 1511 proponit
3148 1444 3394 1509 nomine,
3457 1442 3685 1496 indicat.

428 1535 528 1588 λεῖ.
577 1533 771 1599 Ὀποία
797 1534 890 1586 καὶ
921 1534 955 1603 ἡ
987 1532 1387 1587 καταϐαίνουσα
1428 1532 1569 1586 κατὰ
1613 1531 1780 1585 Δαϐἱδ
1809 1532 1905 1584 ἐπὶ
1929 1531 1996 1584 τὰ

2112 1526 2435 1597 Cujusmodi
2466 1538 2518 1584 et
2546 1529 2680 1583 illud
2701 1537 2809 1593 est,
2842 1548 2963 1601 qua:
2992 1531 3297 1596 descendit,
3321 1532 3482 1602 juxta
3522 1531 3686 1586 Davi—

427 1626 529 1695 δρη
558 1623 695 1677 Σιών
718 1641 733 1656 ο
757 1624 838 1678 ὅτι
870 1624 989 1677 ἐκεῖ
1016 1624 1321 1678 ἐνετείλατο
1354 1623 1558 1694 Κύριος
1596 1622 1694 1693 τὴν
1721 1622 1999 1690 εὐλογίαν,

2109 1619 2255 1687 dem,
2287 1635 2452 1689 super
2479 1629 2694 1675 montes
2742 1621 2902 1686 Sion,
2947 1625 3209 1693 quoniam
3270 1624 3383 1678 illic
3434 1623 3689 1692 promisit

428 1713 574 1785 ζωὴν
606 1713 711 1777 ἕως
734 1713 829 1766 τοῦ
876 1714 1092 1778 αἰῶνος.
1136 1713 1250 1767 Καὶ
1292 1713 1447 1767 αὐτοὶ
1500 1712 1681 1768 τοίνυν
1711 1714 1788 1778 ὡς
1811 1714 1999 1785 δρόσον

2109 1711 2375 1765 Dominus
2411 1712 2584 1765 vitam
2634 1711 2844 1767 felicem
2878 1715 2934 1767 in
2962 1722 3225 1768 mternum
3247 1714 3315 1768 ⁸⁷.
3351 1712 3460 1784 1ρεί
3498 1714 3686 1783 itaque

427 1803 709 1875 δεχόμενοι
739 1804 867 1867 τοὺς
889 1802 1082 1874 λόγους
1119 1802 1601 1875 εὐλογηθήσονται.

2109 1803 2273 1856 etiam
2312 1803 2405 1871 qui
2433 1802 2598 1857 verba
2629 1812 2890 1874 tanquam
2926 1819 3110 1860 rorem
3142 1805 3448 1875 excipiunt,
3505 1804 3686 1859 felici—

2040 1880 2093 1939 Β
2113 1902 2225 1949 tate
2255 1894 2629 1949 donahuntur.

2180 1988 2448 2041 Cmterum
2480 1988 2757 2058 ἄγρωστις
2788 1988 2956 2044 herba
3002 1988 3256 2058 quaedam
3292 1995 3398 2055 est,
3435 2002 3559 2059 quae
3590 2002 3688 2043 su-

2110 2093 2207 2148 per
2239 2089 2381 2133 terra
2404 2082 2596 2149 serpit,
2623 2096 2689 2135 ac
2714 2081 2841 2135 altis
2871 2078 3160 2134 radicibus
3186 2082 3465 2148 tenuibus,
3499 2081 3689 2135 multis

2111 2183 2174 2223 ac
2207 2167 2588 2239 frequentibus
2634 2180 2838 2225 terram
2880 2184 2984 2225 ceu
3036 2169 3357 2224 humiditati
3419 2169 3689 2225 resisten-

511 1983 573 2037 'H
591 1983 866 2055 ἄγρωστις
895 1985 1000 2039 πόα
1022 1988 1116 2051 τίς
1140 1985 1293 2040 ἐστιν
1314 1968 1687 2056 ἐπινεμομένη
1717 1987 1784 2057 τῇ
1811 1986 1881 2053 γῇ
1905 1985 2001 2037 καὶ

428 2078 672 2150 βαθείαις
707 2076 887 2148 ῥίζαις
909 2077 1137 2142 λεπταῖς
1152 2095 1211 2132 τε
1246 2078 1342 2132 καὶ
1370 2076 1592 2141 πολλαῖς
1618 2079 1713 2131 καὶ
1746 2078 1998 2139 πυκναῖς,

424 2165 537 2227 οἷόν
566 2187 675 2225 τισι
715 2168 915 2235 ζώναις
947 2170 1047 2239 τὴν
1092 2171 1198 2241 γῆν
1248 2170 1693 2239 περισφίγγουσα
1716 2185 1732 2199 ο
1763 2168 1840 2231 ὡς
1872 2168 2000 2221 ἀντ-

425 2261 659 2333 έχουσαν
686 2262 809 2324 ταῖς
836 2259 1191 2331 ἐπομϐρίαις,
1232 2258 1309 2330 μὴ
1342 2257 1790 2329 παρασύρεσθαι,
1838 2255 1999 2309 πλέον

2108 2271 2217 2315 tem
2249 2261 2662 2330 complectitur,
2693 2264 3026 2334 altioresque
3048 2280 3120 2320 ne
3146 2264 3417 2318 evellatur
3447 2261 3689 2317 subinde

424 2353 512 2407 ἀεὶ
541 2351 886 2424 ριζουμένην.
919 2350 1106 2414 Οὕτως
1131 2346 1228 2403 οὖν
1247 2348 1393 2415 ἀξιοῖ
1429 2348 1521 2402 τὸν
1553 2347 1772 2415 λογικὸν
1796 2346 1999 2417 ὄμϐρον

2108 2350 2318 2405 radices
2365 2351 2493 2420 agit.
2550 2352 2629 2406 Ad
2688 2340 2834 2406 Ιιιῗίιο
2887 2355 3061 2424 igitur
3109 2353 3354 2416 modum,
3391 2351 3446 2405 in
3486 2351 3689 2406 mentis

388 2474 391 2477 <
421 2443 501 2515 τῷ
518 2443 620 2515 τῆς
642 2441 884 2505 διανοίας
906 2439 1385 2511 παραπέμπεσθαι
1439 2437 1616 2508 βάθει,
1655 2439 1865 2506 μήποτε
1902 2438 1996 2489 καὶ

2108 2441 2535 2510 profunditatem
2568 2443 2718 2498 verbi
2749 2444 2837 2501 sui
2870 2444 3102 2500 imbrem
3148 2445 3443 2500 demittere
3493 2441 3688 2512 digna-

427 2533 755 2608 ξηρανθῶσι,
795 2533 870 2604 μὴ
913 2532 1219 2603 δεχόμενοι,
1280 2530 1376 2584 καὶ
1426 2530 1504 2593 ὡς
1529 2530 1810 2598 ἄγρωστις
1857 2528 1999 2598 ξηρὰ

2110 2540 2225 2597 tur,
2255 2549 2322 2586 ne
2345 2532 2487 2589 forte
2512 2535 2605 2604 qui
2641 2550 2748 2588 non
2780 2536 3087 2606 excipiunt,
3114 2541 3459 2599 exarescant,
3488 2541 3543 2587 et
3563 2543 3688 2584 tan-6

429 2627 710 2700 βρωθῶσιν
745 2625 851 2680 ὑπὸ
876 2625 1068 2696 πυρὸς,
1108 2622 1252 2678 κατὰ
1306 2622 1408 2693 τὴν
1449 2620 1546 2674 τοῦ
1601 2619 1827 2673 Ἡσαΐου
1888 2636 1999 2688 (pw-

2108 2640 2265 2694 quam
2302 2627 2470 2681 herba
2529 2628 2683 2682 arida
2719 2629 2787 2683 ab
2829 2627 2974 2698 igne,
3022 2627 3180 2698 juxta
3217 2625 3369 2682 Isaiae
3407 2638 3595 2677 vocem
3614 2619 3684 2684 ⁸³.

425 2720 554 2791 νήν.

2108 2717 2494 2775 absumantur.
2842 2736 2852 2742 ·

489 2825 770 2883 Fortassis
796 2840 929 2881 vero
958 2831 1178 2895 propter
1201 2822 1548 2879 sterilitatem
1583 2821 1693 2877 feni
1728 2832 1782 2878 et
1806 2821 2133 2895 ἀγρώστιος,
2190 2827 2321 2882 item
2357 2828 2499 2898 quod
2520 2828 2577 2884 in
2606 2828 2744 2883 locis
2798 2827 3023 2884 incultis
3089 2834 3396 2882 nascuntur
3423 2863 3440 2891 ,
3505 2820 3675 2878 steri-

419 2915 626 2970 litatem
652 2914 1109 2983 asperitatemque
1137 2927 1326 2967 eorum
1351 2912 1446 2981 qui
1482 2909 1723 2965 audituri
1755 2921 1913 2971 sunt.
1947 2912 2147 2981 innuit,
2196 2927 2531 2986 quapropter
2559 2932 2654 2972 eos
2687 2917 2994 2972 obtestatur
3059 2916 3248 2970 etiam.

492 3002 727 3058 Tribuite
743 3002 1191 3072 magniﬁcentiam
1224 3000 1329 3054 Deo
1358 3009 1558 3053 nostra.
1594 2997 1700 3070 [3.]
1720 2998 1864 3054 Nihil
1897 3000 2096 3056 humile
2133 3012 2222 3057 aut
2248 3016 2514 3059 creatura:
2561 3005 2740 3059 simile
2765 3004 2832 3058 de
2856 3020 2923 3057 eo
2946 3000 3295 3070 concipiatis.
3338 2997 3514 3053 Porro
3579 2993 3681 3049 Da-

416 3092 507 3148 vid
530 3106 750 3164 quoque
768 3092 843 3146 ait
875 3109 888 3144 :
928 3108 947 3141 ι
974 3088 1310 3159 Magnificate
1336 3086 1627 3141 Dominum
1665 3102 1896 3153 mecum,
1917 3096 1972 3142 et
2002 3093 2305 3146 exaltemus
2328 3106 2525 3146 nomen
2571 3092 2692 3161 ejus
2731 3089 2896 3146 simul
2919 3089 2990 3143 δ’.
3016 3108 3034 3141 ι
3071 3088 3129 3143 Si
3149 3088 3297 3143 enim
3346 3097 3513 3156 opera
3557 3082 3688 3153 ejus

419 3181 762 3253 magniﬁunt,
795 3187 1005 3251 quanto
1040 3179 1215 3249 magis
1244 3178 1362 3247 ipse
1392 3191 1584 3231 eorum
1631 3176 1912 3250 conditori

488 3302 551 3355 Et
585 3299 1057 3372 γὰρὲμεγαλύνθη
1078 3298 1147 3363 vix
1172 3296 1312 3367 ἔργα
1346 3294 1539 3359 αὐτοῦ,
1584 3294 1736 3366 πόσῳ
1785 3293 1993 3364 μᾶλλον

2173 3291 2247 3344 Ex
2279 3303 2506 3358 operum
2534 3288 2682 3343 enim
2714 3286 3119 3358 magniﬁcentia
3153 3299 3218 3339 ac
3276 3284 3691 3354 pulchritudine

415 3392 577 3458 αὐτὸς
609 3393 639 3445 ὁ
665 3389 872 3445 τούτων
900 3389 1267 3462 δημιουργόςί
1307 3389 1403 3442 Ἐκ
1433 3386 1699 3458 μεγέθους
1742 3387 1852 3456 γὰρ
1909 3388 2003 3440 καὶ

417 3483 678 3552 καλλονῆς
700 3483 1016 3551 κτισμάτων
1035 3479 1317 3547 ἀναλόγως
1347 3480 1376 3531 ὁ
1402 3478 1786 3550 γενεσιουργδς
1816 3478 2002 3531 αὐτῶν

417 3574 728 3643 θεωρεῖται.
760 3570 874 3625 Καὶ
918 3570 1149 3632 Ἡσαΐας
1181 3569 1238 3622 δέ
1262 3586 1452 3640 φησιν,
1492 3588 1510 3619 ι
1545 3570 1823 3640 Ἐπάρατε
1870 3570 2001 3633 τοὺς

419 3658 936 3727 ὀφθαλμοὺςῦμῶν,
964 3658 1057 3711 καὶ
1089 3657 1228 3709 ἴδετε
1257 3657 1345 3719 τίς
1402 3655 1678 3720 κατέδειξε
1734 3654 1945 3721 ταῦτα;
1977 3673 1998 3708 ο

420 3748 737 3817 Μέγεθοςδὲ
752 3746 902 3818 αὐτῷ
930 3747 994 3801 οὐ
1034 3747 1368 3817 σωματικὸν,
1418 3744 1564 3799 κατὰ
1593 3745 1650 3798 δὲ
1682 3745 1784 3808 τὰς
1841 3745 2003 3798 ἀπεί-

423 3855 547 3913 ρους
575 3855 637 3892 τε
663 3836 944 3909 ἐνεργείας
989 3837 1086 3891 καὶ
1135 3835 1418 3905 δυνάμεις.
1464 3834 1620 3887 Ἐπεὶ
1665 3834 1764 3887 καὶ⁵
1802 3833 2002 3903 μικρὸς

419 3931 561 4003 ἀνὴρ
587 3929 665 4001 τῷ
705 3926 939 3998 σώματι,
998 3925 1176 3997 μέγας
1225 3923 1368 3978 κατὰ
1422 3923 1615 3993 σοφίαν
1656 3922 2002 3993 ἐπονομάζε-

418 4040 531 4079 ται.

492 4113 604 4169 Καὶ
646 4111 839 4169 πᾶσαι
877 4113 937 4166 al
991 4109 1121 4166 ὁδοί
1180 4108 1368 4165 αὑτοῦ
1406 4109 1639 4178 κρίσεις
1687 4119 1703 4136 ⁶
1745 4105 2000 4161 τουτέστι

423 4204 612 4275 σοφίας
633 4207 729 4258 καὶ
755 4202 994 4275 κρίσεως
1017 4203 1065 4256 oi
1098 4201 1229 4273 περὶ
1253 4200 1513 4271 προνοίας
1548 4199 1786 4270 γέμουσι
1825 4198 2000 4267 λόγοι,

304 4296 313 4301 ’
421 4298 526 4365 κᾶν
553 4296 614 4352 τὸ
636 4295 840 4351 τούτων
897 4296 1030 4366 ἡμῖν
1082 4293 1158 4365 μὴ
1214 4290 1480 4364 φαίνηται
1536 4292 1784 4346 δίκαιον·
1818 4290 1886 4343 δι’
1920 4282 1999 4343 ὧν

421 4389 520 4461 τὴν
543 4389 723 4441 πᾶσαν
754 4386 946 4457 ὥσπερ
965 4382 1353 4455 διαπορεύεται
1398 4383 1598 4450 κτίσιν,
1632 4382 1799 4454 βάθος
1829 4381 1999 4437 πλού-

421 4497 517 4535 του
543 4481 638 4535 καὶ
676 4480 866 4545 σοφίας
896 4477 1057 4547 ἔχων,
1102 4475 1200 4532 καὶ
1226 4475 1496 4548 κρίματα,
1548 4475 1695 4531 κατὰ
1718 4474 1814 4530 τὸν
1846 4471 1999 4529 Παῦλ-

422 4572 537 4638 λον,
574 4568 997 4641 ἀνεξερεύνητα.

500 4753 592 4807 Ἐν
620 4752 701 4824 τῷ
720 4748 916 4821 δικαίῳ
941 4748 1153 4815 πιστὸς,
1191 4749 1269 4819 μὴ
1310 4749 1413 4822 τὴν
1456 4749 1625 4821 ὀρθὴν
1654 4749 1837 4821 κρίσιν
1862 4748 1998 4818 ψευ-

418 4845 675 4917 δόμενος·
724 4845 824 4898 καὶ
872 4841 1081 4914 ἀληθὴς
1111 4840 1604 4911 ἐπαγγελλόμενος,
1641 4841 1742 4894 οὐκ
1796 4840 1998 4894 ἀδικῶν

417 4935 518 5008 τὴν
542 4935 858 5005 ὑπόσχεσιν.
895 4932 970 4986 Τδ
1007 4931 1065 4986 δὲ
1099 4931 1292 4985 πιστὸν
1343 4930 1519 4985 διττὸν
1553 4932 1693 4984 κατὰ
1719 4931 1820 5003 τὴν
1848 4931 1998 4986 θείαν

420 5028 665 5098 Γραφὴν,
698 5027 733 5099 ἢ
769 5026 830 5080 τὸ
864 5026 1201 5094 ἀξιόπιστον,
1259 5025 1399 5095 ὅπερ
1450 5024 1657 5095 κυρίως
1707 5025 1801 5078 ἐπὶ
1835 5025 1999 5096 μόνου

420 5119 592 5174 Θεοῦ’
644 5118 720 5182 ὼς
774 5118 856 5172 τό’
893 5135 912 5170 ι
957 5116 1153 5181 Πιστὸς
1214 5116 1326 5188 γὰρ
1360 5119 1389 5170 ὁ
1428 5118 1932 5187 ἐπαγγειλάμενος·
1976 5137 1996 5171 ι

418 5209 531 5266 οἷον
559 5210 655 5264 καὶ
682 5211 745 5264 τδ
777 5210 929 5280 παρὰ
954 5208 1177 5280 Πέτρῳ⁸
1216 5226 1236 5261 ι
1272 5209 1435 5262 Ὥστε
1462 5208 1559 5261 καὶ
1599 5210 1651 5261 oi.
1698 5209 2000 5278 πάσχοντες

421 5304 566 5359 κατὰ
591 5302 653 5355 τὸ
684 5302 895 5373 θέλημα
912 5301 1008 5356 τοῦ
1030 5301 1189 5367 Θεοῦ,
1230 5300 1406 5372 πιστῷ
1452 5302 1646 5372 κτίστῃ
1693 5302 1997 5372 παρατιθέ-

423 5395 635 5450 σθωσαν
684 5395 782 5459 τὰς
840 5394 1050 5448 ἑαυτῶν
1081 5394 1280 5465 ψυχάς.
1323 5412 1342 5446 ι
1377 5393 1577 5457 Πιστὸς
1612 5394 1673 5448 δὲ
1720 5396 1815 5449 καὶ
1846 5396 1875 5448 ὁ
1904 5411 1996 5447 πι-

416 5486 652 5576 στεύων,
680 5485 757 5550 ὡς
798 5485 1050 5557 Ἀϐραὰμ
1076 5486 1292 5554 πιστὸς,
1319 5487 1406 5540 ὅτι
1435 5487 1515 5558 τῷ
1543 5484 1792 5541 λαλοῦντι
1837 5486 2001 5540 πεπί-

487 5638 906 5713 “_i_’sal._‘xx‘xv.
947 5636 1000 5693 6.
1075 5636 1143 5713 :1.
1177 5634 1322 5694 Psal.
1354 5641 1644 5713 cxxxu,.5.
1731 5636 1777 5673 ⁸⁸
1802 5636 1905 5695 lsa.
1936 5654 1990 5694 ιχ

2108 5638 2156 5693 8.
2239 5633 2284 5670 ”
2314 5632 2460 5690 Psal.
2508 5645 2703 5696 xxxtu,
2729 5629 2785 5683 4.

427 5723 509 5775 ιι,
535 5709 623 5764 35.
701 5709 749 5741 ’θ
785 5709 926 5764 ilcbr
988 5707 1165 5772 x,25.

2109 3381 2353 3451 ipsorum
2408 3377 2591 3448 opifex
2651 3378 2756 3431 rite
2814 3376 3215 3447 perspicuitur.
3248 3373 3475 3429 Necnon
3517 3375 3691 3430 Isaias

2106 3488 2237 3526 vero
2292 3472 2471 3540 inquit
2508 3487 2522 3525 :
2562 3488 2581 3521 ι
2606 3467 2809 3524 Oculos
2864 3475 3081 3522 vestros
3124 3464 3377 3521 extollite
3406 3473 3460 3521 et
3505 3465 3690 3521 videte

2106 3563 2232 3632 quis
2261 3563 2375 3616 hate
2403 3559 2704 3630 descripsit
2718 3558 2787 3612 ⁸ο.
2815 3578 2833 3610 ι
2866 3557 3135 3613 Caeterum
3168 3556 3224 3610 in
3250 3570 3317 3611 eo
3349 3571 3461 3611 non
3486 3572 3689 3627 corpo-

2106 3654 2361 3708 reainest
2396 3650 2737 3720 magnitudo,
2788 3663 2983 3703 verum
3020 3647 3147 3701 talis
3177 3661 3306 3716 qua
3335 3646 3392 3700 in
3417 3647 3687 3701 immensa

2102 3744 2279 3814 ipsius
2326 3742 2575 3798 eliicacia
2609 3755 2674 3796 ac
2723 3738 3025 3794 virtutibus
3082 3736 3365 3793 consistit.
3412 3734 3685 3802 Quoniam

2105 3849 2306 3905 parvus
2327 3834 2491 3887 etiam
2509 3845 2743 3902 corpore
2762 3829 2869 3896 vir,
2892 3844 3125 3901 magnus
3158 3827 3447 3901 sapientiae
3469 3828 3702 3886 ratione

2107 3924 2451 3980 nominatur.

2175 4121 2243 4177 Et
2279 4137 2456 4178 omnes
2489 4122 2587 4176 vita
2617 4122 2733 4192 ejus
2758 4128 2886 4175 sunt
2910 4117 3203 4188 judicium.
3232 4114 3339 4190 [4.]
3409 4118 3525 4174 Hoc
3576 4125 3709 4184 εειςμ

2101 4214 2347 4271 rationes
2372 4213 2738 4283 providentia:
2774 4211 2955 4280 ipsius
2991 4208 3263 4278 sapientia
3320 4203 3484 4280 ‘63
3510 4216 3567 4264 et
3598 4206 3691 4278 ju-

2101 4303 2249 4360 dicio
2296 4302 2471 4373 plenae
2521 4308 2671 4366 sunt,
2706 4297 2962 4369 quamvis
2991 4311 3071 4352 ea:
3099 4296 3260 4374 nobis
3292 4311 3402 4351 non
3422 4296 3588 4367 justas
3609 4295 3713 4350 vio—

2101 4393 2360 4449 deantur.
2390 4388 2606 4458 Quibus
2628 4388 2896 4444 fabricam
2948 4394 3120 4441 totam
3152 4394 3486 4457 pervagatur
3520 4384 3687 4455 quasi

2077 4497 2293 4540 secum
2315 4481 2628 4539 divitiarum
2665 4479 2991 4535 barathrum
3021 4490 3087 4549 ac
3122 4476 3414 4545 sapientia
3444 4475 3682 4539 habens,

2102 4575 2312 4645 judicia
2368 4574 2609 4643 denique
2649 4587 2709 4626 ut
2762 4570 2906 4640 apud
2976 4568 3204 4623 Paulum
3257 4573 3371 4633 est,
3417 4567 3683 4623 inscrutar

2107 4667 2237 4722 bilia
2249 4656 2324 4714 ".

2179 4755 2324 4813 Deus
2361 4755 2509 4811 [idus-
2527 4763 2632 4817 est,
2655 4761 2711 4807 et
2744 4750 3008 4820 iniquitas
3034 4749 3090 4803 in
3122 4762 3191 4804 eo
3223 4747 3376 4803 nulla
3419 4756 3527 4811 est,
3562 4761 3686 4803 cum

2107 4851 2228 4921 ipsa
2248 4847 2504 4919 aequitate
2526 4845 2687 4899 fidem
2716 4840 3069 4910 conjunctam
3090 4839 3298 4895 habens
3323 4838 3453 4910 :qui
3479 4847 3687 4894 rectum

2104 4939 2375 5012 judicium
2410 4952 2519 4990 non
2561 4934 2701 4989 falso
2733 4930 2947 4994 statuit,
3001 4938 3059 4984 et
3095 4928 3383 4984 veritatem
3410 4935 3594 4983 servat
3635 4926 3688 4981 in

2108 5028 2597 5103 promissionibus,
2620 5023 3039 5095 promissionem
3065 5035 3175 5075 non
3194 5019 3548 5075 labefactans.
3573 5017 3684 5074 Cae-

2109 5129 2288 5177 terum
2319 5118 2485 5174 [idum
2536 5116 2593 5171 in
2648 5112 2851 5168 divinis
2882 5107 3107 5164 Litteris
3139 5106 3413 5176 duplicem
3466 5107 3686 5158 modum

2111 5213 2295 5268 habet.
2347 5215 2459 5265 Aut
2505 5209 2650 5264 enim
2681 5203 2954 5277 signiﬁcat
3003 5199 3108 5255 fide
3138 5198 3386 5269 dignum,
3423 5205 3482 5250 ut
3514 5194 3690 5252 sacris

2107 5305 2352 5365 initiare,
2380 5300 2526 5371 quod
2555 5298 2624 5354 de
2649 5297 2769 5353 solo
2809 5295 2918 5349 Deo
2950 5293 3152 5347 dicitur
3204 5289 3448 5359 proprie.
3483 5289 3686 5351 Quem-

2110 5390 2404 5447 admodum
2439 5387 2574 5441 illud
2600 5404 2615 5441 :
2637 5405 2655 5437 ι
2681 5384 2813 5439 Fide
2839 5384 3042 5451 dignus
3069 5388 3177 5445 est,
3206 5379 3252 5433 si
3281 5374 3612 5448 promittit"
3632 5390 3683 5438 ς»

2112 5482 2274 5555 quale
2296 5479 2430 5536 illud
2463 5493 2683 5549 quoque
2707 5474 2850 5546 apud
2876 5474 3093 5529 Petrum
3132 5486 3148 5523 :
3187 5488 3204 5520 ι
3237 5468 3530 5537 PrOpterea
3553 5477 3695 5517 sane

2881 5626 2930 5662 '°
2968 5625 3073 5679 lsa.
3111 5636 3200 5686 χι..
3231 5616 3325 5674 26.
3428 5618 3473 5649 “
3515 5616 3679 5672 Rotas
