4036 6214
373 327 485 395 959
1712 333 2068 398 PROCOPII
2103 338 2246 400 GAZ
2256 338 2347 400 [EI
3537 337 3644 394 lit-0

438 439 584 508 Quid
613 448 795 496 autem
828 439 934 496 sibi
961 441 1115 514 iuxta
1161 456 1458 498 numerum
1491 440 1810 512 angelorum
1847 441 1942 498 Dei

2118 445 2184 498 Τί
2215 440 2310 498 οὖν
2339 443 2422 509 τὸ,
2455 445 2600 499 κατὰ
2628 444 2860 515 ἀριθμὸν
2893 446 3147 514 ἀγγέλων
3176 444 3346 501 Θεοΰο
3378 448 3490 512 τὰς
3517 468 3638 505 νοε-

369 533 530 586 vult?
559 529 813 588 Virtutes
856 532 1176 603 spirituales
1221 540 1414 604 gentes
1469 541 1758 600 prmegere
1805 532 1948 589 Deus

2059 537 2159 608 ρὰς
2203 537 2462 608 δυνάμεις
2509 535 2905 610 ὑπερασπίζειν
2961 537 3217 594 ἐκέλευσε
3259 537 3372 595 τῶν
3405 540 3578 596 ἐθνῶν
3611 545 3644 597 6

367 621 562 692 jussit,
593 621 772 692 adque
795 623 880 676 sui
911 623 1120 677 cultum
1157 621 1460 686 adducere,
1483 636 1548 676 ac
1581 636 1680 692 per
1701 621 1800 676 has
1823 635 1948 692 quas

2058 627 2211 694 Θεὸς,
2246 629 2342 682 καὶ
2381 631 2462 693 είς
2508 628 2770 702 λατρείαν
2822 628 3090 700 δδηγῆσαι
3124 629 3225 700 τὴν
3274 631 3494 696 ἑαυτοῦ,
3547 635 3642 688 καὶ

372 713 440 769 ad
471 713 704 770 salutem
743 715 952 770 ducunt
975 715 1270 770 utilitatem
1295 729 1489 770 earum
1519 727 1790 770 summam
1819 729 1951 785 pro-

2058 716 2286 782 ταύταις
2311 717 2579 788 ὠφέλειαν
2601 719 2883 792 προξενῶν
2901 719 3000 792 τὴν
3023 715 3291 794 μεγίστην
3313 724 3640 796 δδηγοὺσαις

371 812 560 861 curat:

2059 809 2140 871 εἰς
2167 809 2465 878 σωτηρίαν.

444 917 466 951 ι
494 899 690 955 Castra
717 899 864 954 enim
893 907 1060 962 tenet,
1093 899 1294 970 inquit,
1323 899 1552 971 angelus
1579 897 1795 952 Domini
1823 898 2258 956 circatimentes
2288 901 2484 972 ipsius,
2521 911 2576 959 et
2605 901 2805 972 eripiet
2853 917 2948 958 eos
2975 905 3042 958 “.
3075 923 3095 957 ι
3144 903 3221 960 De
3263 904 3476 960 sanctis
3509 905 3636 960 item

372 985 596 1058 inquit:
640 1007 658 1040 ι
694 991 970 1053 Quoniam
999 990 1210 1059 angelis
1239 988 1356 1043 suis
1387 987 1455 1042 de
1484 997 1537 1043 te
1568 987 1875 1050 tnandabit,
1915 991 1976 1039 ut
2002 992 2056 1040 te
2079 986 2134 1040 in
2181 989 2440 1043 omnibus
2485 989 2761 1044 institutis
2801 989 2912 1045 tuis
2951 998 3217 1046 tueantur
3239 991 3307 1046 “.
3359 1010 3378 1044 ι
3402 976 3636 1048 Necnon

371 1075 578 1132 Paulus
599 1077 766 1132 etiam
801 1078 980 1148 inquit
1014 1095 1028 1132 :
1062 1096 1082 1130 ι
1119 1079 1312 1133 Annon
1347 1092 1544 1133 omnes
1589 1086 1718 1133 sunt
1762 1076 2137 1129 ministrantes
2180 1073 2346 1147 465
2398 1076 2653 1145 spiritus.
2695 1077 2788 1146 qui
2845 1078 2900 1131 in
2937 1078 3224 1134 servitium
3285 1077 3636 1148 ablegantur,

371 1176 600 1235 propter
632 1181 733 1222 eos
767 1167 970 1236 quibus
995 1168 1148 1223 salus
1176 1167 1528 1222 haereditario
1559 1167 1860 1220 ohventura
1888 1173 1973 1218 est
2004 1163 2074 1217 7°.
2105 1182 2128 1215 ι
2165 1163 2409 1232 Denique
2434 1179 2566 1220 vero
2596 1163 2859 1218 Servatur
2889 1165 3019 1234 inqu
3039 1167 3081 1220 it
3123 1183 3138 1220 :
3172 1184 3192 1218 ι
3227 1165 3495 1221 Videbitis
3523 1181 3639 1222 cm-

371 1252 454 1306 los
479 1252 814 1323 patefactus.
850 1257 1185 1326 angelosque
1217 1255 1311 1310 Dei
1345 1254 1648 1310 ascendere
1686 1263 1742 1306 et
1771 1249 2105 1306 descendere
2137 1265 2304 1319 super
2335 1249 2477 1305 Filio
2501 1250 2741 1306 hominis
2771 1249 2840 1307 ⁷⁸.
2875 1269 2896 1305 ι
2934 1250 3012 1305 De
3032 1251 3236 1322 quibus
3265 1252 3530 1322 scriptum
3552 1258 3640 1307 est

371 1339 518 1408 quod
561 1339 730 1395 Deum
769 1341 1060 1396 nobiscum
1091 1342 1374 1397 celebrent
1406 1359 1420 1394 :
1457 1361 1475 1393 ι
1512 1340 1802 1396 Celebrate
1834 1337 2146 1402 Dominum,
2177 1351 2371 1394 omnes
2406 1339 2644 1394 virtutes
2671 1339 2813 1408 ejus,
2871 1338 3110 1394 ministri
3157 1339 3304 1408 ejus,
3340 1340 3438 1409 qui
3476 1339 3635 1408 iussa

369 1428 492 1496 ejus
511 1428 879 1498 cxsequimini
909 1431 980 1486 τ’.
1024 1449 1044 1483 ι
1080 1431 1237 1496 Quod
1269 1445 1400 1484 vero
1431 1429 1542 1485 Deo
1573 1429 1740 1482 etiam
1767 1424 2128 1480 reverentiam
2151 1423 2348 1480 oﬁ‘erre
2363 1425 2619 1487 doceant,
2653 1436 2981 1496 argumento
3011 1426 3240 1498 angelus
3270 1427 3364 1497 qui
3385 1425 3637 1482 Gedeoni

370 1516 702 1585 comparuit,
734 1526 841 1571 est.
874 1515 984 1587 Ipsi
1025 1518 1174 1572 enim
1203 1518 1480 1574 victimam
1512 1515 1709 1570 oﬁ‘erre
1742 1512 1983 1583 gestivit.
2017 1513 2084 1565 At
2117 1512 2242 1566 ille:
2287 1533 2306 1566 ι
2347 1513 2522 1584 Cape.
2563 1514 2770 1584 inquit,
2810 1529 3009 1570 carnes
3039 1523 3095 1570 et
3117 1529 3338 1586 azyma,
3371 1522 3427 1570 et
3465 1530 3636 1584 super

373 1611 528 1671 petra
559 1602 652 1658 illa
689 1605 881 1674 ponito
917 1605 982 1660 ⁷³.
1025 1625 1044 1656 ι
1079 1604 1242 1660 Petra
1272 1619 1401 1660 vero
1427 1603 1514 1658 illa
1539 1603 1796 1658 Christus
1831 1606 1971 1662 erat,
2005 1599 2140 1654 dicit
2181 1599 2390 1657 Paulus
2441 1601 2508 1665 7‘,
2557 1611 2780 1672 propter
2809 1603 3008 1658 divina:
3078 1613 3284 1660 naturae
3319 1602 3636 1658 ﬁrmitatem

371 1690 945 1762 imtuobilitatemque.
975 1693 1152 1748 Simili
1180 1707 1402 1762 quoque
1434 1691 1597 1747 modo
1625 1689 1855 1758 angelus
1884 1685 1980 1756 qui
2011 1684 2206 1744 Manoe
2244 1689 2293 1743 ei
2331 1690 2651 1746 sacriﬁcare
2689 1691 2896 1744 volenti
2940 1691 3251 1761 comparuit
3299 1690 3480 1745 dixit:
3521 1709 3540 1742 ι
3578 1689 3637 1746 Si

371 1777 573 1833 feceris
603 1777 1014 1840 holocaustum,
1053 1777 1160 1833 Deo
1193 1779 1324 1832 illud
1351 1778 1548 1834 oﬁ‘eres
1577 1777 1680 1830 ⁷⁸.»
1709 1775 1864 1842 Quod
1896 1787 2028 1828 sane
2061 1773 2176 1842 ipse
2201 1791 2422 1846 quoque
2457 1792 2630 1845 super
2660 1788 2810 1844 petra
2849 1777 3088 1832 Domino
3119 1778 3190 1832 ob
3207 1777 3351 1831 tulit.

441 1863 515 1918 Et
531 1863 636 1934 fuit
656 1882 782 1936 pars
803 1865 1015 1920 Domini
1029 1865 1252 1936 populus
1269 1867 1385 1937 ejus
1413 1864 1602 1921 Iacob.
1623 1865 1864 1938 [XXXIL
1883 1863 1954 1935 9.]

2137 1865 2246 1920 Καὶ
2270 1864 2526 1932 ἐγενήθη
2545 1863 2715 1933 μερίς
2741 1863 2961 1931 Κυρίου
2999 1863 3150 1928 λαὸς
3185 1863 3371 1918 αὐτοῦ
3419 1861 3635 1918 Ἰακώϐ.

370 1955 508 2013 Pars
537 1957 718 2025 aliqua
751 1957 858 2013 Deo
899 1957 1064 2023 cedit,
1091 1974 1212 2028 qua:
1235 1959 1500 2014 electione
1523 1959 1696 2028 ipsam
1732 1957 1954 2027 dignam

371 2045 554 2104 ellicit.
579 2047 666 2102 Ac
688 2057 976 2118 propterea
998 2065 1122 2104 cum
1149 2045 1349 2105 Davide
1375 2050 1602 2104 clamat:
1631 2066 1652 2102 ι
1673 2046 1808 2104 Pars
1836 2061 1956 2102 mea

378 2136 646 2194 Dominus
675 2139 742 2192 ".
779 2158 799 2191 ι
834 2138 1132 2196 Electionis
1157 2141 1302 2196 enim
1327 2156 1447 2210 qua:
1472 2155 1567 2210 per
1596 2151 1778 2210 patres
1815 2138 1955 2193 facta

372 2237 458 2284 est
485 2230 705 2286 nomine
738 2231 925 2286 dilecti
951 2231 1317 2298 exstiterunt;
1341 2231 1476 2286 dicit
1503 2231 1650 2286 enim
1683 2230 1826 2286 Deus
1859 2245 1956 2300 per

372 2337 546 2386 unum
571 2323 964 2394 prophetarum
999 2339 1014 2377 :
1054 2343 1074 2378 ι
1101 2323 1384 2396 Tanquam
1411 2341 1571 2381 uvam
1626 2328 1680 2380 in
1733 2325 1952 2381 deserto

372 2414 629 2472 lsraelem
681 2415 864 2473 inveni
895 2435 909 2472 :
935 2425 991 2474 et
1017 2425 1279 2488 tanquam
1309 2419 1714 2488 speculatorem
1757 2419 1814 2474 in
1846 2419 1953 2475 ﬁcu

371 2509 706 2565 matutinum
736 2510 846 2565 vidi
875 2519 1059 2582 patres
1082 2510 1405 2580 ipsorum".
1429 2531 1450 2566 ι
1474 2511 1594 2580 Quo
1621 2528 1733 2568 rem
1765 2513 1955 2582 inspe-

371 2609 546 2656 ratam
589 2601 837 2666 denotat,
884 2603 1245 2674 intentosque
1302 2620 1426 2660 esse
1480 2605 1951 2676 exoptatissimus,

373 2693 625 2765 quamvis
679 2694 736 2748 in
786 2693 1013 2768 Assyria
1083 2695 1380 2752 simulacra
1421 2711 1612 2753 omnes
1637 2697 1951 2753 coluerunt.

372 2785 478 2853 Qui
513 2783 650 2842 vero‘
695 2785 1007 2842 dmmonum
1061 2787 1200 2844 socii
1226 2797 1358 2844 sunt
1385 2788 1633 2860 vulpium
1669 2799 1854 2860 partes
1897 2791 1954 2846 in

371 2879 601 2949 psalmis
636 2879 770 2936 dicti
799 2889 932 2938 sunt
957 2881 1023 2934 ⁷⁸.

447 2971 553 3028 Per
575 2975 954 3044 metaphoram
997 2990 1125 3030 vero
1151 2975 1458 3030 funiculum
1499 2975 1836 3032 hmreditatis
1872 2977 1957 3032 di-

369 3060 485 3126 cit;
545 3060 792 3116 funiculo
845 3062 991 3117 enim
1023 3069 1227 3119 terram
1276 3065 1726 3132 dimetiebantur,
1757 3083 1954 3138 quem-

2056 1956 2232 2027 Μερὶς
2281 1956 2495 2022 γίνεται
2543 1973 2625 2020 τις
2666 1955 2826 2020 Θεοῦ,
2873 1945 2970 2024 τῆξ
3015 1955 3250 2026 ἐκλογῆς
3274 1955 3439 2009 αὐτὸν
3487 1954 3639 2022 ἄξιον

2055 2046 2447 2118 ἐργαζόμενος,
2476 2047 2574 2099 καὶ
2607 2045 2749 2116 μετὰ
2770 2045 2932 2098 Δαὸὶδ
2962 2045 3052 2098 διὰ
3074 2045 3233 2098 τοῦτο
3267 2044 3428 2115 βοῶν·
3462 2062 3482 2097 ι
3517 2045 3637 2098 Με-

2061 2137 2146 2210 ρίς
2174 2155 2278 2208 μου
2312 2139 2342 2190 6
2372 2138 2602 2208 Κύριος.
2646 2158 2662 2187 ι
2699 2136 2858 2190 Κατὰ
2884 2136 2996 2207 γὰρ
3024 2136 3124 2207 τὴν
3155 2137 3388 2208 ἐκλογὴν
3421 2137 3643 2204 ἀγαπη-

2053 2232 2140 2282 τοὶ
2181 2227 2272 2282 διὰ
2298 2229 2428 2292 τοὺς
2483 2227 2729 2299 πατέρας
2786 2228 3062 2297 ἐγένοντο.
3113 2227 3255 2298 Φησὶ
3287 2227 3396 2300 γὰρ
3427 2226 3495 2281 δι’
3519 2229 3641 2292 ἑνὸς

2055 2315 2172 2371 τῶν
2223 2318 2526 2388 προφητῶν
2576 2319 2606 2370 6
2657 2317 2824 2380 Θεός·
2866 2335 2885 2367 ι
2925 2316 3011 2378 Ὠς
3049 2316 3326 2387 σταφυλὴν
3355 2316 3414 2370 ὲν
3444 2316 3642 2386 ἐρήμῳ

2055 2403 2216 2480 εὗρον
2237 2409 2330 2462 τὸν
2369 2407 2609 2481 Ἰσραὴλ,
2639 2409 2735 2462 καὶ
2758 2407 2835 2470 ὡς
2869 2406 3073 2462 σκοπὸν
3123 2409 3181 2460 ἐν
3219 2409 3361 2478 συκῇ
3387 2405 3643 2478 πρώἳμον

2055 2495 2200 2553 εἶδον
2229 2499 2476 2570 πατέρας
2499 2499 2701 2564 αὐτῶν,
2743 2517 2763 2552 ι
2807 2499 2872 2552 τὸ
2899 2500 3028 2570 παρ’
3050 2497 3242 2552 ἐλπίδα
3273 2498 3511 2562 δεικνὺς,
3543 2497 3646 2552 καὶ

2053 2589 2116 2644 τὸ
2167 2589 2276 2644 τῶν
2335 2589 2678 2660 εὑρεθέντων
2730 2589 3096 2660 τριπόθητον,
3151 2590 3370 2643 πάντων
3419 2589 3643 2644 εἰδωλο-

2053 2680 2396 2752 λατρούντων
2459 2682 2516 2734 ὲν
2557 2679 2840 2752 ’Δσσυρξεμ
2883 2681 2946 2732 Oi
3001 2679 3062 2734 δὲ
3117 2681 3232 2744 τοῖς
3263 2678 3530 2750 Δαίμοσιν
3558 2684 3644 2738 oio

2053 2775 2215 2842 κεῖοι,
2253 2773 2472 2845 μερίδες
2509 2765 2810 2827 ἀλωπέκων
2853 2771 3099 2843 εἴρηνται
3128 2773 3189 2828 ἐν
3227 2771 3506 2844 Ψαλμοῖς.

2124 2979 2145 2998 '
2167 2977 2396 3050 Σχοινίῳ
2425 2977 2536 3048 γὰρ
2559 2978 2784 3033 ἐποίουν
2825 2978 2927 3042 τὰς
2973 2977 3362 3049 διαμετρήσεις
3381 2975 3482 3047 τῆς
3515 2977 3648 3047 γῆς.

2055 3071 2214 3126 Οὕτω
2271 3069 2607 3142 διεμετρήθη
2661 3070 2757 3125 καὶ
2814 3069 3132 3141 διεμερίσθη
3193 3071 3226 3140 ή
3271 3069 3341 3140 γῆ
3371 3071 3486 3133 τοῖς
3511 3070 3648 3132 υἱοῖς

370 3153 670 3210 admodum
725 3162 870 3209 terra
932 3155 1322 3226 promissionis
1363 3157 1491 3214 ﬁliis
1531 3157 1701 3216 Israel
1729 3175 1952 3232 quoque

2068 3162 2311 3235 Ἰσραήλ.
2355 3162 2493 3217 Ἀπδ
2526 3163 2628 3232 τῆς
2695 3161 2988 3235 συνηθείας
3035 3157 3130 3216 οὖν
3155 3161 3372 3233 εἴρηται
3403 3161 3464 3215 τὸ
3492 3161 3648 3231 σχοί-

368 3252 461 3302 est
489 3244 766 3301 dimensa.

446 3333 649 3406 Sufﬁcit
673 3337 755 3391 illi
775 3337 830 3390 in
846 3337 1075 3393 deserto.
1097 3338 1238 3412 [l0.]
1269 3339 1499 3412 Aquilae
1514 3351 1569 3396 et
1589 3341 1958 3412 Theodotion,

374 3425 585 3484 Invenit
608 3445 750 3494 eum,
788 3429 1162 3493 reddiderunt.
1185 3431 1344 3502 juxta
1385 3433 1563 3490 illud:
1600 3454 1619 3488 ι
1654 3433 1764 3491 Ceu
1796 3449 1958 3492 uvam

374 3519 430 3576 in
463 3521 682 3576 deserto
731 3521 914 3576 iuveni
966 3523 1133 3578 lsrael
1179 3525 1247 3578 τ’.
1288 3543 1306 3577 ι
1344 3524 1619 3581 Czeterum
1656 3527 1712 3581 in
1739 3526 1959 3585 deserto

371 3611 572 3670 divinat
618 3615 975 3686 cognitionis.
1039 3617 1092 3670 in
1143 3617 1232 3673 siti
1281 3626 1334 3673 et
1379 3625 1537 3684 testu,
1561 3619 1618 3674 in
1650 3620 1770 3676 loco
1799 3621 1958 3692 aquis

373 3719 570 3760 vacuo.
609 3705 732 3758 Non
793 3705 941 3762 enim
985 3706 1262 3762 desertum
1313 3708 1444 3763 illud
1479 3709 1706 3766 ﬂuvium
1740 3711 1954 3778 habuit,

374 3797 467 3866 qui
497 3797 776 3854 civitatem
827 3796 921 3854 Dei
978 3799 1274 3864 rel'orillat,
1340 3816 1520 3872 neque
1563 3801 1767 3858 {alitem
1808 3804 1955 3870 vita,

374 3903 554 3960 neque
587 3899 882 3948 torrentem
913 3889 1264 3948 deliciarum.
1293 3892 1430 3950 Cum
1461 3894 1628 3967 igitur
1657 3897 1958 3954 invenisset

367 3996 522 4048 eum,
569 3983 692 4053 ejus
727 3983 983 4039 subvenit
1022 3983 1238 4054 inopiae.
1283 3983 1406 4042 Non
1453 3986 1602 4042 enim
1633 3987 1777 4044 alius
1819 3989 1954 4060 ipsis

369 4072 698 4139 sulliciebat,
769 4089 1074 4147 eorumque
1125 4075 1249 4132 ﬁdei
1301 4077 1766 4134 accommodatior
1811 4087 1954 4136 erat.

373 4164 549 4222 Porro
583 4163 950 4238 Symmachus
979 4167 1189 4224 clarius
1223 4167 1404 4224 adhuc
1429 4169 1683 4238 exposuit
1711 4185 1725 4222 :
1761 4168 1828 4225 In
1859 4170 1955 4227 de-

370 4267 514 4314 serto
543 4258 770 4325 inculto,
795 4268 965 4324 vasto,
1015 4260 1266 4316 obscuro.
1298 4259 1435 4328 Quis
1462 4261 1610 4317 enim
1637 4262 1774 4318 ordo
1808 4263 1954 4333 apud

368 4366 469 4408 eos
515 4351 609 4422 qui
673 4351 937 4410 Creatore
993 4361 1312 4423 contempto
1353 4362 1626 4410 creaturae
1663 4355 1957 4410 serviunt?

369 4459 496 4513 quae
525 4459 660 4501 sane
688 4460 718 4498 a
753 4445 942 4501 sancta
985 4443 1253 4500 Trinitate
1289 4445 1535 4501 desolata
1568 4461 1585 4512 ;
1639 4461 1750 4502 non
1807 4449 1952 4502 enim

2095 3271 2250 3309 ισιια.

2095 3271 2150 3309 ισ
2235 3294 2250 3309 .

2059 3273 2088 3310 ν
2131 3271 2526 3416 Εἶτάρκήσεν
2551 3344 2743 3400 αὐτὸν
2769 3345 2840 3399 ἐν
2869 3344 2948 3414 τῇ
2993 3343 3210 3413 ἐρήμῳ.
3257 3343 3492 3408 Ἀκύλας
3548 3343 3650 3398 καὶ

2057 3435 2380 3502 Θεοδοτίων,
2429 3431 2624 3504 Εὗρεν
2673 3435 2884 3501 αὐτὸν,
2949 3433 3302 3500 ἐκδεδώκασι,
3365 3432 3508 3486 κατὰ
3559 3432 3647 3500 τὸ,

2063 3546 2084 3581 ι
2137 3527 2229 3589 Ὠς
2259 3525 2540 3598 σταφυλὴν
2571 3528 2630 3581 ὲν
2657 3527 2857 3598 ἐρήμῳ
2885 3519 3045 3596 εὖρον
3072 3525 3164 3580 τὸν
3218 3524 3457 3597 Ἰσραήλ.
3489 3543 3508 3578 ι
3557 3524 3650 3579 Ἐν

2055 3619 2205 3692 δίψει
2242 3619 2526 3692 καύματος
2575 3619 2635 3673 ἐν
2696 3619 2933 3690 ἀνύδρῳ.
2993 3618 3068 3672 Οὐ
3104 3617 3212 3688 γὰρ
3254 3612 3366 3687 εἶχε
3402 3614 3650 3685 ποταμὸν

2055 3713 2148 3768 τὸν
2185 3713 2550 3787 εὐφραίνοντα
2576 3713 2678 3784 τὴν
2709 3710 2865 3766 πόλιν
2885 3709 2980 3764 τοῦ
3003 3708 3166 3785 Θεοῦ,
3189 3709 3312 3762 οὐδὲ
3337 3708 3439 3778 τὴν
3463 3703 3648 3776 πηγὴν

2054 3805 2158 3878 τῆς
2206 3805 2380 3877 ζωῆς,
2425 3804 2548 3860 οὐδὲ
2603 3803 2702 3860 τὸν
2751 3803 3091 3875 χειμάρρουν
3135 3799 3236 3868 τῆς
3277 3797 3488 3868 τρυφῆς
3543 3795 3649 3866 (6).

2057 3897 2224 3952 Ὅθεν
2274 3899 2333 3952 ὲν
2383 3896 2516 3970 δίψῃ
2565 3890 2636 3968 ἦν
2659 3895 3038 3964 συγκαιομένη
3085 3890 3192 3944 ὑπὸ
3228 3888 3324 3942 τοῦ
3361 3886 3647 3942 Διαϐόλου.

2071 3989 2130 4044 '0
2181 3989 2480 4060 Σύμμαχος
2522 3986 2787 4052 ἐξέδωκεν
2837 3985 2921 4040 ἔτι
2970 3981 3344 4056 σαφέστερονο
3414 3977 3525 4033 Καὶ
3577 3976 3654 4032 ἐν

2055 4077 2292 4146 ἀτάκτῳ
2317 4076 2418 4134 καί
2445 4075 2710 4144 ἀοικήτῳ
2732 4073 3148 4146 ἠφανισμένῃ.
3175 4068 3318 4128 Ποία
3351 4066 3465 4137 γὰρ
3491 4063 3650 4132 τάξις

2055 4166 2210 4239 παρὰ
2231 4167 2349 4229 τοῖς
2377 4167 2444 4237 τῇ
2475 4163 2657 4218 κτίσει
2686 4163 2837 4236 παρὰ
2860 4163 2954 4218 τὸν
2985 4161 3228 4232 Κτίστην
3252 4153 3648 4228 λατρεύουσινς

2055 4259 2177 4329 ἣτις
2198 4254 2456 4327 ἀοίκητος
2482 4255 2580 4325 τῆς
2600 4253 2763 4322 ἁγίας
2793 4252 3044 4325 Τριάδος.
3070 4251 3147 4306 οὐ
3170 4250 3280 4323 γὰρ
3312 4244 3568 4305 κατοικεῖ
3589 4243 3650 4298 ὲν

2057 4349 2276 4421 σώματι
2300 4347 2595 4420 καταχρὲῳ
2647 4345 2945 4416 ἁμαρτίας,
2978 4345 3036 4398 ὲν
3090 4339 3403 4414 ἀνθρώποις
3425 4337 3648 4394 ποιοῦσι

2056 4441 2426 4514 παρανομίαν.
2472 4441 2539 4496 Ἠ
2603 4439 2662 4494 δὲ
2716 4437 2922 4510 ἔρημος
2956 4436 3020 4490 οὐ
3058 4435 3218 4504 φύσει
3239 4431 3492 4505 τοιαύτη,
3523 4429 3646 4486 ἀλλ’

370 4533 430 4590 in
460 4549 694 4605 corpore
744 4533 961 4604 peccati
1004 4549 1113 4588 iere
1145 4533 1364 4597 obruto,
1409 4534 1465 4589 in
1495 4534 1813 4592 hominibus
1846 4535 1954 4592 ini-

2058 4533 2356 4605 1Ιιτιιάνισται
2376 4531 2482 4585 ὑπὸ
2503 4533 2604 4602 τῆς
2654 4527 3045 4598 ἀντικειμένης
3099 4525 3408 4596 δυνάμεως.
3449 4523 3644 4578 Νοοῖτο

369 4624 640 4692 quitatem
667 4621 1086 4694 designantibus
1125 4621 1359 4678 habitat.
1390 4621 1504 4679 Hoc
1526 4637 1657 4680 vero
1682 4625 1956 4682 desertum

370 4727 486 4768 non
519 4711 626 4766 tale
649 4720 845 4766 natura
873 4711 1116 4776 exsistit,
1141 4725 1334 4766 verum
1365 4711 1762 4768 obscuritatem
1795 4731 1954 4772 suam

370 4817 437 4856 ex
467 4801 517 4854 vi
551 4799 798 4870 opposita
849 4799 1143 4856 contraxit.
1185 4799 1278 4854 Sic
1327 4798 1512 4872 itaque
1548 4802 1720 4860 illud:
1759 4823 1778 4855 ι
1809 4803 1958 4865 Satis

2053 4625 2102 4681 δ’
2133 4624 2200 4679 ἂν
2232 4624 2328 4679 καὶ
2347 4622 2490 4678 οὕτω
2511 4621 2592 4688 τὸ,
2633 4639 2654 4674 ι
2693 4619 3090 4690 Δὺτάρκησεν·
3127 4635 3148 4670 ι
3205 4615 3501 4688 αὐτάρκεις
3531 4614 3641 4685 γὰρ

2058 4717 2256 4781 αὐτοὺς
2280 4715 2575 4786 πεποίηκε,
2598 4711 2826 4784 μηδενὸς
2845 4707 3187 4780 ὑστερεῖσθαι
3213 4706 3642 4780 παρασκευάσας

2067 4811 2128 4863 ὲν
2160 4809 2356 4880 ἐρήμῳ
2381 4807 2601 4862 πάντων
2631 4803 2862 4878 νοσούσῃ
2883 4801 2980 4874 τὴν
3010 4800 3238 4856 ἔνδειαν.

371 4890 504 4947 [erit
531 4890 610 4954 ei;
645 4909 664 4942 ι
703 4889 1079 4961 concipiatur;
1143 4887 1339 4946 eﬁecit.
1371 4891 1518 4946 enim
1570 4899 1628 4946 ut
1656 4907 1755 4948 sua
1793 4904 1944 4952 sorte
1973 4896 2218 4954 contenti
2273 4903 2484 4960 essent,
2511 4892 2770 4966 nullaque
2795 4892 2924 4948 rein
2945 4891 3164 4949 deserto
3225 4889 3474 4946 omnium
3541 4903 3625 4944 re-

373 5002 496 5040 rum
530 4987 712 5056 inopia
742 4984 1026 5047 laborante
1054 4983 1371 5040 deﬁcerent.

444 5077 819 5134 Circnmduxit
845 5093 962 5132 eum
985 5086 1034 5133 et
1063 5075 1290 5132 erudivit
1317 5092 1456 5132 eum.
1479 5074 1662 5131 Multis
1685 5079 1830 5132 enim
1857 5079 1952 5134 tri-

373 5171 753 5229 bulationibus
817 5177 1002 5240 patres
1057 5183 1248 5224 eorum
1310 5169 1662 5241 pertentavit,
1703 5183 1850 5225 nunc
1881 5186 1950 5226 ex

2176 5079 2556 5132 Ἐκύκλωσεν
2607 5074 2794 5131 αὑτὸν
2859 5075 2955 5130 καὶ
3001 5073 3365 5129 ἐπαίδευσεν
3414 5073 3622 5130 αὐτόν.

2054 5172 2073 5196 ⁶
2111 5169 2437 5240 Ἐδοκίμασε
2497 5165 2610 5238 γὰρ
2660 5165 2790 5230 τοὺς
2841 5164 3085 5237 πατέρας
3114 5162 3296 5218 αὐτῶν
3327 5161 3406 5234 (Ἰ)
3433 5161 3532 5214 καὶ
3549 5160 3637 5214 διὰ

445 5331 491 5364 ⁸⁸
526 5328 671 5389 Psal.
701 5347 898 5394 uxut,
931 5331 986 5385 8.
1061 5331 1106 5363 θ’
1123 5329 1266 5384 Psal.
1293 5345 1376 5391 xc,
1411 5330 1500 5384 ll.
1575 5330 1622 5362 ⁷⁸
1661 5327 1827 5384 Hebr.
1861 5343 1904 5387 ι.
1949 5329 1954 5380 i

2110 5328 2152 5358 '”
2182 5323 2342 5380 Joan.
2375 5338 2416 5385 t.
2445 5323 2534 5378 5l.
2610 5321 2828 5394 πρωί.
2868 5335 2962 5385 cn,
2988 5319 3085 5394 ἓξ.
3157 5316 3415 5394 'fdudic.
3448 5315 3634 5394 Vt.

373 5399 422 5434 "
451 5399 622 5458 ltlor.
657 5386 715 5467 ξ,
757 5403 811 5457 4.
885 5386 933 5435 θ’
957 5399 1138 5456 Judic.
1168 5415 1286 5467 xm,
1321 5386 1408 5454 lii.
1487 5400 1531 5432 "
1559 5386 1920 5465 Psal.cxvnt,
1956 5397 2051 5454 57.
2121 5397 2165 5429 "
2194 5395 2332 5465 osse
2355 5411 2431 5457 Ix,
2462 5393 2550 5449 l0.
2622 5393 2667 5425 ⁷⁸
2691 5389 2838 5448 Psal.
2864 5406 2998 5458 un,
3035 5390 3124 5446 ll.
3186 5390 3232 5424 "’
3267 5386 3407 5444 Osee
3435 5401 3512 5450 Ix,
3546 5387 3636 5442 l0.

1915 5512 2143 5572 NOTAE.

451 5637 529 5708 (6}
574 5640 767 5711 Εὖρὼν
801 5632 895 5693 οὖν
927 5637 1111 5711 αὐτὸν,
1154 5634 1401 5711 ἠρκέσθη
1433 5633 1603 5711 αὐτῷ..
1634 5633 1709 5687 06
1743 5631 1854 5704 γὰρ
1881 5626 1950 5701 ἦν

372 5704 567 5780 ἕτερος
593 5704 871 5780 ίκὰνδςεὶς
899 5704 1379 5780 abruptius.th
1407 5704 1488 5780 ei;
1518 5704 1950 5780 finiunturﬁ-

377 5771 656 5850 τίομενος.
683 5771 867 5835 Ταῦτα
895 5780 1016 5834 ἀντὶ
1044 5771 1154 5834 τῶν
1181 5776 1305 5848 ἑξῆς
1328 5777 1354 5830 6
1375 5775 1475 5848 τῆς
1503 5773 1638 5842 Αὐγ.
1676 5771 1805 5828 κὼδ.

2132 5629 2210 5699 (7)
2253 5625 2462 5699 ΪΥμξῶνε
2502 5623 2594 5680 καὶ
2627 5619 3188 5699 ξιάλτξιρδς.-κειὶδιά
3220 5613 3432 5699 sane»;
3487 5607 3636 5699 Effi-

2061 5677 2207 5769 ραέςὲ
2251 5677 2533 5819 (uitiis
2563 5677 2684 5752 σελ.
2721 5677 2850 5750 869:
2890 5677 2986 5745 τοῦ
3015 5692 3049 5747 5
3079 5689 3178 5761 τῆς
3201 5689 3281 5750 εἰς
3319 5687 3442 5747 τοὺς
3491 5677 3636 5736 Ψαλ.

2057 5785 2198 5839 σειρ.
2229 5783 2260 5820 τ
2296 5783 2355 5838 μ.
