4036 6214
429 319 528 382 ar-t
1337 313 1872 373 COMMENTARII
1913 311 1995 370 1N
2028 310 2722 372 DEUTERONOMIUM.
3605 306 3710 370 ευρ

433 425 646 480 πολλῶν
669 421 922 492 ἐπῦρωσε
955 421 1208 490 θλίψεων.
1235 423 1460 492 Πρῶτον
1489 422 1590 492 μὲν
1621 422 1734 474 ἀπὸ
1762 422 1860 491 τῆς
1903 423 2027 476 ’Ᾱσα

1621 422 1734 474 ἀπὸ
1762 422 1860 491 τῆς
1903 423 2027 476 Ἀσο
2063 437 2098 484 Α
2131 425 2354 494 Assyria
2411 424 2464 476 in
2517 423 2910 484 Chananmam,
2943 421 3066 478 inde
3101 424 3156 478 in
3201 422 3521 496 Egyptum,
3557 441 3708 480 nunc

433 516 722 588 συρίαςίε)
749 517 830 577 είς
857 513 962 584 γῆν
1020 513 1244 568 Χαναὰν
1297 515 1670 584 μεταστήσας,
1707 514 1802 566 καὶ
1857 513 2018 566 πάλιν

1613 530 1670 578 .ς,
1707 514 1802 566 καὶ
1857 513 2018 566 πάλιν
2123 516 2320 570 iterum
2351 516 2404 568 iu
2452 513 2816 569 Cbauauazam
2865 514 3270 572 transferendo.
3317 516 3502 573 Voluit
3525 527 3710 574 autem

429 611 510 672 είς
539 607 842 673 Αἴγυπτον,
903 605 1000 660 καὶ
1049 607 1108 672 ἐξ
1144 605 1425 674 Αἰγύπτου
1461 605 1624 658 πάλιν
1652 607 1734 665 εἰς
1771 604 2018 670 Χαναὰν,

1613 623 1624 655 ο
1652 607 1734 665 εἰς
1771 604 2018 670 Χαναὰν,
2119 606 2339 660 erudire
2355 620 2472 670 eos,
2505 604 2970 675 quemadmodum
3004 603 3274 660 Jacobum
3317 607 3374 660 in
3399 608 3714 680 MesOpota-

429 698 526 752 καὶ
563 696 782 768 μυρίοις
803 697 1137 768 πειρασμοῖς
1157 693 1472 765 περιέϐαλε,
1499 690 1796 746 παιδεῦσαι
1821 693 2021 755 αὐτοὺς

1613 690 2021 755 δεῦσαιαύτοὺς
2128 697 2292 750 miam
2326 711 2450 758 cum
2485 697 2732 762 duceret,
2777 705 2832 750 et
2867 697 2935 750 ad
2985 697 3181 752 salutis
3239 691 3708 767 exspectationem

430 765 780 861 βουλδμενος.
809 765 917 840 Τὸν
969 765 1172 840 ’Ἰακὼϐ
1201 784 1255 838 δὲ
1305 784 1402 846 καὶ
1450 785 1532 848 είς
1585 784 2022 854 Μεσοποταμίαν

1613 784 2022 854 Ᾰεσοποταμίαν
2123 787 2472 843 conﬁrmare.
2544 787 2764 842 Interim
2823 797 3004 843 tamen
3032 789 3157 858 ejus
3190 765 3449 858 tanquam
3481 793 3712 862 pupillae

429 883 714 949 ἀπήγαγε,
747 879 844 932 καὶ
897 876 1182 930 δουλεῦσαι
1215 875 1518 946 πεποίηκεν
1544 894 1558 909 ·
1607 877 1757 939 ὅπως
1803 875 1893 929 διὰ
1922 876 2021 944 τῆς

1613 877 1757 939 ὅπως
1803 875 1893 929 διὰ
1922 876 2021 944 τῆς
2127 881 2275 934 oculi
2306 895 2494 936 curam
2531 883 2724 950 gessit.

429 969 710 1043 ὑπομονῆς
757 967 854 1022 καὶ
887 967 990 1038 τῆς
1022 967 1100 1028 είς
1140 965 1274 1018 Θεὸν
1300 965 1516 1029 ἐλπίδος
1569 967 2022 1037 κατεργάσωνται

425 1065 525 1134 τὴν
557 1059 770 1114 ἑαυτῶν
793 1057 1091 1129 σωτηρίαν.
1729 1049 1732 1054 ’

511 1152 598 1215 Ὠς
619 1150 804 1216 λέγειν
837 1148 929 1203 τὸν
987 1147 1209 1211 Ἰακὼϐ,
1241 1165 1260 1199 ι
1309 1146 1367 1202 Ὀ
1388 1145 1619 1215 ἄγγελος
1679 1149 1707 1200 6
1758 1146 2020 1218 ρυόμενός

1613 1164 1619 1209 ;
1679 1149 1707 1200 6
1758 1146 2020 1218 ρυόμενὸς
2199 1145 2267 1200 Ut
2292 1146 2502 1202 diceret
2532 1146 2702 1202 Jacob
2731 1167 2745 1202 :
2778 1167 2798 1199 ι
2831 1149 3071 1219 Angelus
3107 1149 3322 1205 Domini
3355 1166 3420 1206 ex
3453 1151 3711 1208 omnibus

430 1261 496 1316 με
529 1245 592 1296 ἐκ
619 1243 838 1296 πάντων
877 1239 985 1293 τῶν
1017 1239 1208 1293 κακῶν
1241 1255 1364 1308 μου.
1408 1257 1428 1289 ι
1450 1239 1559 1293 Καὶ
1591 1238 1774 1304 πάλιν,
1804 1257 1822 1289 ι
1855 1239 1917 1291 Et
1941 1238 2017 1309 μὴ

1613 1238 1774 1304 πάλιν,
1804 1257 1822 1289 ι
1855 1239 1917 1291 Et
1941 1238 2017 1309 μὴ
2129 1240 2284 1294 malis
2317 1239 2452 1294 meis
2506 1256 2593 1294 Ine
2655 1241 2859 1309 eripuit
2889 1241 2959 1296 ⁸ο.
3005 1259 3023 1292 ι
3063 1241 3129 1295 Et
3175 1243 3416 1298 iterum:
3452 1262 3471 1295 ι
3511 1245 3568 1298 Si
3600 1260 3708 1300 non

426 1338 455 1390 6
481 1335 616 1398 Θεὸς
643 1331 736 1386 τοῦ
765 1333 973 1402 πατρός
998 1348 1100 1400 μου
1145 1330 1399 1401 Ἀϐραὰμ
1419 1327 1488 1399 ἦν
1530 1348 1644 1400 μοι,
1667 1331 1764 1384 καὶ
1801 1333 1828 1384 6
1856 1331 2019 1401 φόϐος

1613 1348 1644 1395 ι,
1667 1331 1764 1384 καὶ
1801 1333 1828 1384 ὁ
1856 1331 2019 1401 φόϐος
2127 1328 2274 1384 Deus
2297 1329 2468 1398 patris
2503 1329 2604 1385 mei
2642 1331 2918 1384 Abraham
2973 1329 3245 1387 adfuisset
3271 1334 3426 1398 mihi,
3467 1342 3521 1388 et
3545 1333 3710 1390 timor

439 1423 644 1491 Ἰσαὰκ,
677 1422 772 1476 νῦν
805 1421 872 1476 ἂν
897 1420 1058 1476 κενόν
1093 1437 1160 1491 με
1195 1419 1614 1488 ἐξαπέστειλας.
1646 1438 1666 1472 ι

1613 1464 1614 1468 η
1646 1438 1666 1472 ι
2123 1419 2294 1483 Isaac.
2327 1435 2476 1474 nunc
2498 1435 2584 1474 me
2621 1437 2854 1476 vacuum
2879 1423 3186 1480 dimisisses
3214 1426 3398 1495 utique
3419 1427 3484 1479 ⁸⁸.
3518 1446 3537 1479 ι

507 1516 668 1570 Ἀλλὰ
719 1515 818 1570 καὶ
868 1516 996 1579 τοὺς
1057 1513 1154 1570 νῦν
1184 1515 1484 1578 ἀκούοντας
1510 1515 1793 1570 ἐκύκλωσε
1835 1513 1890 1588 μ’
1920 1513 2018 1586 ἐτη

1615 1515 1793 1569 κλωσε
1835 1513 1890 1588 μ’
1920 1513 2018 1586 ἐτη
2200 1509 2341 1577 Quin
2363 1519 2420 1564 et
2449 1521 2745 1579 praesentes
2765 1514 3044 1570 auditores
3076 1514 3445 1571 circumduxit
3470 1516 3714 1586 quadra-

424 1609 522 1680 τὴν
558 1608 786 1680 ἔρημον,
815 1605 894 1667 ὡς
921 1605 1105 1674 λέγειν
1131 1605 1340 1661 Μωσέα
1357 1623 1371 1638 ·
1393 1623 1410 1657 ι
1452 1606 1566 1662 Καὶ
1595 1606 1886 1678 μνησθήσῃ
1911 1609 2016 1659 πᾶ·-

1613 1606 1886 1678 ινησθήσῃ
1911 1609 2016 1659 πᾶα
2127 1603 2278 1672 ginta
2307 1616 2484 1659 annos
2523 1618 2620 1673 per
2663 1605 2957 1672 desertum,
2991 1616 3054 1662 ιιι
3073 1607 3220 1664 dicat
3251 1608 3430 1665 Moses
3467 1627 3482 1664 :
3533 1629 3553 1662 ‹
3591 1608 3710 1665 Me-

427 1719 527 1756 σαν
557 1701 656 1774 τὴν
672 1700 814 1766 ὁδὸν,
861 1699 928 1770 ἢν
983 1697 1159 1769 ἠγαγέ
1184 1715 1246 1752 σε
1284 1697 1490 1769 Κύριος
1511 1699 1541 1752 ὁ
1573 1699 1706 1763 Θεός
1743 1717 1838 1752 σου
1860 1699 2022 1753 τοῦτο

1613 1699 1706 1763 ιεός
1743 1717 1838 1752 σου
1860 1699 2022 1753 τοῦτο
2129 1697 2356 1753 mineris
2403 1713 2626 1769 quoque
2658 1699 2844 1754 cuncti
2893 1699 3107 1758 itineris
3129 1715 3228 1772 per
3259 1702 3407 1771 quod
3443 1709 3496 1758 te
3524 1701 3708 1758 Domi-

425 1791 870 1864 τεσσαρακοστὸν
919 1791 1040 1855 ἔτος
1067 1793 1127 1845 ἐν
1163 1791 1232 1862 τῇ
1261 1791 1486 1861 ἐρήμῳο
1517 1789 1666 1854 ὅπως
1695 1791 1762 1846 ἂν
1792 1779 2020 1862 κακώσῃ
2055 1853 2058 1863 η

1613 1809 1666 1854 ος
1695 1791 1762 1846 ἂν
1792 1779 2020 1862 κακώσῃ
2055 1807 2099 1865 Β
2127 1802 2234 1844 nus
2279 1787 2422 1843 Deus
2453 1799 2582 1844 tuus
2629 1788 2875 1844 deduxit.
2905 1790 3139 1861 Jamque
3168 1792 3622 1862 quadragesimus
3652 1792 3708 1848 in

429 1887 626 1953 σερκαὶ
647 1885 955 1957 ἐκπειράσῃ
981 1901 1062 1950 σε,
1091 1883 1188 1938 καὶ
1211 1883 1516 1956 διαγνωσϐῇ
1541 1881 1610 1936 τὰ
1643 1885 1702 1936 ἐν
1724 1885 1792 1953 τῇ
1819 1881 2021 1954 καρδίᾳ

1643 1885 1702 1936 ἐν
1724 1885 1792 1953 τῇ
1819 1881 2021 1954 καρδίᾳ
2124 1879 2346 1934 deserto
2392 1879 2572 1950 agitur
2623 1885 2826 1944 annus,
2857 1897 2970 1950 quo
2999 1889 3053 1937 te
3085 1882 3286 1954 adligat
3315 1891 3370 1938 et
3421 1893 3592 1939 tentet
3630 1893 3706 1950 te,

429 1996 547 2044 σου,
580 1979 629 2032 εί
664 1977 878 2050 φυλάξῃ
901 1977 1001 2040 τὰς
1030 1976 1253 2039 ἐντολὰς
1303 1975 1491 2039 αὐτοῦ,
1520 1975 1552 2045 ἢ
1588 1972 1670 2028 οὗ.
1709 1993 1726 2024 ι
1763 1973 1876 2026 Καὶ
1914 1973 2020 2026 πά-

1613 1972 1670 2028 l5.
1709 1993 1726 2024 ι
1763 1973 1876 2026 Καὶ
1914 1973 2020 2026 πά·
2122 1977 2178 2026 et
2212 1970 2574 2042 cogitationes
2598 1971 2780 2026 cordis
2805 1975 2883 2026 tui
2915 1973 3333 2044 dignoscantur,
3359 1989 3428 2030 an
3449 1977 3707 2034 mandata

425 2067 530 2135 λιν,
564 2087 582 2120 ι
631 2069 719 2133 Ὠς
747 2069 800 2122 εί
823 2085 909 2131 τις
937 2065 1230 2122 παιδεύσαι
1251 2066 1541 2136 ἄνθρωπος
1565 2065 1656 2117 τὸν
1683 2063 1798 2118 υἱὸν
1824 2061 2014 2130 αὐτοῦ,

1613 2076 1656 2117 »ν
1683 2063 1798 2118 υἱὸν
1824 2061 2014 2130 αὐτοῦ,
2123 2059 2246 2131 eius
2263 2061 2668 2125 observaveris.
2693 2079 2762 2117 an
2791 2065 2972 2120 minus
2999 2064 3066 2120 ε’.
3102 2083 3120 2117 ι
3160 2065 3225 2120 Et
3253 2067 3448 2121 iterum
3473 2083 3486 2121 :
3511 2087 3528 2120 ι
3553 2067 3706 2134 Quo-

425 2158 568 2214 οὕτω
593 2157 803 2230 Κύριος
841 2158 872 2212 6
904 2156 1039 2221 Θεός
1075 2173 1170 2210 σου
1206 2154 1490 2210 παιδεύσει
1516 2172 1599 2211 σε.
1637 2173 1656 2205 ι

1637 2173 1656 2205 ι
2123 2153 2272 2208 niam
2307 2162 2368 2208 ut
2400 2155 2565 2210 homo
2599 2155 2773 2210 lilium
2831 2171 2992 2211 suum
3050 2159 3270 2213 erudire
3298 2160 3458 2225 solet,
3489 2160 3565 2215 ita
3599 2159 3707 2216 Do-

1613 2233 1616 2236 ⁴
2125 2245 2307 2300 minus
2347 2245 2492 2302 Deus
2522 2255 2651 2302 tuus
2683 2255 2738 2302 te
2761 2245 3000 2301 erudivit
3029 2248 3095 2302 ⁸³.
3133 2267 3152 2300 ι

497 2346 955 2414 Quemadmodum
987 2345 1168 2416 aquila
1189 2341 1319 2397 solet
1337 2351 1604 2411 protegere
1633 2339 1814 2394 nidum
1832 2355 2010 2396 suum.
2028 2337 2274 2411 txxxu,
2305 2337 2416 2412 1L]
2437 2341 2554 2395 Hoc
2572 2340 2771 2394 animal
2793 2355 2987 2396 amans
3018 2357 3240 2398 suorum
3269 2343 3543 2414 pullorum
3575 2355 3659 2402 est
3687 2363 3703 2401 :

428 2451 568 2506 quos
591 2451 724 2490 cum
763 2434 826 2488 in
857 2441 1230 2488 monstrosam
1263 2429 1659 2485 sublimitatem
1719 2428 1983 2482 subduxit
2029 2435 2086 2481 et
2111 2427 2308 2480 volare
2340 2427 2526 2491 docet,
2577 2434 2631 2481 et
2661 2427 2902 2483 diductis
2929 2430 3107 2484 oculis
3151 2432 3322 2486 solem
3383 2437 3698 2504 oppositum

429 2523 656 2579 intueri.
689 2521 846 2588 Quod
878 2521 926 2576 si
961 2535 1108 2574 unus
1158 2533 1223 2572 ex
1279 2518 1364 2571 his
1411 2515 1504 2584 qui
1539 2515 1674 2569 solis
1713 2515 2062 2583 splendorem
2101 2513 2346 2584 perferre
2393 2523 2649 2584 nequeat,
2680 2530 2780 2585 pro
2813 2517 3005 2586 spurio
3061 2517 3227 2574 habet
3247 2527 3303 2574 et
3352 2521 3705 2578 condemnat.

428 2611 506 2665 Ita
536 2625 700 2666 veros
733 2609 1058 2664 adoratores
1085 2607 1138 2660 in
1166 2604 1334 2677 466
1359 2603 1528 2657 altum
1557 2600 2046 2668 contemplationis
2075 2599 2388 2670 spiritualis
2435 2600 2647 2666 educit,
2673 2602 2741 2658 de
2771 2603 2976 2672 quibus
3021 2603 3193 2661 Isaias
3246 2606 3429 2676 inquit
3463 2626 3476 2660 :
3512 2627 3532 2660 ι
3570 2609 3701 2666 Alas

431 2698 788 2754 tolleutsicut
821 2695 1039 2767 aquilae.
1065 2691 1334 2750 Clll'l‘tlnl.
1383 2697 1441 2744 et
1489 2689 1812 2757 neutiquam
1887 2685 2342 2758 defatigabuutur
2371 2687 2440 2744 “.
2479 2707 2497 2740 ι
2528 2687 2634 2754 Qui
2683 2705 2816 2745 vero
2860 2700 3092 2746 currant
3145 2689 3405 2749 Servatur
3447 2695 3652 2752 indicat
3687 2716 3702 2753 :

437 2805 455 2840 ι
487 2786 590 2843 Ubi
633 2787 892 2850 cadaver,
932 2784 1004 2840 ibi
1033 2779 1524 2851 congregabuntur
1551 2778 1750 2846 aquila:
1779 2775 1846 2830 ⁸³.
1887 2794 1907 2826 ι
1936 2774 2180 2840 Quorum
2225 2777 2486 2845 juventus
2529 2793 2627 2846 per
2675 2778 2922 2834 divinam
2956 2780 3283 2836 tinctionem
3317 2783 3466 2838 velut
3501 2785 3700 2854 aquilae

399 2875 789 2932 'renovabitnr
813 2873 883 2926 ⁸⁸.
913 2871 970 2928 Si
1003 2885 1135 2925 vero
1158 2869 1283 2939 quis
1309 2866 1448 2922 civis
1475 2867 1720 2920 cmlestts
1755 2863 1932 2918 factus
1961 2861 2148 2926 fuerit,
2183 2861 2368 2918 audiet
2395 2863 2638 2920 :Umbra
2699 2866 3056 2936 scapularum
3095 2883 3320 2922 suarum
3356 2880 3601 2941 proteget
3631 2881 3704 2937 te,

427 2970 484 3016 et
511 2961 618 3016 sub
647 2961 752 3015 alis
785 2958 966 3030 ipsius
993 2972 1148 3028 spem
1175 2953 1466 3010 recondes.
1528 2951 1707 3020 Super
1760 2951 2022 3004 humeros
2064 2951 2210 3004 enim
2266 2952 2553 3018 tollentur,
2599 2959 2654 3008 et
2689 2969 2856 3023 super
2885 2953 3114 3008 brachio
3149 2956 3591 3012 sublevabuntur
3633 2960 3704 3018 ⁸⁷.

430 3048 586 3116 Quod
618 3057 801 3102 autem
830 3053 1036 3100 tantam
1079 3057 1209 3112 erga
1231 3057 1326 3096 eos
1359 3053 1549 3094 curam
1583 3037 1851 3102 declaret,
1881 3036 1999 3106 ipse
2029 3053 2250 3108 quoque
2291 3037 2554 3094 Servatur
2591 3041 2647 3096 in
2699 3041 3059 3096 similitudine
3091 3058 3194 3111 qua
3243 3059 3370 3114 erga
3401 3043 3706 3102 Jerusalem

432 3153 588 3199 usus,
615 3133 881 3190 indicavit
915 3149 928 3187 :
965 3149 983 3184 ι
1026 3129 1256 3197 Quoties
1283 3127 1546 3197 colligere
1578 3133 1703 3180 tuos
1735 3123 1960 3189 liberos,
1998 3124 2464 3195 quemadmodum
2497 3127 2702 3198 gallina
2729 3127 2867 3183 solet
2901 3128 3081 3199 pullos
3107 3143 3236 3184 suos
3263 3131 3368 3185 sub
3403 3132 3519 3188 alas
3551 3148 3705 3202 suas,

503 3225 600 3277 lui.
627 3231 816 3277 etnon
852 3219 1078 3277 voluisti
1109 3218 1155 3250 ⁸⁸
1187 3233 1202 3270 :

429 3239 600 3289 vomu,
627 3239 680 3278 et
706 3239 816 3277 non
852 3239 1078 3277 vetuisu
1109 3239 1155 3250 νυ
1187 3239 1202 3270 ;

503 3313 626 3366 Οὐκ
676 3305 757 3380 ἦν
806 3309 935 3378 μετ’
971 3305 1172 3362 αὐτῶν
1215 3303 1367 3370 Θεὸς
1408 3303 1751 3372 ἀλλότριος.
1785 3303 1805 3322 ⁴
1828 3297 2058 3362 Καθώςι

1613 3319 1751 3366 ριος.
1785 3303 1805 3322 ⁹
1828 3297 2028 3362 Καθὼς
2055 3307 2098 3368 c
2204 3301 2318 3356 Nec
2345 3315 2460 3357 erat
2489 3321 2608 3358 cum
2634 3320 2694 3359 eo
2717 3303 2860 3359 Deus
2910 3304 3137 3360 alienus.
3188 3304 3324 3380 [l2]
3378 3307 3509 3374 Quae
3558 3308 3706 3365 enim

429 3420 596 3474 φησιν
618 3403 646 3454 ὁ
675 3401 958 3464 θεσπέσιος
983 3398 1196 3462 Παῦλος
1217 3413 1230 3426 ·
1259 3397 1389 3449 ποία
1417 3395 1672 3449 κοινωνία
1703 3393 1845 3461 φωτὶ
1883 3391 2020 3464 πρὸς

1619 3395 1672 3446 ία
1703 3393 1845 3461 φωτὶ
1883 3391 2020 3464 πρὸς
2127 3392 2513 3454 communitas,
2542 3389 2714 3445 Paulo
2746 3401 2883 3448 teste
2899 3393 2970 3460 θ’,
2992 3394 3100 3449 luci
3123 3411 3246 3451 cum
3281 3398 3707 3471 tenebris?qua'.

431 3493 621 3556 σκότος
643 3508 658 3556 ;
685 3491 718 3562 ἢ
745 3491 825 3554 τίς
861 3488 1217 3560 συμφώνησις
1244 3485 1482 3556 Χριστοῦ
1512 3485 1646 3555 πρὸς
1685 3482 1880 3536 Βελίαλ
1906 3498 1922 3548 ;

1613 3500 1646 3548 ›ς
1685 3482 1880 3536 Βελίαλ
1906 3498 1922 3548 ;
2125 3483 2420 3536 consensio
2451 3481 2673 3538 Christo
2698 3498 2822 3538 cum
2847 3484 3012 3539 Belial
3036 3486 3058 3540 ?

513 3584 902 3637 Ἀνεϐἰϐασεν
931 3579 1156 3644 αὐτοὺς
1212 3577 1314 3630 ἐπὶ
1363 3575 1478 3644 τὴν
1506 3574 1694 3644 ἰσχὺν
1730 3573 1842 3642 τῆς
1885 3571 2017 3644 γῆς.

1615 3574 1694 3628 ὺν
1730 3573 1842 3642 τῆς
1885 3571 2017 3644 γῆς,
2195 3567 2382 3623 Erexit
2417 3587 2506 3624 eos
2531 3573 2582 3625 in
2609 3573 2934 3640 {ortalitium
2964 3587 3138 3629 terrm.
3167 3573 3305 3648 [l5.]
3345 3575 3517 3647 Supra
3545 3585 3706 3632 terra:

433 3677 454 3697 ‘
497 3670 843 3734 Ἀνεϐίϐασε,
895 3668 1176 3722 τουτέστιν
1237 3665 1606 3736 ὑψηλοτέρους
1663 3664 1862 3725 αὐτοὺς
1907 3661 2019 3716 τῶν

1663 3664 1862 3725 αὐτοὺς
1907 3661 2019 3716 τῶν
2123 3659 2334 3715 incolas
2369 3675 2464 3715 eos
2499 3663 2717 3716 extulit.
2762 3663 2964 3718 Eodem
3023 3666 3185 3718 modo
3232 3668 3430 3736 Aquila
3478 3684 3702 3740 quoque

430 3764 638 3832 γηΐνων
670 3760 994 3828 πεποίηκεν.
1049 3757 1135 3820 Ὠς
1152 3756 1261 3827 γὰρ
1305 3755 1539 3819 Ἀκύλας
1565 3753 1755 3824 φησὶν,
1797 3752 2020 3807 Ἐπὶιτὸ

1613 3753 1755 3824 ησὶν,
1797 3752 2020 3807 Ἐπὶ-τὸ
2124 3757 2305 3824 inquit
2345 3773 2358 3809 :
2394 3755 2462 3808 In
2491 3757 2660 3810 ultum
2685 3769 2838 3814 terra:
2868 3775 2954 3813 eos
2972 3759 3218 3816 adduxit.

431 3855 648 3924 ὕψωμα
673 3849 785 3919 τῆς
823 3849 937 3920 γῆς
965 3847 1186 3914 αὐτοὺς
1236 3847 1578 3909 ἀνεϐίϐασε,
1629 3845 1796 3916 μηδὲν
1824 3861 2018 3896 ταπει-

431 3945 582 4018 νδνῆ
617 3942 957 4014 χαμαίζηλον
1009 3941 1208 4004 αὐτοὺς
1261 3938 1617 4009 ἐνθυμεῖσθαι
1672 3935 2016 4006 βουλόμενος.

499 4037 661 4092 Κατὰ
683 4037 784 4107 τὴν
819 4034 1080 4104 ἱστορίαν,
1114 4033 1214 4104 τὴν
1239 4031 1344 4102 γῆν
1376 4029 1632 4102 φησιτῆς
1662 4027 2015 4095 ἐπαγγελίας.

1613 4046 1632 4091 ;
1662 4027 2015 4095 ἐπαγγελίας,
2193 4021 2246 4074 Si
2275 4035 2402 4075 vero
2417 4022 2610 4076 oculos
2628 4021 2692 4076 ad
2725 4021 3008 4077 historiam
3029 4035 3437 4088 convertemus,
3461 4025 3528 4080 de
3557 4037 3700 4083 terra

429 4131 504 4191 ὡς
540 4128 806 4198 γεγονότα
865 4125 1160 4196 λαμϐάνων
1192 4123 1261 4176 τὰ
1296 4119 1582 4193 μέλλοντα,
1617 4119 1666 4171 εἰ
1691 4118 1783 4170 καὶ
1803 4117 1872 4169 τὰ
1914 4116 2018 4186 μάο

1617 4118 1783 4171 εἶκαὶ
1803 4117 1872 4169 τὰ
1914 4116 2018 4186 μάο
2121 4113 2394 4182 promissa
2451 4129 2514 4166 ea
2557 4129 2680 4169 esse
2733 4115 2880 4168 dicta
2920 4115 3308 4185 intelligemus,
3357 4119 3445 4172 ubi
3472 4121 3696 4190 quidem

431 4221 587 4275 λιστα
616 4220 895 4288 ἐπέϐησαν
929 4217 1033 4287 ἥδη
1067 4215 1270 4286 μέρους
1324 4211 1520 4281 αὐτῆς.
1553 4211 1844 4280 Συμφωνεί
1873 4208 1930 4262 δὲ
1955 4209 2016 4260 τὸ

1613 4211 1844 4280 ιμφωνεί
1873 4208 1930 4262 δὲ
1955 4209 2016 4260 τὸ
2121 4205 2240 4259 loco
2272 4207 2674 4276 prmtcritorum
2711 4207 2920 4274 futura,
2979 4213 3231 4280 quamvis
3267 4215 3556 4266 u-axitnam
3581 4214 3696 4283 jam

433 4313 772 4383 ἐπαγόμενον
791 4327 804 4340 ·
835 4329 854 4362 ι
889 4307 1197 4379 Ἐψώμισεν
1217 4305 1416 4368 αὐτοὺς
1430 4303 1748 4372 γεννήματα
1770 4301 1975 4370 ἀγρῶν.
1990 4318 2008 4350 ›

1613 4317 1748 4371 tta-ra
1770 4301 2008 4370 ἀγρῶν.»
2118 4296 2238 4364 ejus
2269 4305 2479 4365 partem
2539 4298 2890 4367 contigerint,
2947 4300 3130 4354 habet.
3167 4301 3322 4366 Quod
3349 4303 3527 4370 ipsum
3563 4318 3699 4357 sane

429 4402 600 4458 Οὔπω
629 4404 738 4474 γάρ
765 4401 970 4472 ἔφαγον
991 4399 1101 4452 τῶν
1147 4395 1508 4468 γεννημάτων
1551 4395 1650 4462 τῆς
1676 4393 1774 4461 γῆς
1805 4409 1818 4422 '
1847 4392 1924 4463 τῷ
1959 4393 2014 4445 δὲ

1613 4410 1650 4462 ις
1676 4393 1774 4461 γῆς
1805 4409 1818 4422 '
1847 4392 1924 4463 τῷ
1959 4393 2014 4445 δὲ
2119 4389 2170 4442 id
2201 4389 2346 4458 quod
2368 4389 2638 4458 sequitur,
2676 4405 2894 4462 quoque
2924 4391 3274 4460 comprobat,
3311 4409 3434 4447 cum
3467 4395 3646 4465 inquit
3679 4413 3694 4448 :

433 4496 612 4566 μάννα
638 4496 766 4564 πρὶν
785 4489 1254 4561 διαπεραιωθῆναι
1275 4487 1366 4540 τὸν
1399 4483 1672 4556 Ἰορδάνην
1695 4480 2007 4552 ἐτρέφοντο.

1613 4480 2007 4553 ηνὲτρέτροντο.
2123 4482 2445 4549 «Agrorum
2515 4483 2873 4552 proventibus
2941 4485 3141 4538 cibavit
3202 4501 3318 4542 eos.
3367 4506 3386 4538 ι
3442 4487 3694 4544 Nondum

443 4587 588 4640 Ἀλλ’
643 4585 764 4638 οὐδὲ
826 4584 948 4654 μέλι
1003 4583 1182 4652 ὖρειον
1257 4577 1410 4632 οὔπω
1464 4572 1606 4644 ἦσαν
1656 4575 2008 4644 δρεψάμενοι,
2043 4648 2058 4654 _

1656 4575 2008 4644 δρεψάμενοι,
2043 4648 2077 4654 _
2117 4575 2261 4628 etiim
2323 4577 2682 4644 proventibus
2731 4585 2890 4630 terra:
2951 4578 3294 4646 victitabant,
3351 4590 3539 4650 utpote
3600 4585 3694 4653 qui

429 4681 551 4733 οὐδὲ
578 4679 688 4733 τῶν
721 4675 920 4730 ἐλαιῶν
949 4692 962 4706 ·
1001 4675 1058 4728 αἱ
1093 4671 1378 4744 φιληδοῦσι
1419 4669 1651 4738 πέτραις
1677 4668 1770 4719 καὶ
1803 4665 2007 4736 ὄρεσιν.
2043 4648 2058 4701 Ῑ

1613 4685 1651 4729 ις
1677 4668 1770 4719 καὶ
1803 4665 2007 4736 ὄρεσιν.
2043 4648 2088 4702 Ῑ)
2121 4681 2320 4720 manna
2361 4669 2681 4738 priusquam
2718 4667 3016 4725 Jordanem
3067 4673 3437 4736 transiisscut,
3470 4677 3693 4732 aleban—

443 4784 544 4829 tur-
569 4787 760 4842 usque.
791 4771 903 4824 lino
935 4783 1066 4822 vero
1099 4785 1166 4821 ne
1225 4766 1328 4820 mel
1359 4763 1612 4820 silvestre
1643 4759 1862 4829 quidem
1908 4758 2086 4813 adhuc
2117 4761 2466 4830 colligebant,
2501 4779 2680 4833 neque
2709 4765 2955 4819 olearum
3013 4781 3134 4834 quae
3199 4769 3348 4821 saxis
3412 4777 3468 4823 et
3535 4785 3695 4824 tuon-

431 4865 578 4917 tibus
607 4862 974 4921 delectantur,
1007 4857 1224 4910 baccas.

503 4957 774 5010 Cieterum
805 4951 982 5005 mellis
1015 4947 1237 5002 nomine
1289 4960 1483 5016 aquam
1519 4943 1820 5015 signiﬁcari
1873 4941 2093 5012 quidam
2123 4952 2400 5006 asserunt,
2435 4957 2556 5010 qua:
2581 4943 2716 5012 ipsis
2751 4943 2802 4996 in
2833 4943 3049 4999 deserto
3073 4943 3362 4999 sitibuudis
3393 4945 3570 5001 mellis
3599 4963 3690 5002 sa-

433 5058 618 5113 porem
643 5039 846 5092 habere
875 5037 989 5090 visa
1023 5034 1209 5089 fuerit.
1475 5077 1500 5124 ι

507 5131 695 5192 Εἷποις
727 5128 771 5180 δ’
803 5126 868 5180 ἂν
899 5124 1220 5195 άλληγορῶν
1254 5121 1451 5184 αὐτοὺς
1480 5117 1850 5188 ’ἐψωμικέναι
1883 5135 2008 5186 γεν-

1613 5119 1850 5186 ιμικέναι
1883 5135 2008 5186 γεν-
2187 5117 2395 5173 Licebit
2427 5135 2556 5174 vero
2585 5135 2679 5189 per
2731 5119 2958 5190 ﬁguram
2981 5135 3241 5191 agrorum
3287 5122 3547 5178 odoribus
3577 5125 3692 5193 spi-

427 5235 648 5296 νήματα
684 5221 792 5275 τῶν
829 5215 1278 5287 πεπληρωμένων
1323 5211 1554 5274 εὐωδίας
1609 5211 2011 5282 πνευματικῆς,

1613 5211 2011 5282 πνευματικῆς,
2115 5211 2409 5266 ritualibus
2467 5211 2816 5278 refertorum,
2865 5213 3070 5284 Deique
3103 5229 3234 5270 voce
3285 5213 3689 5270 fortunatorum

433 5319 526 5381 οὓς
555 5314 758 5386 ηὑλόγη
767 5327 826 5364 σε
855 5309 1081 5378 Κύριος.

2116 5303 2332 5372 pavisse
2366 5304 2637 5372 frugibus,
2671 5304 3038 5375 interpretari.

517 5471 562 5503 ⁸⁸
594 5469 730 5523 Gen.
774 5479 963 5526 xtuli,
995 5460 1082 5532 ιε.
1142 5460 1202 5532 ,δ’
1225 5458 1362 5532 Gen.
1395 5475 1546 5532 xxxi,
1573 5455 1662 5532 42.
1687 5458 1786 5532 __'-"
1813 5455 1966 5532 Deut.
1987 5471 2058 5509 vn

1613 5455 2174 5532 ?;__"Dem.vm,g.
2259 5461 2554 5532 summa.
2632 5461 3054 5532 “lsa.x1.,51.
3124 5457 3688 5526 "Matth.xx:v,‘58.

439 5536 483 5566 "
513 5541 654 5596 Psat.
687 5553 779 5601 cu,
815 5535 867 5589 5.
949 5534 992 5564 ⁸⁷
1029 5531 1180 5588 Psal.
1207 5545 1293 5596 xc,
1321 5531 1376 5594 4,
1425 5531 1513 5596 12,
1615 5528 1659 5559 ⁸⁸
1685 5526 1874 5582 Matth.
1907 5541 2058 5587 xxiii,

1615 5528 1659 5559 ⁸⁸
1685 5526 1874 5582 Matth.
1907 5541 2068 5588 xxiii.
2099 5530 2190 5585 37.
2267 5531 2312 5564 ”
2351 5531 2388 5586 ll
2419 5533 2548 5587 Cor.
2578 5549 2650 5600 vi,
2681 5533 2864 5606 ΗΑΒ.

507 5721 587 5793 (8)
626 5719 758 5775 ’Ᾱπδ
782 5717 882 5788 τῆς
915 5715 1134 5790 Συρίας.
1183 5714 1241 5770 '0
1269 5714 1389 5768 αὐτ.
1945 5639 2176 5698 “OT/E-
