4036 6214
371 323 480 388 965
1291 324 1828 386 (ἸΟΜΜΕΝΤΑΒΙΙ
1867 325 1943 384 ΙΝ

2052 319 2688 382 EUTERONOMIUM.
3543 315 3648 374 9ἱῶ

373 435 764 508 παρεδόθησαν
801 437 866 507 τῇ
899 435 1188 506 ἀπωλείᾳ,
1241 439 1378 508 μήτε
1411 437 1488 502 ὡς
1539 438 1778 510 Ποιητὴν
1829 439 1943 492 ἑπι-

2057 435 2428 508 impegerunt.
2453 431 2931 501 Quemadmodum
2954 431 3022 486 de
3049 430 3160 486 illis
3189 431 3472 502 prophetae
3511 429 3642 482 illud

367 532 607 599 γνόντες,
643 530 784 598 μήτε
824 528 902 593 ὡς
939 529 1174 601 Σωτῆρα
1203 529 1302 582 καὶ
1342 529 1640 602 Λυτρωτὴν
1673 529 1943 585 αἰδεσθέν-

2058 525 2335 581 atiirmat:
2377 543 2395 578 ι
2430 525 2803 580 Obverterunt
2851 523 2986 578 mihi
3035 529 3188 594 terga
3237 537 3359 584 sua,
3405 536 3518 576 non
3560 515 3644 572 fa-

364 639 478 688 τες.
2051 618 2165 673 cies
2188 617 2258 672 ".
2309 637 2330 669 ι
2377 619 2530 673 Adeo
2584 617 2928 686 reliquerunt
2982 615 3276 670 Dominum
3327 623 3638 670 creatorem

2052 725 2242 774 suum,
2271 725 2390 764 non
2425 719 2772 780 agnoverunt
2813 707 3158 762 conditorem
3193 721 3380 772 suum,
3423 719 3524 762 nec
3553 721 3640 762 re-

2051 799 2392 872 demptorem
2427 817 2590 856 suum
2620 809 2750 858 sunt
2785 798 3034 856 reveriti.

437 925 734 982 Irritarunt
763 943 845 982 me
869 927 978 982 diis
1006 927 1213 982 alienis.
1247 925 1489 998 LXXXII,
1511 923 1626 999 {6.}
1647 922 1784 994 Cum
1809 927 1876 983 de
1895 929 2000 984 diis
2031 931 2226 986 alienis
2255 929 2503 995 dixisset,
2537 915 2708 984 infert.
2734 946 2748 984 :
2777 949 2794 980 ι
2827 928 2888 982 Et
2913 927 3290 982 sacriﬁcarunt
3327 924 3635 989 daemoniis,

363 1031 476 1072 non
499 1015 632 1072 Deo.
669 1035 688 1070 ι
727 1015 802 1070 Ea
825 1016 970 1070 enim
997 1015 1304 1070 substantia
1325 1015 1544 1086 quidem
1567 1017 1684 1086 ipsa
1710 1031 1774 1071 ac
1799 1017 2021 1087 opiﬁcio
2049 1021 2138 1074 Dei
2163 1019 2384 1088 propria
2411 1026 2560 1072 sunt.
2598 1016 2826 1086 lmpium
2853 1031 2982 1070 vero
3003 1015 3342 1084 propositum
3365 1027 3392 1066 a
3423 1011 3534 1066 Deo
3555 1019 3640 1067 est

361 1105 636 1158 alienum.
659 1101 876 1168 Quibus
903 1102 999 1172 qui
1038 1102 1340 1166 adimi-ent,
1373 1105 1610 1172 vitaeque
1647 1103 1854 1158 fontem
1887 1107 2272 1170 deseruerunt,
2315 1105 2384 1161 ad
2428 1107 2636 1176 justum
2679 1105 2762 1160 sui
2801 1104 3134 1172 supplicium
3177 1101 3346 1156 Deum
3377 1109 3628 1156 comitio-

365 1199 584 1246 Verunt.
617 1189 720 1246 Ubi
761 1190 1004 1245 humano
1041 1206 1194 1246 more
1235 1191 1306 1246 de
1335 1191 1416 1246 ira
1453 1191 1550 1246 Dei
1591 1193 1800 1246 dictum
1825 1203 1949 1250 est:
1987 1213 2006 1246 ι
2045 1194 2181 1250 Nam
2211 1201 2601 1264 permutat-unt
2639 1192 2820 1263 ipsum
2855 1205 2982 1246 cum
3029 1190 3136 1246 diis
3165 1189 3284 1244 heri
3317 1201 3410 1244 aut
3453 1189 3637 1259 pridie

361 1279 684 1336 fabrefactis
707 1279 747 1340 ί,
777 1287 960 1348 equos
989 1291 1098 1332 non
1129 1279 1386 1348 cognovit
1416 1279 1716 1344 Abraham,
1757 1291 1860 1336 nec
1885 1281 2124 1350 majores
2155 1281 2352 1349 ipsius.

425 1370 500 1422 Et
517 1357 674 1422 ⁸ἰιὲιίὶι
705 1365 993 1431 Dominus,
1017 1375 1068 1420 et
1101 1367 1274 1422 iratus
1299 1375 1402 1420 est.
1435 1365 1576 1440 [19.]
1613 1367 1862 1422 Humana
1895 1370 2094 1424 iterum
2138 1368 2428 1423 all‘ectione
2475 1366 2748 1422 naturalis
2789 1365 2882 1420 Dei
2924 1371 3357 1434 repraesentatur
3391 1363 3634 1428 bonitas,

370 1468 475 1522 qua
506 1468 697 1508 omnes
750 1453 1001 1507 homines
1037 1453 1248 1507 servari
1289 1454 1463 1523 cupit,
1493 1463 1542 1518 et
1587 1456 1653 1509 ad
1689 1456 1944 1510 veritatis
1993 1456 2368 1526 cognitionem
2411 1457 2730 1526 pertingere
2753 1457 2795 1522 ²,
2845 1469 2946 1509 nec
2983 1453 3296 1508 daemonum
3339 1451 3636 1522 praestigiis

367 1541 586 1614 agitari,
616 1556 822 1612 eosque
845 1541 938 1611 qui
975 1541 1106 1596 illud
1135 1541 1493 1598 admisissent
1519 1543 1794 1613 supplicio
1819 1544 2092 1612 condigno
2121 1546 2178 1598 in
2211 1543 2356 1597 viam
2389 1558 2672 1598 revocare.

434 1651 546 1728 fiat
600 1673 958 1741 παρωξύνθη
1016 1671 1092 1726 δι’
1147 1673 1337 1742 ὀργὴν
1387 1674 1538 1730 υἱῶν
1601 1677 1791 1731 αὐτοῦ
1851 1675 1952 1730 καί

363 1764 722 1835 θυγατέρων.
781 1765 921 1818 Κατ’
979 1765 1146 1836 ἄμφω
1203 1768 1314 1838 γὰρ
1382 1767 1490 1822 υἱοὶ
1553 1769 1648 1822 καὶ¹
1710 1767 1947 1837 θυγατέ-

371 1861 466 1926 ρες
515 1857 566 1909 οἱ
611 1855 672 1920 ἐξ
701 1853 944 1928 Ἰσραὴλ,
985 1855 1128 1909 κατὰ
1163 1856 1536 1929 δημιουργίαν
1571 1873 1632 1911 τε
1687 1859 1782 1912 καὶ
1821 1860 1946 1914 κατ’

359 1949 646 2002 “οὶκείωσιν
664 1947 765 2019 τὴν
796 1948 948 2019 παρὰ
974 1949 1044 2002 τὰ
1073 1948 1238 2002 λοιπὰ
1271 1947 1424 2018 ἔθνη.
1453 1951 1735 2021 Γράφεται
1765 1953 1823 2006 δὲ
1851 1953 1946 2007 καὶ

359 2039 535 2104 οὕτως
551 2055 568 2071 '
595 2058 616 2092 ι
639 2025 770 2093 υίῶν
801 2039 982 2095 αὐτῶν
1003 2039 1449 2110 καὶθυγατέρωψ
1465 2059 1484 2093 ι
1509 2043 1589 2094 ὅτι
1613 2043 1707 2095 καὶ
1733 2045 1946 2108 τούτοις

2128 1672 2198 1726 Ει
2247 1674 2498 1728 irritatus
2541 1682 2622 1728 est
2664 1681 2878 1743 propter
2927 1673 3355 1741 provocationem
3397 1673 3638 1744 ﬁliorum

2053 1779 2296 1831 suorum,
2325 1773 2374 1819 et
2424 1766 2664 1832 ﬁliarum
2713 1781 2956 1818 suarum.
3004 1763 3084 1818 Ex
3130 1779 3288 1831 aequo
3329 1765 3472 1818 enim
3525 1772 3634 1816 tam

2049 1855 2152 1909 ﬁlii
2185 1869 2350 1927 quam
2387 1857 2512 1910 tilia:
2545 1873 2610 1911 ex
2639 1849 2912 1912 lsraelitis
2943 1855 3193 1911 oriunda:
3218 1857 3438 1925 opilirio
3463 1863 3517 1910 et
3553 1855 3636 1908 fa-

2051 1949 2372 2005 miliaritate
2415 1949 2515 2005 Dei
2549 1963 2745 2004 omnes
2777 1949 3020 2019 reliquas
3051 1931 3397 2019 superabant
3425 1957 3635 2017 gentes.

2051 2031 2270 2097 l’ariter
2299 2051 2483 2096 autem
2511 2041 2675 2097 etiam
2705 2039 2771 2095 de
2793 2035 2928 2096 ﬁliis
2957 2053 3146 2096 eorum
3171 2047 3224 2094 et
3243 2039 3464 2095 ﬁliabus
3497 2039 3639 2094 scri-

357 2129 498 2203 πρὶς
523 2131 624 2203 τὴν
649 2130 844 2202 ὁμοίαν
881 2131 1270 2202 καθηγήσαντο
1297 2131 1540 2201 πλάνην·
1573 2133 1606 2204 ἢ
1645 2133 1776 2202 γοῦν
1805 2151 1942 2204 προ-

2052 2133 2220 2198 bitur,
2255 2133 2515 2204 quoniam
2577 2133 2711 2204 ipsis
2746 2149 2970 2204 quoque
3011 2131 3081 2186 ad
3124 2131 3356 2186 similem
3390 2145 3634 2186 errorem

363 2225 642 2294 αναφωνεϊ
665 2226 796 2287 τοὺς
825 2223 1490 2296 ὖστερονὲσταυρωκότας
1519 2225 1784 2296 Χριστὸν,
1813 2231 1943 2298 περὶ

2052 2227 2307 2283 ductores
2366 2229 2720 2284 exstiterunt.
2767 2232 2846 2282 Ac
2896 2243 3030 2282 sane
3075 2227 3148 2282 de
3181 2226 3251 2280 iis
3302 2227 3394 2295 qui
3437 2233 3636 2296 postea

288 2361 292 2366 .
360 2309 478 2369 ὦνὸ
505 2315 792 2387 προφήτης
821 2315 1020 2385 φησίνο
1039 2315 1133 2368 «Al
1163 2317 1348 2384 χεῖρες
1376 2315 1532 2384 ὑμῶν
1551 2315 1786 2385 αἵματος
1805 2315 1942 2386 πλή-

363 2423 514 2478 ρειςο
551 2426 572 2460 ι
599 2406 648 2461 οἳ
691 2407 789 2462 καὶ
818 2407 930 2460 τῶν
966 2407 1222 2476 πατέρων
1247 2406 1510 2476 γεγόνασι
1553 2407 1940 2480 πονηρότεροι,

357 2499 455 2553 καὶ
483 2499 644 2570 δίκην
673 2499 862 2553 ἔτισαν
889 2497 989 2569 τὴν
1019 2501 1430 2570 προσήκουσαν.

431 2705 564 2761 Ὀτι
601 2707 780 2776 γενεὰ
813 2703 1264 2790 ἐξεστραμμένη
1295 2703 1503 2758 ἐστίν’
1535 2701 1654 2758 vlo!
1699 2693 1790 2770 οἷς
1830 2705 1943 2758 οὐκ

359 2801 492 2856 ἔστι
529 2801 738 2866 Erlang-
787 2800 860 2854 ἐν
905 2798 1134 2865 αὐτοῖς.
1193 2797 1433 2861 Ταύταις
1467 2800 1586 2859 ταῖς
1631 2797 1808 2864 λέξεσι
1849 2798 1946 2849 καὶ

359 2891 388 2942 ὁ
419 2889 614 2962 Σωτὴρ
639 2891 700 2946 ὲν
733 2889 1096 2959 Εὑαγγελίοις
1129 2889 1421 2960 ἐχρήσατο,
1449 2889 1624 2940 εἰπὼν
1673 2887 1814 2958 πρὸς
1844 2887 1945 2940 αὒ-

356 2983 516 3046 τούς·
549 3001 570 3036 ι
599 2979 670 3038 Ὦ
706 2983 872 3054 γενεὰ
922 2982 1153 3046 ἄπιστος
1203 2983 1302 3036 καὶ
1349 2981 1788 3054 διεστραμμένη,
1839 2983 1946 3047 ἓως

362 3079 494 3133 πότε
530 3076 728 3146 ἔσομαι
755 3076 894 3147 πρὸς
919 3077 1096 3146 apag;
1119 3075 1226 3140 ἕως
1255 3075 1389 3128 πότε
1415 3075 1679 3142 ἀνέξομαι
1701 3075 1857 3144 ὑμῶν
1880 3093 1894 3141 ;
1921 3091 1943 3127 ι

359 3171 496 3225 Οὐδὲ
548 3172 660 3239 γὰρ
713 3169 900 3238 ἕτερόν
929 3171 1048 3223 ἐστι
1073 3169 1132 3224 τὸ
1163 3169 1490 3240 λεγόμενον
1529 3163 1649 3222 «Ἦ
1697 3169 1780 3222 ὅτι
1812 3169 1948 3220 ἁπο-

359 3261 584 3335 στρέψω
627 3263 692 3315 τὸ
721 3261 1018 3335 πρόσωπόν
1071 3277 1171 3332 μου
1202 3262 1298 3315 ἀπ’
1343 3260 1545 3314 αὐτῶν.
1587 3277 1606 3311 ι
1641 3259 1810 3314 Γενεὰ
1837 3259 1946 3331 γὰρ

357 3355 588 3418 ἄπιστός
631 3355 772 3422 ἐστι,
809 3355 884 3426 μὴ
913 3355 1116 3425 ἔχουσα
1153 3354 1358 3420 πίστιν,
1389 3354 1484 3406 καὶ
1515 3351 1942 3422 ὲξεστραμμένη

355 3452 466 3504 ὑπὸ
519 3449 620 3518 τῆς
655 3447 942 3518 ἀληθείας.
977 3447 1174 3515 Ἡμεῖς
1239 3445 1298 3498 δὲ
1368 3445 1467 3498 σὺν
1535 3442 1614 3514 τῷ
1663 3441 1942 3512 ψαλμῳὸῷ

2044 2317 2324 2373 Christum
2389 2320 2444 2373 in
2495 2335 2716 2376 crucem
2771 2321 3104 2390 adegerunt,
3163 2319 3514 2372 vaticinatur.
3559 2315 3637 2370 De

2044 2407 2252 2474 quibus
2291 2408 2558 2478 propheta
2593 2423 2818 2478 quoque
2847 2410 2922 2462 ait
2952 2425 2966 2462 :
3007 2428 3024 2459 ι
3056 2409 3245 2463 Manus
3279 2421 3474 2464 vestrae
3505 2424 3637 2462 san-

2043 2499 2213 2566 guine
2265 2499 2442 2568 plena!
2495 2509 2630 2556 sunt
2659 2501 2701 2554 ³.
2733 2519 2752 2552 ι
2799 2500 2900 2567 Qui
2943 2507 3100 2556 certe
3151 2503 3476 2571 parentibus
3515 2503 3637 2559 suis

2041 2589 2269 2659 pejores
2299 2588 2546 2656 fuerunt,
2579 2599 2633 2645 c't
2661 2603 2884 2660 pinnam
2919 2592 3172 2645 meritam
3215 2593 3454 2647 luemnt.

2125 2706 2389 2774 Quoniam
2448 2709 2719 2779 generatio
2775 2723 3022 2776 perversa
3070 2719 3171 2772 est,
3220 2709 3324 2776 ﬁlii
3354 2711 3406 2763 In
3445 2711 3633 2779 quibus

2052 2799 2204 2854 nulla
2232 2799 2364 2868 ﬁdes
2397 2809 2497 2854 est.
2534 2799 2676 2872 [τα]
2707 2799 2990 2868 Ejusmodi
3027 2801 3158 2854 illud
3191 2817 3408 2869 quoque
3444 2817 3472 2854 a
3504 2801 3636 2857 Ser-

2052 2900 2244 2946 vatore
2274 2891 2558 2962 proditum
2593 2909 2608 2947 :
2647 2910 2666 2943 ι
2702 2885 2746 2948 0
2779 2893 3066 2962 generatio
3091 2893 3374 2946 incredula
3419 2905 3468 2946 et
3509 2910 3635 2962 pera

2049 2995 2233 3048 versa,
2266 2997 2557 3052 quousque
2583 2984 2810 3039 tandem
2839 2985 3121 3039 vobiscum
3159 2985 3298 3038 ero?
3331 3001 3350 3036 ι
3383 2984 3634 3040 Potentia

2047 3087 2182 3130 vero
2227 3075 2362 3129 illud
2407 3073 2590 3129 dicit:
2619 3074 2927 3130 tAvertam
2971 3077 3162 3130 faciem
3217 3091 3391 3130 meam
3438 3078 3508 3131 ab
3537 3079 3628 3142 iis,

2047 3165 2228 3235 utqui
2265 3165 2428 3221 (idem
2455 3179 2564 3220 non
2599 3165 2864 3233 habeant,
2903 3177 2956 3220 et
2988 3181 3018 3219 a
3053 3169 3285 3222 veritate
3329 3183 3388 3223 se
3419 3175 3631 3224 averte-

2045 3255 2183 3310 riut.
2211 3253 2324 3310 Nos
2355 3271 2484 3311 vero
2511 3269 2778 3310 canamus
2808 3272 2822 3309 :
2861 3273 2880 3306 I
2905 3253 2980 3309 Ne
3012 3267 3230 3310 avertas
3257 3255 3448 3310 faciem
3477 3263 3632 3310 tuam

2051 3363 2079 3400 a
2117 3363 2227 3412 me,
2277 3363 2380 3403 nec
2427 3349 2682 3404 deﬂeclas
2743 3349 2796 3402 in
2851 3348 2932 3402 ira
2967 3364 2996 3403 a
3025 3364 3186 3404 servo
3237 3359 3334 3406 tuo
3353 3351 3396 3405 ⁸.
3423 3367 3444 3403 ι
3471 3347 3627 3405 Oculi

2049 3439 2194 3495 enim
2223 3437 2440 3494 Domini
2461 3439 2630 3510 justis
2659 3449 2792 3496 sunt
2829 3441 3026 3497 intenti
3049 3443 3091 3496 °.

355 3539 652 3610 ‘poﬁowpev
693 3555 710 3570 ο
749 3545 771 3590 't
808 3538 900 3610 Μὴ
945 3535 1302 3608 -ἀποστρέψῃς
1361 3535 1424 3590 τὸ
1471 3535 1770 3606 πρόσωπόν
1827 3551 1921 3587 σου
1952 3533 2048 3586 ἀπ’
2081 3531 2238 3603 ἐμοῦ.
2269 3549 2289 3583 ›

437 3673 506 3728 Et
537 3690 634 3742 ego
668 3689 870 3742 quoque
903 3670 1198 3739 provocabo
1221 3686 1338 3724 eum
1371 3671 1426 3724 in
1456 3685 1514 3724 eo
1549 3670 1640 3740 qui
1669 3687 1774 3723 non
1804 3679 1882 3724 est
1917 3668 2168 3738 populus,
2200 3674 2310 3724 etc.
2350 3667 2492 3740 [‘21.]
2526 3665 2753 3722 Gentem
2795 3667 3085 3722 barbaram
3130 3677 3320 3723 contra
3373 3687 3469 3726 eos
3504 3673 3633 3728 irri-

359 3762 518 3817 itabo.
551 3759 672 3816 Non
702 3761 847 3814 enim
891 3759 999 3812 illis
1027 3767 1310 3828 tantopere
1353 3759 1502 3812 dolet
1535 3758 1806 3821 servitus,
1861 3772 1970 3810 non
2012 3757 2308 3824 dispersio,
2345 3771 2452 3810 non
2500 3757 2684 3824 templi
2736 3755 2981 3822 amissio,
3013 3761 3352 3826 quantopere
3383 3763 3631 3829 gentium

363 3851 542 3922 pietas
572 3861 626 3904 et
657 3849 921 3919 dignitas,
957 3862 1147 3901 earum
1179 3845 1436 3900 videlicet
1466 3861 1590 3916 qua:
1615 3845 1770 3913 prius
1805 3843 1968 3898 rudes
2003 3851 2180 3907 erant,
2215 3857 2280 3898 ac
2307 3845 2360 3896 in
2401 3843 2732 3912 populorum
2753 3853 3056 3896 numerum
3081 3843 3284 3897 'rc‘l‘erri
3317 3861 3426 3898 non
3459 3848 3636 3916 digna;

363 3938 758 3996 censebantur.
785 3933 1262 4002 Quemadmodum
1297 3932 1434 3986 illud
1479 3931 1728 4001 Apostoli
1766 3939 2020 3994 testatur,
2055 3945 2179 3984 cum
2227 3931 2448 3998 inquit:
2486 3947 2504 3980 ι
2534 3927 2824 3994 Quondam
2875 3943 3007 3982 vero
3039 3937 3094 3984 et
3145 3945 3244 3984 nos
3277 3947 3502 3987 erarnus
3539 3935 3636 3988 de-

364 4036 600 4086 mentes.
631 4023 756 4079 duri
783 4024 824 4089 ",
861 4043 879 4075 ι
917 4031 970 4078 et
1007 4022 1238 4092 reliqua.
1271 4019 1386 4074 lmo
1419 4036 1553 4074 vero
1595 4035 1695 4072 nos
1727 4020 1906 4086 gentis
1947 4018 2170 4073 nomine
2217 4031 2328 4070 non
2366 4015 2650 4086 dignatur.
2695 4017 2770 4071 Eo
2814 4017 2962 4086 quod
3019 4017 3208 4072 ﬁdeles
3265 4035 3329 4074 ex
3374 4023 3636 4077 omnibds

355 4115 625 4183 genti-bus
659 4114 772 4168 sint
803 4111 1048 4166 collecti.
1102 4113 1180 4163 Ac
1221 4117 1437 4179 gentem
1469 4123 1598 4163 "eam
1630 4121 1751 4176 qum
1777 4104 2000 4162 Christo
2033 4101 2270 4158 credidit
2309 4118 2426 4157 non
2471 4113 2638 4157 unam
2671 4117 2796 4159 esse
2843 4112 3008 4175 atque
3054 4106 3370 4161 diSIincta'm
3413 4111 3632 4165 asserit.

353 4203 510 4258 Ceus
545 4201 710 4271 igitur
763 4213 859 4256 seu
889 4200 1134 4268 ~p0pulus
1167 4197 1364 4252 Deiex
1413 4195 1834 4267 propinquitate
1883 4207 1990 4248 seu
2023 4189 2350 4262 cognatione
2406 4189 2755 4262 dogmatum,
2789 4205 2900 4246 non
2951 4207 3021 4248 ex
3067 4191 3356 4250 divisione
3387 4198 3634 4268 gentium

355 4290 621 4361 Sprimitus
661 4289 828 4354 facta,
863 4297 949 4343 est
981 4285 1316 4341 metiendos.

429 4417 564 4472 Ὀτι
595 4415 718 4486 πῦρ
747 4415 1108 4470 ἐκκέκαυται
1135 4413 1203 4468 ἐκ
1243 4411 1351 4466 τοῦ
1380 4409 1573 4482 θυμοῦ
1613 4429 1755 4480 μου,
1799 4427 1943 4464 καυ-

2123 4409 2392 4476 Quoniam
2427 4411 2568 4482 ignis
2623 4412 2878 4482 ﬂagravit
2909 4429 2936 4468 e
2988 4413 3172 4484 furore
3207 4431 3344 4480 meo,
3387 4427 3438 4470 et
3479 4433 3637 4472 exar-

361 4509 614 4578 οήσετιιι
644 4509 758 4576 ἕως
792 4509 940 4576 ᾅδου
967 4507 1330 4562 κατωτάτου.
1363 4507 1636 4576 Καθάπερ
1664 4505 1768 4576 ἠδη
1805 4523 1942 4576 προ-

362 4607 539 4668 εῖπεν,
583 4605 611 4656 ὁ
658 4600 791 4664 Θεὸς
821 4600 980 4672 ἡμῶν
1010 4599 1144 4671 πῦρ,
1213 4599 1612 4652 καταναλίσκον
1647 4597 1776 4658 τοὺς
1812 4597 1942 4649 ἀσε-

360 4698 498 4762 ὕεϊς,
551 4693 975 4766 τιμωρούμενος
1027 4693 1158 4757 τοὺς
1188 4691 1640 4761 ἀνθισταμένους,
1693 4689 1822 4743 ὃταν
1877 4690 1944 4742 ὲκ

357 4788 456 4859 τῆς
509 4787 710 4858 ἀνοχῆς
756 4786 854 4840 καὶ
896 4785 998 4856 τῆς
1057 4783 1442 4858 μακροθυμίας
1481 4781 1810 4854 ἐπιστρέψαι
1865 4781 1940 4852 μὴ

361 4881 691 4952 βουληθῶσι.

2051 4502 2226 4556 descet
2262 4503 2330 4556 ad
2389 4506 2602 4574 inﬁmos
2643 4505 2864 4570 inferos.
2901 4503 3040 4578 [22.]
3093 4507 3236 4577 Ignis
3285 4509 3432 4564 enim
3465 4525 3634 4564 vorax

2053 4591 2200 4652 Deus
2251 4597 2402 4652 est“.
2440 4595 2542 4663 Qui
2596 4597 2664 4652 ab
2704 4598 2888 4668 impiis
2935 4599 3268 4669 supplicium
3311 4601 3476 4654 sumit
3515 4617 3638 4656 cer-

2053 4686 2355 4754 tissimum,
2399 4695 2452 4742 et
2504 4689 2558 4742 in
2606 4687 2864 4744 Plutonis
2905 4689 3084 4744 forum
3129 4693 3447 4755 committit,
3493 4693 3538 4748 si
3569 4693 3638 4747 ab

2053 4779 2402 4834 induciarum
2438 4780 2760 4834 divinarum
2800 4781 2888 4836 die
2922 4781 2990 4836 ad
3029 4799 3156 4840 cum
3213 4799 3276 4839 se
3313 4797 3642 4840 convertere

2051 4871 2350 4927 noluerint.

435 5013 454 5047 ι
499 4993 612 5047 Sibi
649 4991 786 5062 ipsis
819 4991 964 5046 enim
996 4991 1260 5062 colligunt
1292 4991 1428 5044 iram
1454 4989 1510 5044 in
1539 4989 1630 5044 die
1662 4990 1758 5044 irae
1773 4991 1817 5043 9.
1862 5006 1880 5040 ι
1915 5015 1986 5026 -
2019 5003 2036 5038 ι
2073 4983 2322 5042 lncedite
2355 4986 2527 5050 enim,
2565 4985 2766 5057 inquit,
2797 4985 2852 5040 in
2887 4986 3100 5043 lumine
3129 4987 3286 5045 faciei
3319 5001 3540 5058 vestr-re,
3577 5001 3635 5048 et

361 5081 417 5138 in
447 5080 662 5136 ﬂamma
699 5094 864 5152 quam
898 5077 1270 5136 succendistis
1296 5075 1362 5132 '°.
1397 5095 1415 5128 ι

433 5214 543 5285 Τὴν
570 5211 665 5267 οὖν
707 5212 980 5266 Ἰουδαίων
1004 5211 1331 5264 τελευταίαν
1361 5209 1596 5264 ἐνταῦθά
1627 5209 1940 5281 προθεσπί-

362 5303 448 5372 ζει
468 5303 766 5368 ἀπώλειαν,
795 5303 864 5376 ἢν
893 5305 990 5358 καὶ
1013 5304 1328 5374 ὒπέστησαν
1351 5303 1458 5356 ὑπὸ
1485 5303 1770 5373 Ῥωμαίων
1800 5303 1938 5374 μετὰ

357 5403 460 5473 τὴν
485 5401 568 5464 είς
597 5399 835 5472 Χριστὸν
867 5396 1178 5470 παροινίαν.
1209 5399 1300 5452 καὶ
1335 5397 1432 5468 τὴν
1461 5398 1572 5452 τῶν
1602 5397 1778 5452 ἐθνῶν
1805 5398 1936 5468 κλῆ-

364 5501 471 5540 σιν.

421 5669 481 5732 _"
509 5667 710 5724 Jerem.
748 5683 809 5730 ιι.
839 5667 930 5732 27.
1009 5669 1024 5700 ¹
1059 5667 1192 5732 ibid.
1233 5668 1318 5722 ll.
1397 5670 1418 5700 ¹
1455 5665 1472 5720 l
1519 5667 1652 5722 l‘im.
1683 5683 1746 5732 ιι,
1780 5667 1834 5722 4.

357 5739 392 5775 ’⁸
419 5731 564 5798 Psal.
597 5731 908 5807 “1111,18.
1021 5739 1038 5769 '
1074 5731 1182 5794 Tit.
1221 5749 1302 5805 ιιι,
1332 5739 1384 5796 5-

1939 5668 1962 5702 ³
1995 5671 2100 5732 Isa.
2137 5687 2177 5732 ι,
2223 5671 2318 5728 15.

1493 5733 1701 5796 "Deut.
1737 5731 1813 5806 ix,
1851 5739 1904 5794 5.
1985 5731 2198 5798 "Rom.
2227 5743 2368 5810 ιι,-5.
2453 5743 2496 5774 ¹⁰
2526 5741 2713 5813 lem-1.,
2753 5745 2836 5798 ll.

2121 5197 2396 5268 Caeterum
2431 5211 2486 5266 in
2516 5211 2604 5266 his
2633 5212 2820 5268 verbis
2859 5215 3234 5284 perpendatur
3257 5225 3502 5272 extrema
3537 5235 3638 5285 per

2049 5315 2264 5376 gentem
2331 5303 2642 5360 Romanam
2703 5305 2846 5361 facta
2923 5309 3253 5374 internecio,
3305 5321 3420 5382 qua
3482 5321 3630 5366 terra

2051 5399 2296 5468 ipsorqu
2355 5407 2452 5454 est
2529 5409 2764 5466 vastata,
2809 5399 2979 5472 468
3027 5418 3092 5458 ac
3139 5405 3474 5460 inﬂammato
3503 5445 3518 5467 ,
3575 5413 3632 5458 et

2049 5492 2316 5546 montium
2397 5490 2750 5548 fundamenta
2777 5533 2794 5560 ,
2831 5507 2940 5550 seu
3015 5496 3232 5552 radices
3297 5495 3456 5568 lgne'
3499 5503 3632 5553 sunt

2433 5671 2704 5744 ‘rhhtth.
2762 5689 2892 5742 xvu,
2953 5657 3036 5728 16.
3137 5671 3326 5730 'Psal.
3377 5675 3631 5744 cntl,7.
