4036 6214
436 342 543 407 967
1780 335 2137 397 PROCOPII
2165 328 2409 395 GAZEI
3583 332 3694 396 9‘38

444 451 760 518 absumptm,
793 455 848 502 et
878 448 931 501 in
964 446 1382 518 propugnacula
1419 443 1832 517 transfugarum
1879 443 2095 500 excelsa
2137 453 2193 498 et
2225 444 2436 497 munita
2470 453 2735 496 cavernas
2764 438 2894 495 item
2943 446 2998 494 et
3043 436 3270 493 latibula
3317 436 3578 494 redacta.
3630 438 3695 490 lat

432 539 557 593 haec
591 535 813 605 quidem
854 550 921 590 ex
945 535 1197 589 historia.

404 700 407 701 ν
509 649 679 704 Porro
708 648 846 701 alius
881 654 968 700 est
998 646 1150 715 ignis
1174 646 1415 711 divinus,
1452 648 1547 718 qui
1590 660 1807 703 omnem
1839 655 2007 703 terres

2177 644 2307 716 ιιιῦρ
2338 644 2489 699 ἅπαν
2523 644 2582 697 τὸ
2609 642 2811 713 γεῶδες
2841 643 3046 710 γίνεται
3093 641 3370 721 φρὸνῃμα,
3410 643 3511 697 καὶ
3557 659 3695 698 κατ-

432 744 625 796 strem'
647 738 894 806 depascit
922 750 1151 793 sensum
1184 736 1456 801 videlicet,
1482 753 1547 790 ex
1581 751 1693 807 quo
1718 736 2004 802 scortatio,

2118 736 2286 790 εσθίει
2314 737 2440 800 τοὺς
2476 735 2922 807 προστετηκότας
2942 736 3009 805 τῇ
3034 735 3131 803 γῇ,
3154 735 3249 786 καὶ
3269 733 3339 787 τὰ
3367 735 3694 805 γεννήματα

437 827 791 891 adulterium,
823 825 1251 882 simulacrorum
1285 824 1493 890 cultus,
1516 834 1571 880 et
1603 825 1705 879 alia
1731 820 2006 895 ejusmodi

2118 827 2171 881 δὲ
2191 829 2290 899 τῆς
2315 829 2441 899 γῆς,
2475 828 2756 898 πορνείαν,
2796 825 3066 896 μοιχείαν,
3095 824 3563 895 είδωλολατρείαν,
3594 825 3695 878 καὶ

432 928 763 976 nascuntur.

2118 918 2187 973 τὰ
2226 919 2374 991 ἑξῆς.
2408 918 2596 973 Ταῦτα
2648 918 2757 989 γὰρ
2804 917 2905 988 τῆς
2951 917 3011 971 ἐν
3054 917 3186 988 ἡμῖν
3237 916 3341 987 γῆς
3391 916 3463 970 τὰ
3492 917 3695 988 γεννή-

2118 1026 2288 1081 ματα.

2185 1102 2299 1156 Καὶ
2340 1100 2408 1154 τὰ
2442 1101 2670 1170 θεμέλια
2704 1099 2814 1154 τῶν
2840 1098 3031 1170 ὁρέων,
3066 1099 3351 1171 τροπικῶς
3381 1087 3694 1171 λεγομένων

2115 1191 2289 1261 ὀρέων
2325 1190 2435 1244 τῶν
2463 1191 2558 1245 καὶ
2591 1191 2971 1262 ἐπαιρομένων
3000 1190 3145 1244 κατὰ
3181 1191 3282 1261 τῆς
3310 1190 3566 1259 γνώσεως
3592 1190 3693 1246 τοῦ

2115 1280 2274 1346 Θεοῦ,
2305 1279 2489 1349 φλέξει
2526 1282 2655 1344 τοὺς
2699 1278 3007 1350 θεμελίους,
3044 1277 3188 1352 [καὶ]
3225 1282 3569 1351 καταργήσει
3598 1281 3697 1336 τὸν

2114 1368 2352 1441 ἄρχοντα
2379 1368 2475 1423 τοῦ
2504 1368 2699 1434 αἰῶνος
2727 1370 2948 1438 τούτου,
2973 1369 3071 1424 καὶ
3091 1369 3194 1434 τὰς
3223 1370 3315 1424 ὑπ’
3339 1370 3502 1427 αὑτὸν
3526 1389 3697 1445 πονη-

2115 1459 2217 1533 ρὰς
2241 1459 2519 1532 δυνάμεις.

508 1096 776 1152 Montium
827 1111 960 1152 vero
1013 1095 1191 1150 fulcra
1240 1095 1278 1149 ii
1328 1103 1456 1148 sunt
1500 1095 1594 1165 qui
1649 1109 1772 1151 sese
1820 1104 2015 1151 contra

428 1189 649 1246 Christi
670 1190 1041 1260 cognitionem
1066 1187 1328 1251 eﬂ‘crunt,
1349 1189 1546 1241 comhn
1556 1195 1638 1241 ret
1659 1188 1805 1242 enim
1823 1188 2014 1244 mundi

435 1281 604 1354 hujus
634 1281 961 1354 principem,
1003 1296 1132 1337 cum
1164 1288 1277 1336 tota
1304 1280 1480 1351 ipsius
1512 1294 1700 1335 manu.
1905 1276 1911 1281 ’

504 1594 828 1714 Hujusmodi
861 1593 1005 1651 enim
1031 1591 1288 1664 quiddam
1331 1591 1593 1649 Servator
1628 1608 1850 1665 quoque
1878 1593 2110 1664 indicat,
2147 1610 2274 1652 cum
2300 1596 2523 1669 inquit:
2554 1615 2575 1650 ι
2598 1596 2778 1656 Dicite
2809 1599 2983 1655 monti
3037 1598 3168 1657 huic
3194 1617 3211 1656 :
3244 1600 3489 1660 Amolire
3516 1609 3597 1672 te,
3621 1610 3682 1662 et

506 1685 726 1714 ...ιι,.....
852 1701 870 1714 .

431 1685 726 1742 amolietur
752 1685 818 1737 ".
852 1701 870 1735 ι

507 1820 847 1893 Congregabo
862 1836 1018 1898 super
1034 1837 1123 1875 eos
1147 1821 1315 1883 mala.
1332 1831 1377 1875 et
1396 1821 1622 1892 sagittas
1642 1839 1782 1878 meas
1804 1826 1858 1879 in
1878 1826 2006 1894 ipsis

2186 1822 2438 1886 Συνὰεω
2494 1826 2584 1889 είς
2610 1823 2833 1890 αὐτοὺς
2878 1825 3055 1893 κακὰ,
3099 1826 3202 1882 καί
3252 1825 3328 1881 τὰ
3370 1826 3529 1896 βέλη
3572 1844 3696 1897 μου

435 1914 736 1969 absumam.
765 1911 1006 1984 [XXXIL
1030 1912 1151 1984 2'54
1173 1911 1440 1968 Patientia
1469 1913 1565 1969 Dei
1590 1914 1884 1983 indicatur,
1907 1917 2011 1974 hoc

2118 1914 2473 1969 συντελέσω
2499 1917 2587 1983 είς
2628 1917 2873 1983 αὐτούςδ
2904 1917 2978 1970 Τὸ
3008 1916 3411 1990 μακροθυμεῖν,
3438 1919 3697 1985 συνάγειν

437 2005 695 2074 colligere
743 2004 885 2058 mala
930 2012 1123 2058 contra
1175 2003 1592 2074 immorigeros,
1619 2021 1743 2075 qua:
1786 2007 2007 2077 ipsimet

2118 2004 2328 2074 λέγεται
2378 2005 2522 2059 κατὰ
2559 2006 2669 2060 τῶν
2717 2007 3093 2063 ἀπειθούντων
3145 2009 3315 2064 κακά.
3372 2010 3441 2064 Ἀ
3484 2008 3697 2080 κυρίως

439 2094 741 2151 conciliant
769 2093 864 2163 qui
897 2106 1007 2146 non
1034 2100 1359 2162 paruerunt.
1385 2091 1577 2149 Omnis
1605 2094 1662 2149 in
1693 2095 1762 2150 iis
1790 2095 2013 2151 cuditur

2119 2095 2238 2150 καθ’
2273 2095 2481 2150 ἑαυτῶν
2510 2096 2559 2148 oi
2594 2096 2668 2166 μὴ
2699 2096 3021 2160 πεισθέντες
3051 2098 3401 2167 συνάγουσιν,
3447 2098 3567 2152 ὅλον
3598 2099 3697 2152 ἐπὶ

442 2185 697 2256 faba,qui
737 2184 937 2239 meraci
968 2183 1226 2253 poculum
1252 2192 1546 2251 evacuant,
1573 2200 1847 2257 omneque
1878 2202 2013 2257 sup-

2118 2187 2264 2241 τέλει
2299 2187 2421 2242 καθ’
2459 2188 2671 2241 ἑαυτῶν
2712 2189 3071 2254 ἐκκενοῦντες
3102 2190 3164 2244 τὸ
3193 2190 3288 2243 τοῦ
3318 2191 3559 2262 ἀκράτου
3593 2206 3694 2242 που

441 2278 667 2352 plicium
703 2276 759 2332 in
787 2277 896 2332 illis
928 2276 1247 2332 insumitur.

2118 2281 2343 2350 τήριον,
2394 2278 2580 2351 πάσης
2629 2279 2718 2333 ἐπ’
2753 2282 2957 2345 αὐτοὺς
3005 2280 3277 2353 τιμωρίας
3330 2280 3696 2351 συντελουμέ-

541 2386 549 2394 ’
2119 2388 2240 2442 νης.

2191 2482 2333 2554 Βέλη
2364 2483 2420 2536 δὲ
2454 2486 2664 2558 Κυρίου
2696 2484 2813 2558 [τὰ]
2844 2484 2983 2557 πρὸς
3033 2484 3378 2556 ἐπιστροφήν
3424 2486 3519 2540 καὶ
3563 2501 3698 2539 παι-

2117 2572 2269 2628 δείαν
2308 2576 2650 2646 ἐπαγόμενα,
2684 2576 2869 2641 καθὼς
2909 2576 3004 2630 καὶ
3037 2578 3065 2630 ὁ
3105 2575 3227 2629 Ἰὼϐ
3273 2576 3458 2645 λέγει·
3495 2593 3515 2627 ι
3553 2575 3698 2646 Βέλη

2119 2664 2330 2734 Κυρίου
2359 2667 2416 2718 ἐν
2441 2666 2521 2738 τῷ
2549 2668 2761 2738 σώματί
2800 2667 2905 2737 μού
2934 2668 3103 2720 εἰσιν
3136 2660 3211 2721 ὧν
3238 2668 3267 2720 ὁ
3288 2666 3466 2736 θυμὸς
3484 2666 3697 2720 ἐκπίνει

2124 2772 2229 2825 μου
2261 2757 2321 2810 τὸ
2355 2753 2517 2827 αἷμα.
2552 2779 2572 2810 ι
2610 2754 2761 2829 Αἷμα
2791 2760 2900 2829 γὰρ
2932 2759 3028 2811 καὶ
3072 2759 3211 2832 σὰρξ
3238 2743 3526 2831 βασιλείαν
3557 2758 3698 2821 Θεοῦ

2038 2858 2084 2914 c
2124 2845 2185 2898 οὺ
2212 2846 2704 2919 κληρονομήσουσι.
3707 2878 3716 2885 ⁸

511 2483 646 2548 Quae
673 2478 892 2550 quidem
927 2477 1019 2533 Dei
1043 2477 1315 2547 elegantia
1352 2478 1458 2533 tela
1487 2478 1770 2545 dicuntur,
1795 2479 1864 2536 de
1889 2482 2012 2552 qui-

439 2567 544 2623 bus
573 2565 678 2622 Job
706 2568 821 2621 ait:
855 2585 874 2617 ι
910 2564 1036 2620 Tela
1079 2566 1225 2621 enim
1278 2566 1494 2621 Domini
1534 2568 1588 2623 in
1621 2583 1857 2640 corpore
1890 2586 2012 2626 meo

440 2664 600 2723 sunt,
656 2670 892 2727 quorum
954 2656 1136 2709 rabies
1185 2655 1507 2725 sanguinem
1567 2673 1746 2711 meum
1806 2660 2014 2714 exhau-

439 2748 514 2802 rit
535 2747 615 2813 ¹’;
651 2766 670 2798 ι
701 2777 771 2787 -
797 2763 815 2796 ι
842 2745 1066 2815 sanguis
1093 2744 1238 2798 enim
1272 2756 1328 2800 et
1360 2760 1490 2800 caro
1528 2745 1623 2801 Dei
1664 2749 1811 2818 regni
1841 2749 2013 2803 haare-

438 2836 664 2893 ditatem
696 2851 805 2890 non
831 2843 1241 2904 consequentur
1262 2833 1328 2888 ¹³.
1361 2851 1381 2884 ι

509 2965 822 3036 Consumpti
878 2964 1028 3053 fama
1053 2973 1104 3018 et
1143 2975 1302 3053 pastu
1336 2963 1533 3028 avium,
1565 2964 1690 3020 item
1738 2975 1949 3024 tetanus
1992 2972 2425 3034 immedicabilis.
2469 2978 2613 3053 [24.]
2666 2980 2875 3038 Bellum
2923 2990 3121 3038 contra
3183 2981 3693 3039 Nabuchodonosor

436 3065 649 3130 gestum
679 3053 961 3124 praecessit
1006 3050 1201 3117 fames,
1241 3050 1309 3105 de
1365 3067 1473 3141 qua
1521 3053 1577 3106 in
1618 3053 1856 3141 ’l‘hreuis
1910 3058 2180 3118 Jeremias
2220 3065 2438 3136 inquit:
2476 3050 2497 3118 ι
2533 3050 2872 3125 Deficiebant
2918 3085 3034 3141 pra:
3064 3070 3323 3141 lacrymis
3369 3069 3515 3126 oculi
3561 3069 3693 3132 mei,

440 3141 825 3230 perturbatum
858 3147 1101 3230 eratcor
1132 3152 1334 3200 meum,
1363 3138 1597 3230 effusum
1629 3140 1684 3195 in
1717 3149 1922 3199 terram
1951 3147 2109 3216 jecur
2131 3166 2336 3219 nicum,
2367 3163 2594 3225 propter
2618 3138 3146 3229 conquassationem
3178 3138 3302 3213 filia:
3332 3158 3516 3230 populi
3555 3157 3691 3220 mei.

439 3245 568 3285 cum
596 3227 764 3282 animi
793 3225 1094 3313 deliquium
1120 3233 1449 3313 paterentur
1490 3226 1746 3296 infantes,
1775 3239 1830 3285 et
1867 3233 2133 3295 lactentes
2172 3240 2226 3294 in
2267 3243 2470 3312 plateis
2500 3225 2763 3313 civitatis,
2794 3248 3053 3303 dicebant
3086 3225 3362 3305 matribus
3400 3225 3557 3304 suis:
3589 3245 3691 3302 Ubi

437 3322 525 3371 est
563 3313 923 3401 frumentum,
958 3310 1065 3401 ubi
1085 3309 1386 3401 vinumi‘?
1417 3331 1436 3365 ι
1474 3319 1529 3367 et
1565 3315 1798 3401 reliqua.
1834 3318 1967 3375 Orta
1998 3309 2285 3398 deinceps—
2310 3346 2532 3401 quoque
2563 3341 2672 3401 est,
2708 3309 2833 3393 cum
2869 3335 3105 3392 Romani
3138 3337 3328 3393 urbem
3358 3335 3689 3397 obsiderent.

438 3401 619 3455 farnes
650 3397 1005 3496 gravissima,
1037 3398 1102 3452 de
1134 3414 1252 3496 qua.
1281 3397 1569 3454 historiam
1595 3400 1871 3496 Josephus
1908 3397 2214 3471 contexuit.
2251 3397 2524 3476 Caeterum
2571 3422 2625 3477 in
2656 3397 2759 3479 tali
2793 3439 2979 3480 rerum
3029 3433 3179 3481 statu
3207 3441 3304 3481 eos
3347 3440 3567 3496 quoque
3601 3425 3694 3496 qui

440 3503 590 3584 3V8$_
626 3486 862 3584 εμεξιιιίς)
904 3495 1173 3539 "nam"?
1203 3486 1384 3584 Vif'se
1438 3503 1627 3584 carum
1670 3492 1795 3584 cibo
1837 3505 2153 3558 sustentare
2196 3520 2358 3574 posse
2392 3520 2825 3568 consentaneum
2873 3522 2979 3569 est.
3025 3511 3299 3580 Quoniam
3326 3486 3453 3584 post
3477 3486 3693 3569 'famem

439 3574 748 3646 gravissimi
779 3574 1100 3645 plerumque
1130 3573 1304 3628 morbi
1337 3574 1591 3643 veniunt,
1623 3579 1717 3648 qui
1751 3595 1851 3651 per
1881 3591 2127 3643 tetanum
2169 3573 2585 3662 εἰεηίηεεηιυιι,

510 3712 689 3768 Nolim
709 3725 837 3766 vero
864 3724 1171 3781 repugnare
1200 3709 1244 3765 si
1271 3713 1396 3781 quis
1422 3711 1536 3768 haec
1559 3714 1629 3770 de
1654 3728 1809 3786 pastu
1837 3720 2018 3776 avium

2197 3727 2358 3783 Εἴποι
2404 3730 2450 3783 δ’
2484 3731 2552 3785 ἄν
2580 3749 2666 3797 τις
2701 3734 2797 3787 καὶ
2854 3733 2999 3788 κατὰ
3046 3733 3328 3803 ἀναφορὰν
3374 3732 3486 3787 τῶν
3536 3733 3594 3787 ἐν
3624 3732 3690 3801 τῇ

441 3802 589 3859 dicta
639 3812 791 3867 sunt,
840 3817 908 3857 ex
959 3800 1125 3857 rebus
1182 3801 1237 3855 in
1282 3800 1521 3874 Egypto
1568 3808 1737 3875 gestis
1791 3813 2020 3880 repetita

2123 3816 2320 3888 ἐρήμῳ
2372 3819 2626 3889 εἰρῆσθαι
2675 3821 2757 3886 τὸ,
2802 3821 3002 3891 βρώσει
3060 3800 3298 3893 ὀρνέωνο
3342 3823 3433 3876 ὅτε
3474 3838 3583 3893 περ
3613 3800 3692 3885 είς

441 3910 607 3956 esse.
666 3891 885 3963 quando
941 3892 1199 3947 videlicet
1266 3893 1321 3947 in
1389 3894 1550 3949 bilem
1600 3897 2020 3957 comedentibus

2122 3906 2355 3978 χολέραν
2385 3911 2573 3975 αὐτοῖς
2600 3910 2909 3984 μετεϐλήθη
2944 3891 3203 3984 (parabat:

442 3998 572 4039 aves
610 3981 1031 4052 degenerarunt.

510 4072 608 4129 Est
653 4087 785 4127 vero
824 4080 1041 4127 tetanus
1073 4072 1381 4127 contractio
1406 4074 1778 4129 musculorum
1810 4093 1932 4147 qua:
1963 4079 2018 4132 in

441 4165 597 4239 spina
649 4172 778 4219 sunt
812 4164 987 4230 dorsi,
1030 4180 1152 4233 qua:
1192 4172 1368 4218 totum
1428 4180 1628 4232 corpus
1680 4177 1827 4223 retro
1876 4172 2012 4241 agit,

441 4255 774 4326 intensoque
823 4255 975 4309 arcui
1017 4253 1250 4308 similem
1312 4254 1494 4308 elIicit.
1533 4254 2015 4317 Verumenimvcro

441 4358 505 4402 ut
543 4348 827 4402 historiam
856 4348 1081 4400 missam
1106 4344 1398 4411 faciamus,
1434 4348 1850 4406 consideremus
1887 4355 2012 4422 qui-

441 4441 561 4495 dem
596 4439 791 4493 famem
833 4454 941 4508 qua
974 4438 1094 4506 ejus
1140 4439 1325 4504 inopia
1377 4439 1694 4495 laborarunt
1736 4444 1829 4511 qui
1860 4445 2012 4501 dice-

442 4534 573 4583 ret:
631 4544 649 4577 ι
688 4524 812 4580 Haec
863 4525 998 4580 dicit
1046 4524 1335 4581 Dominus.
1363 4545 1381 4577 ι
1439 4527 1605 4582 Esum
1648 4546 1778 4585 vero
1814 4535 2017 4602 avium,

445 4633 541 4689 per
584 4617 775 4672 inanes
816 4631 1126 4681 sermones,
1164 4619 1329 4686 inque
1375 4633 1503 4672 aera
1533 4619 1736 4676 frustra
1778 4624 2017 4694 jactatos

443 4709 666 4779 quando
720 4722 1005 4762 sacrarum
1055 4707 1392 4763 Litterarum
1440 4712 1679 4766 studium
1738 4717 1880 4782 apud
1922 4733 2017 4773 cos

446 4798 687 4864 refrixit,
719 4800 875 4868 juxta
929 4798 1191 4854 Davidcm
1240 4801 1335 4870 qui
1368 4802 1501 4857 dicit
1533 4823 1546 4858 :
1593 4824 1611 4855 ι
1644 4804 1829 4863 Rebus
1858 4810 2015 4866 vanis

444 4888 714 4944 dederunt
764 4904 986 4958 operam
1011 4891 1075 4944 ³⁸.
1114 4909 1131 4942 ι
1167 4890 1435 4947 'l‘etanum
1482 4909 1609 4949 vero
1635 4911 1732 4967 per
1772 4896 1826 4952 id
1867 4900 2013 4969 quod

452 4981 626 5035 citato
649 4982 817 5051 gradu
842 4989 1134 5035 cesserunt
1171 4991 1338 5038 retro.

2205 4084 2264 4137 '0
2299 4082 2651 4147 ὀπισθότονος
2709 4087 2961 4158 σπασμὸς
2980 4088 3089 4142 τῶν
3112 4086 3177 4142 ἐν
3199 4090 3353 4160 ῥάχει
3376 4086 3490 4159 (12)
3519 4089 3690 4158 μυῶν,

2119 4175 2242 4230 ὅλον
2275 4176 2356 4240 είς
2391 4176 2637 4230 τούπίσω
2684 4178 2862 4232 ἕλκων
2907 4178 2968 4232 τὸ
3019 4180 3199 4251 σῶμα,
3228 4180 3323 4234 καὶ
3355 4180 3433 4244 ὼς
3475 4182 3693 4233 ἐντετα·
3750 4224 3755 4231 .

2125 4266 2289 4336 μένον
2320 4265 2474 4331 τόξον
2507 4268 2979 4340 ἀπεργαζόμενος.
3006 4270 3130 4324 Εἰσὶ
3154 4270 3211 4324 δὲ
3233 4268 3405 4324 ταῦτα
3426 4270 3520 4324 καὶ
3545 4270 3693 4340 πάθη

2119 4355 2320 4428 ψυχῆς,
2360 4359 2461 4430 τὴν
2494 4359 2603 4413 ἀπὸ
2658 4360 2753 4414 τοῦ
2787 4360 2924 4414 Θεοῦ
2987 4362 3339 4433 ἀποστροφὴν
3386 4360 3693 4416 ἐπιδεικνύ-
3766 4410 3767 4415 η

2123 4465 2284 4518 μενα,
2333 4436 2611 4522 μηδεμίαν
2639 4454 2718 4514 εἰς
2769 4452 2967 4516 αὐτοὺς
3010 4452 3380 4522 ὑποφαίνοντα
3422 4452 3692 4523 σωτηρίας

2116 4539 2329 4595 ἐλπίδα.
2366 4541 2544 4613 Λιμὺν
2572 4544 2672 4615 μὲν
2707 4543 2817 4615 γὰρ
2856 4548 3152 4617 νοήσομεν,
3192 4545 3318 4599 καθ’
3347 4545 3406 4598 ὃν
3447 4546 3548 4599 οὐκ
3578 4545 3692 4597 ἐστι

2116 4634 2249 4702 παρ’
2284 4633 2469 4697 αὐτοῖς
2498 4634 2657 4703 λόγος
2722 4636 2896 4689 Θεοῦο
2946 4637 3153 4708 βρῶσιν
3192 4637 3250 4690 δὲ
3302 4637 3530 4706 ὀρνέων,
3570 4637 3698 4700 τοὺς

2116 4726 2310 4789 κενοὺς
2348 4726 2567 4797 λόγους,
2616 4729 2714 4783 καὶ
2746 4728 2928 4801 μάτην
2967 4732 3048 4793 είς
3092 4729 3232 4801 ἀέρα
3283 4728 3691 4798 διῖπταμένους.

2116 4816 2192 4869 Οὐ
2228 4816 2533 4873 παύσονται
2562 4820 2670 4893 γὰρ
2714 4823 2772 4874 ἐν
2807 4821 3020 4885 τούτοις
3046 4820 3380 4892 μελετῶντες
3425 4819 3691 4890 ματαίως,
3748 4888 3757 4893 .

2119 4908 2196 4971 ὣς
2226 4924 2398 4978 φησιν
2426 4911 2455 4963 ὁ
2475 4911 2640 4965 Δαϐίδ
2658 4929 2671 4944 ο
2708 4931 2728 4964 ι
2753 4913 3126 4983 Ἐμελέτησαν
3159 4910 3313 4976 κενὰ,
3345 4912 3426 4974 εις
3452 4910 3695 4963 τούπίσω

2002 4994 2031 5015 ’
2053 4986 2099 5042 Ῑ)
2124 4999 2436 5070 χωροῦντες
2461 5001 2898 5077 ἀμεταστρεπτί.
2927 5025 2947 5058 ι

522 5071 716 5128 Nullus
743 5075 887 5168 enim
919 5074 1011 5168 qui
1050 5090 1273 5168 manum
1307 5084 1492 5168 aratro
1525 5076 1790 5145 admovit,
1812 5089 1866 5136 et
1896 5097 2153 5145 reversus
2175 5101 2279 5158 est,
2314 5092 2382 5146 ad
2411 5071 2640 5164 regnum
2674 5071 2941 5152 caalorum
2973 5107 3134 5168 aptus
3166 5105 3252 5155 est
3277 5096 3340 5150 “.
3378 5092 3537 5161 Quod
3564 5109 3694 5150 sane

412 5176 573 5255 .cum
625 5177 766 5216 uxor
799 5161 899 5215 Lot
949 5163 1286 5227 admisisset,
1320 5164 1450 5218 salis
1485 5174 1668 5220 statua
1699 5167 1840 5223 facta
1867 5178 1974 5236 est,
2007 5189 2072 5228 eo
2108 5178 2253 5246 quod
2285 5179 2355 5232 ad
2386 5161 2588 5236 malum
2624 5185 2823 5239 reverti
2856 5161 3137 5255 gestiisset
3163 5186 3229 5240 ".

515 5248 707 5303 Dentes
734 5249 968 5319 ferarum
1000 5250 1288 5304 immittam
1318 5253 1372 5305 in
1397 5268 1510 5306 eos.
1543 5253 1752 5310 Mittam
1782 5260 1866 5312 vel
1905 5262 2131 5329 promisi
2164 5263 2330 5331 dixit,
2356 5277 2416 5322 ut
2437 5284 2535 5325 eos
2574 5270 2777 5326 iterum
2810 5248 3132 5328 admoneret
3163 5289 3352 5329 eorum
3386 5275 3440 5330 ln
3462 5287 3604 5345 quos
3638 5270 3693 5326 in

520 5406 558 5438 “
590 5405 782 5477 Matth.
810 5420 940 5477 ξνιι,
967 5404 1053 5458 19.
1133 5402 1298 5477 ειλιοιι
1353 5422 1426 5470 vr,
1463 5406 1515 5459 4.
1597 5406 1643 5438 ¹³
1674 5405 1696 5461 ί
1732 5408 1859 5465 Cor.
1898 5427 1986 5477 xv,
2014 5414 2105 5471 50.

446 5492 527 5542 ιι,
559 5476 650 5531 62.
727 5476 766 5507 "
800 5475 938 5531 Gen.
979 5491 1095 5538 χιι,
1124 5474 1216 5529 26.

2225 5417 2267 5450 ⁸⁸
2304 5418 2508 5478 Thren.
2542 5438 2605 5491 ιι,
2639 5424 2729 5491 Η,
2762 5425 2849 5481 12.
2967 5426 3008 5487 ’,⁸
3037 5425 3185 5484 Psal.
3228 5444 3288 5495 ιι,
3322 5428 3375 5483 1.
3487 5430 3534 5463 ⁸⁸
3561 5428 3690 5484 Luc.

1952 5567 2184 5631 NOTAE.

518 5654 1341 5776 ‘f’.’..‘_’_9."ix‘?:__9‘_:il”i‘ii€?‘.
1373 5677 1883 5776 ﬁliiﬁi’flfiji’.
1910 5681 2021 5738 σελ·
2064 5682 2169 5744 ⁸⁷6
2203 5689 2296 5745 τοῦ
2323 5691 2551 5766 δτόμου
2594 5695 2691 5768 τῆς
2730 5699 2811 5762 εις
2873 5699 3001 5764 τοὺς
3066 5701 3214 5757 Ψαλ.
3266 5717 3407 5774 mp.
3466 5703 3692 5776 ἐπισφα-

446 5753 553 5819 λῶς
590 5747 820 5818 πάντεςῖ
849 5752 993 5808 Ἀντί
1018 5747 1121 5806 τοῦ
1145 5747 1304 5824 pexa
1325 5765 1341 5784 ο
1373 5747 1594 5821 Ὃσπερ
1610 5747 1706 5803 καὶ
1727 5747 1908 5822 ἐτέθη.
