4036 6214
1784 299 2137 362 PROCOPII
2173 297 2415 362 GAZEI
3605 299 3713 365 9'72

410 315 512 378 "97
525 311 546 376 ι

339 446 350 454 ·
453 429 572 494 Dei,
610 433 770 490 erat,
805 421 1179 494 perdiderunt.
1233 419 1306 474 Dc
1342 433 1450 488 quo
1480 415 1648 471 David
1683 419 1895 486 psalmo
1941 433 2014 472 sc-

2138 435 2228 471 σαν
2258 415 2354 487 τὴν
2383 413 2603 484 βουλήν.
2641 413 2775 484 Περὶ
2803 406 2869 484 ἦς
2893 411 3058 466 Δαῦὶὸ
3085 413 3144 466 ὲν
3171 411 3481 483 οβ’«ζνοιλμῴ
3511 425 3712 481 φησιν*

449 518 792 592 ptuagesimo
841 513 1088 572 secundo
1137 512 1366 582 inquit:
1421 529 1440 561 ι
1471 509 1721 564 Tenuisti
1779 510 2026 565 dextram

2138 531 2153 562 ι
2176 509 2522 580 Ἐκράτησας
2554 507 2651 575 τῆς
2677 506 2863 578 χειρδς
2902 505 3001 576 τῆς
3046 505 3232 570 δεξιᾶς
3265 521 3400 576 μου,
3431 505 3527 558 καὶ
3561 505 3620 556 ὲν
3646 505 3720 572 τῇ

451 624 630 666 meam
665 621 914 669 manum,
949 613 1004 661 et
1050 605 1284 659 consilio
1331 613 1426 658 tuo
1479 600 1754 656 deduxisti
1799 601 1965 654 me".
2001 618 2020 650 ι

2138 597 2296 667 βουλῇ
2343 613 2439 650 σου
2488 595 2777 667 Coiﬁ-matis;
2820 612 2910 664 με.
2955 613 2973 645 ι
3041 595 3177 665 Περὶ
3234 593 3442 664 ταύτης
3489 593 3724 653 Ἡσαΐας

449 703 527 760 De
561 701 664 757 hoc
714 699 886 756 Isaias
917 695 1098 767 inquit
1133 713 1148 750 :
1185 713 1203 747 ι
1233 694 1298 748 Et
1329 691 1511 764 magni
1542 691 1760 747 consilii
1798 689 2027 760 angelus

2138 688 2268 759 φησί
2287 704 2300 717 ’
2317 707 2335 740 ι
2358 688 2469 740 Καὶ
2495 687 2742 740 καλεῖται
2770 685 3010 755 μεγάλης
3035 685 3231 755 βουλῆς
3255 683 3574 752 Ἄγγελος.»
3599 679 3743 735 ⁹Επ⁹’

449 810 545 850 seu
595 792 827 848 nuntius
861 787 1230 845 vocabitur".
1263 805 1282 839 ο
1317 785 1372 840 In
1429 785 1550 854 ipso
1600 783 1746 838 enim
1795 783 2027 853 spiritus

2138 781 2279 852 αὐτῷ
2309 780 2417 852 γὰρ
2447 777 2514 850 ἦν
2544 779 2767 850 πνεῦμα
2799 777 2992 850 βουλῆς
3018 777 3117 831 καὶ
3143 775 3464 848 ίσχύο;.“Ην
3495 775 3721 830 ἀπώλε-

447 883 668 940 consilii
694 890 811 938 erat
835 889 890 936 et
919 879 1138 934 virtutis
1163 878 1228 944 “,
1265 890 1429 946 quam
1463 874 1824 945 perdiderunt
1852 873 2030 930 lsrae-

2138 887 2230 924 σαν
2259 871 2308 923 oi
2345 870 2402 936 ἐξ
2443 869 2695 940 Ἰσραὴλ,
2724 869 2800 932 ὡς
2838 868 2936 922 καὶ
2965 867 3064 938 τὴν
3091 869 3430 938 ἐπιστήμην.
3471 864 3610 937 Περὶ
3651 859 3726 936 ἧς

449 977 578 1041 litae,
612 971 1076 1044 quemadmodum
1108 979 1164 1026 et
1189 968 1498 1024 scientiam.
1523 965 1600 1021 De
1628 981 1734 1035 qua
1767 964 2026 1019 Solomon

2138 978 2269 1031 φησι
2301 957 2577 1030 Σολομὼν,
2611 979 2631 1012 ι
2658 957 2870 1021 Μύστις
2903 958 3014 1029 γάρ
3045 959 3159 1010 ἐστι
3181 957 3282 1027 τῆς
3310 955 3405 1010 τοῦ
3432 955 3574 1009 Θεοῦ
3597 955 3729 1008 ἐπι-

449 1043 679 1136 ἰηιιιιίιίε
718 1082 737 1116 ι
769 1062 1044 1131 [interpres
1090 1060 1236 1114 enim
1279 1057 1522 1113 scientiae
1567 1055 1770 1110 divinae
1803 1061 1886 1109 εει
1903 1054 1968 1108 ⁸⁸.
2003 1073 2022 1105 ι

2138 1051 2370 1120 στήμης.
2399 1067 2417 1100 ι
2462 1048 2677 1102 Μύστιν
2714 1049 2776 1102 δέ
2811 1066 2948 1119 φησι
2979 1047 3076 1118 τὴν
3109 1047 3325 1116 σοφίαν.
3367 1047 3479 1100 Καὶ
3515 1043 3636 1099 Ἰὼϐ
3666 1043 3728 1095 δὲ

449 1161 808 1228 lnterpretem
863 1169 995 1209 vero
1041 1151 1369 1220 sapientiam
1401 1155 1581 1203 vocat.
1608 1145 1715 1203 Job
1743 1147 1872 1202 item
1906 1161 2025 1202 eam

2138 1141 2333 1211 ταύτην
2379 1139 2810 1210 ἁποθαυμάσας,
2834 1139 3008 1208 φησί·
3053 1157 3073 1190 ι
3111 1141 3268 1202 Ποῖος
3313 1137 3372 1192 δὲ
3409 1137 3576 1200 τόπος
3605 1137 3732 1188 ἐστὶ

448 1248 754 1303 admiratus
779 1244 993 1313 inquit:
1017 1261 1035 1294 ι
1056 1242 1190 1306 Quis
1212 1256 1343 1296 vero
1367 1241 1520 1296 locus
1550 1247 1635 1294 est
1658 1237 1906 1295 scientia:
1922 1237 1987 1290 ’⁸.
2003 1254 2021 1287 ι

2138 1235 2229 1304 τῆς
2258 1233 2607 1304 ἐπιστήμηςς
2644 1250 2663 1282 ι
2711 1232 2846 1284 Οὐδὲ
2875 1230 3082 1302 ταύτην
3119 1225 3269 1301 εἶχον
3307 1232 3358 1283 oi
3389 1229 3449 1294 ἐξ
3481 1211 3758 1300 Ίσραὴλ,¹

445 1341 524 1393 Ac
551 1353 618 1393 ne
641 1337 784 1391 hanc
809 1334 1028 1405 quidem
1063 1332 1322 1388 Israelita:
1352 1332 1688 1394 habuerunt,
1722 1343 1846 1384 cum
1872 1327 2030 1383 Chri-

451 1439 600 1487 stum
625 1427 810 1482 Patris
837 1425 1164 1496 sapientiam
1197 1437 1306 1478 non
1340 1423 1682 1492 recepissent
1706 1459 1723 1486 ,
1756 1427 1811 1474 et
1842 1419 2029 1474 consi-

449 1520 583 1574 lium
609 1515 908 1580 Altissimi,
937 1511 1080 1583 apud
1105 1527 1268 1582 quem
1305 1510 1646 1582 cognitionis
1671 1507 1942 1576 thesauri,
1976 1515 2030 1563 et

445 1609 692 1666 omnium
722 1619 908 1661 rerum
937 1601 1258 1658 scicntia".
1626 1598 1631 1604 ’

519 1697 568 1757 0
589 1699 639 1755 si
662 1703 904 1766 saperent
933 1692 1382 1762 intelligerentqne
1422 1691 1518 1745 hoc
1537 1731 1551 1753 ,
1583 1691 2029 1760 expenderentque

2135 1326 2210 1396 μὴ
2241 1324 2682 1396 παραδεξάμενοι
2727 1323 2990 1394 Χριστὸν,
3032 1323 3170 1377 Θεοῦ
3218 1321 3432 1392 σοφίαν,
3479 1321 3576 1374 καὶ
3621 1323 3728 1389 τὴν

2134 1414 2330 1485 βουλὴν
2359 1414 2455 1468 τοῦ
2489 1414 2768 1482 Ὑψίστου,
2799 1411 2933 1483 παρ’
2960 1405 3004 1481 ᾦ
3031 1413 3130 1482 τῆς
3159 1410 3416 1482 γνώσεως
3442 1412 3493 1464 οἱ
3517 1411 3731 1482 θησαυ-

2135 1507 2243 1578 ροὶ,
2277 1507 2375 1560 καὶ
2402 1505 2512 1558 τῶν
2542 1505 2716 1559 ὄντων
2747 1507 2780 1574 ἡ
2816 1506 3120 1576 ἐπιστήμη.

2207 1704 2330 1756 Οὐκ
2383 1701 2732 1770 ἐφρόνησαν
2775 1698 3052 1754 συνιέναι
3072 1713 3087 1730 ·
3145 1697 3334 1752 ταῦτα
3386 1696 3725 1761 καταδεξά-

439 1789 572 1844 υνιιὶά
590 1787 801 1842 tandem
815 1785 1054 1855 futurum
1070 1784 1139 1837 sit
1156 1783 1414 1850 ipsis,etc.
1431 1779 2034 1852 [XXXlI,29.]Aquiias

2138 1797 2386 1849 σθωσαν
2428 1794 2517 1856 εις
2561 1791 2668 1844 τὸν
2708 1790 2956 1844 ἐπιόντα
3003 1791 3246 1860 χρόνον.
3282 1788 3514 1852 Ἀκύλας
3545 1789 3727 1854 οὕτως

449 1882 534 1937 sic
563 1878 820 1949 eXposuit
846 1893 859 1930 :
890 1875 1014 1929 Non
1043 1881 1122 1929 est
1146 1875 1200 1928 in
1227 1875 1300 1928 eis
1331 1889 1537 1938 sensus,
1567 1874 1770 1926 utinam
1799 1866 2026 1925 circum-

447 1974 587 2028 venti
625 1970 865 2025 oratione
894 1975 1160 2028 essent,ut
1193 1964 1477 2019 consilium
1498 1963 1633 2018 illud
1653 1961 2026 2032 intelligerent.

449 2062 790 2118 Erudiantur
815 2068 1050 2116 extrema
1093 2065 1250 2111 (etate
1290 2072 1409 2109 sua.
1441 2055 1741 2124 Postquam
1777 2053 1922 2109 enim
1965 2067 2028 2107 ea

447 2157 710 2230 quasillis
738 2155 886 2212 dicta
905 2162 1069 2220 ,sunt,
1106 2151 1414 2222 intelligere
1467 2151 1804 2214 noluerunt,
1850 2158 2032 2202 extre-

441 2251 554 2306 mis
582 2248 926 2319 temporibus
956 2245 1212 2316 gentibus
1234 2243 1466 2308 vocatis,
1494 2241 1740 2311 ipsisque
1769 2237 2028 2310 repudia-

451 2342 560 2405 tis,
604 2338 1021 2408 compcrieutur
1049 2375 1066 2399 ,
1105 2349 1172 2389 eo
1218 2332 1365 2404 quod
1415 2333 1640 2387 Christo
1685 2330 1933 2388 scientia}
1973 2335 2030 2384 et

445 2431 683 2488 consilio
716 2428 895 2483 Patris
928 2427 1090 2481 iidem
1123 2425 1493 2495 dcuegarunt.

520 2518 797 2588 Quomodo
827 2525 1222 2588 persequeretur
1263 2531 1400 2570 unus
1435 2514 1580 2569 mille
1603 2517 1629 2570 .9
1663 2511 1798 2586 [δα]
1837 2512 2028 2568 Divina

437 2615 598 2672 enim
660 2611 1005 2683 protectione
1053 2602 1338 2673 denudati,
1369 2617 1480 2663 tam
1529 2607 1602 2662 ab
1654 2621 1763 2662 uno
1793 2620 1958 2676 quam
1996 2619 2027 2658 a

447 2706 639 2763 multis
675 2705 730 2759 in
771 2703 956 2771 fugam
988 2701 1101 2756 acti
1130 2707 1282 2758 sunt.
1321 2700 1481 2767 Quod
1513 2715 1545 2756 e
1575 2698 1795 2755 diverso
1848 2697 2030 2752 fuerat

443 2800 496 2856 si
527 2797 722 2870 pietati
755 2794 1164 2850 incubuissent.
1201 2792 1358 2846 Dictu
1399 2791 1544 2846 enim
1590 2788 1913 2844 incredibile.
1943 2794 2030 2842 est

447 2896 799 2961 quantopere
815 2883 1094 2940 Palaestini
1119 2897 1348 2939 suorum
1378 2881 1802 2936 simulacrorum
1831 2891 1936 2947 ope
1965 2890 2030 2932 ac

449 2974 697 3045 potentia
725 2984 821 3028 eos
847 2971 1173 3042 presset-int.
1215 2967 1376 3022 Nulla
1409 2968 1554 3022 enim
1585 2965 1892 3023 similitudo
1918 2963 2030 3019 Deo

2131 1885 2430 1952 ἐξέδωκενο
2459 1885 2579 1937 Οὐκ
2606 1883 2780 1936 ἐστιν
2803 1882 2874 1936 ἐν
2903 1881 3110 1948 αὐτοῖς
3130 1881 3427 1950 φρόνησις
3447 1895 3462 1908 ο
3499 1881 3731 1949 ὄφελον

2130 1975 2559 2044 ἐσοφίσθησαν
2603 1973 2968 2027 ἐπίστασθαι
3013 1971 3232 2039 αὐτήν.
3277 1971 3730 2036 furendam-to-

2131 2083 2252 2122 σαν
2277 2067 2364 2132 εὶς
2389 2063 2663 2134 ἐσχάτην
2684 2062 2903 2118 αὐτῶν.
2922 2063 3140 2134 Ἐπειδὴ
3178 2062 3289 2134 γὰρ
3333 2063 3435 2116 ούκ
3477 2062 3730 2133 ἔγνωσαν

2129 2158 2199 2211 τὰ
2223 2154 2514 2227 εἰρημένα,
2543 2157 2602 2210 ἐν
2652 2153 2910 2224 ἐσχάταις
2944 2154 3182 2224 ἡμέραις
3215 2151 3542 2220 γνώσονται,
3581 2153 3731 2206 κατά

2126 2250 2229 2320 τὴν
2256 2248 2366 2301 τῶν
2393 2247 2561 2300 ἐθνῶν
2590 2247 2780 2317 κλῆσιν
2806 2243 3261 2316 ἀποϐαλλόμενοι,
3289 2244 3365 2316 μὴ
3394 2243 3730 2298 πιστεύσειν-

2129 2357 2222 2404 τες
2249 2339 2495 2411 Χριστῷ,
2525 2341 2592 2410 τῇ
2621 2337 2716 2392 τοῦ
2761 2337 2972 2408 Πατρὸς
2995 2337 3276 2408 ἐπιστήμῃ
3305 2353 3366 2388 τε
3399 2336 3495 2390 καὶ
3526 2335 3722 2407 βιυλῇ.

2201 2519 2334 2590 Πῶς
2375 2519 2468 2574 διό
2485 2520 2644 2585 Εεται
2694 2513 2783 2587 εἷς
2829 2517 3114 2589 χιλίους;
3153 2515 3264 2585 Τῆς
3292 2513 3388 2587 τοῦ
3427 2513 3564 2567 Θεοῦ
3610 2514 3726 2585 γὰρ

2135 2615 2346 2684 σκέπης
2391 2609 2775 2682 γυμνωθέντες
2803 2648 2820 2675 ,
2869 2610 2960 2678 ὑφ’
2991 2609 3129 2671 ἑνὸς,
3176 2606 3251 2670 ὡς
3295 2607 3400 2659 ὑπὸ
3451 2606 3720 2676 πλήθους,

2133 2699 2654 2774 ἐδιώκοντο.Ὦνπερ
2683 2698 2750 2773 ἦν
2780 2700 3092 2754 τούναντίον
3138 2700 3300 2772 ἡνίκα
3349 2700 3414 2770 τῇ
3464 2699 3727 2770 εὐσεϐείᾳ

2131 2799 2508 2868 προσέκειντο,
2547 2795 2621 2848 Οὐ
2657 2795 2767 2866 γὰρ
2797 2793 2945 2847 ἐστιν
2978 2794 3190 2860 εἰπεῖν,
3226 2793 3301 2855 ὼς
3340 2791 3390 2845 oi
3421 2789 3724 2860 ἀλλόφυλοι

2129 2891 2218 2944 διὰ
2245 2889 2342 2960 τὴν
2375 2890 2530 2960 ἰσχὺν
2563 2887 2672 2942 τῶν
2707 2885 2945 2941 εἰδώλων
2983 2885 3164 2939 αὐτῶν
3205 2883 3430 2948 τούτους
3467 2883 3720 2938 ἐδίωκον.

2129 2981 2368 3051 Οὐδεμία
2409 2980 2520 3051 γὰρ
2561 2979 2816 3050 ὁμοιότης
2855 2979 2992 3049 πρὸς
3043 2978 3136 3032 τὸν
3179 2975 3316 3030 Θεὸν
3362 2975 3725 3048 ἡμῶν.Ἀλλά

453 3065 748 3135 respondet
783 3072 998 3125 nostro,
1029 3060 1280 3130 adeoque
1326 3059 1521 3116 vesani
1557 3059 1594 3112 ii
1637 3065 1768 3114 sunt
1799 3057 1894 3128 qui
1932 3069 2029 3112 eas

2138 3074 2228 3128 καὶ
2265 3073 2498 3144 ἄφρονες
2545 3073 2596 3125 οἱ
2643 3071 2866 3134 τούτους
2909 3069 3302 3140 λατρεύοντες,
3335 3067 3592 3136 λέγοντες
3648 3068 3726 3139 τῷ

451 3157 638 3213 colunt
668 3174 684 3211 :
719 3173 741 3208 ι
767 3156 832 3209 Ει
867 3155 1016 3225 iiguo
1055 3154 1262 3208 :Pater
1300 3168 1454 3208 meus
1487 3167 1547 3208 es
1571 3159 1668 3220 tu;
1716 3161 1770 3208 et
1812 3151 1979 3229 lapidi
2013 3168 2028 3205 :

2141 3167 2304 3239 ξύλῳ,
2327 3167 2522 3238 Πατήρ
2549 3182 2652 3236 μου
2683 3159 2734 3218 εἳ
2764 3162 2828 3218 σύ
2847 3180 2860 3192 ·
2887 3163 2982 3217 καὶ
3001 3162 3080 3234 τῷ
3111 3161 3266 3231 λίθῳ,
3287 3159 3359 3214 Σύ
3393 3177 3461 3231 με
3489 3160 3618 3228 ὲγέν
3631 3177 3720 3230 ιη-

447 3249 538 3305 ‘l‘u
587 3263 677 3304 me
708 3247 1034 3318 genuisti",
1069 3265 1088 3298 ι
1145 3244 1358 3300 dicunt.
1410 3243 1632 3299 Possem
1679 3257 1812 3300 vero
1868 3244 2032 3297 etiam

2143 3276 2261 3322 σας.
2294 3259 2532 3310 Δυνατὺν
2552 3257 2610 3310 δὲ
2633 3255 2730 3311 καὶ
2759 3257 2888 3326 περὶ
2911 3254 3070 3325 νίκης
3095 3254 3202 3306 τῶν
3225 3253 3284 3320 ἐξ
3313 3251 3528 3324 Ἰσραὴλ
3559 3251 3722 3304 εὐσε-

454 3341 720 3396 vietorias
745 3338 1123 3394 israelitarum
1156 3338 1250 3408 qui
1283 3337 1414 3392 olim
1450 3337 1710 3408 pietatem
1753 3337 2032 3402 colebant,

2141 3350 2381 3404 σούντων
2401 3348 2764 3420 προλέγεσθαι
2781 3363 2795 3377 ·
2825 3349 2914 3402 ὅτε
2939 3347 3034 3402 καὶ
3053 3347 3152 3418 τὴν
3169 3345 3326 3418 νίκην
3351 3345 3564 3400 ἀκονιτὶ
3585 3343 3723 3397 πολ-

453 3443 922 3493 commemorarc,
955 3443 1093 3499 quas
1146 3441 1526 3498 smpenumero
1576 3425 1714 3481 citra
1755 3425 2034 3496 pulverem

2141 3440 2297 3505 λάκις
2327 3439 2655 3512 ἐλάμϐανον.

454 3527 808 3592 pepererunt.

528 3609 796 3679 Quoniam
833 3610 900 3666 de
936 3611 1086 3665 tinea
1115 3608 1466 3666 Sodomorum
1497 3610 1618 3664 vitis
1645 3623 1850 3664 eorum.
1879 3605 2030 3680 [52.]

454 3701 558 3757 Per
591 3699 880 3756 Jeremiam
913 3715 1131 3772 quoque
1161 3699 1304 3756 Deus
1335 3700 1514 3771 inquit
1544 3717 1558 3754 :
1599 3718 1620 3751 ι
1647 3697 1758 3769 Ego
1783 3706 1836 3754 te
1877 3700 2034 3768 plan-

455 3790 568 3845 ιενὶ
595 3791 811 3844 vineam
846 3789 1187 3846 i'ructiieram
1213 3831 1228 3858 ,
1264 3791 1543 3862 quomodo
1583 3790 1926 3862 degenerasti
1978 3790 2034 3844 in

453 3882 711 3937 acerbam
741 3882 869 3938 vitis
897 3882 1081 3938 aliena
1095 3883 1184 3937 "7
1213 3901 1232 3936 ι
1267 3883 1538 3938 Caeterum
1570 3883 1831 3954 quoniam
1862 3881 2032 3937 vesti-

453 3973 558 4044 giis
597 3969 1008 4028 Sodomitarum
1061 3981 1119 4029 et
1163 3972 1639 4030 Gomorrhaeorum
1684 3974 2029 4040 institerunt,

452 4083 628 4141 genus
666 4084 827 4126 suum
861 4069 990 4125 inde
1022 4069 1226 4126 ducere
1251 4069 1536 4126 dicuntur.
1554 4067 2028 4136 Quemadmodum

2216 3620 2321 3674 Ἐκ
2349 3619 2461 3690 γὰρ
2487 3617 2774 3689 ἀμπέλων
2799 3614 3080 3686 Σοδόμων
3123 3616 3162 3684 ἡ
3193 3615 3466 3682 ἄμπελος
3495 3615 3718 3671 αὐτῶν.

2134 3712 2154 3734 ⁶
2195 3712 2338 3782 Ἔφη
2369 3728 2471 3763 που
2500 3709 2596 3763 καὶ
2621 3711 2651 3762 ὁ
2684 3709 2955 3780 μακάριος
2989 3706 3259 3778 Ἱερεμίας
3288 3706 3448 3779 (πρὸς
3479 3705 3579 3776 τὴν
3615 3705 3723 3760 τῶν

2152 3802 2418 3856 Ἰουδαίων
2453 3801 2778 3870 συναγωγὴν
2799 3800 2838 3871 ),
2871 3799 2950 3863 ὡς
2980 3800 3046 3852 ἐκ
3087 3796 3386 3870 προσώπου
3420 3798 3514 3852 τοῦ
3545 3797 3683 3852 Θεοῦ
3703 3814 3718 3830 ο

2145 3913 2162 3944 ι
2187 3891 2327 3961 Ἐγὼ
2343 3893 2617 3960 ἐφύτευσα
2639 3909 2698 3944 σε
2721 3891 2966 3963 ἄμπελον
2989 3889 3368 3963 καρποφόρον·
3390 3889 3506 3954 πῶς
3526 3889 3724 3960 ἐστρά-

2138 3997 2246 4050 φης
2276 3980 2354 4043 είς
2377 3979 2604 4049 πικρίαν
2633 3981 2666 4051 ἡ
2695 3979 2938 4050 ἄμπελος
2977 3982 3011 4051 ἡ
3047 3979 3339 4052 ἀλλοτρίας
3371 3999 3390 4032 ι
3430 3979 3720 4049 Ζηλώσαν-

2136 4085 2228 4132 τες
2253 4067 2362 4138 γάρ
2395 4068 2702 4138 Σοδομιτῶν
2732 4069 2800 4122 τὰ
2838 4068 2978 4140 ἔργα
3001 4109 3018 4134 ,
3061 4069 3158 4124 καὶ
3197 4068 3269 4122 τὰ
3306 4068 3714 4140 ἐπιτηδεύματα

451 4175 483 4216 e
515 4169 714 4216 contra
757 4160 856 4216 iilii
905 4160 1184 4217 Abraham
1237 4163 1332 4232 qui
1385 4161 1548 4217 ﬁdem
1595 4161 1718 4230 ejus
1761 4169 1816 4216 et
1851 4173 2030 4230 opera

2138 4157 2246 4211 τῶν
2277 4158 2316 4210 Γ
2317 4158 2565 4229 ομόρῤας
2606 4155 2841 4212 πολιτῶν
2871 4159 3268 4230 ἀσπαζόμενοι,
3295 4159 3357 4213 τὸ
3385 4161 3542 4230 γένος
3571 4161 3718 4213 ἐκεῖο

449 4251 792 4308 emittantur.

2137 4247 2230 4302 θεν
2263 4247 2514 4317 λέγονται
2547 4248 3050 4320 κατάγειν.Ὦσπερ
3085 4249 3194 4321 γὰρ
3233 4251 3282 4302 οἱ
3321 4249 3392 4304 τά
3437 4249 3573 4321 ἔργα
3618 4249 3712 4319 ζη-

448 4339 665 4406 λοῦντες
685 4345 779 4398 τοῦ
808 4343 1061 4416 ⁹Δϐρειιὰμ
1081 4343 1175 4398 καὶ
1200 4340 1645 4414 μεταδιώκοντες,
1663 4343 1770 4396 υἱοὶ
1807 4340 2062 4413 Ἀϐραὰμ
2097 4340 2198 4394 οὐκ
2229 4339 2538 4404 ἀπεικότως
2568 4340 3024 4411 ἀναγορεύονται·
3058 4339 3236 4413 [οὕτω
3270 4340 3367 4395 καὶ
3393 4341 3444 4396 oi
3475 4340 3546 4396 τὰ
3616 4341 3714 4394 Σο..

445 4433 685 4504 δομιτιῖΝ
750 4431 1158 4504 ἐπιτηδεύματα
1229 4431 1674 4503 φιλοτιμούμενοι
1722 4431 1984 4486 πάνδεινα
2016 4469 2032 4496 ,
2073 4428 2442 4498 ἀπόγονοιτοῦ
2475 4429 2786 4486 ἀποστάτου
2822 4429 3094 4500 γίγνοιντο
3125 4429 3237 4501 (16)
3268 4427 3577 4504 auﬁdium]

519 4545 714 4598 Annon
767 4558 884 4596 ecce
938 4543 1068 4624 lich
1109 4543 1288 4595 omnia
1339 4543 1570 4611 reposita
1619 4550 1745 4595 sunt
1795 4540 1936 4609 apud
2014 4555 2116 4604 me,
2155 4547 2206 4594 et
2258 4541 2534 4612 obsignata
2569 4541 2627 4594 in
2667 4541 2932 4597 thesauris
2986 4543 3162 4598 meis?
3201 4541 3353 4615 [54.]
3391 4541 3714 4598 Peccatorcs

447 4630 596 4685 enim
629 4627 774 4684 Deus
805 4628 1038 4698 patitur,
1071 4643 1246 4698 usque
1277 4628 1406 4682 dum
1443 4643 1701 4684 mensura
1733 4637 1818 4683 est
1843 4627 2048 4697 repleta
2069 4669 2084 4694 ,
2117 4642 2184 4681 ex
2218 4643 2328 4697 quo
2357 4627 2691 4698 supplicium
2724 4635 2854 4683 ante
2883 4627 3050 4698 pedes
3076 4637 3183 4685 est.
3213 4629 3385 4696 Quale
3416 4629 3551 4684 illud
3579 4637 3667 4685 est
3695 4647 3709 4684 :

454 4733 474 4767 ι
506 4713 758 4769 Nondum
791 4720 1178 4768 consummata
1211 4722 1340 4768 sunt
1368 4721 1594 4782 peccata
1627 4713 2071 4792 Amorrhazorum
2095 4713 2160 4767 ³⁸.
2195 4732 2214 4764 ι
2249 4713 2382 4769 Post
2402 4714 2942 4787 consummationem
2971 4715 3117 4771 enim
3145 4726 3362 4784 tempus
3399 4725 3455 4771 et
3479 4715 3600 4772 dies
3633 4715 3712 4770 ul-

451 4801 623 4858 tionis
664 4801 960 4866 accelerat,
997 4801 1044 4854 si
1087 4800 1214 4870 quis
1254 4816 1284 4854 a
1323 4801 1408 4854 via
1448 4807 1598 4856 recta
1636 4799 1942 4858 deﬂexerit.

517 4891 752 4959 Quidam
784 4906 915 4946 vero
947 4892 1199 4963 praesagii
1241 4891 1407 4947 modo
1457 4892 1597 4948 illud
1654 4893 2026 4964 interpretan-
2057 4895 2102 4950 D

449 4991 574 5045 tur,
614 4979 776 5048 quasi
828 4979 979 5034 dicat
1033 4979 1177 5036 Deus
1210 4998 1224 5036 :
1257 4981 1403 5038 Ecce.
1447 4981 1732 5052 prospicio
1783 4981 2025 5038 futuram
2063 5057 2073 5065 ι

452 5073 766 5128 Servatoris
787 5073 1011 5138 caedem,
1041 5073 1402 5131 nihilominus
1426 5083 1607 5132 tamen
1641 5075 1822 5130 locum
1849 5074 2025 5129 libero

449 5165 956 5234 hominiconccdo,
991 5175 1358 5238 eventumque
1383 5177 1668 5238 exspecto.

2198 4889 2220 4962 [
2245 4891 2262 4911 .
2296 4887 2354 4942 σο
2381 4887 2697 4962 Σύμμαχος]
2723 4889 3064 4962 σαφέστερον
3095 4891 3414 4964 ἑρμηνεύων
3439 4892 3668 4959 ἐξέδωκε
3690 4908 3706 4926 ⁸

2138 5005 2158 5036 ι
2191 4985 2281 5054 Μὴ
2315 4983 2436 5054 οὐχὶ
2460 4983 2623 5037 τοῦτο
2647 4983 2934 5040 ἀπόκειται
2963 4988 3094 5058 παρ’
3115 4987 3278 5057 ὲμοίς
3315 5006 3334 5038 ι
3365 4989 3614 5042 τουτέστι
3648 4987 3706 5042 τὸ

2131 5075 2394 5148 θηριῶδες
2415 5076 2598 5129 αὐτῶν
2622 5078 2717 5130 καὶ
2740 5077 3046 5147 μιαιφόνον,
3079 5078 3176 5132 καὶ
3203 5077 3241 5133 ἃ
3275 5078 3385 5150 (17)
3422 5079 3706 5150 μέλλουσιν

1995 5201 2003 5230 _-
2109 5169 2402 5239 ἐγχειρεῖν
2431 5165 2730 5232 λυττῶντες
2760 5169 2904 5223 κατά
2930 5167 3024 5222 τοῦ
3065 5169 3318 5240 Σωτῆρος
3344 5169 3524 5224 αὐτῶν
3544 5186 3558 5201 ·
3590 5169 3704 5222 ἀλλ’

2087 5253 2276 5328 ἐὃμως
2307 5257 2682 5330 ἀνασάλλομαι
2702 5297 2718 5322 ,
2766 5260 2864 5314 καὶ
2915 5260 3112 5332 δίδωμι
3156 5259 3342 5332 χώραν
3387 5261 3470 5335 τῷ
3506 5261 3728 5346 -οιὺτεξο⁶

2131 5347 2318 5418 ουσίῳ,
2354 5349 2638 5419 ἀναμένων
2663 5349 2762 5420 τὴν
2791 5349 3010 5422 πρᾶξιν.

517 5465 564 5496 ⁸⁸
601 5461 749 5518 Psal.
786 5476 951 5521 ιχιιι.
979 5459 1072 5514 24.
1149 5457 1342 5530 ’δίει
1377 5459 1564 5530 ικείϐε
1617 5457 1662 5490 ³⁸
1703 5457 1804 5512 Isa.
1832 5475 1915 5530 τι,
1946 5458 2002 5512 2.

2165 5461 2292 5530 Sap.
2323 5477 2441 5524 νιιι,
2474 5463 2526 5517 4.
2604 5466 2650 5496 ²⁶
2687 5463 2790 5520 Job
2848 5480 3036 5530 xxvm,
3063 5465 3153 5520 12.
3221 5465 3272 5498 ³⁸⁷
3307 5464 3522 5522 Coioss.
3556 5465 3699 5530 ",3.

444 5533 491 5565 “
525 5533 728 5588 Jereut.
760 5547 828 5597 tt,
859 5531 950 5585 Ξῖ.
1025 5533 1069 5564 ³⁸
1110 5529 1244 5584 ibid.
1275 5529 1365 5582 21.
1443 5529 1488 5560 ³ο
1526 5528 1665 5607 Gen.
1700 5545 1788 5590 xv,
1824 5527 1910 5582 i6.

1957 5619 2186 5676 NOTAE.

525 5713 636 5784 (16)
677 5715 1010 5768 Δείκνυνται.
1029 5715 1115 5766 Ἐν
1145 5712 1254 5767 σελ.
1289 5711 1392 5768 879
1419 5711 1511 5765 τοῦ
1539 5713 1725 5783 εἰρημ.
1765 5715 1889 5786 τόμ.

2205 5716 2316 5787 (i7)
2360 5711 2473 5782 Οἷς.
2503 5719 2632 5775 Aﬁr.
