4036 6214
420 302 545 368 *975
697 307 703 313 ’
1748 295 2102 356 PROCOPII
2144 295 2389 355 GAZ/EI
3582 290 3692 356 π

411 427 627 486 ιθρειιι,
655 412 813 482 juxta
865 410 995 465 illud
1036 427 1048 462 :
1090 427 1106 460 ι
1135 406 1257 463 Non
1305 414 1519 461 maneat
1563 404 1793 476 spiritus
1840 418 1993 458 meus
2036 404 2090 456 iu
2131 406 2233 471 cis,
2267 418 2332 459 eo
2377 400 2522 472 quod
2557 401 2662 472 ipsi
2693 400 2803 457 sint
2850 401 3131 468 carnes",
3170 418 3189 452 ι
3229 398 3694 471 quemadmodum

659 509 698 552 st
725 499 956 552 dictum.

438 515 585 555 nunc
611 509 698 555 est
725 499 956 553 dictum.

506 584 966 653 Latamini,cozli,
998 583 1269 650 eumipsa.
1293 577 1662 651 [XXXII,45.]
1686 577 1742 634 Si
1774 580 1919 635 enim
1950 592 2021 648 pri

2125 591 2175 632 er
2204 590 2372 630 unum
2393 583 2739 646 peccatorem
2771 575 2867 645 qui
2899 580 3152 631 servatur
3181 572 3439 644 gaudium
3466 572 3520 627 in
3554 573 3703 628 caelo

346 680 353 685 '
438 674 696 737 oritur",
735 680 942 742 quanto
972 670 1148 739 magis
1177 668 1248 723 ob
1282 668 1512 723 salutem
1548 664 2300 736 publicam,tliabolisuhlata
2338 662 2650 734 tyrannide.
2680 662 2786 717 Pro
2805 663 3009 732 quibus
3045 677 3154 716 una
3176 676 3301 715 cum
3333 660 3538 730 angelis
3566 676 3707 729 sup-

410 762 709 832 .plicantur
742 766 1013 830 quotquot
1062 758 1117 812 in
1164 757 1305 811 ﬁlios
1342 755 1436 810 Dei
1489 765 1620 811 sunt
1672 756 1853 820 relati,
1882 762 1937 808 et
1983 767 2108 807 cum
2164 752 2385 805 civitate
2416 750 2630 805 caelesti
2674 750 3036 819 participant.
3070 749 3303 818 Insuper
3337 747 3444 801 alia
3476 762 3710 818 quoque

438 851 745 922 Scriptura,
777 869 797 903 s
829 847 1033 904 Omnes
1064 846 1241 916 angeli
1286 844 1405 909 Dei,
1434 863 1453 895 ι
1489 844 1670 899 habet.
1703 841 2172 911 Quemadmodum
2232 839 2435 894 Paulus
2488 839 2542 893 id
2592 854 2814 910 quoque
2863 839 3112 903 addidit,
3139 838 3333 893 dicens
3365 853 3380 890 ε
3415 854 3432 886 ι
3465 835 3710 902 Quando
3794 872 3821 894 ο

434 950 565 993 vero
599 936 964 991 introduxerit
997 930 1425 1005 primogenitum
1460 931 1514 983 in
1534 941 1822 985 terrarum
1850 930 2039 984 orbem
2083 928 2221 982 dicit
2248 945 2261 981 :
2292 924 2356 981 Et
2387 926 2619 982 adorent
2649 942 2776 981 cum
2804 942 2995 983 omnes
3044 927 3223 997 angeli
3251 925 3345 980 Dei
3365 925 3433 977 “.
3470 922 3711 992 Semper

434 1024 655 1094 quidem
704 1022 962 1093 tanquam
1000 1019 1170 1075 Deum
1210 1025 1264 1074 et
1308 1016 1649 1073 conditorem
1687 1032 1849 1073 suum
1893 1017 2160 1082 adorant,
2210 1023 2341 1069 tunc
2374 1028 2511 1069 vero
2560 1013 2750 1070 laudes
2800 1030 2902 1084 pro
2945 1014 3291 1068 humanitate
3330 1010 3506 1081 ipsius
3546 1008 3710 1065 deie-

441 1116 591 1165 runt.

502 1216 809 1282 Laztamini,
830 1224 1026 1287 gentes,
1050 1231 1168 1270 cum
1200 1216 1392 1284 popqu
1418 1214 1557 1283 ejus.
1598 1211 1843 1268 Tametsi
1876 1226 2005 1282 pro-

2183 1215 2590 1283 Εὺφρὰνθητε,
2618 1216 2785 1281 ἔθνη,
2800 1213 2948 1282 μετὰ
2972 1214 3079 1269 τοῦ
3108 1214 3262 1268 λαοῦ
3280 1214 3489 1269 αὐτοῦ.
3507 1214 3569 1268 Ei
3592 1212 3715 1283 γὰρ

424 1314 555 1380 .pter
577 1308 709 1364 o'ves
735 1308 979 1378 perditas
997 1308 1195 1363 domus
1220 1306 1383 1361 Israel
1408 1322 1467 1361 se
1485 1305 1779 1360 advenisse
1804 1303 1939 1358 dicit
1956 1305 2003 1334 “

419 1406 551 1472 ipse
583 1409 764 1455 tamen
794 1408 904 1457 met
934 1400 1074 1454 dixit
1105 1419 1117 1455 :
1158 1419 1176 1451 ι
1200 1399 1353 1454 Alias
1383 1413 1603 1468 quoque
1655 1411 1788 1451 oves
1835 1395 2007 1449 habeo

432 1510 555 1566 quae
577 1510 683 1550 non
718 1501 848 1549 sunt
876 1493 943 1548 de
969 1494 1127 1549 caule
1155 1494 1288 1557 hac,
1314 1507 1452 1562 quas
1482 1506 1567 1546 me
1596 1490 1760 1545 etiam
1792 1498 2010 1558 oportet

431 1586 632 1642 ducere
651 1586 717 1639 ".
748 1602 768 1637 ι
814 1584 999 1655 lnquit
1039 1599 1207 1655 porro
1240 1584 1405 1638 etiam
1436 1582 1596 1637 divus
1622 1580 2007 1650 Apostolus",

432 1676 610 1749 47],
654 1685 711 1731 ιιι
744 1692 812 1733 ex
846 1676 1065 1731 duobus
1102 1690 1270 1729 unum
1317 1689 1516 1728 novum
1562 1673 1841 1727 hominem
1876 1686 2013 1727 con-

435 1769 624 1831 deret,
652 1758 951 1837 pacemque
984 1765 1205 1820 faceret.
1234 1763 1390 1830 Quod
1426 1771 1484 1815 ut
1520 1764 1753 1833 Aquilas
1791 1778 2013 1832 quoque

435 1860 723 1925 indicaret,
744 1858 1042 1930 exposuit:
1082 1855 1237 1911 Unite
1258 1855 1401 1911 vobis
1422 1864 1597 1926 gentes
1644 1854 1812 1924 ipsius
1836 1870 2009 1924 popu-

437 1953 538 2007 lus.

2115 1307 2209 1359 καὶ
2238 1306 2325 1358 διὰ
2348 1307 2415 1359 τὰ
2445 1307 2695 1377 πρόϐατα
2720 1308 2787 1358 τὰ
2810 1305 3130 1360 ἀπολωλότα
3156 1304 3310 1359 οἴκου
3351 1304 3567 1375 Ἰσραὴλ
3592 1323 3714 1357 πα·
3758 1300 3763 1305 ’

2118 1397 2517 1468 ραγεγενῆσθαί
2550 1414 2734 1467 φησιν,
2769 1396 2878 1467 (‘20)
2919 1396 3033 1451 ἀλλ’
3061 1398 3091 1450 ό
3126 1396 3290 1458 αὐτὸς
3318 1396 3481 1449 πάλιν
3508 1398 3564 1447 ἐν
3590 1395 3715 1449 Εὐ-

2117 1485 2392 1554 αγγελὶοις
2422 1488 2564 1558 ἐρεῖ·
2593 1507 2611 1537 ‹
2639 1487 2807 1539 Ἀλλα
2836 1487 3085 1557 πρόϐατα
3112 1487 3241 1557 ἔχω.
3272 1489 3309 1542 ἃ.
3337 1491 3437 1544 οὐκ
3462 1490 3607 1544 ἔστιν
3642 1494 3717 1545 ὲκ

2116 1577 2215 1646 τῆς
2241 1576 2409 1648 αὐλῆς
2443 1576 2668 1647 ταύτης,
2704 1577 2936 1631 ὀιάκεῖνά
2963 1594 3031 1647 με
3071 1578 3152 1631 δεῖ
3191 1580 3438 1648 ἀγαγεῖν,
3470 1582 3565 1634 καὶ
3600 1583 3717 1651 τῆς

2117 1670 2300 1739 φωνῆς
2333 1686 2434 1738 μου
2461 1668 2778 1734 ἀκούσουσι,
2812 1669 2907 1722 καὶ
2935 1672 3222 1739 γενήσεται
3249 1670 3350 1740 μία
3375 1672 3602 1741 ποίμνη,
3621 1666 3717 1734 εἷς

2116 1761 2343 1831 ποιμήν.
2381 1778 2401 1811 s
2441 1761 2587 1830 Ἔφη
2632 1759 2687 1812 δὲ
2737 1760 2833 1813 καὶ
2883 1762 2911 1814 ό
2954 1761 3095 1823 Osis;
3130 1760 3479 1825 Ἀπόστολος·
3538 1779 3557 1811 ι
3587 1760 3717 1816 Ἵνα

2114 1854 2241 1916 τοὺς
2282 1852 2394 1907 δύω
2445 1853 2607 1926 κτίσῃ
2655 1854 2821 1917 λαοὺς
2854 1856 2934 1918 εἰς
2984 1855 3082 1908 ἕνα
3133 1857 3322 1910 καινὸν
3371 1857 3712 1927 ἄνθρωπον,

2114 1945 2283 2000 ποιῶν
2302 1947 2546 2017 εἰρήνην,
2565 1948 2660 2000 καὶ
2688 1947 3191 2002 ἁποκαταλλάσσων
3210 1949 3335 2011 τοὺς
3359 1949 3716 2019 ἀμφοτέρους

424 2045 497 2099 ἐν
532 2044 613 2100 ἑνὶ
639 2041 912 2113 πνεύματι
943 2040 1078 2112 πρὸς
1106 2040 1196 2093 τὸν
1227 2038 1466 2109 Πατέρα.
1500 2057 1516 2088 ι
1553 2035 1783 2100 Ἀκύλας
1807 2034 1862 2088 δὲ
1897 2036 2016 2089 ἀντὶ
2064 2036 2181 2102 τοῦ,
2212 2039 2577 2109 εὐφράνθητε,
2627 2038 2815 2110 φησὶν,
2853 2039 3284 2107 Ἐνοποιήσατε
3329 2040 3474 2108 ἔθνη
3510 2040 3714 2107 λαοὺς

434 2134 648 2192 αὐτοῦ.

430 2266 441 2277 ‘
508 2249 823 2320 Confertent
854 2264 942 2303 eos
969 2264 1147 2302 omnes
1180 2248 1359 2318 angeli
1389 2246 1526 2315 ejus.
1567 2244 1716 2298 Dicit
1745 2244 1946 2300 alicubi
1986 2244 2190 2300 Paulus
2221 2245 2386 2299 etiam
2423 2262 2437 2299 :
2474 2264 2492 2297 ι
2518 2245 2725 2301 Annon
2790 2260 2985 2302 omnes
3016 2256 3148 2302 sunt
3187 2246 3713 2303 comministrantes

438 2338 691 2412 spiritus,
730 2336 799 2392 ad
840 2335 1213 2391 ministerium
1246 2332 1507 2404 ablegati,
1562 2342 1787 2402 propter
1817 2346 1912 2386 eos
1961 2331 2167 2401 quibus
2212 2332 2408 2391 salutis
2464 2331 2759 2387 haereditas
2809 2332 3114 2387 ohvcntura
3146 2340 3230 2387 est
3254 2334 3319 2385 ⁸⁷.
3358 2352 3375 2384 ι
3431 2332 3714 2388 Similiter

440 2435 496 2483 et
526 2424 698 2480 David
729 2425 844 2479 ait:
881 2442 899 2475 ι
931 2422 1180 2477 Excubat
1202 2421 1444 2493 Angelus
1474 2417 1693 2474 Domini
1737 2419 1947 2475 circum
1980 2419 2141 2486 ,circa
2193 2418 2452 2472 timentes
2481 2418 2627 2487 ejus,
2675 2426 2735 2471 ut
2768 2418 2915 2488 ipsos
2944 2428 3161 2473 asserat
3185 2419 3252 2473 ⁸⁸.
3291 2438 3309 2471 s
3362 2418 3538 2473 llahct
3568 2433 3712 2473 vero

441 2514 549 2569 alia
576 2514 897 2584 scriptura:
935 2510 1131 2567 Omnes
1169 2510 1271 2580 ﬁlii
1322 2510 1445 2574 Dei,
1492 2517 1604 2565 etc.
1658 2507 1782 2575 Quo
1824 2508 2104 2564 indicatur
2157 2507 2435 2576 apostolos
2481 2506 2688 2561 divinis
2734 2521 2831 2562 eos
2867 2506 3060 2576 juvare
3112 2507 3357 2577 potuisse
3385 2508 3709 2577 praceptis,

440 2616 584 2673 pane
610 2601 885 2672 spirituali
918 2601 1011 2670 qui
1038 2613 1136 2654 cor
1170 2598 1415 2653 hominis
1441 2599 1751 2660 conﬁrmat,
1789 2596 2062 2666 apposito.

513 2709 782 2785 Quoniam
829 2708 1140 2779 sanguinem
1192 2706 1429 2775 ﬁliorum
1464 2705 1772 2769 ulciscatur,
1822 2715 1871 2758 et
1905 2704 2019 2758 vin.
2053 2696 2093 2750 Β

442 2800 644 2855 dictum
693 2810 883 2855 sumet.
932 2798 1023 2852 Ait
1070 2796 1216 2853 enim
1268 2796 1321 2849 in
1366 2795 1676 2865 Evangeliis
1714 2794 2014 2853 Christus:

450 2911 468 2945 ι
496 2890 635 2948 Ecce
668 2906 768 2962 ego
819 2890 978 2944 mitto
1024 2887 1091 2942 ad
1126 2902 1221 2942 vos
1261 2885 1581 2955 prephetas,
1636 2884 1935 2952 sapientes,
1965 2893 2017 2938 et

443 2984 676 3048 scribas,
704 2992 757 3038 et
782 2996 974 3038 eorum
1006 2978 1290 3041 occidetis,
1332 2977 1498 3045 inque
1527 2989 1747 3029 crucem
1783 2973 2017 3044 adigetis

443 3075 656 3144 aliquos
688 3073 768 3138 M';
804 3092 823 3123 ι
859 3072 947 3127 cui
982 3069 1264 3139 subjungit
1295 3087 1309 3123 :
1351 3086 1369 3119 ι
1405 3067 1526 3133 Quo
1568 3080 1732 3134 super
1757 3080 1856 3121 vos
1878 3080 2017 3119 cun-

436 3176 570 3219 ctus
618 3162 890 3231 iustorum
931 3162 1179 3230 sanguis,
1225 3161 1294 3212 ab
1328 3158 1515 3213 Abelis
1556 3157 1693 3226 justi
1728 3156 2018 3227 sanguine,

442 3255 514 3309 ad
563 3253 842 3307 Zacharias
887 3251 986 3306 lilii
1034 3249 1318 3304 Baracbiae
1368 3262 1545 3317 usque
1593 3248 1919 3317 sanguinem
1965 3246 2019 3301 in

2195 2700 2324 2753 "Ott
2357 2699 2423 2752 τὸ
2456 2693 2600 2769 αἷμα
2636 2698 2756 2753 τῶν
2795 2698 2943 2753 υἱῶν
2973 2699 3158 2754 αὑτοῦ
3191 2700 3509 2754 deducito:
3533 2716 3548 2731 ·
3600 2700 3711 2755 και

2123 2790 2431 2856 ἐκδικήσει
2479 2790 2579 2844 καὶ
2630 2790 3044 2844 ἀνταποδὼσει
3109 2791 3309 2859 δίκην.
3355 2793 3372 2813 ‘
3440 2792 3587 2862 Ἔφη
3645 2795 3712 2846 ιν

2124 2882 2481 2949 Εὑαγγελίοις
2512 2882 2540 2934 ὁ
2572 2881 2775 2952 Κύριος
2803 2884 2916 2946 τοῖς
2964 2881 3238 2944 Ἰουδαίοις
3266 2882 3663 2952 διαλεγόμενος
3691 2900 3708 2915 ·

2133 2993 2151 3024 ι
2188 2973 2298 3025 Καὶ
2327 2975 2485 3044 ὑμεῖς
2517 2972 2931 3045 [ὲ]πληρώσατε
2962 2974 3024 3027 τὸ
3054 2974 3251 3045 μέτρον
3286 2974 3394 3027 τῶν
3448 2974 3711 3046 πατέρων

2127 3069 2303 3139 ὑμῶν.
2346 3071 2558 3139 Ὄφεις,
2579 3071 2897 3141 γεννήματα
2928 3070 3176 3141 ἐχιδνῶν,
3212 3070 3329 3135 πῶς
3351 3070 3561 3140 φύγητε
3594 3071 3711 3125 ἀπὸ

2125 3163 2225 3231 τῆς
2258 3160 2490 3231 κρίσεως
2540 3162 2640 3231 τῆς
2690 3162 2953 3231 γεέννης;
3003 3162 3103 3215 Διὰ
3140 3162 3321 3226 τοῦτο,
3375 3181 3392 3214 ι
3423 3163 3554 3225 ἰδοὺ,
3591 3160 3711 3229 ἐγὼ

2125 3250 2442 3304 ἀποστέλλω
2487 3252 2565 3314 εἰς
2620 3250 2765 3321 ὑμᾶς
2813 3254 3133 3323 προφήτας,
3185 3254 3281 3307 καὶ
3330 3254 3549 3323 σοφοὺς,
3609 3253 3710 3306 καὶ

448 3356 649 3400 terram
686 3342 892 3398 eﬂ‘usus
921 3342 1130 3397 recidat
1159 3339 1225 3393 ⁸⁵.
1268 3357 1286 3389 s

2126 3344 2509 3411 γραμματεῖς·
2544 3343 2637 3396 καὶ
2670 3341 2729 3409 ὲξ
2776 3344 2955 3399 αὐτῶν
2997 3345 3351 3398 ἀποκτενεῖτε
3395 3347 3489 3398 καὶ
3539 3359 3711 3398 σταυ-

440 3434 674 3503 ρώσετε,
717 3435 811 3488 καὶ
849 3435 908 3500 ἐξ
944 3432 1122 3486 αὐτῶν
1171 3430 1545 3503 μαστιγώσετε
1619 3432 1677 3485 ὲν
1725 3433 1846 3496 ταῖς
1888 3432 2242 3501 Συναγωγαῖς
2310 3434 2488 3504 ὑμῶν,
2546 3437 2641 3490 καὶ
2683 3436 2900 3502 διώξετε
2946 3438 3055 3491 ἀπὺ
3100 3437 3306 3502 πόλεως
3373 3440 3454 3501 εἰς
3523 3437 3705 3495 πόλιν·

445 3531 595 3593 ὅπως
623 3528 753 3602 ἔλθῃ
783 3528 867 3597 ἐφ’
900 3528 1045 3599 ὑμᾶς
1083 3528 1192 3580 πᾶν
1224 3522 1363 3595 αἷμα
1406 3525 1619 3580 δίκαιον
1661 3527 2021 3597 ἐκχυνόμενον
2059 3528 2153 3580 ἐπὶ
2188 3528 2284 3599 τὴν
2324 3530 2447 3600 γῆν,
2504 3530 2613 3583 ἀπὸ
2650 3531 2744 3584 τοῦ
2787 3531 3021 3602 αἵματος
3089 3530 3256 3583 Ἅϐελ
3321 3530 3420 3583 τοῦ
3465 3531 3685 3586 δικαίου

444 3623 549 3685 ἕως
583 3594 1125 3691 αἵματοςγΖαχαριου
1173 3594 1295 3669 υἱοῦν
1334 3616 1634 3686 Βαραχίου,
1688 3594 1762 3671 δύ’
1791 3594 2121 3686 ἐφονεύσατε
2160 3594 2490 3690 μεταξυτοῦ
2518 3620 2647 3674 ναοῦ
2678 3622 2775 3676 καὶ
2805 3594 2898 3674 τοῦ
2927 3620 3336 3693 θυσιαστηρίου.
3375 3640 3395 3674 s
3688 3594 3705 3620 ’

527 3735 661 3803 Quae
686 3749 821 3791 sane
848 3744 1042 3790 cuncta
1072 3740 1199 3804 post
1232 3732 1475 3787 furorem
1502 3747 1624 3787 cum
1658 3733 1879 3789 Christo
1915 3737 2203 3806 agitatum,
2232 3737 2438 3809 templo
2467 3738 2586 3809 ipso
2618 3754 2834 3809 quoque
2873 3738 2955 3793 eis
2986 3751 3181 3792 everso
3207 3737 3542 3808 supplicium
3573 3747 3708 3795 sunt

439 3831 766 3880 consecuta.

515 3914 739 3971 Necnon
788 3912 1029 3968 vindicta
1075 3912 1143 3966 ab
1198 3910 1453 3967 hostibus
1513 3909 1883 3967 invisibilibus
1937 3923 2021 3969 est

2130 3968 2151 3981 ,
2209 3915 2583 3984 Ἐκδεδίκηται
2620 3916 2678 3970 δὲ
2718 3915 2815 3970 καὶ
2864 3916 2973 3971 ἀπὸ
3017 3917 3126 3971 τῶν
3178 3916 3424 3985 ἀοράτων
3467 3917 3704 3988 ἐχθρῶν.

446 4011 593 4065 illata
634 4028 646 4063 :
680 4019 874 4064 contra
909 4021 1051 4077 quos
1100 4005 1288 4060 divino
1329 4004 1615 4075 repurgati
1661 4006 1927 4076 sanguine
1964 4014 2019 4060 et

2125 4006 2247 4060 καθ’
2278 4000 2355 4060 ὧν
2385 4007 2451 4060 τὸ
2477 4006 2677 4078 Θάρσος
2704 4007 3030 4077 εἰλήφαμεν,
3066 4006 3144 4078 τῷ
3168 4007 3300 4077 θείῳ
3339 4005 3703 4078 καθαρισθέν-

446 4105 689 4168 lavacro,
742 4102 986 4154 animum
1042 4097 1427 4168 sumpsimus,
1483 4111 1593 4165 quo
1639 4104 1788 4151 terra
1838 4099 2013 4155 simus

2125 4115 2209 4161 τες
2260 4098 2458 4168 αἵματι
2512 4097 2605 4152 καὶ
2649 4096 2890 4168 λουτρῷ·
2934 4099 3009 4161 ὡς
3057 4098 3123 4151 ἂν
3166 4099 3238 4168 γῆ
3289 4096 3573 4166 γενόμενοι
3605 4113 3708 4149 κα·

445 4208 584 4265 pura
645 4199 701 4248 et
760 4190 998 4246 fructum
1056 4188 1297 4243 feramus
1355 4186 1553 4256 partim
1617 4188 2019 4257 trigecnplum,

2128 4188 2292 4259 θαρὰ,
2326 4188 2769 4259 καρποφορῶμεν
2797 4188 2902 4242 ἀνὰ
2923 4189 2967 4241 λ’
2998 4189 3093 4242 καὶ
3119 4188 3161 4255 ξ’
3188 4189 3282 4243 καὶ
3312 4186 3381 4259 ρ’,
3412 4188 3511 4240 οὐκ
3534 4189 3706 4242 ἀκάν-

445 4282 891 4353 sexagecuplum,
923 4288 979 4335 et
1013 4275 1417 4347 centuplum“.
1468 4290 1575 4328 non
1620 4275 1831 4344 Spinas.
1865 4276 2021 4330 Insu-

2132 4279 2230 4342 Θας
2266 4280 2362 4332 καὶ
2382 4280 2667 4349 τριϐόλους
2699 4278 2779 4332 ἔτι
2805 4279 3216 4350 βλαστάνοντες,
3251 4279 3538 4350 γεγονότες
3565 4279 3704 4349 ἀρᾶς

446 4390 546 4443 per
570 4374 733 4428 etiam
760 4372 853 4441 qui
884 4369 1120 4424 tribulos
1148 4366 1446 4421 edebamus
1475 4363 1605 4420 l‘acti
1639 4379 1829 4421 sumus
1862 4382 2021 4422 exse-

2131 4370 2231 4440 τῆς
2263 4370 2497 4441 ἀρχαίας
2527 4370 2822 4441 ἐλεύθεροι.

447 4466 697 4518 cratione
731 4462 960 4529 antiqua
995 4457 1175 4512 liberi.

526 4578 592 4631 Et
621 4580 897 4646 ingressus
935 4581 1015 4626 est
1093 4570 1295 4637 Moses,
1349 4584 1399 4629 et
1442 4577 1650 4631 locutus
1709 4584 1787 4627 est
1834 4583 2051 4628 cunctos
2097 4590 2362 4629 sermones
2407 4574 2536 4646 legis
2581 4574 2739 4645 hujus
2778 4574 2834 4627 in
2879 4589 3034 4627 aures
3061 4571 3246 4641 populi
3301 4572 3412 4640 ipse
3449 4577 3500 4625 et
3536 4566 3705 4625 Iasus

457 4665 605 4735 ﬁlius
631 4662 801 4716 Nave.
821 4658 966 4732 [ιι]
984 4657 1116 4712 Post
1146 4659 1424 4729 principes
1446 4661 1521 4715 ad
1539 4660 1797 4729 populum
1819 4659 2058 4731 denique
2082 4662 2323 4717 delatum
2354 4669 2459 4729 est,
2486 4662 2553 4716 ad
2580 4677 2740 4732 quem
2770 4660 2948 4716 Moses
2980 4660 3034 4714 in
3070 4669 3255 4714 castra
3282 4667 3367 4713 est
3394 4659 3697 4727 ingressus.

452 4750 622 4805 Josue
652 4749 782 4802 item
819 4747 914 4816 qui
943 4759 1237 4816 personam
1266 4745 1410 4815 gerit
1440 4745 1647 4800 Christi
1680 4746 1771 4815 qui
1820 4747 1993 4817 legem
2021 4758 2075 4805 et
2106 4752 2406 4821 prophetas
2452 4736 2719 4819 implevit.
2764 4747 3037 4803 Jubentur
3066 4761 3197 4801 vero
3221 4761 3348 4801 cum
3378 4747 3483 4815 ipsi
3512 4745 3678 4799 obser

453 4851 603 4901 vare,
644 4844 760 4890 tum
794 4834 994 4890 docere
1021 4848 1154 4889 suos
1198 4843 1477 4904 posteros,
1504 4833 1663 4903 juxta
1701 4834 1877 4904 illud;
1925 4853 1944 4886 ι
1972 4837 2297 4906 Quicunque
2326 4853 2457 4893 vero
2506 4836 2717 4902 iecerit,
2770 4843 2825 4891 et
2868 4835 3123 4891 docuerit
3151 4849 3320 4889 unum
3350 4848 3419 4888 ex
3445 4831 3691 4887 minimis

456 4926 633 4988 hisce,
669 4924 759 4977 hic
790 4938 1052 4994 magnum
1087 4936 1288 4978 nomen
1330 4922 1386 4977 in
1411 4937 1581 4994 regno
1613 4923 1881 4977 calorum
1907 4924 2239 4992 adipiscetur
2264 4928 2336 4981 ".
2374 4946 2392 4977 ι

528 5008 641 5066 Nec
672 5011 744 5065 sit
770 5010 915 5064 vobis
945 5010 1030 5063 hic
1064 5023 1235 5063 sereno
1266 5026 1455 5074 vanus,
1480 5010 1738 5081 quoniam
1771 5011 1884 5064 hac
1925 5019 2004 5066 est
2035 5013 2145 5067 vita
2180 5023 2374 5080 vestra,
2405 5022 2511 5071 etc.
2560 5013 2699 5087 [ιλ]
2756 5014 2931 5071 Verax
2966 5014 3111 5070 enim
3141 5027 3327 5070 sermo
3359 5011 3528 5067 vitam
3562 5024 3697 5065 con-

460 5101 600 5163 fert;
630 5100 788 5170 juxta
821 5099 955 5154 illud
992 5117 1005 5153 :
1040 5118 1060 5152 ι
1097 5098 1151 5152 In
1189 5099 1293 5153 hoc
1346 5113 1478 5154 vero
1531 5099 1787 5155 consistit
1819 5099 1946 5165 vita,
1995 5108 2057 5154 ut
2093 5108 2396 5171 agnoscant
2440 5110 2494 5157 te
2536 5102 2714 5157 solum
2749 5117 2940 5159 verum
2974 5100 3166 5166 Deum,
3196 5109 3252 5156 et
3278 5113 3445 5171 quem
3487 5095 3684 5154 misisti

376 5206 381 5211 '
457 5186 649 5245 Jesunt
684 5187 967 5244 Christum
990 5188 1057 5241 ".
1092 5203 1110 5238 ι
1143 5184 1318 5251 Quam
1350 5187 1446 5257 qni
1478 5200 1669 5240 verum
1705 5184 2001 5242 Jordanem
2032 5187 2476 5256 pertransierunt
2508 5198 2639 5244 sunt
2670 5188 2933 5246 assecuti.

530 5347 574 5377 ιι
615 5343 754 5401 Gen.
786 5358 865 5406 γι,
895 5343 949 5398 '5.
1029 5343 1074 5375 δ’
1115 5341 1249 5397 Luc.
1287 5357 1377 5405 xv,
1405 5342 1455 5404 7,
1534 5342 1579 5373 “
1621 5340 1785 5412 Hebr.
1820 5358 1858 5407 ι,
1890 5343 1944 5398 6.

2125 5345 2262 5399 atth.
2296 5362 2388 5412 xv,
2421 5346 2511 5401 ει.
2592 5346 2639 5379 ιν
2680 5346 2841 5402 Joan.
2901 5363 2955 5403 ιι.
2995 5347 3079 5401 l6.
3156 5345 3201 5376 ιο
3244 5341 3562 5412 Εριιοεεξιι,
3609 5336 3696 5412 15-

457 5416 504 5450 "
537 5415 700 5471 llebr.
723 5431 763 5481 ι,
796 5414 885 5468 ﬂ.
984 5411 1030 5445 “
1061 5412 1202 5465 Psal.
1237 5427 1427 5479 χχχιιι,
1452 5414 1514 5469 8.
1617 5413 1663 5445 δ’
1694 5410 1888 5468 Matth.
1914 5430 2021 5468 uti

2125 5415 2189 5469 i4.
2266 5416 2311 5449 ⁵⁶
2350 5407 2484 5471 ibid.
2519 5416 2612 5483 55,
2650 5419 2738 5473 56.
2837 5419 2879 5450 ⁸¹
2919 5417 3109 5471 Matth.
3143 5429 3261 5482 XIII,
3293 5407 3359 5469 ’8.
3433 5410 3481 5442 ⁸⁸
3505 5407 3697 5464 Μαιιιι.

459 5503 511 5553 v,
550 5487 630 5540 19.
708 5486 755 5518 ⁸⁸
783 5483 943 5540 Joan.
991 5498 1120 5549 χιιι,
1154 5484 1206 5535 5.

1963 5575 2197 5632 ΝΟΤΕ.

528 5677 639 5750 (90)
678 5678 1115 5750 Παραγεγονέναι
1164 5674 1348 5743 φησιν,
1388 5674 1501 5727 ἀλλ’
1526 5668 1617 5727 οὖν
1657 5673 1815 5737 αὐτὸς
1849 5673 2022 5743 ἔλεγε,
2062 5673 2157 5725 καὶ
2188 5671 2344 5738 ἄλλα,
2371 5689 2456 5728 κτ.
2489 5674 2518 5726 ὁ
2546 5672 2643 5745 τῆς
2671 5674 2805 5744 Δῦγ.
2833 5674 2964 5728 κώδ.
