4036 6214
376 327 480 393 9³77
857 357 889 389 κ

1310 341 1848 405 COMMENTARH
1906 348 1983 406 ΙΝ
2020 347 2721 408 DEUTERONOMIUM.

3535 337 3643 401 978

445 439 555 494 Kal
598 441 847 495 τελεύτα
872 444 941 497 ἐι·
983 443 1061 511 τῷ
1099 447 1218 516 ὄρει
1252 454 1340 517 εἰς
1384 452 1415 503 ὂ
1443 452 1784 520 ἀναϐαίνεις
1814 457 1956 510 ἐκεῖ.
1993 467 2010 512 l

2139 454 2209 509 Et
2267 473 2468 512 morere
2517 458 2573 513 in
2612 464 2785 511 monte
2828 457 2882 509 in
2918 469 3066 525 quem
3116 459 3170 505 tu
3215 450 3472 506 oscendis.
3507 449 3644 522 [ιιθξι

376 531 484 584 Τοῦ
527 530 637 604 γάρ
682 532 813 587 λαοῦ
872 535 1160 605 μέλλοντος
1205 542 1472 615 διαπερᾷν
1512 545 1604 598 τὸν
1667 546 1959 619 Ἰορδάνην,

375 621 532 685 τέλος
557 623 837 694 ἐπιτίθησι
860 625 937 696 τῷ
969 628 1121 700 νόμῳ
1149 630 1300 695 Θεός.

2068 546 2205 603 Cum
2256 552 2400 603 enim
2449 550 2686 620 populus
2735 550 2848 618 jam
2919 562 3015 618 per
3067 544 3360 625 Jordancm
3414 544 3648 597 transire

2067 640 2252 714 vellet,
2285 644 2445 697 linem
2494 644 2598 713 legi
2631 644 2913 712 imponere
2942 640 3085 695 Deus
3118 637 3310 692 voluit.

454 728 710 823 Il-a'cgest
744 733 1036 823 benedictio
1066 755 1172 807 qua
1205 739 1473 796 benedixit
1521 741 1696 798 Moses
1744 746 1821 799 vir
1851 745 1950 800 Dei
1995 748 2123 811 ﬁliis
2180 749 2379 809 Israel.
2414 750 2680 823 [XXXIlL
2712 750 2791 822 1.}
2826 750 2944 804 Non
2989 748 3165 804 solum
3202 745 3521 801 hominibus
3558 761 3646 815 pe-

380 819 559 907 cuniae
602 821 954 875 haereditario
984 825 1309 892 obveniant,
1344 845 1533 883 verum
1563 831 1729 885 etiam
1764 843 2085 888 sanctorum
2116 852 2304 891 eorum
2342 819 2436 907 qui
2470 854 2500 893 c
2556 839 2697 894 vivis
2728 819 3002 893 excedunt
3029 836 3177 899 ﬁliis,
3235 832 3647 887 benedictiones

384 905 722 995 spirituales.
766 909 1114 981 QuaprOpter
1143 928 1266 967 cum
1301 916 1368 970 ad
1398 926 1613 971 aetatem
1645 928 1893 973 exactam
1919 924 2261 989 pervenisset
2296 905 2470 992 Isaac,
2500 925 2601 995 ipsi
2640 925 2786 981 Esau
2820 924 3143 980 benedicere
3171 921 3443 991 cupiebat.
3474 918 3646 973 Iacob

382 992 512 1047 item
544 994 791 1083 moriens
818 995 1041 1069 Josephi
1083 1000 1298 1066 liberis,
1329 1004 1565 1073 aliisque
1593 1015 1862 1075 quotquot
1894 1006 2071 1083 Adigni
2100 1019 2282 1075 erant,
2325 992 2630 1068 benedixit.
2657 1012 2903 1083 Denique
2959 1025 3088 1065 vero
3117 1024 3265 1063 nunc
3297 1007 3478 1062 Moses
3510 1022 3648 1077 quo-

384 1095 493 1168 que
523 1081 798 1139 tribubus.
833 1083 1028 1142 Patres
1058 1090 1206 1142 enim
1233 1091 1565 1146 decedentes
1597 1091 1800 1147 donum
1842 1077 2077 1164 id‘quod
2113 1097 2246 1165 ipsis
2280 1100 2560 1168 peculiare
2586 1109 2728 1164 erat,
2760 1077 2824 1154 in.
2846 1114 3140 1154 commune
3172 1094 3645 1152 transmittebant.

385 1164 520 1220 Nam
555 1184 619 1223 ex
654 1171 822 1226 unico
860 1175 1136 1245 principio
1167 1178 1220 1230 in
1271 1179 1561 1233 universos
1602 1178 1745 1236 Dens
1775 1196 1929 1235 suam
1978 1164 2229 1253 provehit
2280 1164 2535 1255 gratiam,
2578 1186 2725 1257 quod
2756 1202 2943 1241 verum
2994 1183 3330 1255 principium
3364 1184 3645 1238 Christum

387 1268 581 1345 nempe,
606 1266 986 1345 repraesentat,
1024 1262 1117 1329 qui
1155 1264 1356 1316 donum
1388 1280 1547 1317 suum
1595 1281 1624 1318 a
1650 1282 1726 1333 .se
1764 1268 1816 1320 in
1869 1283 2002 1325 suos
2031 1274 2378 1345 transmittit,
2416 1286 2702 1345 postquam
2742 1275 2796 1328 in
2828 1274 3032 1329 cmlnm
3070 1272 3346 1342 migravit,
3396 1270 3649 1324 divinum

385 1348 515 1439 Ρηξτξ
539 1340 959 1439 δβίτῖιιιιιι,.ρθιί
986 1363 1262 1439 queui-ex
1284 1351 1600 1439 hominibus
1634 1351 1729 1408 Dei
1780 1354 1922 1412 filios
1954 1342 2138 1423 eilicit,
2172 1376 2237 1415 ac
2286 1340 2589 1432 discipulos
2625 1362 2709 1418 sui
2758 1361 3025 1433 imagines
3056 1340 3254 1423 reddit,
3287 1366 3348 1413 ut
3407 1374 3505 1427 per
3551 1372 3647 1411 eos

385 1427 545 1520 nobis
578 1437 780 1520 praesto
811 1432 901 1520 sit.
932 1431 1099 1520 Juxta
1135 1436 1268 1490 illud
1298 1455 1311 1490 :
1349 1427 1373 1490 “‹
1405 1436 1510 1504 Qui
1541 1454 1641 1495 vos
1667 1442 1887 1511 recipit,
1920 1460 2006 1499 me
2036 1446 2234 1517 recipit
2262 1449 2328 1502 δι.
2373 1469 2392 1502 ι
2430 1427 2777 1520 Quapropter
2830 1427 3242 1517 nivatri'quoque
3277 1446 3344 1500 de
3368 1444 3646 1514 discipulo

386 1528 490 1568 suo
524 1515 578 1568 in
609 1516 725 1606 hinc
751 1519 927 1606 verba
956 1518 1091 1577 dicit
1122 1540 1136 1577 :
1187 1543 1205 1576 ι
1238 1524 1380 1579 Ecce
1412 1526 1556 1580 lilins
1591 1535 1720 1583 tuus
1750 1529 1851 1583 ⁵⁸.»
1888 1529 2022 1583 Nam
2054 1532 2132 1587 illi
2158 1515 2421 1605 tanquam
2452 1515 2694 1606 seipsum
2734 1515 3163 1601 commendavit,
3189 1549 3352 1604 quam
3382 1533 3437 1588 in
3469 1532 3648 1601 ipsius

386 1615 610 1671 quoque
643 1604 799 1659 [idem
843 1622 952 1685 non
983 1609 1144 1664 aliter
1170 1627 1333 1681 quam
1383 1614 1469 1668 sui
1510 1614 1761 1681 tradidit,
1797 1632 1862 1671 ac
1918 1618 2161 1676 vicissim
2214 1604 2283 1677 ad
2324 1604 2657 1692 discipulum
2714 1623 2853 1677 dixit
2901 1640 2916 1677 :
2963 1641 2982 1673 ι
3010 1622 3150 1677 Ecce
3189 1630 3361 1676 mater
3393 1627 3486 1674 tua
3517 1620 3587 1672 ⁸⁸.
3622 1638 3643 1671 ι

387 1693 492 1760 Qui
517 1697 684 1766 igitur
718 1699 936 1753 unicam
962 1700 1191 1755 domum
1230 1702 1557 1767 fundarunt,
1612 1705 1667 1759 in
1697 1720 1817 1761 eam
1856 1723 2010 1761 suam
2058 1720 2157 1762 sua
2199 1706 2341 1761 bona
2385 1704 2821 1769 translundunt;
2874 1705 2968 1773 qui
3021 1704 3252 1774 insuper
3302 1710 3544 1773 gentem,
3592 1702 3648 1756 in

386 1791 607 1854 gentem
643 1784 1011 1844 transierunt.
1039 1788 1113 1842 Ita
1153 1789 1413 1847 Christus
1446 1793 1501 1846 in
1535 1807 1661 1847 eum
1696 1809 1920 1865 quoque
1951 1796 2042 1862 qui
2070 1795 2119 1849 ei
2150 1794 2387 1849 maxime
2420 1793 2584 1848 fuerit
2618 1792 2839 1857 similis,
2877 1791 2971 1862 qui
3006 1805 3114 1846 non
3148 1805 3409 1845 carneum
3443 1804 3645 1860 genus,

385 1886 580 1927 verum
616 1874 895 1929 subditum
932 1876 1205 1931 condidit.
1233 1876 1404 1933 Jacob
1431 1872 1617 1949 itaque
1643 1880 1887 1936 moriens
1939 1881 2124 1937 futura
2172 1883 2569 1953 praedicturum
2623 1880 2904 1951 promisit,
2936 1893 3037 1935 nec
3082 1877 3264 1933 l'austa
3293 1878 3403 1933 illis
3433 1891 3649 1933 nuncu-

388 1961 560 2032 pavit.
597 1962 889 2033 Aliquibus
924 1964 1069 2019 enim
1104 1965 1345 2019 trihuuin
1374 1966 1498 2021 dira
1527 1976 1610 2022 est
1634 1968 1988 2039 imprecatus,
2016 1979 2203 2039 utpote
2258 1968 2389 2023 Levi
2432 1983 2496 2023 ac
2550 1967 2819 2022 Simeoni.
2862 1965 2972 2021 Sua
3034 1979 3163 2021 vero
3201 1966 3368 2021 verba
3420 1964 3649 2021 benedi-

389 2050 605 2105 ctiones
634 2058 796 2104 vocat
823 2050 1020 2118 Moses,
1052 2053 1146 2121 qui
1176 2051 1365 2109 Jacobi
1398 2056 1810 2112 exsecrationes
1842 2058 2146 2113 enervavit.
2173 2057 2243 2111 At
2281 2057 2592 2112 benedictio
2620 2055 2751 2126 quid
2784 2054 2933 2109 aliud
2966 2062 3071 2118 est,
3105 2067 3274 2124 quam
3305 2052 3649 2113 exsecratio.

389 2136 480 2192 nis
514 2137 854 2192 dissolutio?
880 2138 957 2194 Ac
987 2139 1092 2194 hoc
1133 2141 1355 2211 quidem
1388 2139 1551 2213 472
1580 2142 1808 2213 ﬁguram
1837 2146 1960 2198 tulit
1985 2145 2194 2201 Christi
2235 2145 2328 2215 qui
2353 2143 2612 2198 lsraelem
2642 2158 2670 2196 a
2701 2143 2836 2213 legis
2870 2140 3257 2195 maledic-tione
3290 2148 3411 2194 erat
3441 2139 3646 2194 libera-

389 2231 570 2279 turus.
615 2225 673 2279 in
708 2226 830 2297 ipso
878 2228 1081 2282 etenim
1119 2227 1292 2298 copia:
1323 2244 1493 2283 cornu
1542 2242 1646 2286 est.
1683 2230 1967 2301 Siquidem
2016 2232 2070 2287 in
2109 2232 2247 2302 lege,
2284 2239 2343 2285 ut
2374 2231 2653 2300 inquit",
2691 2229 2843 2283 nulla
2877 2235 2961 2283 est
2994 2225 3277 2296 perfectio.
3313 2224 3468 2292 Quod
3517 2238 3652 2281 sane

391 2311 646 2370 lsraelem
673 2316 815 2370 scire
852 2317 1258 2381 conveniebat,
1292 2320 1437 2387 quod
1473 2322 1785 2376 exsecratio
1828 2322 1882 2376 in
1936 2320 2371 2376 benedictionem
2414 2324 2661 2372 transeat
2696 2315 2969 2378 videlicet,
3024 2327 3124 2368 nec
3157 2312 3384 2368 Christo
3420 2316 3511 2383 qui
3555 2327 3651 2369 eos

392 2400 449 2456 in
504 2400 942 2456 benedictionem
998 2404 1306 2467 transtulit,
1344 2419 1589 2471 crucem,
1644 2420 1710 2461 ac
1752 2422 1783 2460 e
1829 2406 1975 2477 ligno
2041 2406 2460 2475 suspensionem
2528 2403 2882 2473 exprobrare.
2928 2400 3201 2468 Quocirca
3259 2401 3312 2454 in
3362 2400 3651 2470 principiis

393 2502 621 2542 suarum
699 2489 1147 2545 benedictionem
1218 2490 1572 2546 Servatorem
1651 2491 1833 2548 Moses
1892 2494 2201 2548 constituit.
2278 2492 2385 2558 Qui
2456 2497 2623 2561 caput
2702 2499 2758 2545 et
2833 2491 3079 2560 priorum
3151 2499 3205 2543 et
3281 2489 3650 2557 posteriorum

393 2573 841 2631 benedictionum
892 2584 1023 2641 est,
1071 2592 1185 2632 non
1231 2592 1420 2633 earum
1474 2579 1653 2635 solum
1709 2595 1830 2649 quae
1883 2579 2135 2637 lsraelem
2185 2586 2475 2648 spectant,
2524 2593 2715 2633 verum
2771 2576 2934 2632 etiam
2981 2591 3102 2646 quae
3156 2591 3322 2646 regna
3367 2575 3469 2628 alia
3524 2574 3656 2629 uni-

394 2678 579 2721 versa.

466 2770 731 2827 Dominus
756 2772 821 2827 de
851 2772 985 2828 Sina
1019 2774 1182 2838 venit,
1212 2782 1261 2828 et
1297 2776 1599 2843 comparuit
1644 2775 1795 2831 nobis
1845 2776 1909 2831 de
1940 2776 2077 2833 Seir.
2106 2777 2212 2850 [2.]
2246 2776 2321 2832 De
2357 2776 2705 2847 apparitione
2734 2773 2950 2830 Domini
2985 2789 3048 2829 ea
3079 2773 3345 2838 loquitur,
3401 2785 3565 2841 quam
3595 2771 3653 2825 in

397 2870 585 2913 monte
607 2873 730 2913 cum
752 2861 924 2930 legem
960 2862 1154 2923 ferret,
1180 2878 1304 2916 cum
1337 2864 1586 2917 exercitu
1613 2864 1933 2932 angelorum
1970 2862 2117 2929 fecit,
2152 2880 2247 2934 per
2276 2879 2417 2934 quos
2465 2864 2639 2933 legem
2677 2861 3067 2931 promulgavit,
3101 2860 3347 2930 Mosique
3390 2859 3650 2913 eximiam

394 2942 618 3001 lsraelis
648 2958 851 3001 sortem
893 2948 1319 3003 commendavit.
1355 2948 1430 3003 De
1460 2965 1568 3019 qua
1597 2951 1865 3019 scriptum
1910 2959 1995 3005 est

2087 2971 2093 3003 l
2124 2950 2241 3006 Non
2277 2951 2760 3020 tantopereoullam
2806 2948 2989 3003 all‘ecit
3018 2958 3261 3019 gentem,
3314 2961 3417 3001 nec
3444 2944 3653 3014 judicia

399 3048 500 3088 sua
529 3042 661 3089 nota
694 3035 821 3089 fecit
849 3035 931 3090 eis
954 3036 1019 3091 ".
1057 3056 1075 3089 ι
1126 3035 1332 3092 Deinde
1374 3037 1695 3091 vaticinium
1728 3038 1797 3093 de
1823 3037 2044 3094 Christo
2080 3042 2187 3095 tale
2211 3040 2406 3104 edidit,
2432 3038 2579 3108 quod
2616 3038 2732 3108 ipse
2769 3036 3031 3091 Dominus
3064 3036 3131 3092 sit
3160 3035 3252 3104 qui
3288 3034 3460 3105 legem
3484 3032 3659 3089 dede«

397 3124 491 3188 rit,
514 3138 579 3177 ac
612 3139 710 3178 rex
747 3124 933 3180 dilecti
965 3125 1151 3195 populi
1182 3125 1441 3188 exsistat,
1470 3142 1598 3180 cum
1635 3141 1745 3195 quo
1774 3127 2032 3182 omnibus
2062 3142 2283 3197 quoque
2330 3127 2619 3182 benedicet
2671 3123 2911 3195 populis,
2959 3123 3053 3192 qui
3089 3123 3399 3192 principum
3433 3119 3655 3175 nomine

397 3208 808 3281 signiﬁcantur.
864 3212 1336 3277 Quemadmodum
1391 3213 1561 3269 David
1615 3230 1835 3285 quoque
1885 3215 2080 3269 dixit:
2138 3213 2475 3283 «Principes
2534 3213 2861 3283 populorum
2914 3210 3132 3266 collecti
3189 3219 3320 3265 sunt
3375 3207 3442 3262 ad
3482 3206 3663 3263 Deum.

396 3299 676 3354 Abraham
707 3301 775 3355 η.
812 3319 831 3355 ι
873 3300 1124 3357 Nondum
1152 3303 1297 3358 enim
1328 3317 1452 3357 cum
1485 3302 1569 3359 lex
1607 3304 1917 3359 sanciretur
1947 3303 2167 3359 sincere
2208 3302 2330 3372 ejus
2361 3318 2532 3372 regno
2565 3301 2881 3371 parebatur.
2916 3297 3050 3353 Nam
3084 3315 3208 3354 eum
3240 3300 3322 3353 lex
3376 3297 3659 3368 pardagogi

397 3389 549 3443 vices
575 3387 795 3452 habeat,
828 3405 939 3444 non
971 3392 1107 3446 satis
1135 3405 1261 3444 cum
1312 3389 1421 3446 Deo
1447 3391 1783 3446 conciliandi
1812 3390 1915 3445 fuit
1945 3390 2163 3455 idonea,
2217 3389 2396 3444 donec
2442 3389 2687 3458 seipsum
2721 3387 2952 3457 ipsemet
2982 3386 3133 3442 dedit
3165 3386 3433 3441 Dominus
3464 3399 3653 3455 regno.

398 3488 463 3528 ac
493 3473 964 3529 administrationi
1000 3491 1181 3531 rerum
1219 3473 1575 3530 Iudaicarum
1617 3475 2200 3546 Graecanicarumque.
2249 3476 2409 3542 Quod
2473 3492 2602 3531 vero
2633 3476 2883 3546 qnzedam
2937 3476 3072 3528 dicit
3119 3475 3188 3530 de
3216 3474 3359 3544 ipso,
3407 3472 3658 3543 qtuedam

399 3574 532 3615 vero
556 3559 624 3614 ad
651 3560 854 3629 ipsum,
887 3562 971 3617 vel
1003 3564 1108 3616 hoc
1139 3563 1469 3632 simpliciter
1502 3563 1659 3627 fecit,
1691 3564 1777 3617 vel
1803 3562 2081 3632 duplicem
2114 3564 2234 3634 ejus
2269 3580 2561 3635 personam
2594 3565 2980 3619 demonstrare
3018 3565 3154 3627 vult,
3181 3579 3244 3617 ac
3279 3562 3422 3616 Patri
3457 3560 3655 3616 Filiqu

401 3660 504 3699 ceu
529 3647 954 3701 coessentialem
983 3648 1326 3717 conjungere
1368 3666 1383 3703 :
1416 3651 1876 3719 quemadmodum
1904 3649 2202 3705 Zacharias
2232 3666 2454 3721 quoque
2494 3666 2557 3705 ex
2602 3665 2841 3719 persona
2878 3649 2969 3702 Dei
3023 3650 3275 3719 loquens,
3308 3648 3655 3703 alllictioncm

402 3751 466 3791 ac
491 3747 724 3792 mortem
757 3737 879 3807 ejus
904 3737 1191 3803 indicavit,
1232 3738 1368 3792 dicit
1400 3740 1544 3794 enim
1577 3758 1589 3794 :
1631 3762 1649 3792 ι
1677 3741 1959 3810 Aspicient
1985 3753 2146 3807 quem
2181 3744 2624 3806 compunxerunt
2647 3736 2710 3788 '0.
2745 3754 2762 3786 ι
2800 3735 2920 3789 Alio
2946 3736 3072 3789 item
3123 3736 3267 3798 loco,
3295 3736 3400 3787 alia
3437 3734 3658 3803 quidem

403 3838 638 3893 persona
673 3838 793 3892 quae
839 3823 1006 3877 mittit
1066 3824 1398 3891 ostenditur,
1437 3826 1542 3880 alia
1584 3842 1711 3881 vero
1761 3843 1882 3898 quae
1919 3825 2176 3879 mittitur.
2231 3823 2495 3878 Dominus
2562 3822 2688 3877 item
2740 3822 3059 3892 angelorum
3110 3822 3508 3891 promulgatur.
3564 3838 3661 3888 per

403 3926 542 3981 quos
602 3912 774 3981 legem
840 3926 1061 3981 quoque
1128 3910 1318 3978 dedit,
1373 3913 1531 3983 juxta
1598 3913 1730 3968 illud
1788 3931 1801 3966 :
1864 3932 1883 3967 ι
1931 3912 2192 3966 Ordinala
2250 3910 2363 3980 'per
2419 3909 2661 3973 Angelos
2718 3909 2771 3962 in
2847 3923 3011 3962 manu
3080 3910 3468 3965 intcrccssoris
3508 3910 3574 3962 “.
3634 3925 3653 3958 ι

406 3996 724 4068 Stephanus
756 3997 887 4051 item
925 3998 1107 4066 inquit
1144 4011 1160 4049 :
1203 4015 1221 4047 ι
1253 3996 1563 4069 Accepistis
1595 4000 1767 4070 legem
1797 4000 1953 4070 juxta
1988 3998 2305 4070 praescripta
2337 3997 2685 4067 angelorum,
2726 4012 2827 4053 nec
2858 3998 3123 4053 servastis
3158 3998 3223 4049 ⁸³.
3267 4016 3283 4046 ι

471 4127 545 4180 Τὸ
579 4128 730 4194 Σινᾶ,
779 4127 903 4197 ὅρος
951 4128 1070 4182 ἐστὶ
1114 4128 1214 4197 τῆς
1267 4129 1490 4200 Φαρᾶνο
1532 4132 1653 4202 ἥτις
1712 4132 1830 4185 ἐστὶ
1880 4132 1980 4201 τῆς

2159 4128 2331 4183 Porro
2379 4126 2508 4182 Sina
2535 4142 2692 4182 mons
2733 4128 2787 4182 in
2837 4129 3062 4183 deserto
3107 4127 3341 4182 Pharam
3372 4169 3385 4190 ,
3419 4128 3564 4198 quod
3605 4128 3664 4181 in

414 4217 693 4290 ’Apaﬁiaq,
725 4218 800 4281 ὡς
826 4218 854 4270 ὁ
879 4217 1089 4282 uuam;
1120 4218 1386 4289 φησιν.Ἡ
1418 4220 1473 4273 δὲ
1504 4220 1686 4292 Φαράν
1736 4224 1852 4275 ἐστι
1878 4221 1986 4275 Κά-

2087 4222 2311 4285 Arabia,
2339 4221 2510 4277 Paulo
2539 4237 2761 4292 quoque
2792 4228 2929 4276 teste
2959 4222 3026 4286 ⁸³,
3071 4221 3236 4276 situm
3272 4228 3377 4276 est.
3429 4221 3497 4275 At
3525 4218 3666 4274 Pha-

399 4309 520 4381 δης,
579 4309 654 4374 ὥς
709 4327 873 4380 φησιν
927 4311 985 4363 ὲν
1039 4313 1155 4375 τοῖς
1200 4310 1499 4382 Ἀριθμοῖς.
1559 4313 1724 4383 Σηεὶρ
1775 4314 1832 4367 δὲ
1890 4313 1983 4367 καὶ

413 4400 595 4470 Ἐδὼμ
627 4402 776 4453 ἔστιν
818 4402 846 4453 ὁ
887 4401 1078 4455 Ἠσαῦ.
1123 4394 1198 4455 υῦ
1232 4402 1293 4455 τὸ
1344 4404 1469 4474 ὅρος
1516 4405 1747 4475 πλησίον
1772 4405 1979 4475 Φαρὰν.

410 4512 430 4545 ι
460 4494 560 4547 Ἐκ
593 4493 723 4545 Σινὰ
755 4492 832 4557 δὲ,
882 4496 1071 4563 φησιν,
1122 4494 1248 4565 ἥκει
1303 4497 1527 4567 Κύριος,
1557 4517 1579 4549 ι
1624 4497 1740 4551 ἀλλ’
1775 4499 1875 4550 οὐκ
1903 4499 1982 4560 εἰς

403 4587 556 4650 Σινὰ,
596 4587 691 4640 καὶ
714 4588 987 4656 ὲπέφανεν
1034 4590 1098 4641 ἐκ
1133 4589 1327 4660 Σηεὶρ,
1366 4590 1682 4659 ὑποφαίνων
1712 4590 1817 4660 τὴν.
1846 4591 1985 4667 κατᾷ

406 4681 588 4751 σάρκα
613 4679 779 4733 αὑτοῦ
812 4678 1089 4749 γέννησιν,
1127 4681 1223 4734 τοῦ
1259 4685 1354 4736 καὶ
1380 4684 1437 4735 ὲν
1466 4684 1596 4737 Σινὰ
1625 4682 1887 4753 φχνὲντος
1927 4686 1985 4735 ἐν

401 4770 534 4824 εῖδει
568 4772 760 4839 πυρὸς,
786 4770 902 4823 καὶ
940 4770 1233 4835 δεδωκότος
1304 4774 1487 4838 αὐτοῖς
1538 4774 1630 4827 τὸν
1673 4773 1855 4844 νόμον.
1898 4774 1985 4837 Ὧς

403 4863 706 4931 ἀναγκαῖον
736 4861 847 4932 γὰρ
872 4862 1057 4925 αὐτοῖς
1085 4862 1183 4914 καὶ
1234 4864 1502 4933 σωτήριον
1532 4862 1691 4916 τοῦτο
1719 4863 1780 4916 τὸ
1809 4862 1985 4933 μάθη-

320 5012 321 5015 η
408 4971 486 5022 μα
516 4952 904 5024 παραδίδωσιν,
939 4953 1023 5005 ὅτι
1070 4951 1365 5023 ὀφθήσεται
1407 4955 1472 5008 ἐκ
1503 4954 1670 5024 Σηείρ
1696 4970 1709 4983 ·
1751 4955 1809 5018 ὃς
1836 4955 1985 5006 ἐστιν

417 5045 592 5115 Ἐἰώμ
612 5060 627 5075 ο
646 5044 823 5114 Ἐδὼμ
847 5044 927 5108 δὲ,
957 5046 987 5098 ὁ
1012 5046 1220 5115 γήϊνος.
1247 5064 1265 5096 ι
1291 5046 1402 5099 Καὶ
1418 5046 1544 5099 κατέ
1555 5062 1777 5110 σπευσε,
1794 5048 1981 5116 φησὶν,

405 5138 461 5201 ἐξ
477 5138 639 5211 ὅρους
667 5136 874 5208 Φαρὰν,
907 5156 925 5190 ι
950 5136 1044 5190 τοῦ
1079 5125 1247 5207 νόμου
1294 5139 1393 5208 τὴν
1424 5137 1638 5191 παῦλαν
1676 5137 1873 5207 δηλῶν.
1908 5140 1983 5191 Οὐ

406 5226 516 5298 γὰρ
545 5228 626 5281 ἔτι
671 5228 819 5298 μόνῳ
870 5227 1205 5299 χρηματίζει
1247 5229 1326 5301 τῷ
1367 5230 1620 5299 προτέρῳ
1668 5229 1802 5300 λαῷ,
1849 5229 1986 5284 ἀλλὰ

406 5320 504 5373 καὶ
529 5322 698 5374 πᾶσιν
723 5320 824 5390 ἤδη
857 5323 971 5384 τοῖς
1010 5320 1210 5376 ἔθνεσι.
1244 5322 1522 5392 Γράφεται
1549 5322 1605 5375 δὲ
1641 5321 1754 5388 καὶ,
1796 5342 1814 5373 ι
1848 5339 1984 5375 κατ-

408 5411 699 5479 έπαυσεν,ι
722 5413 858 5482 ὅπερ
876 5412 1027 5482 δηλοί
1046 5412 1106 5466 τὸ
1130 5414 1454 5478 σπουδάζειν
1479 5414 1642 5467 αὐτὸν
1663 5413 1984 5468 καταλιπεῖν

485 5592 532 5624 ⁸⁸
564 5590 752 5647 Matth.
787 5607 841 5653 x.
875 5590 963 5645 40.
1042 5591 1086 5624 ³⁸
1116 5590 1274 5647 Joan.
1322 5607 1434 5654 xix,
1463 5592 1573 5646 "9.6.
1651 5592 1697 5623 ⁸⁸
1735 5591 1869 5646 ibid.
1915 5592 2003 5644 Ἦ.

409 5678 559 5725 xcvi,
592 5661 676 5716 l0.

409 5733 458 5766 “‘
488 5731 651 5788 Num.
698 5746 814 5801 xm,
834 5731 926 5785 27.

781 5662 827 5691 ⁸⁸
857 5660 1088 5716 Zachar.
1127 5679 1220 5730 xu,
1264 5662 1378 5730 10;
1425 5661 1583 5719 Joan.
1626 5679 1739 5731 xix,
1764 5662 1853 5717 '57.
1931 5662 1973 5692 “
2009 5660 2183 5716 Galat.
2217 5675 2297 5727 tn,
2336 5662 2416 5714 l9.

2087 4331 2184 4369 ran
2232 4314 2412 4369 Cades
2466 4322 2552 4369 est
2608 4313 3074 4384 quemadmodum
3133 4314 3298 4367 tradit
3359 4314 3413 4367 in
3462 4312 3666 4369 Nume-

2086 4407 2163 4462 tis
2190 4405 2255 4460 “.
2290 4405 2465 4461 Porro
2489 4405 2612 4460 Seir
2634 4414 2689 4461 et
2721 4405 2890 4459 Edom
2919 4404 3064 4458 Esau
3095 4412 3246 4468 sunt,
3279 4404 3444 4473 cujus
3475 4404 3664 4458 termi-

2084 4516 2191 4553 nus
2225 4514 2396 4568 prope
2456 4498 2670 4552 l’baran
2704 4506 2810 4553 est.
2850 4496 2991 4551 Dicit
3023 4512 3150 4552 vero
3183 4515 3198 4551 :
3244 4514 3264 4547 ι
3292 4495 3373 4550 Ex
3407 4494 3542 4550 Sina
3569 4511 3665 4551 ve‘

2085 4589 2168 4641 nit
2212 4587 2502 4651 Dominus,
2537 4607 2556 4639 »
2594 4604 2719 4652 nec,
2768 4585 2826 4641 ln
2885 4585 3040 4652 Sina,
3085 4587 3212 4640 item
3249 4596 3404 4641 ortus
3436 4594 3540 4641 est.
3588 4585 3663 4638 Ex

2088 4678 2212 4733 Seir
2272 4678 2393 4748 ejus
2431 4693 2688 4734 corneam
2733 4676 3145 4749 generationem
3198 4674 3476 4741 declarat,
3518 4674 3663 4743 ejus,

2087 4769 2337 4838 inquam,
2372 4768 2463 4838 qui
2496 4770 2549 4823 in
2587 4776 2772 4823 monte
2814 4779 3037 4837 quoque
3072 4765 3217 4833 ignis
3267 4764 3437 4834 ﬁgura
3470 4764 3665 4831 eluxit,
3753 4801 3759 4807 .

2086 4861 2373 4931 legemque
2415 4861 2551 4930 ipsis
2581 4860 2829 4921 tradidit.
2866 4874 3032 4929 quam
3068 4857 3374 4927 disciplima
3407 4871 3668 4912 necessa-

2086 4954 2183 5007 ria:
2225 4970 2289 5007 ac
2328 4953 2590 5007 salutaris
2640 4953 2760 5006 vice
2812 4952 2922 5006 illis
2965 4953 3339 5005 commendat.
3388 4948 3663 5016 Quoniam

2087 5045 2457 5115 conspicietur
2484 5060 2550 5099 ex
2582 5043 2725 5106 Seir,
2769 5043 2863 5113 qui
2924 5051 3177 5097 terrenus
3216 5040 3385 5095 Edom
3432 5049 3539 5097 est.
3601 5042 3665 5094 Et

2088 5138 2257 5192 movit
2291 5152 2355 5191 ex
2407 5145 2592 5190 monte
2642 5135 2882 5196 Pharan,
2929 5149 3040 5204 quo
3080 5134 3215 5205 legis
3251 5135 3413 5188 linem
3466 5135 3665 5188 subin-

2087 5229 2228 5292 nuit,
2266 5243 2373 5282 non
2413 5228 2556 5283 enim
2586 5228 2766 5299 primo
2797 5228 3001 5298 populo
3024 5227 3249 5282 oracula
3285 5235 3500 5297 promet
3536 5227 3662 5289 soli,

2087 5337 2273 5377 verum
2320 5320 2537 5375 cunctis
2584 5336 2747 5390 porro
2790 5320 3068 5391 gentibus.
3120 5318 3394 5375 Scribitur
3427 5319 3578 5379 item,
3610 5326 3668 5371 et

2087 5409 2402 5475 festinavit,
2438 5424 2553 5479 quo
2607 5409 2885 5464 indicatur
2932 5408 3175 5465 studium
3221 5422 3334 5477 quo
3376 5404 3666 5463 contendit

2116 5591 2159 5621 ³⁷
2196 5588 2360 5643 llehr.
2393 5606 2487 5657 vn,
2536 5589 2619 5644 l9.
2734 5589 2779 5621 ⁸⁸
2809 5588 2953 5644 Psal.
3022 5602 3221 5649 cum,
3265 5585 3355 5657 20.
3434 5585 3479 5616 ⁸⁸
3511 5583 3657 5657 l‘sal.

2529 5661 2572 5692 ⁶¹
2615 5662 2736 5714 Act.
2770 5676 2867 5725 vlt,
2903 5659 2989 5713 55.
3092 5657 3136 5687 “
3184 5656 3361 5710 (ialat.
3437 5670 3520 5719 tv,
3565 5654 3661 5735 25.
