4036 6214
383 259 491 339 983
857 228 864 238 ’
1491 319 1502 347 .

1693 277 2040 337 PROCOPU
2083 278 2323 338 GAZASI

384 387 646 460 peclorali
677 385 837 452 sitos,
854 384 1076 440 claritas
1097 394 1278 440 eratet
1298 387 1522 452 veritas,
1538 404 1634 459 per
1657 391 1793 442 ahos
1813 389 1950 460 duos

2059 386 2146 440 τοῦ
2174 388 2360 454 λογίου
2408 387 2640 459 δήλωσις
2689 383 2757 459 ἧν
2793 388 2888 442 καὶ
2916 387 3165 458 ἀλήθεια,
3192 388 3261 445 δι’
3289 388 3490 463 ἑτέρων
3519 391 3631 447 δύω

382 476 591 547 lapides
612 483 1031 548 repraesentatas.
1055 474 1174 531 Prae
1205 491 1264 533 se
1293 476 1474 532 ferunt
1507 488 1687 534 autem
1720 480 1954 550 prophe-

381 568 488 624 ti‘as
534 583 630 638 per
679 569 824 623 hanc
872 567 1074 624 tribum
1114 569 1404 635 revelatas,
1443 571 1808 626 ministerium
1835 571 1955 626 sive

379 659 672 714 consilium
713 659 842 714 item
876 673 1096 714 sacrum
1129 672 1390 729 perpetuo
1427 661 1476 716 ei
1498 660 1802 726 decretum,
1832 676 1955 734 quae

381 749 763 819 cognationem
791 762 948 803 suam
974 748 1240 814 deseruit,
1267 749 1544 824 Deumque
1571 767 1682 822 prae
1707 753 1824 823 ipsa
1848 751 1952 807 sibi

381 840 564 910 elegit,
594 840 772 910 legum
805 839 1042 908 denique
1070 841 1324 896 notitiam
1365 855 1640 908 exactam,
1665 859 1773 914 qua
1805 842 1954 912 judi-

381 944 473 985 ces
499 945 688 984 earum
739 928 1036 1002 aliquando
1085 928 1370 1000 imperitos
1415 933 1814 988 instruxerunt.
1871 934 1953 988 Ad

381 1035 522 1090 quos
583 1021 792 1076 dictum
843 1032 968 1080 est:
1017 1043 1035 1075 ι
1090 1023 1314 1078 Summo
1339 1023 1525 1079 studio
1562 1025 1760 1078 dictata
1795 1024 1950 1095 legis,

383 1127 546 1179 quam
573 1112 1022 1174 denuntiaverint
1038 1113 1207 1190 vobis
1222 1113 1538 1170 sacerdotes
1561 1114 1782 1180 Levita,
1804 1131 1955 1172 exse-

383 1204 566 1269 quitor
595 1202 662 1257 ⁸⁸.
687 1222 706 1254 ι
741 1203 914 1258 Porro
937 1219 1102 1283 opere
1135 1219 1236 1260 suo
1257 1219 1418 1260 sacro
1437 1221 1466 1258 a
1505 1207 1704 1277 populo
1733 1223 1954 1278 quoque

385 1293 716 1362 supplicium
746 1295 1065 1352 incumbens
1098 1307 1432 1352 averterunt.
1487 1296 1845 1368 Quapropter
1862 1313 1954 1352 sa-

385 1399 450 1436 ne
480 1400 494 1435 :
539 1403 559 1436 ι
597 1383 833 1441 Benedic
862 1386 1075 1444 viribus
1097 1389 1237 1454 ejus,
1263 1406 1282 1439 ι
1307 1389 1520 1456 inquit;
1547 1389 1784 1442 victimis
1808 1389 1952 1443 enim

385 1471 638 1528 cﬂicacia’:
659 1485 788 1530 sunt
810 1486 1080 1546 expertes.
1113 1474 1218 1530 Per
1241 1491 1383 1546 quos
1413 1477 1577 1530 etiam
1603 1477 1843 1532 hostium
1875 1479 1953 1532 vi-

384 1578 474 1619 res
509 1581 895 1636 nonnunquam
943 1577 1074 1622 sunt
1105 1567 1352 1636 deiectae.
1406 1567 1760 1637 Quaecunque
1807 1571 1951 1624 enim

385 1655 640 1710 accidunt
686 1657 909 1726 populo,
972 1657 1041 1712 ad
1093 1673 1264 1726 genus
1301 1659 1557 1728 princeps
1614 1658 1950 1714 referuntur.

2055 477 2218 533 λίθων
2243 478 2610 549 δεικνύμεναι.
2642 479 2804 550 Δηλοϊ
2833 480 2879 534 δ’
2905 479 2998 533 οὖν
3049 481 3386 550 προφητείας
3417 483 3518 547 τὰς
3541 483 3632 537 διὰ

2053 568 2156 637 τῆς
2172 569 2342 640 φυλῆς
2365 571 2656 638 γινομένας
2679 571 2820 623 κατὰ
2841 570 3186 640 ἀποκάλυψιν
3209 573 3302 625 καὶ
3404 571 3631 642 Iuvat)

2059 657 2213 727 ίερὰν
2257 657 2549 722 διαπαντὸς
2600 659 3038 729 ἀπονεμηθεῖσαν
3078 661 3240 732 αὐτῇ,
3282 662 3630 731 καταλιμπα-

2055 745 2222 818 νούσῃ
2254 747 2315 800 τὸ
2347 747 2503 815 γένος
2559 750 2653 800 καὶ
2696 748 2828 801 Θεὸν
2881 751 3203 820 αἱρουμένη,
3257 753 3350 804 καὶ⁵
3399 751 3496 822 τὴν
3522 752 3634 806 τῶν

2055 837 2238 906 νόμων
2265 836 2573 908 ἀκρίῦειαν.
2609 839 2712 890 Ἦν
2739 837 3025 906 ἀγνοοῦσιν
3065 837 3178 891 ἐσθ’
3212 839 3301 892 ὅτε
3335 842 3448 901 τοῖς
3474 839 3633 895 δικα-

2057 930 2210 991 σταῖς
2253 927 2635 1000 παρεδίδοσαν,
2698 927 2834 999 πρδς
2875 927 2969 991 οὓς
3015 927 3262 998 είρηται’
3307 947 3325 979 ι
3366 927 3634 993 Φυλάξεις

2057 1020 2266 1090 σφόδρα
2289 1022 2464 1072 ποιεῖν
2489 1019 2632 1074 κατὰ
2658 1019 2835 1072 πάντα
2854 1020 2946 1073 τὸν
2971 1020 3157 1088 νόμον,
3203 1019 3262 1108 δν
3291 1020 3633 1086 ἀναγγεῢω-

2057 1128 2140 1164 σιν
2171 1113 2297 1178 ὑμῖν
2327 1111 2376 1164 οί
2411 1110 2578 1177 ἱερεῖς
2607 1111 2657 1163 οί
2680 1107 2924 1166 Λευῖται.
2957 1131 2975 1163 ι
2997 1111 3095 1164 Διὰ
3129 1111 3186 1164 δὲ
3210 1107 3308 1180 τῆς
3333 1111 3484 1174 θείας
3515 1111 3633 1180 ίερ-

2054 1201 2281 1271 ουργίας
2309 1241 2324 1268 ,
2386 1201 2481 1253 καὶ
2526 1199 2603 1271 τῷ
2653 1199 2766 1269 λαῷ
2821 1201 3090 1272 τιμωρίαν
3128 1201 3476 1270 ἐπαγομένην
3521 1202 3635 1254 ἁπ-

2055 1293 2341 1365 ἑστρεφον.
2373 1293 2465 1346 Διὺ
2491 1295 2608 1358 καὶ,
2651 1312 2670 1344 ι
2701 1294 3032 1362 Εὑλὸγησον,
3069 1293 3259 1364 »φησὶ,
3303 1293 3494 1364 Κύριε,
3529 1292 3635 1361 τὴν

2059 1385 2212 1452 ἰσχὺν
2238 1383 2422 1436 αὑτοῦ.
2440 1402 2458 1434 ι
2485 1384 2704 1436 Δέονται
2725 1382 2834 1452 γὰρ
2865 1386 2918 1436 αἱ
2949 1381 3129 1436 θυσίαι
3147 1383 3448 1452 δυνάμεως,
3470 1381 3535 1435 δι’
3553 1377 3634 1438 ὧν

2057 1473 2152 1526 καὶ
2186 1475 2218 1542 ἡ
2254 1472 2363 1526 τῶν
2394 1472 2606 1542 ἐχθρῶν
2648 1473 2801 1547 ἰσχὺς
2831 1471 3210 1525 κατεδάλλετο.
3241 1470 3321 1524 Τὰ
3347 1470 3456 1543 γὰρ
3487 1488 3625 1541 cup-

2058 1561 2328 1615 πίπτοντα
2357 1562 2435 1633 τῷ
2459 1561 2576 1633 λαῷ
2604 1561 2739 1632 πρὸς
2771 1562 2832 1614 τὸ
2864 1561 3192 1632 ἡγεμονικὸν
3234 1563 3493 1629 ἀνάγεται
3538 1563 3636 1628 γέ-

2059 1669 2148 1716 νος
2169 1669 2182 1682 ·
2209 1652 2352 1706 καθὰ
2390 1653 2482 1706 καὶ
2506 1651 2584 1721 τῷ
2612 1653 2837 1706 Μωῦσεί
2865 1653 2973 1705 τῶν
3001 1651 3242 1706 Δευῖτῶν
3280 1651 3501 1722 ἄρχοντι
3537 1651 3637 1704 λέ-

384 1741 856 1808 Quemadmodum
905 1745 1037 1801 Mosi
1077 1761 1295 1815 quoque
1352 1745 1667 1801 Levitarum
1717 1747 1950 1818 principi

2058 1759 2210 1811 γεται
2237 1742 2302 1796 τό
2324 1761 2337 1774 ·
2379 1760 2397 1794 ι
2454 1744 2546 1796 Οὺ
2569 1745 2644 1814 μὴ
2681 1742 2966 1795 συναναϐὢ
2989 1742 3128 1811 μετὰ
3157 1741 3272 1805 σοῦ,
3296 1741 3384 1794 διὰ
3412 1741 3473 1794 τὸ
3500 1740 3632 1794 λαὸν

384 1833 586 1887 dicitur
619 1851 633 1888 :
679 1853 697 1886 ι
737 1831 1088 1904 Nequaquam
1133 1836 1426 1892 ascendam
1474 1845 1676 1902 tecum,
1711 1853 1776 1894 eo
1805 1839 1948 1910 quod

385 1925 616 1993 populus
633 1925 950 1996 priet‘ractus
971 1928 1200 1982 exsistat
1221 1927 1290 1982 “.
1329 1945 1348 1978 ι
1379 1926 1590 1980 Rursus
1615 1933 1798 1981 autem
1823 1927 1949 1980 huic

384 2017 787 2086 quoquetribui
816 2017 1017 2073 ducum
1041 2033 1205 2074 casus
1236 2017 1478 2089 impegit,
1507 2017 1610 2072 hoc
1636 2019 1779 2072 enim
1807 2019 1952 2073 clare

385 2107 747 2176 Symmachus
794 2111 868 2164 ita
925 2110 1203 2166 reddendo
1261 2111 1480 2164 innuit:
1536 2109 1798 2180 Perfectio
1834 2119 1948 2176 tua,

383 2213 584 2250 necnon
643 2199 890 2252 doctrina
920 2200 1030 2254 viro
1063 2210 1250 2268 sancta
1279 2214 1434 2268 quem
1468 2199 1757 2267 omnigenis
1779 2200 1949 2255 modis

380 2291 694 2355 exploraui.
748 2290 1004 2344 Prabasti
1046 2306 1165 2346 eum
1197 2289 1360 2360 juxta
1411 2305 1576 2360 aqua:
1628 2289 1948 2346 rebelfionis.

378 2377 499 2434 Ntm
526 2380 716 2450 puduit
743 2382 888 2437 enim
915 2381 1097 2437 Mosen
1130 2393 1239 2436 tam
1263 2381 1330 2436 de
1349 2396 1408 2436 se
1429 2381 1552 2452 ipso
1567 2396 1732 2452 quam
1757 2381 1822 2436 de
1845 2382 1954 2436 fra-

298 2470 300 2473 ’
381 2479 466 2526 tre
499 2470 711 2534 eﬂ‘erre,
747 2473 893 2542 quod
926 2474 1241 2544 exploratus
1284 2473 1358 2530 sit
1397 2489 1561 2544 super
1589 2473 1746 2543 aquis
1775 2475 1952 2528 rebel-

381 2564 570 2625 lionis.
602 2565 855 2636 quodque
881 2565 963 2620 eis
993 2566 1050 2619 in
1089 2573 1290 2620 terrain
1331 2565 1720 2634 promissionis
1741 2565 1950 2636 ingredi

384 2657 456 2712 sit
497 2657 868 2713 interdictum.
896 2657 950 2712 ld
975 2673 1103 2713 vero
1130 2658 1275 2728 quod
1303 2657 1442 2726 apud
1468 2655 1819 2727 Septuaginta
1843 2666 1948 2720 cst,

384 2745 450 2799 de
475 2746 694 2800 Christo
718 2761 940 2816 quoque
969 2747 1178 2800 dictum
1221 2760 1346 2800 esse
1394 2746 1688 2816 cogitetur.
1729 2743 1801 2799 De
1841 2760 1952 2812 quo

383 2834 588 2890 Paulus
611 2836 789 2906 inquit
825 2854 839 2890 :
875 2857 892 2888 ι
926 2834 1112 2890 Talem
1144 2835 1292 2890 enim
1323 2834 1684 2889 conveniebat
1706 2845 1952 2888 nostrum

385 2940 508 2982 esse
531 2925 846 2982 Pontiﬁcem
872 2934 1146 2991 sanctum,
1173 2925 1584 2979 immaculatum
1611 2925 1678 2987 ⁸⁵,
1714 2943 1732 2974 ι
1760 2931 1812 2978 et
1834 2938 1954 2994 quin

385 3018 664 3087 deinceps.
701 3017 768 3073 Et
820 3018 1014 3072 iterum
1054 3034 1069 3072 :
1129 3037 1148 3071 ι
1182 3017 1541 3074 Considerate
1595 3014 1854 3086 Legatum
1901 3026 1954 3072 et

386 3108 704 3165 Pontiﬁcem
745 3111 1111 3166 confessionis
1171 3119 1374 3165 nostrae
1429 3108 1616 3163 Jesum
1651 3109 1952 3173 Christum,

387 3199 534 3268 quod
576 3199 750 3254 ﬁdelis
779 3200 852 3254 sit
893 3199 943 3255 ei
998 3201 1093 3270 qui
1125 3183 1302 3268 ipsum
1354 3199 1645 3255 constituit
1677 3199 1743 3252 οι.
1785 3217 1803 3250 ι
1844 3199 1958 3254 Hoc

387 3290 532 3344 enim
585 3292 909 3361 cognomine
963 3301 1188 3362 propter
1238 3292 1632 3345 humanitatem
1679 3291 1958 3358 dignatur.

390 3381 497 3450 Ipsi
530 3379 714 3450 igitur,
737 3382 935 3453 inquit,
963 3383 1190 3438 tribuite
1242 3383 1545 3438 claritatem
1575 3391 1630 3436 et
1655 3383 1956 3437 veritatem.

389 3477 734 3546 Quapropter
771 3477 925 3532 hunc
969 3491 1187 3548 quoque
1235 3478 1476 3547 posteris
1542 3477 1752 3530 clarum
1808 3476 1958 3538 fecit,

387 3581 536 3629 cum,
579 3583 599 3616 ι
639 3564 768 3621 Viro
801 3577 1026 3633 sancto,
1067 3587 1085 3620 ι
1117 3567 1290 3634 dixit;
1341 3581 1451 3621 non
1495 3567 1638 3620 enim
1675 3575 1958 3635 peccatum

390 3657 688 3721 commisit,
734 3658 1193 3729 quemadmodum
1228 3659 1473 3729 Apostoli
1524 3674 1744 3729 quoque
1775 3659 1962 3713 verbis

391 3747 562 3816 liquet
595 3748 658 3803 ⁸⁷.
688 3749 746 3802 Ει
781 3749 950 3804 virum
975 3749 1042 3803 de
1067 3763 1176 3819 quo
1195 3748 1356 3814 dixit,
1381 3749 1550 3802 Deum
1580 3748 1964 3802 esse'demon-

392 3849 551 3908 strat,
615 3856 739 3896 cum
811 3842 1032 3912 inquit:
1095 3859 1115 3893 ι
1167 3839 1302 3894 Nam
1363 3847 1650 3895 tentarunt
1702 3840 1903 3908 ipsum.
1939 3859 1957 3890 ι

391 3929 857 3995 Quemadmodum
898 3931 1062 3985 David
1089 3948 1310 4002 quoqtte
1333 3931 1408 3985 ait
1437 3950 1450 3986 :
1507 3951 1526 3983 ι
1579 3930 1710 3988 Post
1734 3931 1958 3986 duetmn

393 4036 657 4089 aquarum
701 4022 768 4076 ⁸⁸.
815 4042 832 4073 ι
869 4020 1002 4076 Item
1039 4036 1052 4072 :
1095 4039 1115 4072 ι
1163 4019 1466 4076 Tentarunt
1497 4020 1677 4090 ipsum
1713 4021 1765 4073 in
1797 4022 1964 4074 corde

394 4127 516 4178 suo;
559 4112 1136 4184 etDeooggannierunt
1165 4112 1232 4174 ⁸³,
1275 4131 1292 4162 ι
1331 4120 1384 4166 et
1428 4127 1548 4181 qua:
1580 4112 1860 4180 deinceps.
1904 4110 1962 4164 In

393 4222 553 4276 quam
604 4207 930 4262 sententiam
977 4203 1182 4260 Paulus
1225 4219 1445 4274 quoque
1475 4204 1562 4258 his
1601 4203 1782 4257 verbis
1839 4203 1958 4257 ait:

2055 1831 2533 1904 σκληροτράχηλόν
2569 1849 2628 1885 σε
2677 1829 2834 1886 εἶναι.
2881 1851 2900 1884 ι
2945 1831 3053 1884 Καὶ
3075 1829 3338 1884 ἀνάπαλιν
3373 1833 3440 1901 τῇ
3485 1829 3627 1900 φυλῇ

2051 1924 2299 1994 προσῆψε
2317 1925 2385 1978 τὰ
2406 1925 2521 1987 τοῖς
2542 1925 2776 1995 ἡγεμόσι
2793 1925 3081 1994 γενόμενα.
3107 1921 3277 1974 Τοῦτο
3300 1922 3407 1992 γὰρ
3439 1922 3630 1991 σαφῶς

2051 2015 2282 2079 ἐξέδωκε
2320 2015 2640 2085 Σύμμαχος,
2671 2014 2846 2068 εἰπών
2869 2033 2882 2046 ·
2919 2017 3220 2080 Τελειότης
3249 2028 3366 2066 σου
3399 2012 3498 2066 καὶ
3539 2011 3634 2066 δι·-

2052 2105 2206 2175 δαχή
2231 2123 2347 2161 σου
2379 2105 2460 2172 τῷ
2487 2105 2661 2175 ἀνδρί
2701 2104 2782 2172 τῷ
2809 2106 2979 2172 ὁσίῳ,
3003 2105 3075 2160 ὃν
3101 2105 3426 2172 ἐπείρασας
3443 2105 3512 2158 ἐν
3531 2103 3632 2159 δοι-

2051 2200 2320 2268 κιμασίᾳ.
2363 2199 2758 2265 Ἐδοκίμασας
2793 2199 2983 2252 αὑτὸν
3024 2199 3122 2250 ἐπὶ
3143 2197 3250 2251 τοῦ
3276 2197 3492 2262 ὕδατος
3519 2195 3630 2263 τῆς

2051 2290 2419 2359 ἀντιλογίας.
2457 2291 2573 2343 Οὐκ
2610 2289 2824 2362 ὤκνησε
2869 2291 2979 2361 γὰρ
3023 2291 3187 2353 αὐτὸς
3226 2290 3466 2360 Μωῦσῆς
3499 2291 3629 2360 περὶ

2053 2380 2248 2433 ἑαυτοῦ
2273 2385 2366 2434 καὶ
2395 2380 2490 2434 τοῦ
2521 2381 2752 2450 ἀδελφοῦ
2778 2381 2958 2450 λέγειν
2983 2421 2997 2444 ,
3045 2383 3128 2434 ὅτι
3169 2380 3499 2451 ἐδοκιμάσθη
3534 2381 3631 2433 ἐπὶ

2052 2473 2144 2526 τοῦ
2181 2472 2373 2536 ὓδατος
2404 2473 2506 2542 τῆς
2543 2473 2873 2542 ἀντιλογίας,
2905 2473 3000 2526 καὶ
3039 2471 3512 2544 κατεδικάσθησαν
3551 2472 3628 2542 μὴ

2052 2563 2317 2617 εἰσελθεῖν
2341 2565 2422 2627 είς
2445 2564 2542 2634 τὴν
2571 2567 2675 2634 γῆν
2717 2566 2816 2636 τῆς
2850 2563 3203 2633 ἐπαγγελίας.
3231 2564 3470 2632 Νοηθείη
3495 2563 3539 2616 δ’
3563 2561 3629 2615 ἂν

2054 2653 2194 2709 κατὰ
2224 2657 2352 2718 τοὺς
2378 2656 2433 2708 0'
2455 2656 2550 2708 καὶ
2579 2657 2670 2708 ἐπὶ
2699 2654 2938 2726 Χριστοῦ
2963 2655 3025 2710 τὸ
3053 2655 3366 2726 λεγόμενον.
3401 2648 3536 2726 Περῒ
3567 2648 3630 2709 οὗ

2054 2763 2221 2816 φησιν
2261 2749 2289 2801 ὁ
2329 2747 2571 2812 Παῦλος·
2625 2766 2646 2800 t
2689 2749 2940 2812 Τοιοῦτος
2975 2750 3080 2819 γὰρ
3106 2748 3345 2820 ἔπρεπεν
3370 2749 3500 2817 ἡμῖν
3529 2748 3632 2822 ἀρ-

2055 2840 2296 2910 χιερεὺς,
2329 2841 2496 2906 ὅσιος,
2529 2842 2762 2904 ἄκακος,
2807 2861 2824 2894 ι
2867 2841 2962 2894 καὶ
2984 2842 3050 2894 τὰ
3085 2840 3232 2911 ἑξῆς.
3263 2840 3374 2894 Καὶ
3425 2839 3588 2893 πάλιν
3610 2855 3626 2870 ⁴

2063 2951 2081 2985 ι
2116 2935 2509 3001 Κατανοήσατε
2549 2933 2641 2986 τὸν
2685 2934 3010 2987 Ἀπὸστολον
3059 2935 3156 2986 καὶ
3219 2933 3508 3004 Ἀρχιερέα
3531 2933 3632 3002 τῆς

2055 3024 2343 3092 ὁμολογίας
2373 3025 2550 3095 ἡμῶν,
2583 3026 2772 3078 πιστὸν
2797 3025 2927 3078 δντα
2965 3025 3044 3095 τῷ
3085 3027 3372 3095 ποιήσαντι
3402 3023 3582 3076 αὐτόν.
3605 3042 3628 3074 ι

2054 3113 2398 3184 Χρηματίζει
2425 3115 2536 3186 γὰρ
2577 3115 2719 3168 οὕτω
2739 3115 2823 3169 διὰ
2849 3115 2908 3168 τὸ
2933 3114 3288 3186 ἀνθρώπινον.
3336 3113 3492 3184 Αὑτῷ
3516 3109 3632 3179 οὖν,

2057 3205 2213 3272 φησὶ,
2241 3205 2362 3258 δότε
2411 3205 2511 3275 τὴν
2539 3205 2774 3276 δήλωσιν
2809 3207 2902 3260 καὶ
2935 3207 3034 3276 τὴν
3081 3206 3364 3277 ἀληθειαν.
3421 3205 3511 3256 Διὸ
3538 3206 3662 3274 καὶκ

2053 3293 2242 3347 τοῦτον
2261 3297 2375 3359 τοῖς
2403 3295 2532 3366 ἑξῆς
2575 3297 2869 3368 ὲσαφήνισε
2888 3335 2903 3350 .
2947 3316 2966 3349 ι
2995 3297 3086 3368 Τῷ
3125 3297 3278 3368 ἀνδρὶ
3305 3296 3382 3366 τῷ
3411 3296 3561 3364 ὁσίῳ,
3581 3312 3626 3345 ⁸)

2057 3383 2250 3442 εἰπών.
2279 3386 2352 3440 Οὐ
2388 3387 2497 3457 γὰρ
2521 3388 2774 3454 εποίησεν
2807 3387 3104 3458 ἁμαρτίαν,
3133 3388 3207 3451 ὼς
3235 3389 3328 3440 καὶ
3347 3387 3452 3440 ,τοῦ
3473 3387 3636 3440 Ἀπο-

2060 3477 2250 3530 στόλου
2289 3477 2561 3548 δεδήλωκε
2587 3479 2654 3532 τὰ
2685 3480 2845 3550 ῥητά.
2888 3481 2996 3534 Καὶ
3019 3479 3076 3532 δν
3101 3475 3254 3532 εἶπεν
3277 3478 3465 3548 ἄνδρα,
3501 3476 3636 3530 Θεὸν

2057 3568 2461 3634 ἀποδείκνυσιν,
2496 3571 2701 3624 εἰπών·
2753 3591 2772 3622 ι
2819 3571 2906 3633 Ὠς
2948 3571 3314 3642 ἐξεπείρασαν
3367 3569 3569 3628 αὐτὸν,
3610 3587 3630 3620 ι

2057 3656 2204 3711 καθά
2251 3677 2385 3730 φησι
2439 3662 2534 3714 καὶ
2593 3661 2760 3715 Δαΰὶδ
2835 3664 2974 3732 μετὰ
3033 3661 3131 3732 τὴν
3189 3663 3453 3733 χορηγίαν
3529 3659 3638 3712 τῶν

2064 3743 2273 3802 ὑδάτων
2297 3765 2311 3780 ο
2351 3767 2370 3800 ι
2405 3751 2515 3804 Καὶ
2543 3751 2904 3822 ἐξεπείρασαν
2934 3752 3093 3805 αὐτὸν
3130 3753 3188 3806 ὲν
3212 3755 3278 3822 τῇ
3312 3751 3510 3821 καρδίᾳ
3541 3751 3642 3803 αὖε

2057 3838 2188 3904 τῶν,
2216 3841 2313 3892 καὶ⁷
2341 3843 2717 3912 κατελά).ησαν
2744 3844 2838 3896 τοῦ
2868 3843 3024 3907 Θεοῦ,
3057 3863 3077 3896 ι
3109 3845 3205 3898 καὶ
3229 3843 3300 3896 τὰ
3325 3843 3549 3912 ὲξῆς.Ὃ
3572 3841 3639 3910 δὴ

2060 3933 2154 3984 καὶ
2183 3933 2379 4000 νοήσας
2413 3935 2440 3986 ὁ
2461 3934 2674 3996 Παῦλός
2707 3952 2874 4006 φησιν
2896 3954 2910 3968 ·
2945 3954 2966 3987 ι
3013 3937 3238 3988 Ἔπινον
3269 3935 3362 3987 καὶ
3384 3937 3447 3986 ὲκ
3471 3950 3642 3986 πνευ-

2063 4027 2302 4096 ματικῆς
2359 4029 2763 4101 ἀκολουθούσης
2816 4031 3024 4102 πέτρας
3050 4049 3064 4062 ·
3107 4033 3140 4100 ἡ
3191 4031 3249 4085 δὲ
3292 4031 3468 4100 πέτρα
3497 4025 3566 4099 ἦν
3612 4030 3641 4081 δ

2061 4115 2317 4185 Χριστός.
2360 4136 2377 4168 ι
2425 4117 2481 4172 ’0
2529 4120 2690 4183 αὐτὸς
2723 4121 2830 4192 γὰρ
2875 4123 2980 4192 πρδ
3021 4122 3220 4192 σαρκός
3263 4135 3322 4174 τε
3361 4121 3458 4174 καὶ
3500 4120 3642 4191 μετὰ

2063 4209 2266 4279 ταύτης
2305 4211 2590 4281 ἐτύγχανε,

399 4316 418 4348 ι
457 4297 720 4353 Biberunt
771 4299 915 4354 enim
942 4313 1007 4353 ex
1043 4295 1346 4365 Spirituali,
1387 4309 1508 4365 qua:
1543 4293 1670 4349 illos
1729 4294 2114 4364 comitabatur,
2146 4311 2330 4370 pt‘tt'u;
2369 4312 2520 4371 petra
2560 4318 2686 4356 vero
2717 4302 2976 4359 Christus
3013 4311 3131 4358 erat
3155 4304 3220 4358 ”.
3250 4323 3267 4355 ι
3313 4303 3430 4374 Ipse
3492 4304 3640 4357 enim

393 4403 449 4451 et
481 4405 609 4451 ante
636 4411 856 4450 carnem
892 4400 946 4449 et
981 4400 1104 4462 post
1132 4407 1250 4447 eam
1282 4390 1404 4448 fuit.

465 4515 644 4581 Atque
673 4512 776 4564 hoc
805 4511 1107 4572 declarato,
1141 4507 1325 4562 intulit
1361 4505 1538 4561 Moses
1578 4522 1590 4558 :
1621 4524 1640 4557 ι
1680 4505 1782 4572 Qui
1817 4508 1958 4574 patri
1999 4514 2044 4572 ο

397 4619 519 4666 suo,
553 4611 606 4658 et
638 4604 796 4656 matri
820 4618 932 4658 suis
957 4601 1091 4656 dicit
1121 4619 1134 4655 :
1169 4598 1286 4653 Non
1311 4597 1418 4652 vitli
1450 4605 1523 4662 te,
1542 4604 1596 4651 et
1621 4597 1816 4652 fratres
1841 4615 1972 4656 suos

397 4711 504 4751 non
537 4693 812 4764 cognovit.
854 4711 872 4743 ι
903 4691 1244 4746 Vaticinatur
1275 4687 1468 4744 eadem
1499 4703 1620 4758 qua:
1643 4687 1697 4741 in
1731 4688 1974 4760 Evange-

397 4787 487 4842 liis
515 4793 802 4856 constant;
827 4798 951 4840 cum
977 4783 1126 4838 enim
1143 4781 1540 4854 discipulorum
1563 4779 1784 4850 quidam
1807 4781 1976 4836 dixis-

400 4889 482 4934 set
521 4880 742 4935 Christo
777 4895 790 4932 :
835 4898 854 4932 ι
896 4879 1037 4934 Ecce
1069 4888 1241 4946 mater
1274 4887 1364 4933 tua
1400 4875 1711 4948 fratresque
1741 4877 1817 4932 tui
1842 4876 1975 4932 foris

404 4978 766 5046 stant,.thuc
801 4974 986 5029 videre
1009 4973 1238 5042 cupiunt
1269 4972 1350 5036 ";
1391 4991 1409 5022 ι
1434 4967 1764 5039 respondit:
1811 4986 1828 5020 t
1851 4969 1964 5024 Ma-

401 5077 485 5124 ter
509 5080 626 5120 mea
655 5064 961 5136 fratresque
991 5066 1094 5120 mei
1124 5064 1160 5119 ii
1193 5072 1340 5131 sunt,
1363 5063 1453 5133 qui
1482 5060 1714 5124 audiunt
1744 5061 1967 5114 verbum

403 5159 524 5222 Dei,
563 5167 616 5214 et
642 5157 849 5214 faciunt
875 5159 942 5211 ”.
984 5175 1002 5212 ι

2151 4508 2429 4578 Ἐπήγαγε
2456 4511 2694 4580 Μωῦσῆς
2713 4552 2726 4576 ,
2767 4529 2788 4562 ι
2841 4511 2898 4564 ’0
2937 4511 3110 4578 λέγων
3138 4510 3216 4581 τῷ
3256 4510 3423 4581 πατρὶ
3453 4510 3548 4562 καὶ
3573 4513 3641 4582 τῇ

2073 4603 2263 4677 μητρὶ,
2281 4603 2394 4672 Οὐχ
2424 4601 2651 4671 ἑώρακὰ
2672 4619 2752 4668 σε,
2784 4602 3030 4664 καὶτοὺς
3055 4601 3316 4671 ἀδελφοὺς
3343 4599 3513 4656 αὑτοῦ
3543 4603 3645 4655 οὐκ

2071 4692 2232 4760 ἔγνω,
2272 4711 2290 4744 ι
2343 4691 2703 4764 προφητεύων
2732 4691 2800 4746 τὰ
2850 4693 2908 4746 ὲν
2939 4691 3324 4760 Εὐαγγελίοιςο
3375 4693 3464 4744 ὅτε
3497 4691 3644 4754 τινὲς

2071 4783 2180 4837 τῶν
2211 4781 2468 4853 μαθητῶν
2497 4783 2743 4845 εἰπόντες
2770 4783 2992 4854 Χριστῷ
3014 4822 3030 4848 ,
3063 4801 3082 4833 ι
3121 4783 3254 4836 Ἰδοὺ
3279 4785 3314 4856 ἡ
3341 4784 3525 4854 μήτηρ
3550 4799 3642 4836 σου

2073 4873 2164 4926 καὶ
2191 4875 2240 4926 oi
2269 4873 2484 4943 ἀδελφοί
2515 4890 2608 4928 σου
2633 4875 2929 4944 ἑστήκασιν
2958 4872 3084 4940 ἔξω,
3105 4873 3233 4928 ἰδεῖν
3256 4890 3315 4928 σε
3336 4873 3637 4935 θέλοντες,ι

2077 4965 2312 5036 ἔφησενο
2359 4984 2378 5016 ι
2433 4965 2499 5018 Ἡ
2528 4967 2710 5037 μήτηρ
2741 4983 2840 5036 μου
2872 4965 2966 5019 καὶ
2996 4967 3046 5018 οί
3089 4965 3309 5034 αδελφοί
3347 4981 3450 5036 μου
3494 4958 3643 5019 οὗτοί

2074 5055 2214 5108 εἰσιν
2246 5055 2296 5108 οἱ
2326 5053 2614 5118 ἀκούοντες
2664 5054 2756 5108 τὸν
2789 5054 2946 5124 λόγον
2990 5052 3086 5123 τοῦ
3112 5053 3270 5120 Θεοῦ,
3305 5056 3400 5110 καὶ
3427 5054 3643 5108 ποιοῦν-

2072 5163 2183 5210 τες.
2219 5165 2239 5198 ι

478 5342 525 5376 ³³
557 5343 712 5398 Deut.
743 5356 888 5396 xxrv.
911 5340 970 5402 8.
1045 5336 1090 5368 ⁸⁸
1125 5334 1288 5390 Exod.
1321 5351 1512 5396 xum,
1537 5335 1591 5392 5.
1661 5335 1706 5363 ⁸⁸
1740 5332 1901 5389 Hebr.
1934 5349 1960 5386 v

2058 5372 2062 5390 .
2099 5330 2209 5402 26.
2263 5329 2310 5360 ⁸⁸
2339 5329 2508 5402 Hebr.
2533 5347 2619 5402 tu,
2649 5332 2701 5400 t,
2731 5331 2785 5390 2.
2863 5333 2907 5366 ⁸⁷
2930 5333 2950 5390 ι
2977 5332 3124 5392 Petr.
3154 5347 3216 5400 ιι,
3247 5330 3340 5388 22.
3417 5327 3464 5365 ³⁸
3489 5325 3640 5392 Psal.

406 5427 614 5479 Lxxvn,
655 5413 743 5468 18.

852 5409 897 5442 ⁸⁹
923 5401 1056 5462 ibid.
1088 5405 1172 5461 19.
1251 5405 1294 5438 ⁹⁰
1323 5404 1493 5459 lCor.
1521 5420 1574 5466 ι,
1606 5404 1660 5456 4.
1738 5405 1779 5436 ⁹¹
1819 5403 1952 5456 Luc.
1996 5417 2112 5464 vui,
2151 5401 2238 5454 ‘20.
2317 5402 2361 5434 "
2395 5401 2528 5457 ibid.
2563 5401 2655 5458 21.

1923 5533 2148 5590 ΝΟΤίΕ.

487 5667 596 5738 (2|)
632 5665 730 5721 'ls.
761 5666 819 5720 τὸ
845 5662 1088 5718 ἐλλεῖπον
1113 5661 1248 5726 ἐστι,
1278 5659 1392 5728 βου.
1445 5655 1583 5708 ὥστε
1634 5655 1810 5724 λέγειν
1851 5652 2066 5731 βουλήν.

3525 273 3764 343 θει-
