  <div class='ocr_page' id='page_1' title='image "/cluster/home/n/w/nwhite01/storage/ocr_20150623/87:1/hvd.32044073502353/500.png"; bbox 0 0 4036 6214; ppageno 0'>
   <div class='ocr_carea' id='block_1_1' title="bbox 230 314 345 379">
    <p class='ocr_par' dir='ltr' id='par_1_1' title="bbox 230 314 345 379">
     <span class='ocr_line' id='line_1_1' title="bbox 230 314 345 379; baseline 0.026 -3"><span class='ocrx_word' id='word_1_1' title='bbox 230 314 345 379; x_wconf 82' lang='lat'><strong>989</strong></span> 
     </span>
    </p>
   </div>
   <div class='ocr_carea' id='block_1_2' title="bbox 1152 320 2590 388">
    <p class='ocr_par' dir='ltr' id='par_1_2' title="bbox 1152 320 2590 388">
     <span class='ocr_line' id='line_1_2' title="bbox 1152 320 2590 388; baseline 0.004 -8"><span class='ocrx_word' id='word_1_2' title='bbox 1152 320 1694 386; x_wconf 80' lang='lat' dir='ltr'><strong>COMMENTARII</strong></span> <span class='ocrx_word' id='word_1_3' title='bbox 1746 327 1829 388; x_wconf 80' lang='grc' dir='ltr'>ΙΝ</span> <span class='ocrx_word' id='word_1_4' title='bbox 1887 324 2590 388; x_wconf 81' lang='lat' dir='ltr'><strong>DEUTERONOMIUM.</strong></span> 
     </span>
    </p>
   </div>
   <div class='ocr_carea' id='block_1_3' title="bbox 3408 325 3517 392">
    <p class='ocr_par' dir='ltr' id='par_1_3' title="bbox 3408 325 3517 392">
     <span class='ocr_line' id='line_1_3' title="bbox 3408 325 3517 392; baseline 0.018 -2"><span class='ocrx_word' id='word_1_5' title='bbox 3408 325 3517 392; x_wconf 78' lang='lat'><strong>990</strong></span> 
     </span>
    </p>
   </div>
   <div class='ocr_carea' id='block_1_4' title="bbox 230 418 1828 501">
    <p class='ocr_par' dir='ltr' id='par_1_4' title="bbox 230 418 1823 499">
     <span class='ocr_line' id='line_1_4' title="bbox 230 418 1823 499; baseline 0.006 -24"><span class='ocrx_word' id='word_1_6' title='bbox 230 422 336 493; x_wconf 77' lang='grc' dir='ltr'>τὴν</span> <span class='ocrx_word' id='word_1_7' title='bbox 367 418 648 490; x_wconf 71' lang='grc' dir='ltr'>ἑκατέρων</span> <span class='ocrx_word' id='word_1_8' title='bbox 675 419 945 492; x_wconf 80' lang='grc' dir='ltr'>εὐπορίαν</span> <span class='ocrx_word' id='word_1_9' title='bbox 1002 422 1114 477; x_wconf 77' lang='grc' dir='ltr'><strong>ἀπὸ</strong></span> <span class='ocrx_word' id='word_1_10' title='bbox 1140 426 1238 495; x_wconf 84' lang='grc' dir='ltr'>τῆς</span> <span class='ocrx_word' id='word_1_11' title='bbox 1262 428 1365 497; x_wconf 85' lang='grc' dir='ltr'>γῆς</span> <span class='ocrx_word' id='word_1_12' title='bbox 1414 429 1510 482; x_wconf 77' lang='grc' dir='ltr'><strong>καὶ</strong></span> <span class='ocrx_word' id='word_1_13' title='bbox 1542 429 1823 499; x_wconf 78' lang='grc' dir='ltr'><strong>Θαλάσσης</strong></span> 
     </span>
    </p>
   </div>
   <div class='ocr_carea' id='block_1_5' title="bbox 1941 418 3515 501">
    <p class='ocr_par' dir='ltr' id='par_1_5' title="bbox 1941 427 3515 499">
     <span class='ocr_line' id='line_1_5' title="bbox 1941 427 3515 499; baseline 0.002 -15"><span class='ocrx_word' id='word_1_14' title='bbox 1941 431 2158 486; x_wconf 86' lang='lat' dir='ltr'><strong>narinis</strong></span> <span class='ocrx_word' id='word_1_15' title='bbox 2206 432 2371 487; x_wconf 86' lang='lat' dir='ltr'><strong>rebus</strong></span> <span class='ocrx_word' id='word_1_16' title='bbox 2419 429 2687 485; x_wconf 85' lang='lat' dir='ltr'><strong>abundat.</strong></span> <span class='ocrx_word' id='word_1_17' title='bbox 2734 427 2809 483; x_wconf 87' lang='lat' dir='ltr'><strong>Eo</strong></span> <span class='ocrx_word' id='word_1_18' title='bbox 2837 429 2985 499; x_wconf 87' lang='lat' dir='ltr'><strong>quod</strong></span> <span class='ocrx_word' id='word_1_19' title='bbox 3015 427 3173 498; x_wconf 76' lang='lat' dir='ltr'><strong>juxta</strong></span> <span class='ocrx_word' id='word_1_20' title='bbox 3231 445 3384 489; x_wconf 86' lang='lat' dir='ltr'><strong>mare</strong></span> <span class='ocrx_word' id='word_1_21' title='bbox 3409 433 3515 487; x_wconf 59' lang='lat' dir='ltr'><strong>ita.</strong></span> 
     </span>
    </p>
   </div>
   <div class='ocr_carea' id='block_1_6' title="bbox 231 512 1820 595">
    <p class='ocr_par' dir='ltr' id='par_1_6' title="bbox 231 512 1820 595">
     <span class='ocr_line' id='line_1_6' title="bbox 231 512 1820 595; baseline 0.007 -29"><span class='ocrx_word' id='word_1_22' title='bbox 231 513 525 587; x_wconf 53' lang='grc' dir='ltr'>προδηλοῦ</span> <span class='ocrx_word' id='word_1_23' title='bbox 591 512 680 567; x_wconf 76' lang='grc' dir='ltr'><strong>διὰ</strong></span> <span class='ocrx_word' id='word_1_24' title='bbox 711 512 773 567; x_wconf 78' lang='grc' dir='ltr'>τὸ</span> <span class='ocrx_word' id='word_1_25' title='bbox 805 514 1105 582; x_wconf 73' lang='grc' dir='ltr'><strong>πρόσοικον</strong></span> <span class='ocrx_word' id='word_1_26' title='bbox 1156 513 1297 571; x_wconf 80' lang='grc' dir='ltr'>εἶναι</span> <span class='ocrx_word' id='word_1_27' title='bbox 1346 520 1647 595; x_wconf 75' lang='grc' dir='ltr'><strong>Θαλάσσης,</strong></span> <span class='ocrx_word' id='word_1_28' title='bbox 1684 524 1820 576; x_wconf 81' lang='grc' dir='ltr'>ὑπο-</span> 
     </span>
    </p>
   </div>
   <div class='ocr_carea' id='block_1_7' title="bbox 231 605 1925 679">
    <p class='ocr_par' dir='ltr' id='par_1_7' title="bbox 231 605 1925 679">
     <span class='ocr_line' id='line_1_7' title="bbox 231 605 1925 679; baseline 0.008 -19"><span class='ocrx_word' id='word_1_29' title='bbox 231 606 449 660; x_wconf 76' lang='grc' dir='ltr'><strong>κεῖσθαι</strong></span> <span class='ocrx_word' id='word_1_30' title='bbox 477 605 534 659; x_wconf 81' lang='grc' dir='ltr'><strong>δὲ</strong></span> <span class='ocrx_word' id='word_1_31' title='bbox 566 605 722 677; x_wconf 83' lang='grc' dir='ltr'><strong>αὑτῷ</strong></span> <span class='ocrx_word' id='word_1_32' title='bbox 778 607 876 661; x_wconf 74' lang='grc' dir='ltr'><strong>καὶ</strong></span> <span class='ocrx_word' id='word_1_33' title='bbox 908 607 1008 679; x_wconf 83' lang='grc' dir='ltr'>τὴν</span> <span class='ocrx_word' id='word_1_34' title='bbox 1062 609 1356 664; x_wconf 83' lang='grc' dir='ltr'>Γαλιλαίαν</span> <span class='ocrx_word' id='word_1_35' title='bbox 1402 613 1548 666; x_wconf 78' lang='grc' dir='ltr'>κατὰ</span> <span class='ocrx_word' id='word_1_36' title='bbox 1592 615 1686 668; x_wconf 76' lang='grc' dir='ltr'>τὸν</span> <span class='ocrx_word' id='word_1_37' title='bbox 1743 616 1825 670; x_wconf 83' lang='lat' dir='ltr'><strong>v6-</strong></span> <span class='ocrx_word' id='word_1_38' title='bbox 1914 667 1925 673; x_wconf 91' lang='lat'><strong>-</strong></span> 
     </span>
    </p>
   </div>
   <div class='ocr_carea' id='block_1_8' title="bbox 231 691 504 766">
    <p class='ocr_par' dir='ltr' id='par_1_8' title="bbox 231 691 504 766">
     <span class='ocr_line' id='line_1_8' title="bbox 231 691 504 766; baseline 0.007 -19"><span class='ocrx_word' id='word_1_39' title='bbox 231 710 324 749; x_wconf 84' lang='grc' dir='ltr'><strong>τον</strong></span> <span class='ocrx_word' id='word_1_40' title='bbox 364 691 504 766; x_wconf 71' lang='lat' dir='ltr'><strong>(es).</strong></span> 
     </span>
    </p>
   </div>
   <div class='ocr_carea' id='block_1_9' title="bbox 1930 520 3213 592">
    <p class='ocr_par' dir='ltr' id='par_1_9' title="bbox 1930 520 3213 592">
     <span class='ocr_line' id='line_1_9' title="bbox 1930 520 3213 592; baseline -0.001 -14"><span class='ocrx_word' id='word_1_41' title='bbox 1930 524 2081 580; x_wconf 88' lang='lat' dir='ltr'><strong>bitet.</strong></span> <span class='ocrx_word' id='word_1_42' title='bbox 2116 524 2199 579; x_wconf 78' lang='lat' dir='ltr'><strong>Ab</strong></span> <span class='ocrx_word' id='word_1_43' title='bbox 2216 533 2406 580; x_wconf 83' lang='lat' dir='ltr'><strong>austro</strong></span> <span class='ocrx_word' id='word_1_44' title='bbox 2441 538 2572 579; x_wconf 86' lang='lat' dir='ltr'><strong>vero</strong></span> <span class='ocrx_word' id='word_1_45' title='bbox 2606 522 2862 592; x_wconf 66' lang='lat' dir='ltr'><strong>subiacet</strong></span> <span class='ocrx_word' id='word_1_46' title='bbox 2888 522 2939 577; x_wconf 89' lang='lat' dir='ltr'><strong>ei</strong></span> <span class='ocrx_word' id='word_1_47' title='bbox 2968 520 3213 578; x_wconf 68' lang='lat' dir='ltr'><strong>Galilaaa.</strong></span> 
     </span>
    </p>
   </div>
   <div class='ocr_carea' id='block_1_10' title="bbox 297 774 3509 862">
    <p class='ocr_par' dir='ltr' id='par_1_10' title="bbox 297 774 3509 862">
     <span class='ocr_line' id='line_1_10' title="bbox 297 774 3509 862; baseline -0.001 -25"><span class='ocrx_word' id='word_1_48' title='bbox 297 774 464 840; x_wconf 57' lang='lat' dir='ltr'><strong>Acut</strong></span> <span class='ocrx_word' id='word_1_49' title='bbox 491 785 795 841; x_wconf 79' lang='lat' dir='ltr'><strong>benedictus</strong></span> <span class='ocrx_word' id='word_1_50' title='bbox 825 786 888 840; x_wconf 85' lang='lat' dir='ltr'><strong>ob</strong></span> <span class='ocrx_word' id='word_1_51' title='bbox 920 786 1134 850; x_wconf 80' lang='lat' dir='ltr'><strong>liberos,</strong></span> <span class='ocrx_word' id='word_1_52' title='bbox 1158 795 1266 842; x_wconf 98' lang='lat' dir='ltr'><strong>etc.</strong></span> <span class='ocrx_word' id='word_1_53' title='bbox 1289 784 1694 862; x_wconf 57' lang='lat' dir='ltr'><strong>[XXXIILQL]</strong></span> <span class='ocrx_word' id='word_1_54' title='bbox 1718 789 1918 859; x_wconf 79' lang='lat' dir='ltr'><strong>lltpote</strong></span> <span class='ocrx_word' id='word_1_55' title='bbox 1946 786 2226 842; x_wconf 84' lang='lat' dir='ltr'><strong>maritimo</strong></span> <span class='ocrx_word' id='word_1_56' title='bbox 2249 787 2477 844; x_wconf 81' lang='lat' dir='ltr'><strong>uberem</strong></span> <span class='ocrx_word' id='word_1_57' title='bbox 2507 792 2839 858; x_wconf 74' lang='lat' dir='ltr'><strong>proventum</strong></span> <span class='ocrx_word' id='word_1_58' title='bbox 2871 782 2950 836; x_wconf 84' lang='lat' dir='ltr'><strong>illi</strong></span> <span class='ocrx_word' id='word_1_59' title='bbox 2969 781 3216 835; x_wconf 79' lang='lat' dir='ltr'><strong>futurum</strong></span> <span class='ocrx_word' id='word_1_60' title='bbox 3236 780 3509 850; x_wconf 64' lang='lat' dir='ltr'><strong>praedicit,</strong></span> 
     </span>
    </p>
   </div>
   <div class='ocr_carea' id='block_1_11' title="bbox 235 868 3510 948">
    <p class='ocr_par' dir='ltr' id='par_1_11' title="bbox 235 868 3510 948">
     <span class='ocr_line' id='line_1_11' title="bbox 235 868 3510 948; baseline -0.001 -24"><span class='ocrx_word' id='word_1_61' title='bbox 235 887 396 942; x_wconf 88' lang='lat' dir='ltr'><strong>quem</strong></span> <span class='ocrx_word' id='word_1_62' title='bbox 425 873 812 943; x_wconf 83' lang='lat' dir='ltr'><strong>impertituros</strong></span> <span class='ocrx_word' id='word_1_63' title='bbox 839 874 913 929; x_wconf 89' lang='lat' dir='ltr'><strong>sit</strong></span> <span class='ocrx_word' id='word_1_64' title='bbox 930 876 1220 944; x_wconf 83' lang='lat' dir='ltr'><strong>superiora</strong></span> <span class='ocrx_word' id='word_1_65' title='bbox 1246 878 1596 932; x_wconf 87' lang='lat' dir='ltr'><strong>tenentibus:</strong></span> <span class='ocrx_word' id='word_1_66' title='bbox 1617 878 1757 933; x_wconf 85' lang='lat' dir='ltr'><strong>adeo</strong></span> <span class='ocrx_word' id='word_1_67' title='bbox 1782 886 1843 934; x_wconf 84' lang='lat' dir='ltr'><strong>ut</strong></span> <span class='ocrx_word' id='word_1_68' title='bbox 1868 876 2094 948; x_wconf 75' lang='lat' dir='ltr'><strong>regibus</strong></span> <span class='ocrx_word' id='word_1_69' title='bbox 2120 876 2450 933; x_wconf 77' lang='lat' dir='ltr'><strong>deliciarum</strong></span> <span class='ocrx_word' id='word_1_70' title='bbox 2478 875 2769 931; x_wconf 75' lang='lat' dir='ltr'><strong>materiam</strong></span> <span class='ocrx_word' id='word_1_71' title='bbox 2792 871 3134 942; x_wconf 77' lang='lat' dir='ltr'><strong>suppeditet.</strong></span> <span class='ocrx_word' id='word_1_72' title='bbox 3160 868 3510 940; x_wconf 86' lang='lat' dir='ltr'><strong>Quapropter</strong></span> 
     </span>
    </p>
   </div>
   <div class='ocr_carea' id='block_1_12' title="bbox 201 957 1413 1043">
    <p class='ocr_par' dir='ltr' id='par_1_12' title="bbox 201 957 1413 1043">
     <span class='ocr_line' id='line_1_12' title="bbox 201 957 1413 1043; baseline 0.005 -32"><span class='ocrx_word' id='word_1_73' title='bbox 242 957 500 1016; x_wconf 78' lang='lat' dir='ltr'><strong>fratribus</strong></span> <span class='ocrx_word' id='word_1_74' title='bbox 516 976 740 1031; x_wconf 86' lang='lat' dir='ltr'><strong>quoque</strong></span> <span class='ocrx_word' id='word_1_75' title='bbox 760 961 1122 1033; x_wconf 80' lang='lat' dir='ltr'><strong>plausibilem</strong></span> <span class='ocrx_word' id='word_1_76' title='bbox 1151 960 1275 1017; x_wconf 76' lang='lat' dir='ltr'><strong>fore</strong></span> <span class='ocrx_word' id='word_1_77' title='bbox 1311 964 1413 1017; x_wconf 86' lang='lat' dir='ltr'><strong>ait.</strong></span> 
     </span>
    </p>
   </div>
   <div class='ocr_carea' id='block_1_13' title="bbox 308 1055 1830 1130">
    <p class='ocr_par' dir='ltr' id='par_1_13' title="bbox 308 1055 1830 1130">
     <span class='ocr_line' id='line_1_13' title="bbox 308 1055 1830 1130; baseline 0.001 -22"><span class='ocrx_word' id='word_1_78' title='bbox 308 1056 422 1126; x_wconf 74' lang='grc' dir='ltr'><strong>Τὴν</strong></span> <span class='ocrx_word' id='word_1_79' title='bbox 455 1055 772 1126; x_wconf 83' lang='grc' dir='ltr'><strong>ἁπαλότητα</strong></span> <span class='ocrx_word' id='word_1_80' title='bbox 801 1056 898 1111; x_wconf 75' lang='grc' dir='ltr'><strong>καὶ</strong></span> <span class='ocrx_word' id='word_1_81' title='bbox 954 1055 1055 1127; x_wconf 79' lang='grc' dir='ltr'>τὴν</span> <span class='ocrx_word' id='word_1_82' title='bbox 1082 1055 1193 1111; x_wconf 83' lang='grc' dir='ltr'><strong>τῶν</strong></span> <span class='ocrx_word' id='word_1_83' title='bbox 1225 1057 1577 1130; x_wconf 77' lang='grc' dir='ltr'><strong>πραγμάτων</strong></span> <span class='ocrx_word' id='word_1_84' title='bbox 1613 1056 1830 1129; x_wconf 77' lang='grc' dir='ltr'>τρυφὴν</span> 
     </span>
    </p>
   </div>
   <div class='ocr_carea' id='block_1_14' title="bbox 2009 1053 3517 1126">
    <p class='ocr_par' dir='ltr' id='par_1_14' title="bbox 2009 1053 3517 1126">
     <span class='ocr_line' id='line_1_14' title="bbox 2009 1053 3517 1126; baseline -0.003 -16"><span class='ocrx_word' id='word_1_85' title='bbox 2009 1063 2082 1111; x_wconf 82' lang='lat' dir='ltr'><strong>At</strong></span> <span class='ocrx_word' id='word_1_86' title='bbox 2108 1056 2407 1112; x_wconf 87' lang='lat' dir='ltr'><strong>mollitiem</strong></span> <span class='ocrx_word' id='word_1_87' title='bbox 2431 1069 2635 1126; x_wconf 86' lang='lat' dir='ltr'><strong>resque</strong></span> <span class='ocrx_word' id='word_1_88' title='bbox 2666 1053 2936 1111; x_wconf 83' lang='lat' dir='ltr'><strong>delicatas</strong></span> <span class='ocrx_word' id='word_1_89' title='bbox 2978 1054 3329 1109; x_wconf 84' lang='lat' dir='ltr'><strong>adumbravlt</strong></span> <span class='ocrx_word' id='word_1_90' title='bbox 3355 1057 3475 1109; x_wconf 89' lang='lat' dir='ltr'><strong>oleo</strong></span> <span class='ocrx_word' id='word_1_91' title='bbox 3502 1071 3517 1106; x_wconf 90' lang='lat'><strong>:</strong></span> 
     </span>
    </p>
   </div>
   <div class='ocr_carea' id='block_1_15' title="bbox 243 1146 1828 1222">
    <p class='ocr_par' dir='ltr' id='par_1_15' title="bbox 243 1146 1828 1222">
     <span class='ocr_line' id='line_1_15' title="bbox 243 1146 1828 1222; baseline -0.001 -21"><span class='ocrx_word' id='word_1_92' title='bbox 243 1146 545 1201; x_wconf 81' lang='grc' dir='ltr'>ἀπείκασεν</span> <span class='ocrx_word' id='word_1_93' title='bbox 578 1147 780 1218; x_wconf 79' lang='grc' dir='ltr'>ὲλαίῳ’</span> <span class='ocrx_word' id='word_1_94' title='bbox 818 1147 1024 1219; x_wconf 79' lang='grc' dir='ltr'>σιδήρῳ</span> <span class='ocrx_word' id='word_1_95' title='bbox 1048 1166 1106 1201; x_wconf 88' lang='grc' dir='ltr'><strong>τε</strong></span> <span class='ocrx_word' id='word_1_96' title='bbox 1139 1149 1233 1202; x_wconf 78' lang='grc' dir='ltr'><strong>καὶ</strong></span> <span class='ocrx_word' id='word_1_97' title='bbox 1262 1150 1471 1222; x_wconf 79' lang='grc' dir='ltr'>χαλκῷ,</span> <span class='ocrx_word' id='word_1_98' title='bbox 1506 1150 1661 1219; x_wconf 77' lang='grc' dir='ltr'>φησὶ,</span> <span class='ocrx_word' id='word_1_99' title='bbox 1694 1148 1828 1218; x_wconf 73' lang='grc' dir='ltr'>πρὸς</span> 
     </span>
    </p>
   </div>
   <div class='ocr_carea' id='block_1_16' title="bbox 1941 1146 3517 1222">
    <p class='ocr_par' dir='ltr' id='par_1_16' title="bbox 1941 1146 3517 1205">
     <span class='ocr_line' id='line_1_16' title="bbox 1941 1146 3517 1205; baseline -0.004 0"><span class='ocrx_word' id='word_1_100' title='bbox 1941 1149 2165 1205; x_wconf 83' lang='lat' dir='ltr'><strong>Ferrum</strong></span> <span class='ocrx_word' id='word_1_101' title='bbox 2194 1156 2375 1204; x_wconf 91' lang='lat' dir='ltr'><strong>autem</strong></span> <span class='ocrx_word' id='word_1_102' title='bbox 2409 1154 2464 1203; x_wconf 91' lang='lat' dir='ltr'><strong>et</strong></span> <span class='ocrx_word' id='word_1_103' title='bbox 2495 1163 2571 1202; x_wconf 67' lang='lat' dir='ltr'><strong>aes</strong></span> <span class='ocrx_word' id='word_1_104' title='bbox 2607 1148 2924 1202; x_wconf 86' lang='lat' dir='ltr'><strong>calceorum</strong></span> <span class='ocrx_word' id='word_1_105' title='bbox 2970 1146 3147 1202; x_wconf 78' lang='lat' dir='ltr'><strong>ollicio</strong></span> <span class='ocrx_word' id='word_1_106' title='bbox 3198 1148 3517 1202; x_wconf 69' lang='lat' dir='ltr'><strong>iuncturum</strong></span> 
     </span>
    </p>
   </div>
   <div class='ocr_carea' id='block_1_17' title="bbox 245 1236 1830 1313">
    <p class='ocr_par' dir='ltr' id='par_1_17' title="bbox 245 1236 1830 1313">
     <span class='ocr_line' id='line_1_17' title="bbox 245 1236 1830 1313; baseline 0.001 -24"><span class='ocrx_word' id='word_1_107' title='bbox 245 1236 555 1307; x_wconf 75' lang='grc' dir='ltr'><strong>ὑπηρεσίαν</strong></span> <span class='ocrx_word' id='word_1_108' title='bbox 591 1237 775 1301; x_wconf 68' lang='grc' dir='ltr'>αὑτὸν,</span> <span class='ocrx_word' id='word_1_109' title='bbox 807 1237 881 1303; x_wconf 78' lang='grc' dir='ltr'>ὡς</span> <span class='ocrx_word' id='word_1_110' title='bbox 908 1239 1222 1310; x_wconf 80' lang='grc' dir='ltr'><strong>ὑποδήματι</strong></span> <span class='ocrx_word' id='word_1_111' title='bbox 1246 1241 1579 1313; x_wconf 80' lang='grc' dir='ltr'>χρήσασθαι,</span> <span class='ocrx_word' id='word_1_112' title='bbox 1610 1240 1701 1293; x_wconf 75' lang='grc' dir='ltr'>διὰ</span> <span class='ocrx_word' id='word_1_113' title='bbox 1733 1239 1830 1291; x_wconf 73' lang='lat' dir='ltr'><strong>0a-</strong></span> 
     </span>
    </p>
   </div>
   <div class='ocr_carea' id='block_1_18' title="bbox 242 1328 1829 1403">
    <p class='ocr_par' dir='ltr' id='par_1_18' title="bbox 242 1328 1829 1403">
     <span class='ocr_line' id='line_1_18' title="bbox 242 1328 1829 1403; baseline 0.001 -22"><span class='ocrx_word' id='word_1_114' title='bbox 242 1328 443 1392; x_wconf 79' lang='grc' dir='ltr'>λάττης</span> <span class='ocrx_word' id='word_1_115' title='bbox 494 1329 910 1399; x_wconf 73' lang='grc' dir='ltr'><strong>εἰσαγομένοις,</strong></span> <span class='ocrx_word' id='word_1_116' title='bbox 969 1332 1316 1402; x_wconf 81' lang='grc' dir='ltr'>παραμένειν</span> <span class='ocrx_word' id='word_1_117' title='bbox 1351 1350 1414 1387; x_wconf 82' lang='grc' dir='ltr'><strong>τε</strong></span> <span class='ocrx_word' id='word_1_118' title='bbox 1468 1332 1618 1403; x_wconf 79' lang='grc' dir='ltr'>αὐτῷ</span> <span class='ocrx_word' id='word_1_119' title='bbox 1666 1332 1829 1401; x_wconf 74' lang='grc' dir='ltr'>μέχρι</span> 
     </span>
    </p>
   </div>
   <div class='ocr_carea' id='block_1_19' title="bbox 240 1419 1831 1493">
    <p class='ocr_par' dir='ltr' id='par_1_19' title="bbox 240 1419 1831 1493">
     <span class='ocr_line' id='line_1_19' title="bbox 240 1419 1831 1493; baseline 0.001 -20"><span class='ocrx_word' id='word_1_120' title='bbox 240 1419 445 1482; x_wconf 68' lang='grc' dir='ltr'>παντὸς</span> <span class='ocrx_word' id='word_1_121' title='bbox 467 1420 570 1491; x_wconf 78' lang='grc' dir='ltr'>τὴν</span> <span class='ocrx_word' id='word_1_122' title='bbox 602 1421 779 1491; x_wconf 69' lang='grc' dir='ltr'>ἰσχύν.</span> <span class='ocrx_word' id='word_1_123' title='bbox 812 1421 936 1493; x_wconf 82' lang='grc' dir='ltr'><strong>Χρὴ</strong></span> <span class='ocrx_word' id='word_1_124' title='bbox 957 1423 1013 1475; x_wconf 70' lang='grc' dir='ltr'><strong>δὲ</strong></span> <span class='ocrx_word' id='word_1_125' title='bbox 1040 1424 1263 1487; x_wconf 77' lang='grc' dir='ltr'>εἰδέναι,</span> <span class='ocrx_word' id='word_1_126' title='bbox 1295 1426 1372 1488; x_wconf 87' lang='grc' dir='ltr'>ὡς</span> <span class='ocrx_word' id='word_1_127' title='bbox 1409 1427 1457 1479; x_wconf 78' lang='lat' dir='ltr'><strong>oi</strong></span> <span class='ocrx_word' id='word_1_128' title='bbox 1480 1424 1628 1493; x_wconf 72' lang='grc' dir='ltr'>ἅγιοι</span> <span class='ocrx_word' id='word_1_129' title='bbox 1656 1423 1831 1479; x_wconf 82' lang='grc' dir='ltr'>Πατέ-</span> 
     </span>
    </p>
   </div>
   <div class='ocr_carea' id='block_1_20' title="bbox 243 1514 1832 1586">
    <p class='ocr_par' dir='ltr' id='par_1_20' title="bbox 243 1514 1832 1586">
     <span class='ocr_line' id='line_1_20' title="bbox 243 1514 1832 1586; baseline 0 -20"><span class='ocrx_word' id='word_1_130' title='bbox 243 1531 334 1585; x_wconf 87' lang='grc' dir='ltr'><strong>ρες</strong></span> <span class='ocrx_word' id='word_1_131' title='bbox 393 1515 833 1584; x_wconf 77' lang='grc' dir='ltr'><strong>προηγουμένως</strong></span> <span class='ocrx_word' id='word_1_132' title='bbox 891 1515 991 1578; x_wconf 79' lang='grc' dir='ltr'><strong>τάς</strong></span> <span class='ocrx_word' id='word_1_133' title='bbox 1052 1515 1430 1585; x_wconf 78' lang='grc' dir='ltr'><strong>πνευματικὰς</strong></span> <span class='ocrx_word' id='word_1_134' title='bbox 1496 1514 1832 1586; x_wconf 76' lang='grc' dir='ltr'>παρέχονται</span> 
     </span>
    </p>
   </div>
   <div class='ocr_carea' id='block_1_21' title="bbox 237 1605 1829 1679">
    <p class='ocr_par' dir='ltr' id='par_1_21' title="bbox 237 1605 1829 1679">
     <span class='ocr_line' id='line_1_21' title="bbox 237 1605 1829 1679; baseline -0.001 -20"><span class='ocrx_word' id='word_1_135' title='bbox 237 1605 465 1676; x_wconf 84' lang='grc' dir='ltr'>δωρεάς.</span> <span class='ocrx_word' id='word_1_136' title='bbox 526 1606 649 1658; x_wconf 83' lang='grc' dir='ltr'>Τῶν</span> <span class='ocrx_word' id='word_1_137' title='bbox 703 1605 814 1677; x_wconf 87' lang='grc' dir='ltr'><strong>γὰρ</strong></span> <span class='ocrx_word' id='word_1_138' title='bbox 856 1606 1131 1676; x_wconf 82' lang='grc' dir='ltr'>διαφόρων</span> <span class='ocrx_word' id='word_1_139' title='bbox 1166 1610 1226 1660; x_wconf 82' lang='grc' dir='ltr'>ὲν</span> <span class='ocrx_word' id='word_1_140' title='bbox 1263 1607 1480 1679; x_wconf 81' lang='grc' dir='ltr'>οὐρανῷ</span> <span class='ocrx_word' id='word_1_141' title='bbox 1536 1607 1676 1678; x_wconf 80' lang='grc' dir='ltr'>πρὸς</span> <span class='ocrx_word' id='word_1_142' title='bbox 1731 1606 1829 1668; x_wconf 76' lang='grc' dir='ltr'><strong>τὰς</strong></span> 
     </span>
    </p>
   </div>
   <div class='ocr_carea' id='block_1_22' title="bbox 238 1693 1904 1769">
    <p class='ocr_par' dir='ltr' id='par_1_22' title="bbox 238 1693 1904 1769">
     <span class='ocr_line' id='line_1_22' title="bbox 238 1693 1904 1769; baseline -0.001 -20"><span class='ocrx_word' id='word_1_143' title='bbox 238 1695 603 1759; x_wconf 74' lang='grc' dir='ltr'>καταστάσεις</span> <span class='ocrx_word' id='word_1_144' title='bbox 650 1696 829 1766; x_wconf 84' lang='grc' dir='ltr'>μονῶν</span> <span class='ocrx_word' id='word_1_145' title='bbox 851 1699 899 1750; x_wconf 89' lang='grc' dir='ltr'>οἱ</span> <span class='ocrx_word' id='word_1_146' title='bbox 925 1698 1018 1751; x_wconf 73' lang='grc' dir='ltr'><strong>ἐπὶ</strong></span> <span class='ocrx_word' id='word_1_147' title='bbox 1044 1699 1148 1769; x_wconf 81' lang='grc' dir='ltr'>γῆς</span> <span class='ocrx_word' id='word_1_148' title='bbox 1190 1698 1302 1752; x_wconf 85' lang='grc' dir='ltr'><strong>τῶν</strong></span> <span class='ocrx_word' id='word_1_149' title='bbox 1356 1699 1538 1768; x_wconf 79' lang='grc' dir='ltr'>φυλῶν</span> <span class='ocrx_word' id='word_1_150' title='bbox 1566 1699 1827 1769; x_wconf 80' lang='grc' dir='ltr'>γεγόνασι</span> <span class='ocrx_word' id='word_1_151' title='bbox 1865 1693 1904 1747; x_wconf 82' lang='grc' dir='ltr'><strong>Β</strong></span> 
     </span>
    </p>
   </div>
   <div class='ocr_carea' id='block_1_23' title="bbox 237 1778 1827 1861">
    <p class='ocr_par' dir='ltr' id='par_1_23' title="bbox 237 1778 1827 1861">
     <span class='ocr_line' id='line_1_23' title="bbox 237 1778 1827 1861; baseline 0.004 -24"><span class='ocrx_word' id='word_1_152' title='bbox 237 1786 451 1855; x_wconf 75' lang='grc' dir='ltr'>κλῆροι,</span> <span class='ocrx_word' id='word_1_153' title='bbox 500 1786 599 1859; x_wconf 78' lang='grc' dir='ltr'>τὴν</span> <span class='ocrx_word' id='word_1_154' title='bbox 627 1786 742 1841; x_wconf 78' lang='grc' dir='ltr'>ἄνω</span> <span class='ocrx_word' id='word_1_155' title='bbox 772 1778 1070 1858; x_wconf 70' lang='grc' dir='ltr'>τυπτούσης,</span> <span class='ocrx_word' id='word_1_156' title='bbox 1112 1789 1243 1860; x_wconf 76' lang='grc' dir='ltr'>περὶ</span> <span class='ocrx_word' id='word_1_157' title='bbox 1268 1784 1336 1860; x_wconf 84' lang='grc' dir='ltr'>ἦς</span> <span class='ocrx_word' id='word_1_158' title='bbox 1365 1791 1582 1861; x_wconf 72' lang='grc' dir='ltr'>εἴρηται</span> <span class='ocrx_word' id='word_1_159' title='bbox 1601 1806 1616 1822; x_wconf 76' lang='grc' dir='ltr'><strong><em>ο</em></strong></span> <span class='ocrx_word' id='word_1_160' title='bbox 1664 1808 1682 1841; x_wconf 82' lang='grc' dir='ltr'><strong>ι</strong></span> <span class='ocrx_word' id='word_1_161' title='bbox 1706 1791 1827 1845; x_wconf 65' lang='grc' dir='ltr'><strong>Μαι</strong></span> 
     </span>
    </p>
   </div>
   <div class='ocr_carea' id='block_1_24' title="bbox 237 1879 1819 1953">
    <p class='ocr_par' dir='ltr' id='par_1_24' title="bbox 237 1879 1819 1953">
     <span class='ocr_line' id='line_1_24' title="bbox 237 1879 1819 1953; baseline 0.001 -23"><span class='ocrx_word' id='word_1_162' title='bbox 237 1882 421 1948; x_wconf 83' lang='grc' dir='ltr'>κάριοι</span> <span class='ocrx_word' id='word_1_163' title='bbox 448 1879 497 1931; x_wconf 85' lang='grc' dir='ltr'><strong>οί</strong></span> <span class='ocrx_word' id='word_1_164' title='bbox 524 1881 742 1948; x_wconf 82' lang='grc' dir='ltr'><strong>πραεῖς,</strong></span> <span class='ocrx_word' id='word_1_165' title='bbox 762 1879 844 1932; x_wconf 74' lang='grc' dir='ltr'><strong>ὅτι</strong></span> <span class='ocrx_word' id='word_1_166' title='bbox 865 1880 1022 1932; x_wconf 72' lang='grc' dir='ltr'>αὐτοὶ</span> <span class='ocrx_word' id='word_1_167' title='bbox 1044 1880 1519 1951; x_wconf 74' lang='grc' dir='ltr'>κληρονομήσουσι</span> <span class='ocrx_word' id='word_1_168' title='bbox 1539 1882 1637 1953; x_wconf 80' lang='grc' dir='ltr'>τὴν</span> <span class='ocrx_word' id='word_1_169' title='bbox 1661 1881 1783 1950; x_wconf 77' lang='grc' dir='ltr'>γῆν·</span> <span class='ocrx_word' id='word_1_170' title='bbox 1800 1900 1819 1932; x_wconf 73' lang='grc' dir='ltr'><strong>ι</strong></span> 
     </span>
    </p>
   </div>
   <div class='ocr_carea' id='block_1_25' title="bbox 238 1966 1825 2040">
    <p class='ocr_par' dir='ltr' id='par_1_25' title="bbox 238 1966 1825 2040">
     <span class='ocr_line' id='line_1_25' title="bbox 238 1966 1825 2040; baseline 0 -20"><span class='ocrx_word' id='word_1_171' title='bbox 238 1969 334 2020; x_wconf 64' lang='grc' dir='ltr'><strong>καὶ</strong></span> <span class='ocrx_word' id='word_1_172' title='bbox 357 1966 530 2021; x_wconf 84' lang='grc' dir='ltr'>ταῦτα</span> <span class='ocrx_word' id='word_1_173' title='bbox 556 1967 771 2032; x_wconf 78' lang='grc' dir='ltr'>Παῦλος</span> <span class='ocrx_word' id='word_1_174' title='bbox 792 1968 989 2039; x_wconf 83' lang='grc' dir='ltr'>δηλῶν,</span> <span class='ocrx_word' id='word_1_175' title='bbox 1024 1989 1041 2022; x_wconf 74' lang='grc' dir='ltr'><strong>ι</strong></span> <span class='ocrx_word' id='word_1_176' title='bbox 1064 1969 1513 2040; x_wconf 82' lang='grc' dir='ltr'>Ἐπλουτίσθητε,</span> <span class='ocrx_word' id='word_1_177' title='bbox 1537 1968 1726 2040; x_wconf 65' lang='grc' dir='ltr'>φησιν,</span> <span class='ocrx_word' id='word_1_178' title='bbox 1766 1970 1825 2021; x_wconf 83' lang='grc' dir='ltr'>ὲν</span> 
     </span>
    </p>
   </div>
   <div class='ocr_carea' id='block_1_26' title="bbox 236 2059 1826 2132">
    <p class='ocr_par' dir='ltr' id='par_1_26' title="bbox 236 2059 1826 2132">
     <span class='ocr_line' id='line_1_26' title="bbox 236 2059 1826 2132; baseline -0.002 -17"><span class='ocrx_word' id='word_1_179' title='bbox 236 2060 387 2132; x_wconf 81' lang='grc' dir='ltr'>αὐτῷ</span> <span class='ocrx_word' id='word_1_180' title='bbox 404 2061 462 2112; x_wconf 78' lang='grc' dir='ltr'>ὲν</span> <span class='ocrx_word' id='word_1_181' title='bbox 490 2060 660 2114; x_wconf 80' lang='grc' dir='ltr'>παντὶ</span> <span class='ocrx_word' id='word_1_182' title='bbox 709 2059 856 2131; x_wconf 79' lang='grc' dir='ltr'>λόγῳ</span> <span class='ocrx_word' id='word_1_183' title='bbox 914 2061 1007 2114; x_wconf 80' lang='grc' dir='ltr'><strong>καὶ</strong></span> <span class='ocrx_word' id='word_1_184' title='bbox 1063 2062 1309 2131; x_wconf 84' lang='grc' dir='ltr'>γνώσει·</span> <span class='ocrx_word' id='word_1_185' title='bbox 1350 2081 1369 2114; x_wconf 76' lang='grc' dir='ltr'><strong>ι</strong></span> <span class='ocrx_word' id='word_1_186' title='bbox 1405 2062 1522 2127; x_wconf 74' lang='grc' dir='ltr'>καὶ,</span> <span class='ocrx_word' id='word_1_187' title='bbox 1564 2080 1584 2113; x_wconf 79' lang='grc' dir='ltr'><strong>ι</strong></span> <span class='ocrx_word' id='word_1_188' title='bbox 1623 2060 1826 2114; x_wconf 72' lang='grc' dir='ltr'>Πολλαὶ</span> 
     </span>
    </p>
   </div>
   <div class='ocr_carea' id='block_1_27' title="bbox 239 2152 1827 2226">
    <p class='ocr_par' dir='ltr' id='par_1_27' title="bbox 239 2152 1827 2226">
     <span class='ocr_line' id='line_1_27' title="bbox 239 2152 1827 2226; baseline -0.001 -19"><span class='ocrx_word' id='word_1_189' title='bbox 239 2155 402 2225; x_wconf 78' lang='grc' dir='ltr'>μοναὶ</span> <span class='ocrx_word' id='word_1_190' title='bbox 457 2154 612 2224; x_wconf 74' lang='grc' dir='ltr'>παρὰ</span> <span class='ocrx_word' id='word_1_191' title='bbox 662 2152 742 2226; x_wconf 85' lang='grc' dir='ltr'>τῷ</span> <span class='ocrx_word' id='word_1_192' title='bbox 794 2155 994 2225; x_wconf 81' lang='grc' dir='ltr'>Πατρὶ,</span> <span class='ocrx_word' id='word_1_193' title='bbox 1026 2172 1044 2204; x_wconf 75' lang='grc' dir='ltr'><strong>ι</strong></span> <span class='ocrx_word' id='word_1_194' title='bbox 1110 2155 1325 2223; x_wconf 74' lang='grc' dir='ltr'>φησὶνὸ</span> <span class='ocrx_word' id='word_1_195' title='bbox 1358 2154 1596 2226; x_wconf 84' lang='grc' dir='ltr'>Χριστός</span> <span class='ocrx_word' id='word_1_196' title='bbox 1624 2170 1640 2187; x_wconf 77' lang='grc' dir='ltr'><strong>ο</strong></span> <span class='ocrx_word' id='word_1_197' title='bbox 1685 2153 1827 2225; x_wconf 72' lang='grc' dir='ltr'>πλὴν</span> 
     </span>
    </p>
   </div>
   <div class='ocr_carea' id='block_1_28' title="bbox 236 2244 1826 2317">
    <p class='ocr_par' dir='ltr' id='par_1_28' title="bbox 236 2244 1826 2317">
     <span class='ocr_line' id='line_1_28' title="bbox 236 2244 1826 2317; baseline 0 -18"><span class='ocrx_word' id='word_1_198' title='bbox 236 2248 331 2299; x_wconf 73' lang='grc' dir='ltr'><strong>καὶ</strong></span> <span class='ocrx_word' id='word_1_199' title='bbox 355 2246 427 2299; x_wconf 80' lang='grc' dir='ltr'><strong>τὰ</strong></span> <span class='ocrx_word' id='word_1_200' title='bbox 452 2248 510 2299; x_wconf 80' lang='grc' dir='ltr'>ὲν</span> <span class='ocrx_word' id='word_1_201' title='bbox 535 2248 604 2316; x_wconf 76' lang='grc' dir='ltr'><strong>γῇ</strong></span> <span class='ocrx_word' id='word_1_202' title='bbox 627 2244 928 2316; x_wconf 79' lang='grc' dir='ltr'>δωροῦνται</span> <span class='ocrx_word' id='word_1_203' title='bbox 985 2244 1149 2311; x_wconf 75' lang='grc' dir='ltr'>καλὰ,</span> <span class='ocrx_word' id='word_1_204' title='bbox 1189 2245 1704 2317; x_wconf 82' lang='grc' dir='ltr'>δημιουργήσαντος</span> <span class='ocrx_word' id='word_1_205' title='bbox 1730 2245 1826 2299; x_wconf 83' lang='grc' dir='ltr'><strong>τοῦ</strong></span> 
     </span>
    </p>
   </div>
   <div class='ocr_carea' id='block_1_29' title="bbox 235 2339 399 2393">
    <p class='ocr_par' dir='ltr' id='par_1_29' title="bbox 235 2339 399 2393">
     <span class='ocr_line' id='line_1_29' title="bbox 235 2339 399 2393; baseline 0.006 -1"><span class='ocrx_word' id='word_1_206' title='bbox 235 2339 399 2393; x_wconf 80' lang='grc' dir='ltr'>Θεοῦ.</span> 
     </span>
    </p>
   </div>
   <div class='ocr_carea' id='block_1_30' title="bbox 311 2511 1822 2584">
    <p class='ocr_par' dir='ltr' id='par_1_30' title="bbox 311 2511 1822 2584">
     <span class='ocr_line' id='line_1_30' title="bbox 311 2511 1822 2584; baseline 0.001 -15"><span class='ocrx_word' id='word_1_207' title='bbox 311 2517 434 2570; x_wconf 78' lang='grc' dir='ltr'><strong>Οὐκ</strong></span> <span class='ocrx_word' id='word_1_208' title='bbox 476 2513 652 2569; x_wconf 76' lang='grc' dir='ltr'>ἐστιν</span> <span class='ocrx_word' id='word_1_209' title='bbox 707 2511 915 2582; x_wconf 80' lang='grc' dir='ltr'>ὥσπερ</span> <span class='ocrx_word' id='word_1_210' title='bbox 970 2515 1005 2567; x_wconf 86' lang='grc' dir='ltr'><em>ὁ</em></span> <span class='ocrx_word' id='word_1_211' title='bbox 1054 2513 1203 2582; x_wconf 82' lang='grc' dir='ltr'><strong>Θεὸς</strong></span> <span class='ocrx_word' id='word_1_212' title='bbox 1252 2513 1361 2568; x_wconf 83' lang='grc' dir='ltr'>τοῦ</span> <span class='ocrx_word' id='word_1_213' title='bbox 1411 2514 1822 2584; x_wconf 62' lang='grc' dir='ltr'>ἠγαπημένον.</span> 
     </span>
    </p>
   </div>
   <div class='ocr_carea' id='block_1_31' title="bbox 239 2603 1827 2680">
    <p class='ocr_par' dir='ltr' id='par_1_31' title="bbox 239 2603 1827 2680">
     <span class='ocr_line' id='line_1_31' title="bbox 239 2603 1827 2680; baseline -0.002 -19"><span class='ocrx_word' id='word_1_214' title='bbox 239 2606 543 2680; x_wconf 81' lang='grc' dir='ltr'>[Ὗμνητις</span> <span class='ocrx_word' id='word_1_215' title='bbox 585 2605 727 2673; x_wconf 80' lang='grc' dir='ltr'>αὕτη</span> <span class='ocrx_word' id='word_1_216' title='bbox 781 2603 919 2658; x_wconf 83' lang='grc' dir='ltr'><strong>Θεοῦ</strong></span> <span class='ocrx_word' id='word_1_217' title='bbox 954 2606 1037 2668; x_wconf 80' lang='grc' dir='ltr'><strong>εἰς</strong></span> <span class='ocrx_word' id='word_1_218' title='bbox 1073 2603 1176 2674; x_wconf 78' lang='grc' dir='ltr'>τὴν</span> <span class='ocrx_word' id='word_1_219' title='bbox 1231 2606 1362 2677; x_wconf 84' lang='grc' dir='ltr'>παρ’</span> <span class='ocrx_word' id='word_1_220' title='bbox 1398 2603 1565 2657; x_wconf 83' lang='grc' dir='ltr'>αὑτοῦ</span> <span class='ocrx_word' id='word_1_221' title='bbox 1593 2605 1827 2674; x_wconf 66' lang='grc' dir='ltr'>δόναμιν</span> 
     </span>
    </p>
   </div>
   <div class='ocr_carea' id='block_1_32' title="bbox 236 2690 1819 2771">
    <p class='ocr_par' dir='ltr' id='par_1_32' title="bbox 236 2690 1819 2771">
     <span class='ocr_line' id='line_1_32' title="bbox 236 2690 1819 2771; baseline -0.001 -20"><span class='ocrx_word' id='word_1_222' title='bbox 236 2696 507 2769; x_wconf 75' lang='grc' dir='ltr'>φέρουσα]</span> <span class='ocrx_word' id='word_1_223' title='bbox 537 2697 607 2751; x_wconf 76' lang='grc' dir='ltr'><strong>τὰ</strong></span> <span class='ocrx_word' id='word_1_224' title='bbox 635 2697 1016 2771; x_wconf 74' lang='grc' dir='ltr'>προειρημένα</span> <span class='ocrx_word' id='word_1_225' title='bbox 1040 2695 1158 2768; x_wconf 82' lang='grc' dir='ltr'><strong>[τῷ</strong></span> <span class='ocrx_word' id='word_1_226' title='bbox 1195 2697 1413 2768; x_wconf 76' lang='grc' dir='ltr'>Ἰσραὴλ</span> <span class='ocrx_word' id='word_1_227' title='bbox 1481 2697 1686 2765; x_wconf 82' lang='grc' dir='ltr'>ἀγαθά.</span> <span class='ocrx_word' id='word_1_228' title='bbox 1743 2690 1819 2750; x_wconf 75' lang='grc' dir='ltr'>Οὗ</span> 
     </span>
    </p>
   </div>
   <div class='ocr_carea' id='block_1_33' title="bbox 236 2786 1826 2862">
    <p class='ocr_par' dir='ltr' id='par_1_33' title="bbox 236 2786 1826 2862">
     <span class='ocr_line' id='line_1_33' title="bbox 236 2786 1826 2862; baseline -0.003 -18"><span class='ocrx_word' id='word_1_229' title='bbox 236 2791 337 2844; x_wconf 74' lang='grc' dir='ltr'><strong>καὶ</strong></span> <span class='ocrx_word' id='word_1_230' title='bbox 363 2790 581 2862; x_wconf 78' lang='grc' dir='ltr'>οἴκησιν</span> <span class='ocrx_word' id='word_1_231' title='bbox 613 2790 705 2843; x_wconf 62' lang='grc' dir='ltr'>τὸν</span> <span class='ocrx_word' id='word_1_232' title='bbox 737 2788 939 2861; x_wconf 79' lang='grc' dir='ltr'>αἰθέρα</span> <span class='ocrx_word' id='word_1_233' title='bbox 967 2787 1139 2858; x_wconf 79' lang='grc' dir='ltr'>λέγει,</span> <span class='ocrx_word' id='word_1_234' title='bbox 1179 2786 1267 2842; x_wconf 78' lang='grc' dir='ltr'><strong>διὰ</strong></span> <span class='ocrx_word' id='word_1_235' title='bbox 1296 2788 1399 2857; x_wconf 81' lang='grc' dir='ltr'>τὴν</span> <span class='ocrx_word' id='word_1_236' title='bbox 1425 2787 1826 2859; x_wconf 78' lang='grc' dir='ltr'>καθαρότητα,]</span> 
     </span>
    </p>
   </div>
   <div class='ocr_carea' id='block_1_34' title="bbox 238 2879 1829 2952">
    <p class='ocr_par' dir='ltr' id='par_1_34' title="bbox 238 2879 1829 2952">
     <span class='ocr_line' id='line_1_34' title="bbox 238 2879 1829 2952; baseline -0.002 -17"><span class='ocrx_word' id='word_1_237' title='bbox 238 2882 496 2952; x_wconf 74' lang='grc' dir='ltr'>ὑπεράνω</span> <span class='ocrx_word' id='word_1_238' title='bbox 546 2879 837 2952; x_wconf 77' lang='grc' dir='ltr'>δυνάμεων</span> <span class='ocrx_word' id='word_1_239' title='bbox 882 2880 1132 2945; x_wconf 73' lang='grc' dir='ltr'>ἀπασῶν,</span> <span class='ocrx_word' id='word_1_240' title='bbox 1196 2879 1264 2944; x_wconf 76' lang='grc' dir='ltr'>ἃς</span> <span class='ocrx_word' id='word_1_241' title='bbox 1315 2879 1468 2949; x_wconf 82' lang='grc' dir='ltr'>λέγει</span> <span class='ocrx_word' id='word_1_242' title='bbox 1529 2880 1829 2950; x_wconf 80' lang='grc' dir='ltr'>βραχίονας</span> 
     </span>
    </p>
   </div>
   <div class='ocr_carea' id='block_1_35' title="bbox 235 2971 1827 3045">
    <p class='ocr_par' dir='ltr' id='par_1_35' title="bbox 235 2971 1827 3045">
     <span class='ocr_line' id='line_1_35' title="bbox 235 2971 1827 3045; baseline -0.003 -16"><span class='ocrx_word' id='word_1_243' title='bbox 235 2975 493 3038; x_wconf 84' lang='grc' dir='ltr'>αίωνίους</span> <span class='ocrx_word' id='word_1_244' title='bbox 546 2973 921 3044; x_wconf 79' lang='grc' dir='ltr'>ὑποκειμένας</span> <span class='ocrx_word' id='word_1_245' title='bbox 980 2973 1123 3045; x_wconf 81' lang='grc' dir='ltr'>Θεῷ.</span> <span class='ocrx_word' id='word_1_246' title='bbox 1166 2973 1236 3026; x_wconf 82' lang='lat' dir='ltr'><strong>&quot;A</strong></span> <span class='ocrx_word' id='word_1_247' title='bbox 1263 2973 1416 3044; x_wconf 86' lang='grc' dir='ltr'>δηλοῖ</span> <span class='ocrx_word' id='word_1_248' title='bbox 1442 2973 1535 3026; x_wconf 79' lang='grc' dir='ltr'>τὸν</span> <span class='ocrx_word' id='word_1_249' title='bbox 1581 2971 1827 3044; x_wconf 84' lang='grc' dir='ltr'>Ἰσραὴλ,</span> 
     </span>
    </p>
   </div>
   <div class='ocr_carea' id='block_1_36' title="bbox 1936 1239 3519 1321">
    <p class='ocr_par' dir='ltr' id='par_1_36' title="bbox 1936 1239 3519 1321">
     <span class='ocr_line' id='line_1_36' title="bbox 1936 1239 3519 1321; baseline -0.006 -22"><span class='ocrx_word' id='word_1_250' title='bbox 1936 1257 2062 1299; x_wconf 87' lang='lat' dir='ltr'><strong>esse</strong></span> <span class='ocrx_word' id='word_1_251' title='bbox 2112 1240 2254 1311; x_wconf 88' lang='lat' dir='ltr'><strong>apud</strong></span> <span class='ocrx_word' id='word_1_252' title='bbox 2278 1256 2375 1296; x_wconf 90' lang='lat' dir='ltr'><strong>eos</strong></span> <span class='ocrx_word' id='word_1_253' title='bbox 2398 1240 2500 1321; x_wconf 70' lang='lat' dir='ltr'><strong>qui</strong></span> <span class='ocrx_word' id='word_1_254' title='bbox 2536 1254 2633 1310; x_wconf 88' lang='lat' dir='ltr'><strong>per</strong></span> <span class='ocrx_word' id='word_1_255' title='bbox 2667 1254 2817 1293; x_wconf 86' lang='lat' dir='ltr'><strong>mare</strong></span> <span class='ocrx_word' id='word_1_256' title='bbox 2881 1239 3219 1308; x_wconf 77' lang='lat' dir='ltr'><strong>imponent;</strong></span> <span class='ocrx_word' id='word_1_257' title='bbox 3256 1247 3519 1307; x_wconf 85' lang='lat' dir='ltr'><strong>perpetuo</strong></span> 
     </span>
    </p>
   </div>
   <div class='ocr_carea' id='block_1_37' title="bbox 1938 1330 3518 1406">
    <p class='ocr_par' dir='ltr' id='par_1_37' title="bbox 1938 1330 3518 1406">
     <span class='ocr_line' id='line_1_37' title="bbox 1938 1330 3518 1406; baseline -0.006 -16"><span class='ocrx_word' id='word_1_258' title='bbox 1938 1336 2013 1390; x_wconf 91' lang='lat' dir='ltr'><strong>illi</strong></span> <span class='ocrx_word' id='word_1_259' title='bbox 2047 1348 2466 1406; x_wconf 82' lang='lat' dir='ltr'><strong>permansurum</strong></span> <span class='ocrx_word' id='word_1_260' title='bbox 2497 1347 2620 1387; x_wconf 81' lang='lat' dir='ltr'><strong>esse</strong></span> <span class='ocrx_word' id='word_1_261' title='bbox 2648 1332 2835 1384; x_wconf 91' lang='lat' dir='ltr'><strong>robur.</strong></span> <span class='ocrx_word' id='word_1_262' title='bbox 2868 1332 3042 1385; x_wconf 88' lang='lat' dir='ltr'><strong>Porro</strong></span> <span class='ocrx_word' id='word_1_263' title='bbox 3070 1330 3356 1385; x_wconf 86' lang='lat' dir='ltr'><strong>sciendum</strong></span> <span class='ocrx_word' id='word_1_264' title='bbox 3381 1345 3518 1398; x_wconf 78' lang='lat' dir='ltr'><strong>quo-</strong></span> 
     </span>
    </p>
   </div>
   <div class='ocr_carea' id='block_1_38' title="bbox 1935 1420 3516 1497">
    <p class='ocr_par' dir='ltr' id='par_1_38' title="bbox 1935 1420 3516 1497">
     <span class='ocr_line' id='line_1_38' title="bbox 1935 1420 3516 1497; baseline -0.004 -18"><span class='ocrx_word' id='word_1_265' title='bbox 1935 1441 2043 1497; x_wconf 88' lang='lat' dir='ltr'><strong>que</strong></span> <span class='ocrx_word' id='word_1_266' title='bbox 2072 1432 2159 1481; x_wconf 89' lang='lat' dir='ltr'><strong>est</strong></span> <span class='ocrx_word' id='word_1_267' title='bbox 2193 1421 2470 1492; x_wconf 89' lang='lat' dir='ltr'><strong>quomodo</strong></span> <span class='ocrx_word' id='word_1_268' title='bbox 2527 1421 2702 1477; x_wconf 85' lang='lat' dir='ltr'><strong>sancti</strong></span> <span class='ocrx_word' id='word_1_269' title='bbox 2765 1420 2965 1476; x_wconf 78' lang='lat' dir='ltr'><strong>Patres</strong></span> <span class='ocrx_word' id='word_1_270' title='bbox 3025 1422 3300 1492; x_wconf 76' lang='lat' dir='ltr'><strong>praecipue</strong></span> <span class='ocrx_word' id='word_1_271' title='bbox 3356 1421 3516 1474; x_wconf 70' lang='lat' dir='ltr'><strong>nobi;</strong></span> 
     </span>
    </p>
   </div>
   <div class='ocr_carea' id='block_1_39' title="bbox 1936 1511 3514 1589">
    <p class='ocr_par' dir='ltr' id='par_1_39' title="bbox 1936 1511 3514 1589">
     <span class='ocr_line' id='line_1_39' title="bbox 1936 1511 3514 1589; baseline -0.006 -15"><span class='ocrx_word' id='word_1_272' title='bbox 1936 1518 2247 1589; x_wconf 84' lang='lat' dir='ltr'><strong>spiritualia</strong></span> <span class='ocrx_word' id='word_1_273' title='bbox 2292 1516 2435 1572; x_wconf 91' lang='lat' dir='ltr'><strong>dona</strong></span> <span class='ocrx_word' id='word_1_274' title='bbox 2498 1514 2799 1583; x_wconf 63' lang='lat' dir='ltr'><strong>prtebciant.</strong></span> <span class='ocrx_word' id='word_1_275' title='bbox 2855 1512 3209 1566; x_wconf 81' lang='lat' dir='ltr'><strong>Diversarum</strong></span> <span class='ocrx_word' id='word_1_276' title='bbox 3268 1511 3417 1568; x_wconf 90' lang='lat' dir='ltr'><strong>enim</strong></span> <span class='ocrx_word' id='word_1_277' title='bbox 3460 1511 3514 1565; x_wconf 92' lang='lat' dir='ltr'><strong>in</strong></span> 
     </span>
    </p>
   </div>
   <div class='ocr_carea' id='block_1_40' title="bbox 1936 1603 3516 1681">
    <p class='ocr_par' dir='ltr' id='par_1_40' title="bbox 1936 1603 3516 1681">
     <span class='ocr_line' id='line_1_40' title="bbox 1936 1603 3516 1681; baseline -0.006 -14"><span class='ocrx_word' id='word_1_278' title='bbox 1936 1612 2076 1667; x_wconf 76' lang='lat' dir='ltr'><strong>cmlo</strong></span> <span class='ocrx_word' id='word_1_279' title='bbox 2111 1625 2209 1681; x_wconf 76' lang='lat' dir='ltr'><strong>pro</strong></span> <span class='ocrx_word' id='word_1_280' title='bbox 2263 1607 2580 1665; x_wconf 82' lang='lat' dir='ltr'><strong>conditione</strong></span> <span class='ocrx_word' id='word_1_281' title='bbox 2636 1606 2916 1660; x_wconf 80' lang='lat' dir='ltr'><strong>hominum</strong></span> <span class='ocrx_word' id='word_1_282' title='bbox 2968 1605 3271 1658; x_wconf 82' lang='lat' dir='ltr'><strong>stationum</strong></span> <span class='ocrx_word' id='word_1_283' title='bbox 3307 1603 3516 1657; x_wconf 64' lang='lat' dir='ltr'><strong>umbra}</strong></span> 
     </span>
    </p>
   </div>
   <div class='ocr_carea' id='block_1_41' title="bbox 1934 1696 3517 1764">
    <p class='ocr_par' dir='ltr' id='par_1_41' title="bbox 1934 1696 3517 1764">
     <span class='ocr_line' id='line_1_41' title="bbox 1934 1696 3517 1764; baseline -0.008 -4"><span class='ocrx_word' id='word_1_284' title='bbox 1934 1704 2265 1760; x_wconf 80' lang='lat' dir='ltr'><strong>exstiterunt</strong></span> <span class='ocrx_word' id='word_1_285' title='bbox 2294 1707 2475 1755; x_wconf 90' lang='lat' dir='ltr'><strong>sortes</strong></span> <span class='ocrx_word' id='word_1_286' title='bbox 2503 1696 2751 1751; x_wconf 89' lang='lat' dir='ltr'><strong>tribuum</strong></span> <span class='ocrx_word' id='word_1_287' title='bbox 2784 1710 2951 1763; x_wconf 88' lang='lat' dir='ltr'><strong>super</strong></span> <span class='ocrx_word' id='word_1_288' title='bbox 3000 1706 3147 1749; x_wconf 84' lang='lat' dir='ltr'><strong>terra</strong></span> <span class='ocrx_word' id='word_1_289' title='bbox 3176 1710 3238 1750; x_wconf 88' lang='lat' dir='ltr'><strong>ea</strong></span> <span class='ocrx_word' id='word_1_290' title='bbox 3271 1709 3397 1764; x_wconf 65' lang='lat' dir='ltr'><strong>quae</strong></span> <span class='ocrx_word' id='word_1_291' title='bbox 3422 1708 3517 1749; x_wconf 82' lang='lat' dir='ltr'><strong>sn-</strong></span> 
     </span>
    </p>
   </div>
   <div class='ocr_carea' id='block_1_42' title="bbox 1892 1787 3517 1867">
    <p class='ocr_par' dir='ltr' id='par_1_42' title="bbox 1892 1787 3517 1867">
     <span class='ocr_line' id='line_1_42' title="bbox 1892 1787 3517 1867; baseline -0.006 -18"><span class='ocrx_word' id='word_1_292' title='bbox 1892 1802 1895 1805; x_wconf 86' lang='lat'>&#39;</span> <span class='ocrx_word' id='word_1_293' title='bbox 1935 1806 2161 1867; x_wconf 83' lang='lat' dir='ltr'><strong>pernam</strong></span> <span class='ocrx_word' id='word_1_294' title='bbox 2202 1798 2583 1863; x_wconf 75' lang='lat' dir='ltr'><strong>repraesentat,</strong></span> <span class='ocrx_word' id='word_1_295' title='bbox 2653 1789 2720 1843; x_wconf 88' lang='lat' dir='ltr'><strong>de</strong></span> <span class='ocrx_word' id='word_1_296' title='bbox 2755 1804 2864 1857; x_wconf 89' lang='lat' dir='ltr'><strong>qua</strong></span> <span class='ocrx_word' id='word_1_297' title='bbox 2918 1787 3125 1843; x_wconf 88' lang='lat' dir='ltr'><strong>dictum</strong></span> <span class='ocrx_word' id='word_1_298' title='bbox 3159 1796 3280 1842; x_wconf 87' lang='lat' dir='ltr'><strong>est:</strong></span> <span class='ocrx_word' id='word_1_299' title='bbox 3320 1805 3338 1838; x_wconf 84' lang='grc' dir='ltr'><strong>ι</strong></span> <span class='ocrx_word' id='word_1_300' title='bbox 3366 1787 3517 1842; x_wconf 84' lang='lat' dir='ltr'><strong>Beati</strong></span> 
     </span>
    </p>
   </div>
   <div class='ocr_carea' id='block_1_43' title="bbox 1933 1879 3514 1957">
    <p class='ocr_par' dir='ltr' id='par_1_43' title="bbox 1933 1879 3514 1957">
     <span class='ocr_line' id='line_1_43' title="bbox 1933 1879 3514 1957; baseline -0.008 -14"><span class='ocrx_word' id='word_1_301' title='bbox 1933 1890 2096 1943; x_wconf 87' lang='lat' dir='ltr'><strong>mites</strong></span> <span class='ocrx_word' id='word_1_302' title='bbox 2129 1885 2388 1957; x_wconf 86' lang='lat' dir='ltr'><strong>quoniam</strong></span> <span class='ocrx_word' id='word_1_303' title='bbox 2416 1880 2769 1938; x_wconf 74' lang='lat' dir='ltr'><strong>haereditario</strong></span> <span class='ocrx_word' id='word_1_304' title='bbox 2786 1889 3205 1950; x_wconf 84' lang='lat' dir='ltr'><strong>consequentur</strong></span> <span class='ocrx_word' id='word_1_305' title='bbox 3225 1879 3479 1934; x_wconf 86' lang='lat' dir='ltr'><strong>terram&quot;.</strong></span> <span class='ocrx_word' id='word_1_306' title='bbox 3496 1899 3514 1930; x_wconf 71' lang='grc' dir='ltr'><strong>ι</strong></span> 
     </span>
    </p>
   </div>
   <div class='ocr_carea' id='block_1_44' title="bbox 1935 1970 3519 2045">
    <p class='ocr_par' dir='ltr' id='par_1_44' title="bbox 1935 1970 3519 2045">
     <span class='ocr_line' id='line_1_44' title="bbox 1935 1970 3519 2045; baseline -0.008 -9"><span class='ocrx_word' id='word_1_307' title='bbox 1935 1981 2137 2036; x_wconf 78' lang='lat' dir='ltr'><strong>Eadem</strong></span> <span class='ocrx_word' id='word_1_308' title='bbox 2188 1977 2398 2032; x_wconf 80' lang='lat' dir='ltr'><strong>Paulus</strong></span> <span class='ocrx_word' id='word_1_309' title='bbox 2425 1989 2645 2045; x_wconf 88' lang='lat' dir='ltr'><strong>quoque</strong></span> <span class='ocrx_word' id='word_1_310' title='bbox 2674 1973 2992 2043; x_wconf 79' lang='lat' dir='ltr'><strong>signiﬁcans</strong></span> <span class='ocrx_word' id='word_1_311' title='bbox 3019 1990 3034 2026; x_wconf 90' lang='lat'>:</span> <span class='ocrx_word' id='word_1_312' title='bbox 3074 1990 3093 2022; x_wconf 80' lang='grc' dir='ltr'><strong>ι</strong></span> <span class='ocrx_word' id='word_1_313' title='bbox 3119 1970 3281 2025; x_wconf 84' lang='lat' dir='ltr'><strong>Ditati</strong></span> <span class='ocrx_word' id='word_1_314' title='bbox 3304 1970 3440 2026; x_wconf 77' lang='lat' dir='ltr'><strong>eStis</strong></span> <span class='ocrx_word' id='word_1_315' title='bbox 3466 1970 3519 2024; x_wconf 88' lang='lat' dir='ltr'><strong>in</strong></span> 
     </span>
    </p>
   </div>
   <div class='ocr_carea' id='block_1_45' title="bbox 1935 2061 3518 2142">
    <p class='ocr_par' dir='ltr' id='par_1_45' title="bbox 1935 2061 3518 2142">
     <span class='ocr_line' id='line_1_45' title="bbox 1935 2061 3518 2142; baseline -0.006 -15"><span class='ocrx_word' id='word_1_316' title='bbox 1935 2073 2077 2142; x_wconf 89' lang='lat' dir='ltr'><strong>ipso,</strong></span> <span class='ocrx_word' id='word_1_317' title='bbox 2105 2070 2307 2141; x_wconf 82' lang='lat' dir='ltr'><strong>inquit,</strong></span> <span class='ocrx_word' id='word_1_318' title='bbox 2341 2069 2397 2123; x_wconf 88' lang='lat' dir='ltr'><strong>in</strong></span> <span class='ocrx_word' id='word_1_319' title='bbox 2426 2067 2573 2121; x_wconf 91' lang='lat' dir='ltr'><strong>omni</strong></span> <span class='ocrx_word' id='word_1_320' title='bbox 2608 2065 2775 2121; x_wconf 86' lang='lat' dir='ltr'><strong>verbo</strong></span> <span class='ocrx_word' id='word_1_321' title='bbox 2805 2076 2861 2119; x_wconf 88' lang='lat' dir='ltr'><strong>et</strong></span> <span class='ocrx_word' id='word_1_322' title='bbox 2887 2063 3267 2134; x_wconf 69' lang='lat' dir='ltr'><strong>cognitione“.</strong></span> <span class='ocrx_word' id='word_1_323' title='bbox 3296 2081 3314 2113; x_wconf 73' lang='grc' dir='ltr'><strong>ι</strong></span> <span class='ocrx_word' id='word_1_324' title='bbox 3349 2061 3478 2117; x_wconf 90' lang='lat' dir='ltr'><strong>Item</strong></span> <span class='ocrx_word' id='word_1_325' title='bbox 3504 2081 3518 2117; x_wconf 92' lang='lat'><strong>:</strong></span> 
     </span>
    </p>
   </div>
   <div class='ocr_carea' id='block_1_46' title="bbox 1941 2155 3516 2228">
    <p class='ocr_par' dir='ltr' id='par_1_46' title="bbox 1941 2155 3516 2228">
     <span class='ocr_line' id='line_1_46' title="bbox 1941 2155 3516 2228; baseline -0.007 -11"><span class='ocrx_word' id='word_1_326' title='bbox 1941 2186 1959 2216; x_wconf 82' lang='grc' dir='ltr'><strong>ι</strong></span> <span class='ocrx_word' id='word_1_327' title='bbox 1988 2163 2169 2217; x_wconf 72' lang='lat' dir='ltr'><strong>Multa:</strong></span> <span class='ocrx_word' id='word_1_328' title='bbox 2228 2161 2548 2215; x_wconf 87' lang='lat' dir='ltr'><strong>mansiones</strong></span> <span class='ocrx_word' id='word_1_329' title='bbox 2594 2157 2737 2228; x_wconf 89' lang='lat' dir='ltr'><strong>apud</strong></span> <span class='ocrx_word' id='word_1_330' title='bbox 2774 2155 2996 2211; x_wconf 83' lang='lat' dir='ltr'><strong>Patrem</strong></span> <span class='ocrx_word' id='word_1_331' title='bbox 3055 2170 3238 2211; x_wconf 90' lang='lat' dir='ltr'><strong>meum</strong></span> <span class='ocrx_word' id='word_1_332' title='bbox 3303 2163 3466 2217; x_wconf 85' lang='lat' dir='ltr'><strong>sunt,</strong></span> <span class='ocrx_word' id='word_1_333' title='bbox 3496 2174 3516 2206; x_wconf 74' lang='grc' dir='ltr'><strong>ι</strong></span> 
     </span>
    </p>
   </div>
   <div class='ocr_carea' id='block_1_47' title="bbox 1935 2245 3519 2324">
    <p class='ocr_par' dir='ltr' id='par_1_47' title="bbox 1935 2245 3519 2324">
     <span class='ocr_line' id='line_1_47' title="bbox 1935 2245 3519 2324; baseline -0.006 -15"><span class='ocrx_word' id='word_1_334' title='bbox 1935 2254 2113 2324; x_wconf 81' lang='lat' dir='ltr'><strong>inquit</strong></span> <span class='ocrx_word' id='word_1_335' title='bbox 2164 2252 2475 2307; x_wconf 81' lang='lat' dir='ltr'><strong>Cbristus’.</strong></span> <span class='ocrx_word' id='word_1_336' title='bbox 2513 2248 2776 2317; x_wconf 86' lang='lat' dir='ltr'><strong>Quamvis</strong></span> <span class='ocrx_word' id='word_1_337' title='bbox 2840 2248 3010 2302; x_wconf 89' lang='lat' dir='ltr'><strong>etiam</strong></span> <span class='ocrx_word' id='word_1_338' title='bbox 3079 2246 3224 2301; x_wconf 89' lang='lat' dir='ltr'><strong>bona</strong></span> <span class='ocrx_word' id='word_1_339' title='bbox 3282 2261 3406 2315; x_wconf 89' lang='lat' dir='ltr'><strong>qu:e</strong></span> <span class='ocrx_word' id='word_1_340' title='bbox 3465 2245 3519 2300; x_wconf 89' lang='lat' dir='ltr'><strong>in</strong></span> 
     </span>
    </p>
   </div>
   <div class='ocr_carea' id='block_1_48' title="bbox 1934 2339 3523 2412">
    <p class='ocr_par' dir='ltr' id='par_1_48' title="bbox 1934 2339 3523 2412">
     <span class='ocr_line' id='line_1_48' title="bbox 1934 2339 3523 2412; baseline -0.006 -9"><span class='ocrx_word' id='word_1_341' title='bbox 1934 2357 2081 2404; x_wconf 87' lang='lat' dir='ltr'><strong>terra</strong></span> <span class='ocrx_word' id='word_1_342' title='bbox 2143 2344 2554 2409; x_wconf 83' lang='lat' dir='ltr'><strong>conferuntur,</strong></span> <span class='ocrx_word' id='word_1_343' title='bbox 2606 2342 2674 2397; x_wconf 87' lang='lat' dir='ltr'><strong>ab</strong></span> <span class='ocrx_word' id='word_1_344' title='bbox 2730 2340 2930 2412; x_wconf 81' lang='lat' dir='ltr'><strong>epillce</strong></span> <span class='ocrx_word' id='word_1_345' title='bbox 2980 2340 3093 2396; x_wconf 90' lang='lat' dir='ltr'><strong>Deo</strong></span> <span class='ocrx_word' id='word_1_346' title='bbox 3154 2339 3523 2412; x_wconf 78' lang='lat' dir='ltr'><strong>proﬁciseun~</strong></span> 
     </span>
    </p>
   </div>
   <div class='ocr_carea' id='block_1_49' title="bbox 1932 2448 2045 2495">
    <p class='ocr_par' dir='ltr' id='par_1_49' title="bbox 1932 2448 2045 2495">
     <span class='ocr_line' id='line_1_49' title="bbox 1932 2448 2045 2495; baseline 0 0"><span class='ocrx_word' id='word_1_347' title='bbox 1932 2448 2045 2495; x_wconf 87' lang='lat' dir='ltr'><strong>tnr.</strong></span> 
     </span>
    </p>
   </div>
   <div class='ocr_carea' id='block_1_50' title="bbox 2010 2524 3518 2597">
    <p class='ocr_par' dir='ltr' id='par_1_50' title="bbox 2010 2524 3518 2597">
     <span class='ocr_line' id='line_1_50' title="bbox 2010 2524 3518 2597; baseline -0.006 -11"><span class='ocrx_word' id='word_1_348' title='bbox 2010 2530 2131 2586; x_wconf 73' lang='lat' dir='ltr'><strong>Non</strong></span> <span class='ocrx_word' id='word_1_349' title='bbox 2155 2538 2233 2585; x_wconf 76' lang='lat' dir='ltr'><strong>est</strong></span> <span class='ocrx_word' id='word_1_350' title='bbox 2261 2530 2398 2585; x_wconf 84' lang='lat' dir='ltr'><strong>sicut</strong></span> <span class='ocrx_word' id='word_1_351' title='bbox 2427 2525 2561 2581; x_wconf 76' lang='lat' dir='ltr'><strong>Deus</strong></span> <span class='ocrx_word' id='word_1_352' title='bbox 2580 2525 2780 2579; x_wconf 82' lang='lat' dir='ltr'><strong>dilecti.</strong></span> <span class='ocrx_word' id='word_1_353' title='bbox 2808 2524 2947 2597; x_wconf 74' lang='lat'><strong>[26.]</strong></span> <span class='ocrx_word' id='word_1_354' title='bbox 2982 2525 3128 2581; x_wconf 88' lang='lat' dir='ltr'><strong>Laus</strong></span> <span class='ocrx_word' id='word_1_355' title='bbox 3156 2525 3272 2583; x_wconf 66' lang='lat' dir='ltr'><strong>haec</strong></span> <span class='ocrx_word' id='word_1_356' title='bbox 3291 2524 3382 2580; x_wconf 88' lang='lat' dir='ltr'><strong>Dei</strong></span> <span class='ocrx_word' id='word_1_357' title='bbox 3412 2531 3518 2587; x_wconf 88' lang='lat' dir='ltr'><strong>est,</strong></span> 
     </span>
    </p>
   </div>
   <div class='ocr_carea' id='block_1_51' title="bbox 1933 2616 3521 2694">
    <p class='ocr_par' dir='ltr' id='par_1_51' title="bbox 1933 2616 3521 2694">
     <span class='ocr_line' id='line_1_51' title="bbox 1933 2616 3521 2694; baseline -0.006 -17"><span class='ocrx_word' id='word_1_358' title='bbox 1933 2640 2055 2694; x_wconf 73' lang='lat' dir='ltr'><strong>qum</strong></span> <span class='ocrx_word' id='word_1_359' title='bbox 2084 2622 2340 2693; x_wconf 78' lang='lat' dir='ltr'><strong>przedieta</strong></span> <span class='ocrx_word' id='word_1_360' title='bbox 2366 2621 2588 2676; x_wconf 83' lang='lat' dir='ltr'><strong>lsraelis</strong></span> <span class='ocrx_word' id='word_1_361' title='bbox 2615 2620 2681 2673; x_wconf 89' lang='lat' dir='ltr'><strong>ad</strong></span> <span class='ocrx_word' id='word_1_362' title='bbox 2713 2619 2894 2690; x_wconf 78' lang='lat' dir='ltr'><strong>ipsius</strong></span> <span class='ocrx_word' id='word_1_363' title='bbox 2923 2616 3382 2686; x_wconf 83' lang='lat' dir='ltr'><strong>omnipotentiam</strong></span> <span class='ocrx_word' id='word_1_364' title='bbox 3407 2616 3521 2670; x_wconf 85' lang='lat' dir='ltr'><strong>col-</strong></span> 
     </span>
    </p>
   </div>
   <div class='ocr_carea' id='block_1_52' title="bbox 1934 2706 3515 2783">
    <p class='ocr_par' dir='ltr' id='par_1_52' title="bbox 1934 2706 3515 2783">
     <span class='ocr_line' id='line_1_52' title="bbox 1934 2706 3515 2783; baseline -0.008 -12"><span class='ocrx_word' id='word_1_365' title='bbox 1934 2718 2110 2783; x_wconf 87' lang='lat' dir='ltr'><strong>limat,</strong></span> <span class='ocrx_word' id='word_1_366' title='bbox 2165 2714 2327 2783; x_wconf 87' lang='lat' dir='ltr'><strong>cujus</strong></span> <span class='ocrx_word' id='word_1_367' title='bbox 2375 2712 2774 2767; x_wconf 83' lang='lat' dir='ltr'><strong>habitationem</strong></span> <span class='ocrx_word' id='word_1_368' title='bbox 2830 2710 3091 2765; x_wconf 63' lang='lat' dir='ltr'><strong>attherem</strong></span> <span class='ocrx_word' id='word_1_369' title='bbox 3152 2722 3277 2762; x_wconf 86' lang='lat' dir='ltr'><strong>esse</strong></span> <span class='ocrx_word' id='word_1_370' title='bbox 3335 2706 3515 2766; x_wconf 88' lang='lat' dir='ltr'><strong>dicit,</strong></span> 
     </span>
    </p>
   </div>
   <div class='ocr_carea' id='block_1_53' title="bbox 1935 2799 3511 2877">
    <p class='ocr_par' dir='ltr' id='par_1_53' title="bbox 1935 2799 3511 2877">
     <span class='ocr_line' id='line_1_53' title="bbox 1935 2799 3511 2877; baseline -0.005 -17"><span class='ocrx_word' id='word_1_371' title='bbox 1935 2815 2159 2877; x_wconf 68' lang='lat' dir='ltr'><strong>propter</strong></span> <span class='ocrx_word' id='word_1_372' title='bbox 2181 2817 2548 2876; x_wconf 77' lang='lat' dir='ltr'><strong>supernorum</strong></span> <span class='ocrx_word' id='word_1_373' title='bbox 2590 2802 2878 2871; x_wconf 87' lang='lat' dir='ltr'><strong>copiarum</strong></span> <span class='ocrx_word' id='word_1_374' title='bbox 2911 2799 3157 2854; x_wconf 89' lang='lat' dir='ltr'><strong>omnium</strong></span> <span class='ocrx_word' id='word_1_375' title='bbox 3190 2799 3511 2870; x_wconf 84' lang='lat' dir='ltr'><strong>puritatem.</strong></span> 
     </span>
    </p>
   </div>
   <div class='ocr_carea' id='block_1_54' title="bbox 1935 2891 3521 2965">
    <p class='ocr_par' dir='ltr' id='par_1_54' title="bbox 1935 2891 3521 2965">
     <span class='ocr_line' id='line_1_54' title="bbox 1935 2891 3521 2965; baseline -0.004 -15"><span class='ocrx_word' id='word_1_376' title='bbox 1935 2898 2082 2965; x_wconf 86' lang='lat' dir='ltr'><strong>Quas</strong></span> <span class='ocrx_word' id='word_1_377' title='bbox 2109 2904 2311 2952; x_wconf 68' lang='lat' dir='ltr'><strong>aeterna</strong></span> <span class='ocrx_word' id='word_1_378' title='bbox 2350 2896 2442 2950; x_wconf 86' lang='lat' dir='ltr'><strong>Dei</strong></span> <span class='ocrx_word' id='word_1_379' title='bbox 2476 2895 2699 2949; x_wconf 86' lang='lat' dir='ltr'><strong>brachia</strong></span> <span class='ocrx_word' id='word_1_380' title='bbox 2731 2893 2894 2963; x_wconf 84' lang='lat' dir='ltr'><strong>eique</strong></span> <span class='ocrx_word' id='word_1_381' title='bbox 2915 2891 3139 2946; x_wconf 73' lang='lat' dir='ltr'><strong>subdita</strong></span> <span class='ocrx_word' id='word_1_382' title='bbox 3172 2898 3351 2954; x_wconf 81' lang='lat' dir='ltr'><strong>vocat,</strong></span> <span class='ocrx_word' id='word_1_383' title='bbox 3394 2905 3521 2959; x_wconf 76' lang='lat' dir='ltr'><strong>quze</strong></span> 
     </span>
    </p>
   </div>
   <div class='ocr_carea' id='block_1_55' title="bbox 1937 2980 3522 3060">
    <p class='ocr_par' dir='ltr' id='par_1_55' title="bbox 1937 2980 3522 3060">
     <span class='ocr_line' id='line_1_55' title="bbox 1937 2980 3522 3060; baseline -0.008 -14"><span class='ocrx_word' id='word_1_384' title='bbox 1937 3004 2069 3046; x_wconf 87' lang='lat' dir='ltr'><strong>sane</strong></span> <span class='ocrx_word' id='word_1_385' title='bbox 2101 2995 2335 3060; x_wconf 79' lang='lat' dir='ltr'><strong>arguunt</strong></span> <span class='ocrx_word' id='word_1_386' title='bbox 2368 2987 2625 3042; x_wconf 87' lang='lat' dir='ltr'><strong>lsraelem</strong></span> <span class='ocrx_word' id='word_1_387' title='bbox 2651 3001 2760 3040; x_wconf 89' lang='lat' dir='ltr'><strong>non</strong></span> <span class='ocrx_word' id='word_1_388' title='bbox 2791 2985 2978 3040; x_wconf 87' lang='lat' dir='ltr'><strong>servili</strong></span> <span class='ocrx_word' id='word_1_389' title='bbox 3010 2984 3240 3039; x_wconf 85' lang='lat' dir='ltr'><strong>subesse</strong></span> <span class='ocrx_word' id='word_1_390' title='bbox 3287 2980 3522 3052; x_wconf 83' lang='lat' dir='ltr'><strong>imperio</strong></span> 
     </span>
    </p>
   </div>
   <div class='ocr_carea' id='block_1_56' title="bbox 235 3049 1828 3154">
    <p class='ocr_par' dir='ltr' id='par_1_56' title="bbox 235 3062 1827 3136">
     <span class='ocr_line' id='line_1_56' title="bbox 235 3062 1827 3136; baseline -0.001 -17"><span class='ocrx_word' id='word_1_391' title='bbox 235 3066 339 3136; x_wconf 81' lang='grc' dir='ltr'>οὐχ</span> <span class='ocrx_word' id='word_1_392' title='bbox 373 3064 479 3118; x_wconf 81' lang='grc' dir='ltr'>ὑπὸ</span> <span class='ocrx_word' id='word_1_393' title='bbox 525 3064 939 3135; x_wconf 84' lang='grc' dir='ltr'>λειτουργικαῖς</span> <span class='ocrx_word' id='word_1_394' title='bbox 991 3062 1258 3132; x_wconf 88' lang='grc' dir='ltr'>δυνάμεσι</span> <span class='ocrx_word' id='word_1_395' title='bbox 1305 3063 1578 3134; x_wconf 82' lang='grc' dir='ltr'>κείμενον,</span> <span class='ocrx_word' id='word_1_396' title='bbox 1630 3063 1827 3136; x_wconf 84' lang='grc' dir='ltr'>ὥσπερ</span> 
     </span>
    </p>
   </div>
   <div class='ocr_carea' id='block_1_57' title="bbox 1941 3049 3522 3154">
    <p class='ocr_par' dir='ltr' id='par_1_57' title="bbox 1941 3075 3522 3154">
     <span class='ocr_line' id='line_1_57' title="bbox 1941 3075 3522 3154; baseline -0.005 -17"><span class='ocrx_word' id='word_1_397' title='bbox 1941 3079 2395 3154; x_wconf 72' lang='lat' dir='ltr'><strong>quemadmodum</strong></span> <span class='ocrx_word' id='word_1_398' title='bbox 2445 3078 2567 3133; x_wconf 82' lang='lat' dir='ltr'><strong>aliae</strong></span> <span class='ocrx_word' id='word_1_399' title='bbox 2593 3085 2802 3148; x_wconf 81' lang='lat' dir='ltr'><strong>gentes,</strong></span> <span class='ocrx_word' id='word_1_400' title='bbox 2842 3091 3027 3131; x_wconf 80' lang='lat' dir='ltr'><strong>verum</strong></span> <span class='ocrx_word' id='word_1_401' title='bbox 3070 3075 3120 3131; x_wconf 78' lang='lat' dir='ltr'><strong>ei</strong></span> <span class='ocrx_word' id='word_1_402' title='bbox 3175 3076 3267 3145; x_wconf 89' lang='lat' dir='ltr'><strong>qui</strong></span> <span class='ocrx_word' id='word_1_403' title='bbox 3300 3076 3392 3144; x_wconf 89' lang='lat' dir='ltr'><strong>jus</strong></span> <span class='ocrx_word' id='word_1_404' title='bbox 3426 3090 3522 3129; x_wconf 67' lang='lat' dir='ltr'><strong>suo</strong></span> 
     </span>
    </p>
   </div>
   <div class='ocr_carea' id='block_1_58' title="bbox 238 3152 1828 3247">
    <p class='ocr_par' dir='ltr' id='par_1_58' title="bbox 238 3152 1828 3229">
     <span class='ocr_line' id='line_1_58' title="bbox 238 3152 1828 3229; baseline -0.001 -16"><span class='ocrx_word' id='word_1_405' title='bbox 238 3159 308 3213; x_wconf 73' lang='grc' dir='ltr'>τὰ</span> <span class='ocrx_word' id='word_1_406' title='bbox 331 3159 467 3214; x_wconf 75' lang='grc' dir='ltr'>ἄλλα</span> <span class='ocrx_word' id='word_1_407' title='bbox 494 3158 647 3227; x_wconf 74' lang='grc' dir='ltr'>ἔθνη,</span> <span class='ocrx_word' id='word_1_408' title='bbox 684 3156 823 3229; x_wconf 77' lang='grc' dir='ltr'>[ἀλλ’</span> <span class='ocrx_word' id='word_1_409' title='bbox 850 3159 932 3219; x_wconf 77' lang='grc' dir='ltr'><strong>είς</strong></span> <span class='ocrx_word' id='word_1_410' title='bbox 959 3156 1052 3211; x_wconf 77' lang='grc' dir='ltr'>τὸν</span> <span class='ocrx_word' id='word_1_411' title='bbox 1079 3159 1172 3210; x_wconf 62' lang='grc' dir='ltr'>ἐπι</span> <span class='ocrx_word' id='word_1_412' title='bbox 1194 3158 1416 3211; x_wconf 87' lang='grc' dir='ltr'>πάντων</span> <span class='ocrx_word' id='word_1_413' title='bbox 1434 3152 1568 3211; x_wconf 83' lang='grc' dir='ltr'>Θεὸν</span> <span class='ocrx_word' id='word_1_414' title='bbox 1594 3159 1828 3229; x_wconf 83' lang='grc' dir='ltr'>ἀνήκον-</span> 
     </span>
    </p>
   </div>
   <div class='ocr_carea' id='block_1_59' title="bbox 1941 3152 3518 3247">
    <p class='ocr_par' dir='ltr' id='par_1_59' title="bbox 1941 3152 3518 3245">
     <span class='ocr_line' id='line_1_59' title="bbox 1941 3152 3518 3245; baseline -0.004 -16"><span class='ocrx_word' id='word_1_415' title='bbox 1941 3152 2025 3245; x_wconf 48' lang='lat' dir='ltr'><strong>per</strong></span> <span class='ocrx_word' id='word_1_416' title='bbox 2056 3188 2249 3229; x_wconf 80' lang='lat' dir='ltr'><strong>omnes</strong></span> <span class='ocrx_word' id='word_1_417' title='bbox 2309 3174 2542 3228; x_wconf 89' lang='lat' dir='ltr'><strong>obtinet.</strong></span> <span class='ocrx_word' id='word_1_418' title='bbox 2575 3170 2734 3238; x_wconf 82' lang='lat' dir='ltr'><strong>Quod</strong></span> <span class='ocrx_word' id='word_1_419' title='bbox 2799 3169 3063 3224; x_wconf 67' lang='lat' dir='ltr'><strong>Ecclesia:</strong></span> <span class='ocrx_word' id='word_1_420' title='bbox 3092 3167 3301 3224; x_wconf 87' lang='lat' dir='ltr'><strong>Christi</strong></span> <span class='ocrx_word' id='word_1_421' title='bbox 3339 3168 3518 3223; x_wconf 87' lang='lat' dir='ltr'><strong>adhuc</strong></span> 
     </span>
    </p>
   </div>
   <div class='ocr_carea' id='block_1_60' title="bbox 235 3247 1821 3323">
    <p class='ocr_par' dir='ltr' id='par_1_60' title="bbox 235 3247 1821 3323">
     <span class='ocr_line' id='line_1_60' title="bbox 235 3247 1821 3323; baseline 0.001 -19"><span class='ocrx_word' id='word_1_422' title='bbox 235 3266 327 3306; x_wconf 85' lang='grc' dir='ltr'>τα.</span> <span class='ocrx_word' id='word_1_423' title='bbox 360 3253 538 3322; x_wconf 88' lang='grc' dir='ltr'>Ὅπερ</span> <span class='ocrx_word' id='word_1_424' title='bbox 560 3253 627 3321; x_wconf 81' lang='grc' dir='ltr'><strong>τῇ</strong></span> <span class='ocrx_word' id='word_1_425' title='bbox 666 3249 967 3319; x_wconf 57' lang='grc' dir='ltr'>Ἐκκλησία</span> <span class='ocrx_word' id='word_1_426' title='bbox 997 3247 1239 3318; x_wconf 84' lang='grc' dir='ltr'>Χριστοῦ</span> <span class='ocrx_word' id='word_1_427' title='bbox 1269 3250 1613 3323; x_wconf 79' lang='grc' dir='ltr'>πρόσεστιν.]</span> <span class='ocrx_word' id='word_1_428' title='bbox 1660 3252 1821 3323; x_wconf 82' lang='grc' dir='ltr'>Ἀλη-</span> 
     </span>
    </p>
   </div>
   <div class='ocr_carea' id='block_1_61' title="bbox 1926 3261 3518 3337">
    <p class='ocr_par' dir='ltr' id='par_1_61' title="bbox 1926 3261 3518 3337">
     <span class='ocr_line' id='line_1_61' title="bbox 1926 3261 3518 3337; baseline -0.006 -14"><span class='ocrx_word' id='word_1_429' title='bbox 1926 3269 2125 3323; x_wconf 88' lang='lat' dir='ltr'><strong>melius</strong></span> <span class='ocrx_word' id='word_1_430' title='bbox 2148 3266 2406 3337; x_wconf 82' lang='lat' dir='ltr'><strong>quadrat,</strong></span> <span class='ocrx_word' id='word_1_431' title='bbox 2427 3265 2583 3335; x_wconf 79' lang='lat' dir='ltr'><strong>juxta</strong></span> <span class='ocrx_word' id='word_1_432' title='bbox 2614 3263 2746 3318; x_wconf 88' lang='lat' dir='ltr'><strong>illud</strong></span> <span class='ocrx_word' id='word_1_433' title='bbox 2774 3279 2788 3318; x_wconf 87' lang='lat'><strong>:</strong></span> <span class='ocrx_word' id='word_1_434' title='bbox 2822 3282 2839 3313; x_wconf 82' lang='grc' dir='ltr'><strong>ι</strong></span> <span class='ocrx_word' id='word_1_435' title='bbox 2867 3261 3173 3317; x_wconf 83' lang='lat' dir='ltr'><strong>Constituit</strong></span> <span class='ocrx_word' id='word_1_436' title='bbox 3199 3276 3324 3315; x_wconf 88' lang='lat' dir='ltr'><strong>eum</strong></span> <span class='ocrx_word' id='word_1_437' title='bbox 3351 3268 3518 3329; x_wconf 65' lang='lat' dir='ltr'><strong>caput</strong></span> 
     </span>
    </p>
   </div>
   <div class='ocr_carea' id='block_1_62' title="bbox 238 3338 1828 3429">
    <p class='ocr_par' dir='ltr' id='par_1_62' title="bbox 238 3338 1828 3416">
     <span class='ocr_line' id='line_1_62' title="bbox 238 3338 1828 3416; baseline -0.001 -17"><span class='ocrx_word' id='word_1_438' title='bbox 238 3345 493 3416; x_wconf 79' lang='grc' dir='ltr'>θέστερον</span> <span class='ocrx_word' id='word_1_439' title='bbox 518 3344 575 3398; x_wconf 79' lang='grc' dir='ltr'><strong>δὲ</strong></span> <span class='ocrx_word' id='word_1_440' title='bbox 608 3343 704 3397; x_wconf 74' lang='grc' dir='ltr'><strong>καὶ</strong></span> <span class='ocrx_word' id='word_1_441' title='bbox 730 3342 1065 3410; x_wconf 82' lang='grc' dir='ltr'>οίκειότερον</span> <span class='ocrx_word' id='word_1_442' title='bbox 1093 3338 1237 3396; x_wconf 78' lang='grc' dir='ltr'><strong>κατὰ</strong></span> <span class='ocrx_word' id='word_1_443' title='bbox 1267 3346 1329 3396; x_wconf 86' lang='grc' dir='ltr'>τό</span> <span class='ocrx_word' id='word_1_444' title='bbox 1355 3359 1367 3372; x_wconf 72' lang='grc'><strong><em>⁸</em></strong></span> <span class='ocrx_word' id='word_1_445' title='bbox 1408 3362 1427 3395; x_wconf 84' lang='grc' dir='ltr'><strong>ι</strong></span> <span class='ocrx_word' id='word_1_446' title='bbox 1453 3344 1626 3397; x_wconf 75' lang='grc' dir='ltr'>Αὐτὸν</span> <span class='ocrx_word' id='word_1_447' title='bbox 1649 3343 1828 3398; x_wconf 75' lang='grc' dir='ltr'>ἔδωκα</span> 
     </span>
    </p>
   </div>
   <div class='ocr_carea' id='block_1_63' title="bbox 1941 3338 3520 3429">
    <p class='ocr_par' dir='ltr' id='par_1_63' title="bbox 1941 3338 3520 3429">
     <span class='ocr_line' id='line_1_63' title="bbox 1941 3338 3520 3429; baseline -0.006 -14"><span class='ocrx_word' id='word_1_448' title='bbox 1941 3359 2192 3415; x_wconf 67' lang='lat' dir='ltr'><strong>Ecclesia:</strong></span> <span class='ocrx_word' id='word_1_449' title='bbox 2243 3372 2409 3429; x_wconf 85' lang='lat' dir='ltr'><strong>super</strong></span> <span class='ocrx_word' id='word_1_450' title='bbox 2449 3358 2654 3420; x_wconf 87' lang='lat' dir='ltr'><strong>omnia,</strong></span> <span class='ocrx_word' id='word_1_451' title='bbox 2691 3354 2784 3425; x_wconf 90' lang='lat' dir='ltr'><strong>qui</strong></span> <span class='ocrx_word' id='word_1_452' title='bbox 2819 3353 3034 3408; x_wconf 87' lang='lat' dir='ltr'><strong>initium</strong></span> <span class='ocrx_word' id='word_1_453' title='bbox 3067 3361 3154 3407; x_wconf 78' lang='lat' dir='ltr'><strong>est</strong></span> <span class='ocrx_word' id='word_1_454' title='bbox 3186 3338 3484 3423; x_wconf 57' lang='lat' dir='ltr'><strong>cuucti’jm</strong></span> <span class='ocrx_word' id='word_1_455' title='bbox 3507 3380 3520 3393; x_wconf 88' lang='lat'><strong>-</strong></span> 
     </span>
    </p>
   </div>
   <div class='ocr_carea' id='block_1_64' title="bbox 238 3432 1826 3509">
    <p class='ocr_par' dir='ltr' id='par_1_64' title="bbox 238 3432 1826 3509">
     <span class='ocr_line' id='line_1_64' title="bbox 238 3432 1826 3509; baseline -0.003 -17"><span class='ocrx_word' id='word_1_456' title='bbox 238 3437 486 3508; x_wconf 79' lang='grc' dir='ltr'>κεφαλὴν</span> <span class='ocrx_word' id='word_1_457' title='bbox 517 3436 659 3506; x_wconf 78' lang='grc' dir='ltr'>ὑπὲρ</span> <span class='ocrx_word' id='word_1_458' title='bbox 700 3435 880 3489; x_wconf 88' lang='grc' dir='ltr'>πάντα</span> <span class='ocrx_word' id='word_1_459' title='bbox 904 3435 970 3504; x_wconf 84' lang='grc' dir='ltr'><strong>τῇ</strong></span> <span class='ocrx_word' id='word_1_460' title='bbox 1008 3432 1336 3506; x_wconf 76' lang='grc' dir='ltr'>Ἐκκλησία.</span> <span class='ocrx_word' id='word_1_461' title='bbox 1368 3435 1469 3500; x_wconf 82' lang='grc' dir='ltr'>’ος</span> <span class='ocrx_word' id='word_1_462' title='bbox 1492 3438 1641 3489; x_wconf 76' lang='grc' dir='ltr'>ἐστιν</span> <span class='ocrx_word' id='word_1_463' title='bbox 1683 3438 1826 3509; x_wconf 71' lang='grc' dir='ltr'>ἁρχὴ</span> 
     </span>
    </p>
   </div>
   <div class='ocr_carea' id='block_1_65' title="bbox 237 3526 1358 3602">
    <p class='ocr_par' dir='ltr' id='par_1_65' title="bbox 237 3526 1358 3602">
     <span class='ocr_line' id='line_1_65' title="bbox 237 3526 1358 3602; baseline -0.004 -18"><span class='ocrx_word' id='word_1_464' title='bbox 237 3531 421 3602; x_wconf 80' lang='grc' dir='ltr'>πάσης</span> <span class='ocrx_word' id='word_1_465' title='bbox 447 3530 755 3599; x_wconf 84' lang='grc' dir='ltr'>δυνάμεως,</span> <span class='ocrx_word' id='word_1_466' title='bbox 786 3527 881 3582; x_wconf 71' lang='grc' dir='ltr'><strong>καὶ</strong></span> <span class='ocrx_word' id='word_1_467' title='bbox 906 3527 1089 3597; x_wconf 85' lang='grc' dir='ltr'>πάσης</span> <span class='ocrx_word' id='word_1_468' title='bbox 1109 3526 1310 3597; x_wconf 80' lang='grc' dir='ltr'>ἀρχῆς.</span> <span class='ocrx_word' id='word_1_469' title='bbox 1339 3547 1358 3579; x_wconf 77' lang='grc' dir='ltr'><strong>ι</strong></span> 
     </span>
    </p>
   </div>
   <div class='ocr_carea' id='block_1_66' title="bbox 1929 3448 2577 3522">
    <p class='ocr_par' dir='ltr' id='par_1_66' title="bbox 1929 3448 2577 3522">
     <span class='ocr_line' id='line_1_66' title="bbox 1929 3448 2577 3522; baseline -0.011 -15"><span class='ocrx_word' id='word_1_470' title='bbox 1929 3451 2071 3522; x_wconf 87' lang='lat' dir='ltr'><strong>perii</strong></span> <span class='ocrx_word' id='word_1_471' title='bbox 2102 3459 2155 3506; x_wconf 92' lang='lat' dir='ltr'><strong>et</strong></span> <span class='ocrx_word' id='word_1_472' title='bbox 2180 3448 2441 3521; x_wconf 72' lang='lat' dir='ltr'><strong>potentia:</strong></span> <span class='ocrx_word' id='word_1_473' title='bbox 2458 3449 2524 3504; x_wconf 87' lang='grc'><strong>¹⁰.</strong></span> <span class='ocrx_word' id='word_1_474' title='bbox 2559 3467 2577 3499; x_wconf 77' lang='grc' dir='ltr'><strong>ι</strong></span> 
     </span>
    </p>
   </div>
   <div class='ocr_carea' id='block_1_67' title="bbox 308 3637 3521 3720">
    <p class='ocr_par' dir='ltr' id='par_1_67' title="bbox 308 3637 3521 3720">
     <span class='ocr_line' id='line_1_67' title="bbox 308 3637 3521 3720; baseline 0 -24"><span class='ocrx_word' id='word_1_475' title='bbox 308 3639 530 3696; x_wconf 86' lang='lat' dir='ltr'><strong>Habitat</strong></span> <span class='ocrx_word' id='word_1_476' title='bbox 559 3655 676 3694; x_wconf 84' lang='lat' dir='ltr'><strong>vero</strong></span> <span class='ocrx_word' id='word_1_477' title='bbox 699 3637 875 3693; x_wconf 79' lang='lat' dir='ltr'><strong>Israel</strong></span> <span class='ocrx_word' id='word_1_478' title='bbox 906 3653 1146 3702; x_wconf 78' lang='lat' dir='ltr'><strong>securus,</strong></span> <span class='ocrx_word' id='word_1_479' title='bbox 1170 3637 1339 3691; x_wconf 82' lang='lat' dir='ltr'><strong>solus.</strong></span> <span class='ocrx_word' id='word_1_480' title='bbox 1377 3637 1517 3711; x_wconf 72' lang='lat'><strong>[28.]</strong></span> <span class='ocrx_word' id='word_1_481' title='bbox 1549 3640 1765 3698; x_wconf 87' lang='lat' dir='ltr'><strong>Similia</strong></span> <span class='ocrx_word' id='word_1_482' title='bbox 1796 3642 1967 3704; x_wconf 82' lang='lat' dir='ltr'><strong>David</strong></span> <span class='ocrx_word' id='word_1_483' title='bbox 1991 3666 2212 3720; x_wconf 85' lang='lat' dir='ltr'><strong>quoque</strong></span> <span class='ocrx_word' id='word_1_484' title='bbox 2236 3651 2373 3706; x_wconf 86' lang='lat' dir='ltr'><strong>dicit</strong></span> <span class='ocrx_word' id='word_1_485' title='bbox 2407 3669 2421 3706; x_wconf 90' lang='lat'>:</span> <span class='ocrx_word' id='word_1_486' title='bbox 2458 3669 2476 3701; x_wconf 78' lang='grc' dir='ltr'><strong>ι</strong></span> <span class='ocrx_word' id='word_1_487' title='bbox 2499 3647 2674 3718; x_wconf 85' lang='lat' dir='ltr'><strong>Ejeeit</strong></span> <span class='ocrx_word' id='word_1_488' title='bbox 2703 3652 2830 3699; x_wconf 87' lang='lat' dir='ltr'><strong>ante</strong></span> <span class='ocrx_word' id='word_1_489' title='bbox 2851 3658 2947 3697; x_wconf 88' lang='lat' dir='ltr'><strong>eos</strong></span> <span class='ocrx_word' id='word_1_490' title='bbox 2974 3647 3166 3711; x_wconf 78' lang='lat' dir='ltr'><strong>gentes</strong></span> <span class='ocrx_word' id='word_1_491' title='bbox 3217 3638 3521 3694; x_wconf 84' lang='lat' dir='ltr'><strong>admensns</strong></span> 
     </span>
    </p>
   </div>
   <div class='ocr_carea' id='block_1_68' title="bbox 236 3724 3515 3801">
    <p class='ocr_par' dir='ltr' id='par_1_68' title="bbox 236 3724 3515 3801">
     <span class='ocr_line' id='line_1_68' title="bbox 236 3724 3515 3801; baseline -0.002 -15"><span class='ocrx_word' id='word_1_492' title='bbox 236 3737 324 3786; x_wconf 85' lang='lat' dir='ltr'><strong>est</strong></span> <span class='ocrx_word' id='word_1_493' title='bbox 352 3730 435 3786; x_wconf 83' lang='lat' dir='ltr'><strong>eis</strong></span> <span class='ocrx_word' id='word_1_494' title='bbox 471 3728 843 3783; x_wconf 70' lang='lat' dir='ltr'><strong>harreditatem</strong></span> <span class='ocrx_word' id='word_1_495' title='bbox 884 3726 1038 3791; x_wconf 78' lang='lat' dir='ltr'><strong>fune,</strong></span> <span class='ocrx_word' id='word_1_496' title='bbox 1059 3735 1113 3781; x_wconf 90' lang='lat' dir='ltr'><strong>et</strong></span> <span class='ocrx_word' id='word_1_497' title='bbox 1141 3724 1386 3781; x_wconf 89' lang='lat' dir='ltr'><strong>instituit</strong></span> <span class='ocrx_word' id='word_1_498' title='bbox 1415 3729 1475 3784; x_wconf 92' lang='lat' dir='ltr'><strong>in</strong></span> <span class='ocrx_word' id='word_1_499' title='bbox 1506 3733 1968 3791; x_wconf 82' lang='lat' dir='ltr'><strong>tentoria&#39;eorum</strong></span> <span class='ocrx_word' id='word_1_500' title='bbox 1994 3738 2174 3794; x_wconf 90' lang='lat' dir='ltr'><strong>tribus</strong></span> <span class='ocrx_word' id='word_1_501' title='bbox 2196 3737 2447 3795; x_wconf 79' lang='lat' dir='ltr'><strong>Israel“.</strong></span> <span class='ocrx_word' id='word_1_502' title='bbox 2474 3755 2494 3789; x_wconf 75' lang='grc' dir='ltr'><strong>ι</strong></span> <span class='ocrx_word' id='word_1_503' title='bbox 2529 3733 2762 3801; x_wconf 85' lang='lat' dir='ltr'><strong>Quando</strong></span> <span class='ocrx_word' id='word_1_504' title='bbox 2801 3731 3056 3786; x_wconf 82' lang='lat' dir='ltr'><strong>videlicet</strong></span> <span class='ocrx_word' id='word_1_505' title='bbox 3090 3729 3244 3785; x_wconf 84' lang='lat' dir='ltr'><strong>solus</strong></span> <span class='ocrx_word' id='word_1_506' title='bbox 3292 3728 3515 3782; x_wconf 85' lang='lat' dir='ltr'><strong>habita-</strong></span> 
     </span>
    </p>
   </div>
   <div class='ocr_carea' id='block_1_69' title="bbox 237 3814 1292 3886">
    <p class='ocr_par' dir='ltr' id='par_1_69' title="bbox 237 3814 1292 3886">
     <span class='ocr_line' id='line_1_69' title="bbox 237 3814 1292 3886; baseline -0.002 -16"><span class='ocrx_word' id='word_1_507' title='bbox 237 3818 341 3886; x_wconf 85' lang='lat' dir='ltr'><strong>vit,</strong></span> <span class='ocrx_word' id='word_1_508' title='bbox 366 3832 619 3873; x_wconf 88' lang='lat' dir='ltr'><strong>seeuram</strong></span> <span class='ocrx_word' id='word_1_509' title='bbox 650 3815 1050 3871; x_wconf 78' lang='lat' dir='ltr'><strong>habitationem</strong></span> <span class='ocrx_word' id='word_1_510' title='bbox 1080 3814 1292 3869; x_wconf 90' lang='lat' dir='ltr'><strong>habuit.</strong></span> 
     </span>
    </p>
   </div>
   <div class='ocr_carea' id='block_1_70' title="bbox 305 3922 1825 3998">
    <p class='ocr_par' dir='ltr' id='par_1_70' title="bbox 305 3922 1825 3998">
     <span class='ocr_line' id='line_1_70' title="bbox 305 3922 1825 3998; baseline -0.008 -13"><span class='ocrx_word' id='word_1_511' title='bbox 305 3932 610 3998; x_wconf 80' lang='grc' dir='ltr'>Μακάριος</span> <span class='ocrx_word' id='word_1_512' title='bbox 646 3927 753 3994; x_wconf 86' lang='grc' dir='ltr'>σὺ,</span> <span class='ocrx_word' id='word_1_513' title='bbox 795 3925 1059 3995; x_wconf 76' lang='grc' dir='ltr'>Ἰσραήλ.</span> <span class='ocrx_word' id='word_1_514' title='bbox 1121 3925 1217 3991; x_wconf 83' lang='grc' dir='ltr'>Τίς</span> <span class='ocrx_word' id='word_1_515' title='bbox 1266 3923 1469 3993; x_wconf 79' lang='grc' dir='ltr'>ὅμοιός</span> <span class='ocrx_word' id='word_1_516' title='bbox 1517 3934 1620 3974; x_wconf 85' lang='grc' dir='ltr'><strong>σοι</strong></span> <span class='ocrx_word' id='word_1_517' title='bbox 1670 3922 1825 3988; x_wconf 76' lang='grc' dir='ltr'>λαὸς</span> 
     </span>
    </p>
   </div>
   <div class='ocr_carea' id='block_1_71' title="bbox 237 4013 1825 4092">
    <p class='ocr_par' dir='ltr' id='par_1_71' title="bbox 237 4013 1825 4092">
     <span class='ocr_line' id='line_1_71' title="bbox 237 4013 1825 4092; baseline -0.009 -13"><span class='ocrx_word' id='word_1_518' title='bbox 237 4020 570 4092; x_wconf 71' lang='grc' dir='ltr'>σωζόμενος</span> <span class='ocrx_word' id='word_1_519' title='bbox 622 4020 740 4076; x_wconf 77' lang='grc' dir='ltr'>ὑπὸ</span> <span class='ocrx_word' id='word_1_520' title='bbox 778 4020 1001 4088; x_wconf 79' lang='grc' dir='ltr'>Κυρίου</span> <span class='ocrx_word' id='word_1_521' title='bbox 1025 4034 1045 4084; x_wconf 88' lang='grc'><em>;</em></span> <span class='ocrx_word' id='word_1_522' title='bbox 1077 4017 1252 4087; x_wconf 83' lang='grc' dir='ltr'>Δῆλος</span> <span class='ocrx_word' id='word_1_523' title='bbox 1295 4015 1352 4068; x_wconf 81' lang='grc' dir='ltr'><strong>δὲ</strong></span> <span class='ocrx_word' id='word_1_524' title='bbox 1400 4015 1429 4067; x_wconf 87' lang='lat'><strong>6</strong></span> <span class='ocrx_word' id='word_1_525' title='bbox 1471 4013 1825 4084; x_wconf 79' lang='grc' dir='ltr'>μακαρισμὸς</span> 
     </span>
    </p>
   </div>
   <div class='ocr_carea' id='block_1_72' title="bbox 237 4102 1821 4183">
    <p class='ocr_par' dir='ltr' id='par_1_72' title="bbox 237 4102 1821 4183">
     <span class='ocr_line' id='line_1_72' title="bbox 237 4102 1821 4183; baseline -0.006 -15"><span class='ocrx_word' id='word_1_526' title='bbox 237 4114 383 4169; x_wconf 78' lang='grc' dir='ltr'>κατὰ</span> <span class='ocrx_word' id='word_1_527' title='bbox 406 4113 469 4166; x_wconf 75' lang='grc' dir='ltr'>τὸ</span> <span class='ocrx_word' id='word_1_528' title='bbox 497 4111 772 4183; x_wconf 80' lang='grc' dir='ltr'>ἐξαίρετον</span> <span class='ocrx_word' id='word_1_529' title='bbox 804 4111 908 4181; x_wconf 78' lang='grc' dir='ltr'>τῆς</span> <span class='ocrx_word' id='word_1_530' title='bbox 962 4108 1116 4182; x_wconf 71' lang='grc' dir='ltr'>παρὰ</span> <span class='ocrx_word' id='word_1_531' title='bbox 1159 4107 1299 4161; x_wconf 82' lang='grc' dir='ltr'>Θεοῦ</span> <span class='ocrx_word' id='word_1_532' title='bbox 1331 4105 1501 4177; x_wconf 85' lang='grc' dir='ltr'>τιμῆς</span> <span class='ocrx_word' id='word_1_533' title='bbox 1533 4104 1627 4158; x_wconf 75' lang='grc' dir='ltr'><strong>καὶ</strong></span> <span class='ocrx_word' id='word_1_534' title='bbox 1655 4102 1821 4158; x_wconf 83' lang='grc' dir='ltr'>δυνά-</span> 
     </span>
    </p>
   </div>
   <div class='ocr_carea' id='block_1_73' title="bbox 241 4196 1826 4278">
    <p class='ocr_par' dir='ltr' id='par_1_73' title="bbox 241 4196 1826 4278">
     <span class='ocr_line' id='line_1_73' title="bbox 241 4196 1826 4278; baseline -0.008 -16"><span class='ocrx_word' id='word_1_535' title='bbox 241 4224 407 4278; x_wconf 81' lang='grc' dir='ltr'>μεως,</span> <span class='ocrx_word' id='word_1_536' title='bbox 439 4205 506 4276; x_wconf 83' lang='grc' dir='ltr'>ῆν</span> <span class='ocrx_word' id='word_1_537' title='bbox 537 4200 683 4275; x_wconf 74' lang='grc' dir='ltr'>εἶχεν</span> <span class='ocrx_word' id='word_1_538' title='bbox 709 4206 736 4258; x_wconf 93' lang='lat'><strong>6</strong></span> <span class='ocrx_word' id='word_1_539' title='bbox 775 4201 994 4274; x_wconf 79' lang='grc' dir='ltr'>Ἰσραὴλ</span> <span class='ocrx_word' id='word_1_540' title='bbox 1047 4200 1191 4255; x_wconf 83' lang='grc' dir='ltr'>τότε.</span> <span class='ocrx_word' id='word_1_541' title='bbox 1232 4199 1410 4271; x_wconf 28' lang='grc' dir='ltr'>,Λέγει</span> <span class='ocrx_word' id='word_1_542' title='bbox 1442 4198 1499 4250; x_wconf 78' lang='grc' dir='ltr'>δὲ</span> <span class='ocrx_word' id='word_1_543' title='bbox 1555 4196 1687 4250; x_wconf 68' lang='grc' dir='ltr'>αὐτὸ</span> <span class='ocrx_word' id='word_1_544' title='bbox 1732 4197 1826 4250; x_wconf 72' lang='grc' dir='ltr'><strong>καὶ</strong></span> 
     </span>
    </p>
   </div>
   <div class='ocr_carea' id='block_1_74' title="bbox 237 4287 1825 4371">
    <p class='ocr_par' dir='ltr' id='par_1_74' title="bbox 237 4287 1825 4371">
     <span class='ocr_line' id='line_1_74' title="bbox 237 4287 1825 4371; baseline -0.007 -19"><span class='ocrx_word' id='word_1_545' title='bbox 237 4297 501 4371; x_wconf 72' lang='grc' dir='ltr'>περὶτῶν</span> <span class='ocrx_word' id='word_1_546' title='bbox 537 4299 596 4350; x_wconf 84' lang='grc' dir='ltr'>ὲν</span> <span class='ocrx_word' id='word_1_547' title='bbox 622 4296 768 4355; x_wconf 80' lang='grc' dir='ltr'>τέλει</span> <span class='ocrx_word' id='word_1_548' title='bbox 806 4294 1166 4366; x_wconf 78' lang='grc' dir='ltr'>προφητεύων</span> <span class='ocrx_word' id='word_1_549' title='bbox 1196 4293 1224 4345; x_wconf 97' lang='lat'><strong>6</strong></span> <span class='ocrx_word' id='word_1_550' title='bbox 1270 4288 1587 4360; x_wconf 71' lang='grc' dir='ltr'>Ἀὁὸακεύμ</span> <span class='ocrx_word' id='word_1_551' title='bbox 1609 4302 1624 4316; x_wconf 91' lang='grc'><strong>·</strong></span> <span class='ocrx_word' id='word_1_552' title='bbox 1657 4308 1675 4340; x_wconf 83' lang='grc' dir='ltr'><strong>ι</strong></span> <span class='ocrx_word' id='word_1_553' title='bbox 1700 4287 1825 4342; x_wconf 75' lang='grc' dir='ltr'><strong>Ἐπὶ</strong></span> 
     </span>
    </p>
   </div>
   <div class='ocr_carea' id='block_1_75' title="bbox 232 4380 1823 4459">
    <p class='ocr_par' dir='ltr' id='par_1_75' title="bbox 232 4380 1823 4459">
     <span class='ocr_line' id='line_1_75' title="bbox 232 4380 1823 4459; baseline -0.008 -14"><span class='ocrx_word' id='word_1_554' title='bbox 232 4393 364 4455; x_wconf 78' lang='grc' dir='ltr'>τοὺς</span> <span class='ocrx_word' id='word_1_555' title='bbox 403 4388 634 4459; x_wconf 75' lang='grc' dir='ltr'>ἐχθρούς</span> <span class='ocrx_word' id='word_1_556' title='bbox 666 4404 771 4459; x_wconf 90' lang='grc' dir='ltr'><strong>μου</strong></span> <span class='ocrx_word' id='word_1_557' title='bbox 803 4385 915 4458; x_wconf 75' lang='grc'><strong>(29)</strong></span> <span class='ocrx_word' id='word_1_558' title='bbox 946 4384 1175 4454; x_wconf 78' lang='grc' dir='ltr'>ὲπιὸιϐᾷ</span> <span class='ocrx_word' id='word_1_559' title='bbox 1225 4401 1314 4455; x_wconf 85' lang='grc' dir='ltr'>με.</span> <span class='ocrx_word' id='word_1_560' title='bbox 1341 4403 1356 4432; x_wconf 75' lang='grc' dir='ltr'><strong>ι</strong></span> <span class='ocrx_word' id='word_1_561' title='bbox 1393 4383 1511 4436; x_wconf 82' lang='grc' dir='ltr'>Νῦν</span> <span class='ocrx_word' id='word_1_562' title='bbox 1562 4382 1662 4452; x_wconf 80' lang='grc' dir='ltr'>μὲν</span> <span class='ocrx_word' id='word_1_563' title='bbox 1712 4380 1823 4452; x_wconf 78' lang='grc' dir='ltr'><strong>γὰρ</strong></span> 
     </span>
    </p>
   </div>
   <div class='ocr_carea' id='block_1_76' title="bbox 234 4468 1822 4551">
    <p class='ocr_par' dir='ltr' id='par_1_76' title="bbox 234 4468 1822 4551">
     <span class='ocr_line' id='line_1_76' title="bbox 234 4468 1822 4551; baseline -0.006 -14"><span class='ocrx_word' id='word_1_564' title='bbox 234 4484 297 4537; x_wconf 79' lang='grc' dir='ltr'>τδ</span> <span class='ocrx_word' id='word_1_565' title='bbox 318 4480 681 4551; x_wconf 67' lang='grc' dir='ltr'>ἀγωνιστικὸν</span> <span class='ocrx_word' id='word_1_566' title='bbox 707 4483 821 4543; x_wconf 86' lang='grc' dir='ltr'>τοῖς</span> <span class='ocrx_word' id='word_1_567' title='bbox 845 4478 1080 4542; x_wconf 85' lang='grc' dir='ltr'>δικαίοις</span> <span class='ocrx_word' id='word_1_568' title='bbox 1103 4472 1298 4548; x_wconf 78' lang='grc' dir='ltr'>ὁρίσας</span> <span class='ocrx_word' id='word_1_569' title='bbox 1320 4468 1477 4539; x_wconf 78' lang='grc' dir='ltr'>Θεὸς,</span> <span class='ocrx_word' id='word_1_570' title='bbox 1505 4473 1822 4536; x_wconf 73' lang='grc' dir='ltr'>ἐπιδιδάξει</span> 
     </span>
    </p>
   </div>
   <div class='ocr_carea' id='block_1_77' title="bbox 2006 3922 3525 3993">
    <p class='ocr_par' dir='ltr' id='par_1_77' title="bbox 2006 3922 3525 3993">
     <span class='ocr_line' id='line_1_77' title="bbox 2006 3922 3525 3993; baseline -0.001 -15"><span class='ocrx_word' id='word_1_571' title='bbox 2006 3923 2204 3978; x_wconf 82' lang='lat' dir='ltr'><strong>Beatus</strong></span> <span class='ocrx_word' id='word_1_572' title='bbox 2262 3933 2337 3989; x_wconf 87' lang='lat' dir='ltr'><strong>tu,</strong></span> <span class='ocrx_word' id='word_1_573' title='bbox 2369 3922 2566 3991; x_wconf 77' lang='lat' dir='ltr'><strong>Israel,</strong></span> <span class='ocrx_word' id='word_1_574' title='bbox 2627 3923 2743 3993; x_wconf 78' lang='lat' dir='ltr'><strong>quis</strong></span> <span class='ocrx_word' id='word_1_575' title='bbox 2782 3925 2859 3977; x_wconf 83' lang='lat' dir='ltr'><strong>tui</strong></span> <span class='ocrx_word' id='word_1_576' title='bbox 2909 3923 3149 3978; x_wconf 74' lang='lat' dir='ltr'><strong>similis?</strong></span> <span class='ocrx_word' id='word_1_577' title='bbox 3192 3932 3436 3978; x_wconf 76' lang='lat' dir='ltr'><strong>servatus</strong></span> <span class='ocrx_word' id='word_1_578' title='bbox 3492 3939 3525 3976; x_wconf 80' lang='grc' dir='ltr'><strong>α</strong></span> 
     </span>
    </p>
   </div>
   <div class='ocr_carea' id='block_1_78' title="bbox 1934 4014 3524 4087">
    <p class='ocr_par' dir='ltr' id='par_1_78' title="bbox 1934 4014 3524 4087">
     <span class='ocr_line' id='line_1_78' title="bbox 1934 4014 3524 4087; baseline -0.001 -19"><span class='ocrx_word' id='word_1_579' title='bbox 1934 4015 2066 4078; x_wconf 77' lang='lat' dir='ltr'><strong>Deo,</strong></span> <span class='ocrx_word' id='word_1_580' title='bbox 2098 4023 2204 4070; x_wconf 81' lang='lat' dir='ltr'><strong>etc.</strong></span> <span class='ocrx_word' id='word_1_581' title='bbox 2238 4014 2379 4087; x_wconf 65' lang='grc' dir='ltr'><strong>[Κλ]</strong></span> <span class='ocrx_word' id='word_1_582' title='bbox 2409 4014 2470 4068; x_wconf 85' lang='lat' dir='ltr'><strong>In</strong></span> <span class='ocrx_word' id='word_1_583' title='bbox 2502 4015 2699 4084; x_wconf 90' lang='lat' dir='ltr'><strong>primis</strong></span> <span class='ocrx_word' id='word_1_584' title='bbox 2727 4024 2951 4084; x_wconf 86' lang='lat' dir='ltr'><strong>propter</strong></span> <span class='ocrx_word' id='word_1_585' title='bbox 2998 4017 3305 4086; x_wconf 87' lang='lat' dir='ltr'><strong>potentiam</strong></span> <span class='ocrx_word' id='word_1_586' title='bbox 3334 4022 3388 4071; x_wconf 86' lang='lat' dir='ltr'><strong>et</strong></span> <span class='ocrx_word' id='word_1_587' title='bbox 3424 4016 3524 4068; x_wconf 79' lang='lat' dir='ltr'><strong>lto-</strong></span> 
     </span>
    </p>
   </div>
   <div class='ocr_carea' id='block_1_79' title="bbox 1936 4104 3521 4176">
    <p class='ocr_par' dir='ltr' id='par_1_79' title="bbox 1936 4104 3521 4176">
     <span class='ocr_line' id='line_1_79' title="bbox 1936 4104 3521 4176; baseline -0.001 -16"><span class='ocrx_word' id='word_1_588' title='bbox 1936 4120 2179 4160; x_wconf 89' lang='lat' dir='ltr'><strong>norema</strong></span> <span class='ocrx_word' id='word_1_589' title='bbox 2210 4104 2323 4160; x_wconf 85' lang='lat' dir='ltr'><strong>Deo</strong></span> <span class='ocrx_word' id='word_1_590' title='bbox 2378 4113 2663 4175; x_wconf 85' lang='lat' dir='ltr'><strong>acceptum</strong></span> <span class='ocrx_word' id='word_1_591' title='bbox 2725 4107 2918 4161; x_wconf 89' lang='lat' dir='ltr'><strong>beatus</strong></span> <span class='ocrx_word' id='word_1_592' title='bbox 2974 4107 3325 4176; x_wconf 79' lang='lat' dir='ltr'><strong>praedicatur.</strong></span> <span class='ocrx_word' id='word_1_593' title='bbox 3374 4105 3521 4160; x_wconf 81' lang='lat' dir='ltr'><strong>idem</strong></span> 
     </span>
    </p>
   </div>
   <div class='ocr_carea' id='block_1_80' title="bbox 1935 4195 3525 4267">
    <p class='ocr_par' dir='ltr' id='par_1_80' title="bbox 1935 4195 3525 4267">
     <span class='ocr_line' id='line_1_80' title="bbox 1935 4195 3525 4267; baseline 0 -18"><span class='ocrx_word' id='word_1_594' title='bbox 1935 4211 2065 4249; x_wconf 85' lang='lat' dir='ltr'><strong>vero</strong></span> <span class='ocrx_word' id='word_1_595' title='bbox 2100 4195 2235 4249; x_wconf 86' lang='lat' dir='ltr'><strong>dicit</strong></span> <span class='ocrx_word' id='word_1_596' title='bbox 2262 4196 2330 4252; x_wconf 84' lang='lat' dir='ltr'><strong>de</strong></span> <span class='ocrx_word' id='word_1_597' title='bbox 2361 4198 2595 4267; x_wconf 88' lang='lat' dir='ltr'><strong>posteris</strong></span> <span class='ocrx_word' id='word_1_598' title='bbox 2626 4197 2934 4252; x_wconf 82' lang='lat' dir='ltr'><strong>vaticinans</strong></span> <span class='ocrx_word' id='word_1_599' title='bbox 2970 4197 3228 4251; x_wconf 79' lang='lat' dir='ltr'><strong>liabacuc</strong></span> <span class='ocrx_word' id='word_1_600' title='bbox 3255 4216 3269 4251; x_wconf 89' lang='lat'>:</span> <span class='ocrx_word' id='word_1_601' title='bbox 3300 4215 3319 4247; x_wconf 76' lang='grc' dir='ltr'><strong>ι</strong></span> <span class='ocrx_word' id='word_1_602' title='bbox 3350 4196 3525 4267; x_wconf 76' lang='lat' dir='ltr'><strong>Super</strong></span> 
     </span>
    </p>
   </div>
   <div class='ocr_carea' id='block_1_81' title="bbox 1933 4279 3524 4342">
    <p class='ocr_par' dir='ltr' id='par_1_81' title="bbox 1933 4279 3524 4342">
     <span class='ocr_line' id='line_1_81' title="bbox 1933 4279 3524 4342; baseline 0.002 -3"><span class='ocrx_word' id='word_1_603' title='bbox 1933 4284 2071 4339; x_wconf 88' lang='lat' dir='ltr'><strong>colla</strong></span> <span class='ocrx_word' id='word_1_604' title='bbox 2108 4284 2459 4339; x_wconf 90' lang='lat' dir='ltr'><strong>inimicorum</strong></span> <span class='ocrx_word' id='word_1_605' title='bbox 2489 4300 2734 4340; x_wconf 86' lang='lat' dir='ltr'><strong>meorum</strong></span> <span class='ocrx_word' id='word_1_606' title='bbox 2763 4287 3045 4342; x_wconf 84' lang='lat' dir='ltr'><strong>constitue</strong></span> <span class='ocrx_word' id='word_1_607' title='bbox 3077 4304 3163 4342; x_wconf 88' lang='lat' dir='ltr'><strong>me</strong></span> <span class='ocrx_word' id='word_1_608' title='bbox 3184 4289 3251 4342; x_wconf 78' lang='lat'><strong>”.</strong></span> <span class='ocrx_word' id='word_1_609' title='bbox 3279 4306 3298 4338; x_wconf 76' lang='grc' dir='ltr'><strong>ι</strong></span> <span class='ocrx_word' id='word_1_610' title='bbox 3333 4285 3389 4339; x_wconf 85' lang='lat' dir='ltr'><strong>in</strong></span> <span class='ocrx_word' id='word_1_611' title='bbox 3421 4279 3524 4342; x_wconf 84' lang='lat' dir='ltr'><strong>bac</strong></span> 
     </span>
    </p>
   </div>
   <div class='ocr_carea' id='block_1_82' title="bbox 1932 4377 3522 4450">
    <p class='ocr_par' dir='ltr' id='par_1_82' title="bbox 1932 4377 3522 4450">
     <span class='ocr_line' id='line_1_82' title="bbox 1932 4377 3522 4450; baseline 0.001 -18"><span class='ocrx_word' id='word_1_612' title='bbox 1932 4377 2077 4433; x_wconf 89' lang='lat' dir='ltr'><strong>enim</strong></span> <span class='ocrx_word' id='word_1_613' title='bbox 2110 4379 2217 4432; x_wconf 84' lang='lat' dir='ltr'><strong>vita</strong></span> <span class='ocrx_word' id='word_1_614' title='bbox 2241 4380 2405 4448; x_wconf 88' lang='lat' dir='ltr'><strong>justis</strong></span> <span class='ocrx_word' id='word_1_615' title='bbox 2433 4388 2712 4434; x_wconf 90' lang='lat' dir='ltr'><strong>certamen</strong></span> <span class='ocrx_word' id='word_1_616' title='bbox 2748 4381 3039 4450; x_wconf 86' lang='lat' dir='ltr'><strong>proposuit</strong></span> <span class='ocrx_word' id='word_1_617' title='bbox 3066 4380 3231 4443; x_wconf 87' lang='lat' dir='ltr'><strong>Deus,</strong></span> <span class='ocrx_word' id='word_1_618' title='bbox 3266 4379 3522 4434; x_wconf 74' lang='lat' dir='ltr'><strong>homines</strong></span> 
     </span>
    </p>
   </div>
   <div class='ocr_carea' id='block_1_83' title="bbox 1931 4470 3519 4544">
    <p class='ocr_par' dir='ltr' id='par_1_83' title="bbox 1931 4470 3519 4544">
     <span class='ocr_line' id='line_1_83' title="bbox 1931 4470 3519 4544; baseline -0.001 -20"><span class='ocrx_word' id='word_1_619' title='bbox 1931 4470 2205 4540; x_wconf 83' lang='lat' dir='ltr'><strong>capitibus</strong></span> <span class='ocrx_word' id='word_1_620' title='bbox 2234 4482 2427 4525; x_wconf 87' lang='lat' dir='ltr'><strong>eorum</strong></span> <span class='ocrx_word' id='word_1_621' title='bbox 2454 4471 2709 4542; x_wconf 89' lang='lat' dir='ltr'><strong>imponit,</strong></span> <span class='ocrx_word' id='word_1_622' title='bbox 2734 4479 2794 4527; x_wconf 91' lang='lat' dir='ltr'><strong>ut</strong></span> <span class='ocrx_word' id='word_1_623' title='bbox 2821 4473 2866 4528; x_wconf 90' lang='lat' dir='ltr'><strong>si</strong></span> <span class='ocrx_word' id='word_1_624' title='bbox 2896 4472 3138 4544; x_wconf 69' lang='lat' dir='ltr'><strong>legitime</strong></span> <span class='ocrx_word' id='word_1_625' title='bbox 3161 4471 3519 4535; x_wconf 68' lang='lat' dir='ltr'><strong>certaverint,</strong></span> 
     </span>
    </p>
   </div>
   <div class='ocr_carea' id='block_1_84' title="bbox 235 4556 1828 4644">
    <p class='ocr_par' dir='ltr' id='par_1_84' title="bbox 235 4564 1828 4644">
     <span class='ocr_line' id='line_1_84' title="bbox 235 4564 1828 4644; baseline -0.008 -16"><span class='ocrx_word' id='word_1_626' title='bbox 235 4572 563 4644; x_wconf 79' lang='grc' dir='ltr'>ἀνθρώπους</span> <span class='ocrx_word' id='word_1_627' title='bbox 601 4572 695 4625; x_wconf 71' lang='grc' dir='ltr'><strong>ἐπὶ</strong></span> <span class='ocrx_word' id='word_1_628' title='bbox 735 4570 835 4634; x_wconf 76' lang='grc' dir='ltr'><strong>τὰς</strong></span> <span class='ocrx_word' id='word_1_629' title='bbox 884 4568 1132 4638; x_wconf 82' lang='grc' dir='ltr'>κεφαλὰς</span> <span class='ocrx_word' id='word_1_630' title='bbox 1181 4566 1405 4622; x_wconf 73' lang='grc' dir='ltr'>αὐτῶν*</span> <span class='ocrx_word' id='word_1_631' title='bbox 1453 4566 1543 4620; x_wconf 81' lang='grc' dir='ltr'>ἵνα</span> <span class='ocrx_word' id='word_1_632' title='bbox 1584 4565 1700 4638; x_wconf 76' lang='lat'><strong>(30)</strong></span> <span class='ocrx_word' id='word_1_633' title='bbox 1762 4564 1828 4617; x_wconf 73' lang='grc' dir='ltr'>τὰ</span> 
     </span>
    </p>
   </div>
   <div class='ocr_carea' id='block_1_85' title="bbox 1941 4556 2532 4644">
    <p class='ocr_par' dir='ltr' id='par_1_85' title="bbox 1941 4564 2532 4633">
     <span class='ocr_line' id='line_1_85' title="bbox 1941 4564 2532 4633; baseline 0.002 -16"><span class='ocrx_word' id='word_1_634' title='bbox 1941 4578 2197 4617; x_wconf 88' lang='lat' dir='ltr'><strong>coronam</strong></span> <span class='ocrx_word' id='word_1_635' title='bbox 2234 4564 2532 4633; x_wconf 86' lang='lat' dir='ltr'><strong>accipiant.</strong></span> 
     </span>
    </p>
   </div>
   <div class='ocr_carea' id='block_1_86' title="bbox 237 4658 3523 4737">
    <p class='ocr_par' dir='ltr' id='par_1_86' title="bbox 237 4658 3523 4737">
     <span class='ocr_line' id='line_1_86' title="bbox 237 4658 3523 4737; baseline -0.002 -17"><span class='ocrx_word' id='word_1_636' title='bbox 237 4669 585 4737; x_wconf 74' lang='grc' dir='ltr'>προσήκοντα</span> <span class='ocrx_word' id='word_1_637' title='bbox 605 4664 835 4728; x_wconf 84' lang='grc' dir='ltr'>δικαίοις</span> <span class='ocrx_word' id='word_1_638' title='bbox 870 4665 1192 4735; x_wconf 84' lang='grc' dir='ltr'>πάσχοντες,</span> <span class='ocrx_word' id='word_1_639' title='bbox 1255 4663 1356 4732; x_wconf 83' lang='grc' dir='ltr'>τῆς</span> <span class='ocrx_word' id='word_1_640' title='bbox 1384 4661 1442 4715; x_wconf 78' lang='grc' dir='ltr'>δὲ</span> <span class='ocrx_word' id='word_1_641' title='bbox 1467 4658 1820 4730; x_wconf 77' lang='grc' dir='ltr'>δικαιοσύνης</span> <span class='ocrx_word' id='word_1_642' title='bbox 1860 4658 1937 4730; x_wconf 85' lang='grc' dir='ltr'>μὴ</span> <span class='ocrx_word' id='word_1_643' title='bbox 1970 4659 2269 4724; x_wconf 81' lang='grc' dir='ltr'>ἐκστάντες</span> <span class='ocrx_word' id='word_1_644' title='bbox 2302 4660 2394 4713; x_wconf 74' lang='grc' dir='ltr'>διὰ</span> <span class='ocrx_word' id='word_1_645' title='bbox 2422 4661 2491 4715; x_wconf 75' lang='grc' dir='ltr'><strong>τὰ</strong></span> <span class='ocrx_word' id='word_1_646' title='bbox 2518 4660 2690 4732; x_wconf 82' lang='grc' dir='ltr'>πάθη,</span> <span class='ocrx_word' id='word_1_647' title='bbox 2725 4660 2945 4715; x_wconf 79' lang='grc' dir='ltr'>δικαίαν</span> <span class='ocrx_word' id='word_1_648' title='bbox 2986 4661 3085 4733; x_wconf 80' lang='grc' dir='ltr'>τὴν</span> <span class='ocrx_word' id='word_1_649' title='bbox 3150 4661 3246 4714; x_wconf 78' lang='grc' dir='ltr'><strong>ὲπὶ</strong></span> <span class='ocrx_word' id='word_1_650' title='bbox 3313 4660 3523 4714; x_wconf 85' lang='grc' dir='ltr'>δικαιο-</span> 
     </span>
    </p>
   </div>
   <div class='ocr_carea' id='block_1_87' title="bbox 238 4758 968 4833">
    <p class='ocr_par' dir='ltr' id='par_1_87' title="bbox 238 4758 968 4833">
     <span class='ocr_line' id='line_1_87' title="bbox 238 4758 968 4833; baseline 0 -20"><span class='ocrx_word' id='word_1_651' title='bbox 238 4759 376 4833; x_wconf 71' lang='grc' dir='ltr'>σύνῃ</span> <span class='ocrx_word' id='word_1_652' title='bbox 415 4759 753 4830; x_wconf 77' lang='grc' dir='ltr'>κομίσωνται</span> <span class='ocrx_word' id='word_1_653' title='bbox 772 4758 968 4828; x_wconf 87' lang='grc' dir='ltr'>τιμήν.</span> 
     </span>
    </p>
   </div>
   <div class='ocr_carea' id='block_1_88' title="bbox 307 4846 1825 4919">
    <p class='ocr_par' dir='ltr' id='par_1_88' title="bbox 307 4846 1825 4919">
     <span class='ocr_line' id='line_1_88' title="bbox 307 4846 1825 4919; baseline -0.005 -15"><span class='ocrx_word' id='word_1_654' title='bbox 307 4850 537 4919; x_wconf 84' lang='grc' dir='ltr'>Ὅμοιον</span> <span class='ocrx_word' id='word_1_655' title='bbox 559 4849 617 4901; x_wconf 74' lang='grc' dir='ltr'>δὲ</span> <span class='ocrx_word' id='word_1_656' title='bbox 641 4848 722 4901; x_wconf 83' lang='grc' dir='ltr'><strong>τό·</strong></span> <span class='ocrx_word' id='word_1_657' title='bbox 755 4866 773 4899; x_wconf 82' lang='grc' dir='ltr'><strong>ι</strong></span> <span class='ocrx_word' id='word_1_658' title='bbox 799 4849 916 4902; x_wconf 86' lang='grc' dir='ltr'>Οὑκ</span> <span class='ocrx_word' id='word_1_659' title='bbox 938 4847 1086 4901; x_wconf 73' lang='grc' dir='ltr'>ἐστιν</span> <span class='ocrx_word' id='word_1_660' title='bbox 1117 4846 1309 4917; x_wconf 84' lang='grc' dir='ltr'>ὥσπερ</span> <span class='ocrx_word' id='word_1_661' title='bbox 1340 4849 1370 4900; x_wconf 90' lang='lat'><strong>6</strong></span> <span class='ocrx_word' id='word_1_662' title='bbox 1393 4846 1527 4910; x_wconf 79' lang='grc' dir='ltr'>Θεὸς</span> <span class='ocrx_word' id='word_1_663' title='bbox 1554 4846 1651 4899; x_wconf 87' lang='grc' dir='ltr'><strong>τοῦ</strong></span> <span class='ocrx_word' id='word_1_664' title='bbox 1681 4846 1825 4915; x_wconf 77' lang='grc' dir='ltr'>ἠγα-</span> 
     </span>
    </p>
   </div>
   <div class='ocr_carea' id='block_1_89' title="bbox 236 4934 1827 5013">
    <p class='ocr_par' dir='ltr' id='par_1_89' title="bbox 236 4934 1827 5013">
     <span class='ocr_line' id='line_1_89' title="bbox 236 4934 1827 5013; baseline -0.004 -18"><span class='ocrx_word' id='word_1_665' title='bbox 236 4939 554 5013; x_wconf 71' lang='grc' dir='ltr'>πημένου,δ</span> <span class='ocrx_word' id='word_1_666' title='bbox 590 4940 670 5011; x_wconf 85' lang='grc' dir='ltr'>τῷ</span> <span class='ocrx_word' id='word_1_667' title='bbox 702 4942 760 4993; x_wconf 83' lang='grc' dir='ltr'>ὲν</span> <span class='ocrx_word' id='word_1_668' title='bbox 787 4939 868 5012; x_wconf 82' lang='grc' dir='ltr'><strong>τῷ</strong></span> <span class='ocrx_word' id='word_1_669' title='bbox 896 4939 1172 5012; x_wconf 80' lang='grc' dir='ltr'>προοιμίῳ</span> <span class='ocrx_word' id='word_1_670' title='bbox 1204 4955 1221 4971; x_wconf 75' lang='grc' dir='ltr'><strong><em>ο</em></strong></span> <span class='ocrx_word' id='word_1_671' title='bbox 1262 4958 1281 4989; x_wconf 78' lang='grc' dir='ltr'><strong>ι</strong></span> <span class='ocrx_word' id='word_1_672' title='bbox 1309 4937 1420 4991; x_wconf 78' lang='grc' dir='ltr'><strong>Καὶ</strong></span> <span class='ocrx_word' id='word_1_673' title='bbox 1458 4938 1616 4990; x_wconf 80' lang='grc' dir='ltr'>ἕσται</span> <span class='ocrx_word' id='word_1_674' title='bbox 1655 4938 1715 4990; x_wconf 78' lang='grc' dir='ltr'>ἐν</span> <span class='ocrx_word' id='word_1_675' title='bbox 1746 4934 1827 5006; x_wconf 80' lang='grc' dir='ltr'>τῷ</span> 
     </span>
    </p>
   </div>
   <div class='ocr_carea' id='block_1_90' title="bbox 235 5027 1830 5104">
    <p class='ocr_par' dir='ltr' id='par_1_90' title="bbox 235 5027 1830 5104">
     <span class='ocr_line' id='line_1_90' title="bbox 235 5027 1830 5104; baseline -0.003 -19"><span class='ocrx_word' id='word_1_676' title='bbox 235 5032 581 5104; x_wconf 74' lang='grc' dir='ltr'>ἠγαπημένῳ</span> <span class='ocrx_word' id='word_1_677' title='bbox 608 5031 886 5103; x_wconf 81' lang='grc' dir='ltr'>βασιλεύς.</span> <span class='ocrx_word' id='word_1_678' title='bbox 915 5051 935 5085; x_wconf 87' lang='grc'><strong>›</strong></span> <span class='ocrx_word' id='word_1_679' title='bbox 967 5033 1079 5086; x_wconf 74' lang='grc' dir='ltr'><strong>Καὶ</strong></span> <span class='ocrx_word' id='word_1_680' title='bbox 1117 5030 1193 5095; x_wconf 84' lang='grc' dir='ltr'>ὡς</span> <span class='ocrx_word' id='word_1_681' title='bbox 1231 5029 1466 5084; x_wconf 80' lang='grc' dir='ltr'>ἐνταῦθα</span> <span class='ocrx_word' id='word_1_682' title='bbox 1489 5042 1503 5058; x_wconf 88' lang='grc'><strong>·</strong></span> <span class='ocrx_word' id='word_1_683' title='bbox 1539 5048 1561 5079; x_wconf 73' lang='grc' dir='ltr'><strong>ι</strong></span> <span class='ocrx_word' id='word_1_684' title='bbox 1584 5027 1830 5082; x_wconf 84' lang='grc' dir='ltr'>’Υποκά-</span> 
     </span>
    </p>
   </div>
   <div class='ocr_carea' id='block_1_91' title="bbox 2008 4834 3528 4894">
    <p class='ocr_par' dir='ltr' id='par_1_91' title="bbox 2008 4834 3528 4894">
     <span class='ocr_line' id='line_1_91' title="bbox 2008 4834 3528 4894; baseline -0.004 0"><span class='ocrx_word' id='word_1_685' title='bbox 2008 4837 2205 4894; x_wconf 87' lang='lat' dir='ltr'><strong>Simile</strong></span> <span class='ocrx_word' id='word_1_686' title='bbox 2253 4852 2387 4892; x_wconf 78' lang='lat' dir='ltr'><strong>vero</strong></span> <span class='ocrx_word' id='word_1_687' title='bbox 2441 4837 2546 4892; x_wconf 89' lang='lat' dir='ltr'><strong>hoc</strong></span> <span class='ocrx_word' id='word_1_688' title='bbox 2592 4845 2677 4892; x_wconf 89' lang='lat' dir='ltr'><strong>cst</strong></span> <span class='ocrx_word' id='word_1_689' title='bbox 2713 4856 2727 4890; x_wconf 94' lang='lat'>:</span> <span class='ocrx_word' id='word_1_690' title='bbox 2764 4835 2922 4891; x_wconf 70' lang='lat' dir='ltr'><strong>«Non</strong></span> <span class='ocrx_word' id='word_1_691' title='bbox 2953 4845 3037 4891; x_wconf 83' lang='lat' dir='ltr'><strong>est</strong></span> <span class='ocrx_word' id='word_1_692' title='bbox 3071 4837 3273 4892; x_wconf 79' lang='lat' dir='ltr'><strong>similis</strong></span> <span class='ocrx_word' id='word_1_693' title='bbox 3310 4835 3423 4890; x_wconf 89' lang='lat' dir='ltr'><strong>Deo</strong></span> <span class='ocrx_word' id='word_1_694' title='bbox 3446 4834 3528 4888; x_wconf 79' lang='lat' dir='ltr'><strong>(ii~</strong></span> 
     </span>
    </p>
   </div>
   <div class='ocr_carea' id='block_1_92' title="bbox 1934 4926 3530 5003">
    <p class='ocr_par' dir='ltr' id='par_1_92' title="bbox 1934 4926 3530 5003">
     <span class='ocr_line' id='line_1_92' title="bbox 1934 4926 3530 5003; baseline -0.006 -17"><span class='ocrx_word' id='word_1_695' title='bbox 1934 4929 2136 4992; x_wconf 78' lang='lat' dir='ltr'><strong>lecti;i</strong></span> <span class='ocrx_word' id='word_1_696' title='bbox 2190 4928 2333 4982; x_wconf 80' lang='lat' dir='ltr'><strong>Hine</strong></span> <span class='ocrx_word' id='word_1_697' title='bbox 2392 4927 2447 4980; x_wconf 94' lang='lat' dir='ltr'><strong>in</strong></span> <span class='ocrx_word' id='word_1_698' title='bbox 2512 4926 2805 5003; x_wconf 77' lang='lat' dir='ltr'><strong>proverbio</strong></span> <span class='ocrx_word' id='word_1_699' title='bbox 2840 4945 2854 4980; x_wconf 90' lang='lat'>:</span> <span class='ocrx_word' id='word_1_700' title='bbox 2891 4945 2909 4977; x_wconf 79' lang='grc' dir='ltr'><strong>ι</strong></span> <span class='ocrx_word' id='word_1_701' title='bbox 2946 4926 3009 4980; x_wconf 84' lang='grc' dir='ltr'><strong>Ει</strong></span> <span class='ocrx_word' id='word_1_702' title='bbox 3062 4928 3168 4980; x_wconf 90' lang='lat' dir='ltr'><strong>erit</strong></span> <span class='ocrx_word' id='word_1_703' title='bbox 3212 4926 3265 4980; x_wconf 85' lang='lat' dir='ltr'><strong>in</strong></span> <span class='ocrx_word' id='word_1_704' title='bbox 3325 4928 3530 4981; x_wconf 83' lang='lat' dir='ltr'><strong>dilecto</strong></span> 
     </span>
    </p>
   </div>
   <div class='ocr_carea' id='block_1_93' title="bbox 1933 5018 3529 5090">
    <p class='ocr_par' dir='ltr' id='par_1_93' title="bbox 1933 5018 3529 5090">
     <span class='ocr_line' id='line_1_93' title="bbox 1933 5018 3529 5090; baseline -0.004 -12"><span class='ocrx_word' id='word_1_705' title='bbox 1933 5040 2027 5080; x_wconf 74' lang='lat' dir='ltr'><strong>rex</strong></span> <span class='ocrx_word' id='word_1_706' title='bbox 2052 5023 2117 5079; x_wconf 78' lang='grc'><strong>⁸⁸.</strong></span> <span class='ocrx_word' id='word_1_707' title='bbox 2146 5039 2166 5074; x_wconf 74' lang='grc' dir='ltr'><strong>ι</strong></span> <span class='ocrx_word' id='word_1_708' title='bbox 2243 5021 2309 5075; x_wconf 82' lang='lat' dir='ltr'><strong>Et</strong></span> <span class='ocrx_word' id='word_1_709' title='bbox 2351 5020 2820 5090; x_wconf 86' lang='lat' dir='ltr'><strong>quemadmodum</strong></span> <span class='ocrx_word' id='word_1_710' title='bbox 2878 5019 2969 5073; x_wconf 88' lang='lat' dir='ltr'><strong>hic</strong></span> <span class='ocrx_word' id='word_1_711' title='bbox 3019 5029 3106 5074; x_wconf 88' lang='lat' dir='ltr'><strong>est</strong></span> <span class='ocrx_word' id='word_1_712' title='bbox 3140 5038 3154 5073; x_wconf 86' lang='lat'><strong>:</strong></span> <span class='ocrx_word' id='word_1_713' title='bbox 3193 5038 3210 5072; x_wconf 81' lang='grc' dir='ltr'><strong>ι</strong></span> <span class='ocrx_word' id='word_1_714' title='bbox 3240 5018 3356 5074; x_wconf 89' lang='lat' dir='ltr'><strong>Sub</strong></span> <span class='ocrx_word' id='word_1_715' title='bbox 3408 5019 3529 5087; x_wconf 79' lang='lat' dir='ltr'><strong>ipso</strong></span> 
     </span>
    </p>
   </div>
   <div class='ocr_carea' id='block_1_94' title="bbox 236 5112 1828 5195">
    <p class='ocr_par' dir='ltr' id='par_1_94' title="bbox 236 5117 1828 5195">
     <span class='ocr_line' id='line_1_94' title="bbox 236 5117 1828 5195; baseline -0.003 -20"><span class='ocrx_word' id='word_1_716' title='bbox 236 5121 415 5176; x_wconf 76' lang='grc' dir='ltr'>τωοεν</span> <span class='ocrx_word' id='word_1_717' title='bbox 465 5121 632 5176; x_wconf 82' lang='grc' dir='ltr'>αὑτοῦ</span> <span class='ocrx_word' id='word_1_718' title='bbox 690 5121 978 5195; x_wconf 81' lang='grc' dir='ltr'>βραχίονες</span> <span class='ocrx_word' id='word_1_719' title='bbox 1003 5121 1235 5175; x_wconf 82' lang='grc' dir='ltr'>αίώνιοι.</span> <span class='ocrx_word' id='word_1_720' title='bbox 1262 5137 1282 5171; x_wconf 71' lang='grc' dir='ltr'><strong>ι</strong></span> <span class='ocrx_word' id='word_1_721' title='bbox 1334 5118 1522 5183; x_wconf 86' lang='grc' dir='ltr'>Οῦτως</span> <span class='ocrx_word' id='word_1_722' title='bbox 1555 5119 1674 5171; x_wconf 74' lang='grc' dir='ltr'>ἐκεῖ</span> <span class='ocrx_word' id='word_1_723' title='bbox 1735 5117 1828 5171; x_wconf 75' lang='grc' dir='ltr'><strong>καὶ</strong></span> 
     </span>
    </p>
   </div>
   <div class='ocr_carea' id='block_1_95' title="bbox 1941 5112 3516 5195">
    <p class='ocr_par' dir='ltr' id='par_1_95' title="bbox 1941 5112 3516 5181">
     <span class='ocr_line' id='line_1_95' title="bbox 1941 5112 3516 5181; baseline -0.006 -8"><span class='ocrx_word' id='word_1_724' title='bbox 1941 5115 2147 5173; x_wconf 72' lang='lat' dir='ltr'><strong>iracbia</strong></span> <span class='ocrx_word' id='word_1_725' title='bbox 2180 5121 2313 5169; x_wconf 90' lang='lat' dir='ltr'><strong>sunt</strong></span> <span class='ocrx_word' id='word_1_726' title='bbox 2334 5122 2541 5168; x_wconf 86' lang='lat' dir='ltr'><strong>aeterna</strong></span> <span class='ocrx_word' id='word_1_727' title='bbox 2571 5128 2586 5178; x_wconf 91' lang='lat'><strong>;</strong></span> <span class='ocrx_word' id='word_1_728' title='bbox 2612 5131 2629 5163; x_wconf 74' lang='grc' dir='ltr'><strong>ι</strong></span> <span class='ocrx_word' id='word_1_729' title='bbox 2669 5112 2741 5165; x_wconf 88' lang='lat' dir='ltr'><strong>ita</strong></span> <span class='ocrx_word' id='word_1_730' title='bbox 2775 5112 2912 5177; x_wconf 88' lang='lat' dir='ltr'><strong>illic,</strong></span> <span class='ocrx_word' id='word_1_731' title='bbox 2942 5122 2995 5169; x_wconf 91' lang='lat' dir='ltr'><strong>et</strong></span> <span class='ocrx_word' id='word_1_732' title='bbox 3018 5112 3227 5167; x_wconf 87' lang='lat' dir='ltr'><strong>clarius</strong></span> <span class='ocrx_word' id='word_1_733' title='bbox 3264 5114 3516 5181; x_wconf 85' lang='lat' dir='ltr'><strong>quidem,</strong></span> 
     </span>
    </p>
   </div>
   <div class='ocr_carea' id='block_1_96' title="bbox 240 5202 1828 5284">
    <p class='ocr_par' dir='ltr' id='par_1_96' title="bbox 240 5209 1825 5284">
     <span class='ocr_line' id='line_1_96' title="bbox 240 5209 1825 5284; baseline -0.001 -18"><span class='ocrx_word' id='word_1_734' title='bbox 240 5213 599 5284; x_wconf 78' lang='grc' dir='ltr'>σαφέστερον,</span> <span class='ocrx_word' id='word_1_735' title='bbox 629 5213 833 5278; x_wconf 87' lang='grc' dir='ltr'>πάντες</span> <span class='ocrx_word' id='word_1_736' title='bbox 857 5210 1187 5284; x_wconf 81' lang='grc' dir='ltr'>ἡγιασμένοι</span> <span class='ocrx_word' id='word_1_737' title='bbox 1230 5209 1340 5264; x_wconf 81' lang='grc' dir='ltr'>ὑπὸ</span> <span class='ocrx_word' id='word_1_738' title='bbox 1361 5210 1463 5274; x_wconf 83' lang='grc' dir='ltr'>τὰς</span> <span class='ocrx_word' id='word_1_739' title='bbox 1493 5210 1684 5282; x_wconf 82' lang='grc' dir='ltr'>χεῖράς</span> <span class='ocrx_word' id='word_1_740' title='bbox 1704 5226 1825 5273; x_wconf 82' lang='grc' dir='ltr'>σου,</span> 
     </span>
    </p>
   </div>
   <div class='ocr_carea' id='block_1_97' title="bbox 1941 5202 3524 5284">
    <p class='ocr_par' dir='ltr' id='par_1_97' title="bbox 1941 5202 3524 5274">
     <span class='ocr_line' id='line_1_97' title="bbox 1941 5202 3524 5274; baseline -0.001 -14"><span class='ocrx_word' id='word_1_741' title='bbox 1941 5220 2113 5262; x_wconf 75' lang='lat' dir='ltr'><strong>imnes</strong></span> <span class='ocrx_word' id='word_1_742' title='bbox 2140 5202 2321 5261; x_wconf 88' lang='lat' dir='ltr'><strong>sancti</strong></span> <span class='ocrx_word' id='word_1_743' title='bbox 2346 5202 2453 5260; x_wconf 88' lang='lat' dir='ltr'><strong>sub</strong></span> <span class='ocrx_word' id='word_1_744' title='bbox 2486 5202 2741 5258; x_wconf 88' lang='lat' dir='ltr'><strong>manibus</strong></span> <span class='ocrx_word' id='word_1_745' title='bbox 2794 5203 2917 5274; x_wconf 75' lang='lat' dir='ltr'><strong>eius</strong></span> <span class='ocrx_word' id='word_1_746' title='bbox 2962 5213 3115 5269; x_wconf 87' lang='lat' dir='ltr'><strong>sunt,</strong></span> <span class='ocrx_word' id='word_1_747' title='bbox 3140 5211 3199 5258; x_wconf 90' lang='lat' dir='ltr'><strong>et</strong></span> <span class='ocrx_word' id='word_1_748' title='bbox 3232 5205 3285 5258; x_wconf 76' lang='lat' dir='ltr'><strong>lii</strong></span> <span class='ocrx_word' id='word_1_749' title='bbox 3325 5204 3433 5259; x_wconf 84' lang='lat' dir='ltr'><strong>sub</strong></span> <span class='ocrx_word' id='word_1_750' title='bbox 3469 5212 3524 5259; x_wconf 88' lang='lat' dir='ltr'><strong>te</strong></span> 
     </span>
    </p>
   </div>
   <div class='ocr_carea' id='block_1_98' title="bbox 306 5358 1828 5437">
    <p class='ocr_par' dir='ltr' id='par_1_98' title="bbox 306 5359 1821 5437">
     <span class='ocr_line' id='line_1_98' title="bbox 306 5359 1821 5437; baseline -0.003 -12"><span class='ocrx_word' id='word_1_751' title='bbox 306 5370 327 5401; x_wconf 86' lang='lat'><strong><em>&quot;</em></strong></span> <span class='ocrx_word' id='word_1_752' title='bbox 361 5369 555 5425; x_wconf 76' lang='lat' dir='ltr'><strong>Matth.</strong></span> <span class='ocrx_word' id='word_1_753' title='bbox 587 5375 724 5437; x_wconf 10' lang='lat' dir='ltr'><strong>v.67.</strong></span> <span class='ocrx_word' id='word_1_754' title='bbox 803 5369 1024 5425; x_wconf 80' lang='lat' dir='ltr'><strong>&#39;lCor.</strong></span> <span class='ocrx_word' id='word_1_755' title='bbox 1063 5365 1177 5432; x_wconf 69' lang='lat' dir='ltr'><strong>v.5.</strong></span> <span class='ocrx_word' id='word_1_756' title='bbox 1244 5359 1448 5423; x_wconf 70' lang='lat' dir='ltr'><strong>9Joan.</strong></span> <span class='ocrx_word' id='word_1_757' title='bbox 1483 5382 1598 5434; x_wconf 80' lang='lat' dir='ltr'><strong>xrv,</strong></span> <span class='ocrx_word' id='word_1_758' title='bbox 1658 5367 1716 5421; x_wconf 76' lang='grc'><strong>2.</strong></span> <span class='ocrx_word' id='word_1_759' title='bbox 1776 5365 1821 5398; x_wconf 84' lang='grc'><strong>¹⁶</strong></span> 
     </span>
    </p>
   </div>
   <div class='ocr_carea' id='block_1_99' title="bbox 1941 5358 3524 5437">
    <p class='ocr_par' dir='ltr' id='par_1_99' title="bbox 1941 5358 3524 5430">
     <span class='ocr_line' id='line_1_99' title="bbox 1941 5358 3524 5430; baseline -0.005 -9"><span class='ocrx_word' id='word_1_760' title='bbox 1941 5365 2054 5422; x_wconf 91' lang='lat' dir='ltr'><strong>hes.</strong></span> <span class='ocrx_word' id='word_1_761' title='bbox 2094 5382 2134 5430; x_wconf 83' lang='grc' dir='ltr'><strong>ι,</strong></span> <span class='ocrx_word' id='word_1_762' title='bbox 2164 5362 2257 5419; x_wconf 73' lang='grc'><strong>22.</strong></span> <span class='ocrx_word' id='word_1_763' title='bbox 2338 5360 2378 5394; x_wconf 83' lang='grc'>¹¹</span> <span class='ocrx_word' id='word_1_764' title='bbox 2413 5360 2559 5418; x_wconf 88' lang='lat' dir='ltr'><strong>Psal.</strong></span> <span class='ocrx_word' id='word_1_765' title='bbox 2585 5376 2789 5427; x_wconf 77' lang='lat' dir='ltr'><strong>Lxxvu,</strong></span> <span class='ocrx_word' id='word_1_766' title='bbox 2816 5358 2905 5417; x_wconf 74' lang='grc'><strong>54.</strong></span> <span class='ocrx_word' id='word_1_767' title='bbox 2986 5363 3029 5394; x_wconf 82' lang='grc'>¹²</span> <span class='ocrx_word' id='word_1_768' title='bbox 3087 5359 3293 5417; x_wconf 71' lang='lat' dir='ltr'><strong>Babae.</strong></span> <span class='ocrx_word' id='word_1_769' title='bbox 3323 5360 3524 5425; x_wconf 68' lang='lat'><strong>&quot;1,13.</strong></span> 
     </span>
    </p>
   </div>
   <div class='ocr_carea' id='block_1_100' title="bbox 1771 5504 2010 5563">
    <p class='ocr_par' dir='ltr' id='par_1_100' title="bbox 1771 5504 2010 5563">
     <span class='ocr_line' id='line_1_100' title="bbox 1771 5504 2010 5563; baseline 0 -2"><span class='ocrx_word' id='word_1_770' title='bbox 1771 5504 2010 5563; x_wconf 68' lang='grc' dir='ltr'><strong>ΝΟΤᾸΕ.</strong></span> 
     </span>
    </p>
   </div>
   <div class='ocr_carea' id='block_1_101' title="bbox 241 5436 915 5505">
    <p class='ocr_par' dir='ltr' id='par_1_101' title="bbox 241 5436 915 5505">
     <span class='ocr_line' id='line_1_101' title="bbox 241 5436 915 5505; baseline -0.003 -11"><span class='ocrx_word' id='word_1_771' title='bbox 241 5440 287 5473; x_wconf 86' lang='grc'><strong>¹²</strong></span> <span class='ocrx_word' id='word_1_772' title='bbox 323 5438 482 5497; x_wconf 83' lang='lat' dir='ltr'><strong>Prov.</strong></span> <span class='ocrx_word' id='word_1_773' title='bbox 502 5456 641 5505; x_wconf 66' lang='grc' dir='ltr'>χχιι,</span> <span class='ocrx_word' id='word_1_774' title='bbox 683 5436 769 5493; x_wconf 77' lang='grc'><strong>11.</strong></span> <span class='ocrx_word' id='word_1_775' title='bbox 878 5446 915 5462; x_wconf 83' lang='lat'><strong><em>&quot;</em></strong></span> 
     </span>
    </p>
   </div>
   <div class='ocr_carea' id='block_1_102' title="bbox 317 5594 1826 5685">
    <p class='ocr_par' dir='ltr' id='par_1_102' title="bbox 317 5594 1826 5685">
     <span class='ocr_line' id='line_1_102' title="bbox 317 5594 1826 5685; baseline 0 -30"><span class='ocrx_word' id='word_1_776' title='bbox 317 5598 433 5669; x_wconf 71' lang='lat'><strong>(28)</strong></span> <span class='ocrx_word' id='word_1_777' title='bbox 459 5601 571 5685; x_wconf 57' lang='lat' dir='ltr'><strong>&quot;re</strong></span> <span class='ocrx_word' id='word_1_778' title='bbox 617 5594 772 5685; x_wconf 42' lang='grc' dir='ltr'>αὐτὰ..</span> <span class='ocrx_word' id='word_1_779' title='bbox 806 5602 1202 5685; x_wconf 45' lang='grc' dir='ltr'>άλλωςπωςῤ</span> <span class='ocrx_word' id='word_1_780' title='bbox 1249 5602 1589 5685; x_wconf 53' lang='grc' dir='ltr'>Προιεάτε.“ὲν</span> <span class='ocrx_word' id='word_1_781' title='bbox 1622 5602 1699 5685; x_wconf 57' lang='grc' dir='ltr'>τῷ</span> <span class='ocrx_word' id='word_1_782' title='bbox 1725 5602 1826 5672; x_wconf 78' lang='grc' dir='ltr'>τῆς</span> 
     </span>
    </p>
   </div>
   <div class='ocr_carea' id='block_1_103' title="bbox 1997 5587 3523 5683">
    <p class='ocr_par' dir='ltr' id='par_1_103' title="bbox 1997 5587 3523 5683">
     <span class='ocr_line' id='line_1_103' title="bbox 1997 5587 3523 5683; baseline -0.013 -26"><span class='ocrx_word' id='word_1_783' title='bbox 1997 5600 2112 5668; x_wconf 73' lang='lat'><strong>(‘29)</strong></span> <span class='ocrx_word' id='word_1_784' title='bbox 2143 5597 2426 5683; x_wconf 46' lang='lat'><strong>&quot;51:11:02);</strong></span> <span class='ocrx_word' id='word_1_785' title='bbox 2460 5594 2769 5667; x_wconf 82' lang='grc' dir='ltr'>τραχήλους</span> <span class='ocrx_word' id='word_1_786' title='bbox 2804 5591 2912 5647; x_wconf 84' lang='grc' dir='ltr'><strong>τῶν</strong></span> <span class='ocrx_word' id='word_1_787' title='bbox 2932 5591 3145 5663; x_wconf 78' lang='grc' dir='ltr'>ἐχθρῶν</span> <span class='ocrx_word' id='word_1_788' title='bbox 3172 5607 3296 5662; x_wconf 85' lang='grc' dir='ltr'>μου.</span> <span class='ocrx_word' id='word_1_789' title='bbox 3332 5587 3391 5640; x_wconf 83' lang='grc' dir='ltr'><strong>Ὀ</strong></span> <span class='ocrx_word' id='word_1_790' title='bbox 3418 5588 3523 5657; x_wconf 71' lang='grc' dir='ltr'>τῆς</span> 
     </span>
    </p>
   </div>
   <div class='ocr_carea' id='block_1_104' title="bbox 237 5668 2217 5746">
    <p class='ocr_par' dir='ltr' id='par_1_104' title="bbox 237 5668 2217 5746">
     <span class='ocr_line' id='line_1_104' title="bbox 237 5668 2217 5746; baseline -0.006 -13"><span class='ocrx_word' id='word_1_791' title='bbox 237 5668 377 5746; x_wconf 58' lang='lat' dir='ltr'><strong>A337-</strong></span> <span class='ocrx_word' id='word_1_792' title='bbox 404 5668 659 5746; x_wconf 55' lang='lat' dir='ltr'><strong>ittg&#39;t5._xq1</strong></span> <span class='ocrx_word' id='word_1_793' title='bbox 690 5676 802 5738; x_wconf 83' lang='grc' dir='ltr'>τοῖς</span> <span class='ocrx_word' id='word_1_794' title='bbox 833 5674 1089 5746; x_wconf 78' lang='grc' dir='ltr'>ἀνωτέρω</span> <span class='ocrx_word' id='word_1_795' title='bbox 1137 5673 1195 5728; x_wconf 81' lang='grc' dir='ltr'><strong>δὲ</strong></span> <span class='ocrx_word' id='word_1_796' title='bbox 1242 5668 1337 5728; x_wconf 82' lang='grc' dir='ltr'><strong>τοῦ</strong></span> <span class='ocrx_word' id='word_1_797' title='bbox 1391 5672 1613 5744; x_wconf 76' lang='grc' dir='ltr'>’Δδὴλου</span> <span class='ocrx_word' id='word_1_798' title='bbox 1664 5668 1824 5743; x_wconf 73' lang='grc' dir='ltr'>ὅμοια</span> <span class='ocrx_word' id='word_1_799' title='bbox 1926 5668 2217 5746; x_wconf 42' lang='grc' dir='ltr'><strong>Αὑγραῖίξ.</strong></span> 
     </span>
    </p>
   </div>
   <div class='ocr_carea' id='block_1_105' title="bbox 239 5742 670 5813">
    <p class='ocr_par' dir='ltr' id='par_1_105' title="bbox 239 5742 670 5813">
     <span class='ocr_line' id='line_1_105' title="bbox 239 5742 670 5813; baseline -0.002 -18"><span class='ocrx_word' id='word_1_800' title='bbox 239 5742 309 5801; x_wconf 73' lang='grc' dir='ltr'><strong>τά</strong></span> <span class='ocrx_word' id='word_1_801' title='bbox 341 5743 468 5812; x_wconf 81' lang='grc' dir='ltr'>παρ’</span> <span class='ocrx_word' id='word_1_802' title='bbox 501 5742 670 5813; x_wconf 72' lang='grc' dir='ltr'>αὐτῷ.</span> 
     </span>
    </p>
   </div>
   <div class='ocr_carea' id='block_1_106' title="bbox 2000 5728 3514 5809">
    <p class='ocr_par' dir='ltr' id='par_1_106' title="bbox 2000 5728 3514 5809">
     <span class='ocr_line' id='line_1_106' title="bbox 2000 5728 3514 5809; baseline -0.006 -16"><span class='ocrx_word' id='word_1_803' title='bbox 2000 5728 2113 5809; x_wconf 67' lang='lat'><strong>(30)</strong></span> <span class='ocrx_word' id='word_1_804' title='bbox 2152 5740 2240 5803; x_wconf 84' lang='grc' dir='ltr'><strong>Ὠς</strong></span> <span class='ocrx_word' id='word_1_805' title='bbox 2276 5737 2340 5792; x_wconf 64' lang='grc' dir='ltr'>ἂν</span> <span class='ocrx_word' id='word_1_806' title='bbox 2384 5734 2777 5807; x_wconf 64' lang='grc' dir='ltr'>στεφανωθεῑεν</span> <span class='ocrx_word' id='word_1_807' title='bbox 2819 5732 3245 5805; x_wconf 70' lang='grc' dir='ltr'>ἀγωνισάμενοι.</span> <span class='ocrx_word' id='word_1_808' title='bbox 3289 5730 3345 5784; x_wconf 85' lang='grc' dir='ltr'>Ὀ</span> <span class='ocrx_word' id='word_1_809' title='bbox 3389 5728 3514 5784; x_wconf 75' lang='grc' dir='ltr'>αὐτ.</span> 
     </span>
    </p>
   </div>
  </div>
