  <div class='ocr_page' id='page_1' title='image "/cluster/home/n/w/nwhite01/storage/ocr_20150623/87:1/hvd.32044073502353/501.png"; bbox 0 0 4036 6214; ppageno 0'>
   <div class='ocr_carea' id='block_1_1' title="bbox 510 283 609 350">
    <p class='ocr_par' dir='ltr' id='par_1_1' title="bbox 510 283 609 350">
     <span class='ocr_line' id='line_1_1' title="bbox 510 283 609 350; baseline -0.02 0"><span class='ocrx_word' id='word_1_1' title='bbox 510 283 609 350; x_wconf 81' lang='grc'><strong>991</strong></span> 
     </span>
    </p>
   </div>
   <div class='ocr_carea' id='block_1_2' title="bbox 1805 291 2434 358">
    <p class='ocr_par' dir='ltr' id='par_1_2' title="bbox 1805 291 2434 358">
     <span class='ocr_line' id='line_1_2' title="bbox 1805 291 2434 358; baseline 0.008 -5"><span class='ocrx_word' id='word_1_2' title='bbox 1805 291 2152 356; x_wconf 79' lang='lat' dir='ltr'><strong>PROCOPII</strong></span> <span class='ocrx_word' id='word_1_3' title='bbox 2187 299 2434 358; x_wconf 65' lang='lat' dir='ltr'><strong>GAZ.’EI</strong></span> 
     </span>
    </p>
   </div>
   <div class='ocr_carea' id='block_1_3' title="bbox 3648 242 3848 365">
    <p class='ocr_par' dir='ltr' id='par_1_3' title="bbox 3648 242 3848 365">
     <span class='ocr_line' id='line_1_3' title="bbox 3648 242 3848 365; baseline 0.005 -120"><span class='ocrx_word' id='word_1_4' title='bbox 3648 297 3764 365; x_wconf 52' lang='lat'><strong>992</strong></span> <span class='ocrx_word' id='word_1_5' title='bbox 3844 242 3848 246; x_wconf 83' lang='lat'><strong>.</strong></span> 
     </span>
    </p>
   </div>
   <div class='ocr_carea' id='block_1_4' title="bbox 507 393 2088 478">
    <p class='ocr_par' dir='ltr' id='par_1_4' title="bbox 507 393 2082 474">
     <span class='ocr_line' id='line_1_4' title="bbox 507 393 2082 474; baseline 0.004 -23"><span class='ocrx_word' id='word_1_6' title='bbox 507 403 659 451; x_wconf 85' lang='lat' dir='ltr'><strong>sunt.</strong></span> <span class='ocrx_word' id='word_1_7' title='bbox 689 393 904 464; x_wconf 83' lang='lat' dir='ltr'><strong>Quibus</strong></span> <span class='ocrx_word' id='word_1_8' title='bbox 951 396 1134 454; x_wconf 81' lang='lat' dir='ltr'><strong>verbis</strong></span> <span class='ocrx_word' id='word_1_9' title='bbox 1163 397 1230 453; x_wconf 88' lang='lat' dir='ltr'><strong>ad</strong></span> <span class='ocrx_word' id='word_1_10' title='bbox 1259 397 1536 454; x_wconf 78' lang='lat' dir='ltr'><strong>Christum</strong></span> <span class='ocrx_word' id='word_1_11' title='bbox 1593 401 1932 470; x_wconf 68' lang='lat' dir='ltr'><strong>prmluditur,</strong></span> <span class='ocrx_word' id='word_1_12' title='bbox 1989 406 2082 474; x_wconf 86' lang='lat' dir='ltr'><strong>qui</strong></span> 
     </span>
    </p>
   </div>
   <div class='ocr_carea' id='block_1_5' title="bbox 2189 393 3758 478">
    <p class='ocr_par' dir='ltr' id='par_1_5' title="bbox 2189 400 3758 478">
     <span class='ocr_line' id='line_1_5' title="bbox 2189 400 3758 478; baseline -0.001 -18"><span class='ocrx_word' id='word_1_13' title='bbox 2189 408 2282 460; x_wconf 76' lang='grc' dir='ltr'><strong>καὶ</strong></span> <span class='ocrx_word' id='word_1_14' title='bbox 2303 400 2450 460; x_wconf 77' lang='grc' dir='ltr'>οὗτοι</span> <span class='ocrx_word' id='word_1_15' title='bbox 2474 406 2579 459; x_wconf 71' lang='grc' dir='ltr'><strong>ὑπὸ</strong></span> <span class='ocrx_word' id='word_1_16' title='bbox 2605 407 2662 459; x_wconf 74' lang='grc' dir='ltr'><strong>σε</strong></span> <span class='ocrx_word' id='word_1_17' title='bbox 2695 407 2820 461; x_wconf 78' lang='grc' dir='ltr'>εἰσι.</span> <span class='ocrx_word' id='word_1_18' title='bbox 2851 407 3082 478; x_wconf 60' lang='grc' dir='ltr'>Χριστὸς</span> <span class='ocrx_word' id='word_1_19' title='bbox 3112 406 3166 459; x_wconf 82' lang='grc' dir='ltr'>δὲ</span> <span class='ocrx_word' id='word_1_20' title='bbox 3193 404 3572 476; x_wconf 70' lang='grc' dir='ltr'>πρώηλοῦται,</span> <span class='ocrx_word' id='word_1_21' title='bbox 3599 407 3758 475; x_wconf 75' lang='grc' dir='ltr'>βασι-</span> 
     </span>
    </p>
   </div>
   <div class='ocr_carea' id='block_1_6' title="bbox 509 477 2080 561">
    <p class='ocr_par' dir='ltr' id='par_1_6' title="bbox 509 477 2080 561">
     <span class='ocr_line' id='line_1_6' title="bbox 509 477 2080 561; baseline 0.008 -23"><span class='ocrx_word' id='word_1_22' title='bbox 509 501 602 541; x_wconf 80' lang='lat' dir='ltr'><strong>rex</strong></span> <span class='ocrx_word' id='word_1_23' title='bbox 637 494 721 542; x_wconf 88' lang='lat' dir='ltr'><strong>est</strong></span> <span class='ocrx_word' id='word_1_24' title='bbox 751 487 937 557; x_wconf 86' lang='lat' dir='ltr'><strong>populi</strong></span> <span class='ocrx_word' id='word_1_25' title='bbox 967 477 1425 557; x_wconf 81' lang='lat' dir='ltr'><strong>quemadmodum</strong></span> <span class='ocrx_word' id='word_1_26' title='bbox 1450 489 1618 561; x_wconf 69' lang='grc'><strong>477</strong></span> <span class='ocrx_word' id='word_1_27' title='bbox 1657 491 1864 547; x_wconf 89' lang='lat' dir='ltr'><strong>dictum</strong></span> <span class='ocrx_word' id='word_1_28' title='bbox 1911 505 1990 549; x_wconf 88' lang='lat' dir='ltr'><strong>est</strong></span> <span class='ocrx_word' id='word_1_29' title='bbox 2026 497 2080 550; x_wconf 92' lang='lat' dir='ltr'><strong>in</strong></span> 
     </span>
    </p>
   </div>
   <div class='ocr_carea' id='block_1_7' title="bbox 509 575 2076 650">
    <p class='ocr_par' dir='ltr' id='par_1_7' title="bbox 509 575 2076 650">
     <span class='ocr_line' id='line_1_7' title="bbox 509 575 2076 650; baseline 0.006 -21"><span class='ocrx_word' id='word_1_30' title='bbox 509 576 792 631; x_wconf 86' lang='lat' dir='ltr'><strong>nativitate</strong></span> <span class='ocrx_word' id='word_1_31' title='bbox 847 575 1156 633; x_wconf 86' lang='lat' dir='ltr'><strong>Servatoris</strong></span> <span class='ocrx_word' id='word_1_32' title='bbox 1209 593 1237 632; x_wconf 89' lang='lat' dir='ltr'><strong>a</strong></span> <span class='ocrx_word' id='word_1_33' title='bbox 1299 578 1468 650; x_wconf 77' lang='lat' dir='ltr'><strong>Magis</strong></span> <span class='ocrx_word' id='word_1_34' title='bbox 1525 582 1620 649; x_wconf 91' lang='lat' dir='ltr'><strong>qui</strong></span> <span class='ocrx_word' id='word_1_35' title='bbox 1679 583 2016 638; x_wconf 77' lang='lat' dir='ltr'><strong>advenerant</strong></span> <span class='ocrx_word' id='word_1_36' title='bbox 2061 604 2076 641; x_wconf 86' lang='lat'><strong>:</strong></span> 
     </span>
    </p>
   </div>
   <div class='ocr_carea' id='block_1_8' title="bbox 517 665 2078 732">
    <p class='ocr_par' dir='ltr' id='par_1_8' title="bbox 517 665 2078 732">
     <span class='ocr_line' id='line_1_8' title="bbox 517 665 2078 732; baseline 0.008 -15"><span class='ocrx_word' id='word_1_37' title='bbox 517 683 538 717; x_wconf 73' lang='grc' dir='ltr'><strong>ι</strong></span> <span class='ocrx_word' id='word_1_38' title='bbox 569 665 673 732; x_wconf 91' lang='lat' dir='ltr'><strong>Qui</strong></span> <span class='ocrx_word' id='word_1_39' title='bbox 707 677 867 723; x_wconf 87' lang='lat' dir='ltr'><strong>natus</strong></span> <span class='ocrx_word' id='word_1_40' title='bbox 903 667 1013 723; x_wconf 79' lang='lat' dir='ltr'><strong>Rex</strong></span> <span class='ocrx_word' id='word_1_41' title='bbox 1043 676 1128 724; x_wconf 89' lang='lat' dir='ltr'><strong>est</strong></span> <span class='ocrx_word' id='word_1_42' title='bbox 1176 667 1490 724; x_wconf 85' lang='lat' dir='ltr'><strong>Judaeorum</strong></span> <span class='ocrx_word' id='word_1_43' title='bbox 1519 671 1583 726; x_wconf 79' lang='lat'><strong>“.</strong></span> <span class='ocrx_word' id='word_1_44' title='bbox 1613 691 1632 724; x_wconf 71' lang='grc' dir='ltr'><strong>ι</strong></span> <span class='ocrx_word' id='word_1_45' title='bbox 1665 671 1769 727; x_wconf 87' lang='lat' dir='ltr'><strong>Per</strong></span> <span class='ocrx_word' id='word_1_46' title='bbox 1796 673 2078 730; x_wconf 65' lang='lat' dir='ltr'><strong>Micbatam</strong></span> 
     </span>
    </p>
   </div>
   <div class='ocr_carea' id='block_1_9' title="bbox 511 755 2080 836">
    <p class='ocr_par' dir='ltr' id='par_1_9' title="bbox 511 755 2080 836">
     <span class='ocr_line' id='line_1_9' title="bbox 511 755 2080 836; baseline 0.008 -28"><span class='ocrx_word' id='word_1_47' title='bbox 511 755 640 810; x_wconf 80' lang='lat' dir='ltr'><strong>item</strong></span> <span class='ocrx_word' id='word_1_48' title='bbox 699 757 938 812; x_wconf 89' lang='lat' dir='ltr'><strong>dicitur:</strong></span> <span class='ocrx_word' id='word_1_49' title='bbox 971 758 1048 812; x_wconf 80' lang='lat' dir='ltr'><strong>Ex</strong></span> <span class='ocrx_word' id='word_1_50' title='bbox 1073 766 1126 814; x_wconf 87' lang='lat' dir='ltr'><strong>te</strong></span> <span class='ocrx_word' id='word_1_51' title='bbox 1151 760 1288 814; x_wconf 88' lang='lat' dir='ltr'><strong>mihi</strong></span> <span class='ocrx_word' id='word_1_52' title='bbox 1343 763 1659 833; x_wconf 76' lang='lat' dir='ltr'><strong>egredietur</strong></span> <span class='ocrx_word' id='word_1_53' title='bbox 1687 766 1819 831; x_wconf 78' lang='lat' dir='ltr'><strong>dux,</strong></span> <span class='ocrx_word' id='word_1_54' title='bbox 1841 775 1899 818; x_wconf 93' lang='lat' dir='ltr'><strong>ut</strong></span> <span class='ocrx_word' id='word_1_55' title='bbox 1925 767 2080 836; x_wconf 83' lang='lat' dir='ltr'><strong>prin-</strong></span> 
     </span>
    </p>
   </div>
   <div class='ocr_carea' id='block_1_10' title="bbox 511 845 2081 928">
    <p class='ocr_par' dir='ltr' id='par_1_10' title="bbox 511 845 2081 928">
     <span class='ocr_line' id='line_1_10' title="bbox 511 845 2081 928; baseline 0.008 -29"><span class='ocrx_word' id='word_1_56' title='bbox 511 859 642 914; x_wconf 83' lang='lat' dir='ltr'><strong>ceps</strong></span> <span class='ocrx_word' id='word_1_57' title='bbox 704 845 776 900; x_wconf 91' lang='lat' dir='ltr'><strong>sit</strong></span> <span class='ocrx_word' id='word_1_58' title='bbox 830 845 1131 903; x_wconf 79' lang='lat' dir='ltr'><strong>lsraelis“.</strong></span> <span class='ocrx_word' id='word_1_59' title='bbox 1164 867 1184 900; x_wconf 73' lang='grc' dir='ltr'><strong>ι</strong></span> <span class='ocrx_word' id='word_1_60' title='bbox 1246 849 1476 908; x_wconf 87' lang='lat' dir='ltr'><strong>Constat</strong></span> <span class='ocrx_word' id='word_1_61' title='bbox 1508 857 1653 909; x_wconf 90' lang='lat' dir='ltr'><strong>enim</strong></span> <span class='ocrx_word' id='word_1_62' title='bbox 1703 856 1848 924; x_wconf 90' lang='lat' dir='ltr'><strong>quod</strong></span> <span class='ocrx_word' id='word_1_63' title='bbox 1872 873 1934 911; x_wconf 90' lang='lat' dir='ltr'><strong>ea</strong></span> <span class='ocrx_word' id='word_1_64' title='bbox 1959 873 2081 928; x_wconf 71' lang='lat' dir='ltr'><strong>qua:</strong></span> 
     </span>
    </p>
   </div>
   <div class='ocr_carea' id='block_1_11' title="bbox 513 935 2084 1004">
    <p class='ocr_par' dir='ltr' id='par_1_11' title="bbox 513 935 2084 1004">
     <span class='ocr_line' id='line_1_11' title="bbox 513 935 2084 1004; baseline 0.008 -16"><span class='ocrx_word' id='word_1_65' title='bbox 513 935 579 990; x_wconf 91' lang='lat' dir='ltr'><strong>de</strong></span> <span class='ocrx_word' id='word_1_66' title='bbox 618 936 727 990; x_wconf 90' lang='lat' dir='ltr'><strong>Deo</strong></span> <span class='ocrx_word' id='word_1_67' title='bbox 773 937 938 992; x_wconf 91' lang='lat' dir='ltr'><strong>unico</strong></span> <span class='ocrx_word' id='word_1_68' title='bbox 982 938 1265 1004; x_wconf 87' lang='lat' dir='ltr'><strong>dicuntur,</strong></span> <span class='ocrx_word' id='word_1_69' title='bbox 1329 942 1506 997; x_wconf 88' lang='lat' dir='ltr'><strong>lucem</strong></span> <span class='ocrx_word' id='word_1_70' title='bbox 1559 959 1714 998; x_wconf 82' lang='lat' dir='ltr'><strong>suam</strong></span> <span class='ocrx_word' id='word_1_71' title='bbox 1744 947 1796 999; x_wconf 94' lang='lat' dir='ltr'><strong>in</strong></span> <span class='ocrx_word' id='word_1_72' title='bbox 1833 945 1971 1002; x_wconf 85' lang='lat' dir='ltr'><strong>Filio</strong></span> <span class='ocrx_word' id='word_1_73' title='bbox 1994 949 2084 1001; x_wconf 79' lang='lat' dir='ltr'><strong>Ita-</strong></span> 
     </span>
    </p>
   </div>
   <div class='ocr_carea' id='block_1_12' title="bbox 513 1025 2082 1101">
    <p class='ocr_par' dir='ltr' id='par_1_12' title="bbox 513 1025 2082 1101">
     <span class='ocr_line' id='line_1_12' title="bbox 513 1025 2082 1101; baseline 0.01 -23"><span class='ocrx_word' id='word_1_74' title='bbox 513 1025 663 1080; x_wconf 87' lang='lat' dir='ltr'><strong>bent.</strong></span> <span class='ocrx_word' id='word_1_75' title='bbox 717 1025 852 1080; x_wconf 89' lang='lat' dir='ltr'><strong>Cum</strong></span> <span class='ocrx_word' id='word_1_76' title='bbox 916 1027 968 1082; x_wconf 94' lang='lat' dir='ltr'><strong>in</strong></span> <span class='ocrx_word' id='word_1_77' title='bbox 1005 1029 1128 1098; x_wconf 89' lang='lat' dir='ltr'><strong>ipso</strong></span> <span class='ocrx_word' id='word_1_78' title='bbox 1185 1028 1345 1086; x_wconf 86' lang='lat' dir='ltr'><strong>Pater</strong></span> <span class='ocrx_word' id='word_1_79' title='bbox 1394 1039 1672 1101; x_wconf 70' lang='lat' dir='ltr'><strong>spectetur</strong></span> <span class='ocrx_word' id='word_1_80' title='bbox 1734 1049 1799 1090; x_wconf 87' lang='lat' dir='ltr'><strong>ac</strong></span> <span class='ocrx_word' id='word_1_81' title='bbox 1841 1037 2082 1092; x_wconf 84' lang='lat' dir='ltr'><strong>celebre-</strong></span> 
     </span>
    </p>
   </div>
   <div class='ocr_carea' id='block_1_13' title="bbox 513 1123 624 1171">
    <p class='ocr_par' dir='ltr' id='par_1_13' title="bbox 513 1123 624 1171">
     <span class='ocr_line' id='line_1_13' title="bbox 513 1123 624 1171; baseline 0 -1"><span class='ocrx_word' id='word_1_82' title='bbox 513 1123 624 1171; x_wconf 79' lang='lat' dir='ltr'><strong>tur.</strong></span> 
     </span>
    </p>
   </div>
   <div class='ocr_carea' id='block_1_14' title="bbox 580 1206 2085 1279">
    <p class='ocr_par' dir='ltr' id='par_1_14' title="bbox 580 1206 2085 1279">
     <span class='ocr_line' id='line_1_14' title="bbox 580 1206 2085 1279; baseline 0.007 -20"><span class='ocrx_word' id='word_1_83' title='bbox 580 1206 660 1260; x_wconf 75' lang='lat' dir='ltr'><strong>Ab</strong></span> <span class='ocrx_word' id='word_1_84' title='bbox 689 1206 926 1261; x_wconf 78' lang='lat' dir='ltr'><strong>Aruboth</strong></span> <span class='ocrx_word' id='word_1_85' title='bbox 977 1207 1158 1264; x_wconf 78' lang='lat' dir='ltr'><strong>Moab.</strong></span> <span class='ocrx_word' id='word_1_86' title='bbox 1215 1209 1448 1279; x_wconf 72' lang='lat' dir='ltr'><strong>Aquilus</strong></span> <span class='ocrx_word' id='word_1_87' title='bbox 1499 1213 1632 1268; x_wconf 89' lang='lat' dir='ltr'><strong>illud</strong></span> <span class='ocrx_word' id='word_1_88' title='bbox 1691 1215 1930 1270; x_wconf 78' lang='lat' dir='ltr'><strong>Araboth</strong></span> <span class='ocrx_word' id='word_1_89' title='bbox 1977 1217 2085 1270; x_wconf 79' lang='grc' dir='ltr'>ἀπὸ</span> 
     </span>
    </p>
   </div>
   <div class='ocr_carea' id='block_1_15' title="bbox 511 1297 2086 1374">
    <p class='ocr_par' dir='ltr' id='par_1_15' title="bbox 511 1297 2086 1374">
     <span class='ocr_line' id='line_1_15' title="bbox 511 1297 2086 1374; baseline 0.009 -25"><span class='ocrx_word' id='word_1_90' title='bbox 511 1297 726 1366; x_wconf 81' lang='grc' dir='ltr'><strong>ὁμαλῶν</strong></span> <span class='ocrx_word' id='word_1_91' title='bbox 755 1298 1016 1362; x_wconf 86' lang='lat' dir='ltr'><strong>reddidit,</strong></span> <span class='ocrx_word' id='word_1_92' title='bbox 1059 1301 1162 1355; x_wconf 86' lang='lat' dir='ltr'><strong>hoc</strong></span> <span class='ocrx_word' id='word_1_93' title='bbox 1206 1310 1316 1369; x_wconf 90' lang='lat' dir='ltr'><strong>est,</strong></span> <span class='ocrx_word' id='word_1_94' title='bbox 1347 1321 1372 1354; x_wconf 72' lang='grc' dir='ltr'><strong>ι</strong></span> <span class='ocrx_word' id='word_1_95' title='bbox 1405 1318 1434 1356; x_wconf 86' lang='lat' dir='ltr'><strong>a</strong></span> <span class='ocrx_word' id='word_1_96' title='bbox 1479 1305 1728 1374; x_wconf 78' lang='lat' dir='ltr'><strong>planitie.</strong></span> <span class='ocrx_word' id='word_1_97' title='bbox 1768 1325 1788 1357; x_wconf 70' lang='grc' dir='ltr'><strong>ι</strong></span> <span class='ocrx_word' id='word_1_98' title='bbox 1826 1306 1891 1359; x_wconf 85' lang='lat' dir='ltr'><strong>Et</strong></span> <span class='ocrx_word' id='word_1_99' title='bbox 1919 1319 2086 1363; x_wconf 78' lang='lat' dir='ltr'><strong>osten-</strong></span> 
     </span>
    </p>
   </div>
   <div class='ocr_carea' id='block_1_16' title="bbox 511 1383 2084 1470">
    <p class='ocr_par' dir='ltr' id='par_1_16' title="bbox 511 1383 2084 1470">
     <span class='ocr_line' id='line_1_16' title="bbox 511 1383 2084 1470; baseline 0.008 -32"><span class='ocrx_word' id='word_1_100' title='bbox 511 1383 592 1438; x_wconf 88' lang='lat' dir='ltr'><strong>dit</strong></span> <span class='ocrx_word' id='word_1_101' title='bbox 611 1385 660 1439; x_wconf 77' lang='lat' dir='ltr'><strong>si</strong></span> <span class='ocrx_word' id='word_1_102' title='bbox 683 1385 939 1442; x_wconf 83' lang='lat' dir='ltr'><strong>Dominus</strong></span> <span class='ocrx_word' id='word_1_103' title='bbox 965 1398 1212 1444; x_wconf 86' lang='lat' dir='ltr'><strong>cunctam</strong></span> <span class='ocrx_word' id='word_1_104' title='bbox 1237 1400 1436 1446; x_wconf 86' lang='lat' dir='ltr'><strong>terram</strong></span> <span class='ocrx_word' id='word_1_105' title='bbox 1462 1392 1696 1448; x_wconf 78' lang='lat' dir='ltr'><strong>Culaad.</strong></span> <span class='ocrx_word' id='word_1_106' title='bbox 1719 1393 1986 1466; x_wconf 67' lang='lat' dir='ltr'><strong>[XXXIV,</strong></span> <span class='ocrx_word' id='word_1_107' title='bbox 2010 1396 2084 1470; x_wconf 74' lang='grc'><strong>1.]</strong></span> 
     </span>
    </p>
   </div>
   <div class='ocr_carea' id='block_1_17' title="bbox 515 1474 2086 1556">
    <p class='ocr_par' dir='ltr' id='par_1_17' title="bbox 515 1474 2086 1556">
     <span class='ocr_line' id='line_1_17' title="bbox 515 1474 2086 1556; baseline 0.01 -28"><span class='ocrx_word' id='word_1_108' title='bbox 515 1474 658 1530; x_wconf 83' lang='lat' dir='ltr'><strong>Bene</strong></span> <span class='ocrx_word' id='word_1_109' title='bbox 717 1477 872 1544; x_wconf 90' lang='lat' dir='ltr'><strong>illud,</strong></span> <span class='ocrx_word' id='word_1_110' title='bbox 908 1479 1186 1548; x_wconf 77' lang='lat' dir='ltr'><strong>Dominus,</strong></span> <span class='ocrx_word' id='word_1_111' title='bbox 1247 1491 1332 1538; x_wconf 87' lang='lat' dir='ltr'><strong>est</strong></span> <span class='ocrx_word' id='word_1_112' title='bbox 1389 1484 1746 1554; x_wconf 85' lang='lat' dir='ltr'><strong>adjunctum;</strong></span> <span class='ocrx_word' id='word_1_113' title='bbox 1805 1490 2086 1556; x_wconf 86' lang='lat' dir='ltr'><strong>corporeis</strong></span> 
     </span>
    </p>
   </div>
   <div class='ocr_carea' id='block_1_18' title="bbox 512 1565 2087 1636">
    <p class='ocr_par' dir='ltr' id='par_1_18' title="bbox 512 1565 2087 1636">
     <span class='ocr_line' id='line_1_18' title="bbox 512 1565 2087 1636; baseline 0.008 -16"><span class='ocrx_word' id='word_1_114' title='bbox 512 1565 662 1620; x_wconf 88' lang='lat' dir='ltr'><strong>enim</strong></span> <span class='ocrx_word' id='word_1_115' title='bbox 721 1566 904 1622; x_wconf 90' lang='lat' dir='ltr'><strong>oculis</strong></span> <span class='ocrx_word' id='word_1_116' title='bbox 956 1567 1173 1636; x_wconf 84' lang='lat' dir='ltr'><strong>objecta</strong></span> <span class='ocrx_word' id='word_1_117' title='bbox 1237 1578 1454 1625; x_wconf 88' lang='lat' dir='ltr'><strong>tantum</strong></span> <span class='ocrx_word' id='word_1_118' title='bbox 1485 1573 1675 1628; x_wconf 90' lang='lat' dir='ltr'><strong>dissita</strong></span> <span class='ocrx_word' id='word_1_119' title='bbox 1711 1575 1874 1630; x_wconf 86' lang='lat' dir='ltr'><strong>simul</strong></span> <span class='ocrx_word' id='word_1_120' title='bbox 1903 1578 2087 1632; x_wconf 88' lang='lat' dir='ltr'><strong>videre</strong></span> 
     </span>
    </p>
   </div>
   <div class='ocr_carea' id='block_1_19' title="bbox 515 1656 951 1724">
    <p class='ocr_par' dir='ltr' id='par_1_19' title="bbox 515 1656 951 1724">
     <span class='ocr_line' id='line_1_19' title="bbox 515 1656 951 1724; baseline 0.007 -16"><span class='ocrx_word' id='word_1_121' title='bbox 515 1669 626 1710; x_wconf 89' lang='lat' dir='ltr'><strong>non</strong></span> <span class='ocrx_word' id='word_1_122' title='bbox 653 1656 951 1724; x_wconf 87' lang='lat' dir='ltr'><strong>potuisset.</strong></span> 
     </span>
    </p>
   </div>
   <div class='ocr_carea' id='block_1_20' title="bbox 586 1739 2161 1829">
    <p class='ocr_par' dir='ltr' id='par_1_20' title="bbox 586 1739 2161 1829">
     <span class='ocr_line' id='line_1_20' title="bbox 586 1739 2161 1829; baseline 0.011 -33"><span class='ocrx_word' id='word_1_123' title='bbox 586 1743 657 1796; x_wconf 87' lang='lat' dir='ltr'><strong>Et</strong></span> <span class='ocrx_word' id='word_1_124' title='bbox 694 1745 923 1800; x_wconf 83' lang='lat' dir='ltr'><strong>ostendit</strong></span> <span class='ocrx_word' id='word_1_125' title='bbox 956 1746 1052 1800; x_wconf 84' lang='lat' dir='ltr'><strong>tibi</strong></span> <span class='ocrx_word' id='word_1_126' title='bbox 1077 1760 1126 1802; x_wconf 87' lang='lat' dir='ltr'><strong>et</strong></span> <span class='ocrx_word' id='word_1_127' title='bbox 1148 1749 1316 1805; x_wconf 85' lang='lat' dir='ltr'><strong>oculis</strong></span> <span class='ocrx_word' id='word_1_128' title='bbox 1351 1753 1480 1814; x_wconf 82' lang='lat' dir='ltr'><strong>tuis.</strong></span> <span class='ocrx_word' id='word_1_129' title='bbox 1506 1754 1637 1808; x_wconf 85' lang='lat' dir='ltr'><strong>illuc</strong></span> <span class='ocrx_word' id='word_1_130' title='bbox 1671 1771 1789 1811; x_wconf 80' lang='lat' dir='ltr'><strong>vero</strong></span> <span class='ocrx_word' id='word_1_131' title='bbox 1819 1773 1922 1812; x_wconf 87' lang='lat' dir='ltr'><strong>non</strong></span> <span class='ocrx_word' id='word_1_132' title='bbox 1965 1775 2088 1829; x_wconf 53' lang='lat' dir='ltr'><strong>per.-</strong></span> <span class='ocrx_word' id='word_1_133' title='bbox 2119 1739 2161 1792; x_wconf 70' lang='grc' dir='ltr'><strong>Β</strong></span> 
     </span>
    </p>
   </div>
   <div class='ocr_carea' id='block_1_21' title="bbox 516 1835 2084 1908">
    <p class='ocr_par' dir='ltr' id='par_1_21' title="bbox 516 1835 2084 1908">
     <span class='ocr_line' id='line_1_21' title="bbox 516 1835 2084 1908; baseline 0.01 -19"><span class='ocrx_word' id='word_1_134' title='bbox 516 1835 706 1890; x_wconf 75' lang='lat' dir='ltr'><strong>venies.</strong></span> <span class='ocrx_word' id='word_1_135' title='bbox 737 1835 844 1908; x_wconf 72' lang='grc'><strong>[4.]</strong></span> <span class='ocrx_word' id='word_1_136' title='bbox 874 1837 1030 1902; x_wconf 85' lang='lat' dir='ltr'><strong>Quod</strong></span> <span class='ocrx_word' id='word_1_137' title='bbox 1063 1848 1116 1894; x_wconf 88' lang='lat' dir='ltr'><strong>et</strong></span> <span class='ocrx_word' id='word_1_138' title='bbox 1145 1841 1352 1896; x_wconf 87' lang='lat' dir='ltr'><strong>Paulus</strong></span> <span class='ocrx_word' id='word_1_139' title='bbox 1373 1845 1438 1898; x_wconf 90' lang='lat' dir='ltr'><strong>ad</strong></span> <span class='ocrx_word' id='word_1_140' title='bbox 1462 1844 1720 1902; x_wconf 65' lang='lat' dir='ltr'><strong>llcbraos</strong></span> <span class='ocrx_word' id='word_1_141' title='bbox 1761 1849 1898 1903; x_wconf 84' lang='lat' dir='ltr'><strong>citat</strong></span> <span class='ocrx_word' id='word_1_142' title='bbox 1932 1868 1946 1905; x_wconf 90' lang='lat'><strong>:</strong></span> <span class='ocrx_word' id='word_1_143' title='bbox 1976 1869 1994 1902; x_wconf 75' lang='grc' dir='ltr'><strong>ι</strong></span> <span class='ocrx_word' id='word_1_144' title='bbox 2027 1850 2084 1904; x_wconf 92' lang='lat' dir='ltr'><strong>In</strong></span> 
     </span>
    </p>
   </div>
   <div class='ocr_carea' id='block_1_22' title="bbox 518 1923 2087 2012">
    <p class='ocr_par' dir='ltr' id='par_1_22' title="bbox 518 1923 2087 2012">
     <span class='ocr_line' id='line_1_22' title="bbox 518 1923 2087 2012; baseline 0.011 -33"><span class='ocrx_word' id='word_1_145' title='bbox 518 1923 622 1980; x_wconf 85' lang='lat' dir='ltr'><strong>lide</strong></span> <span class='ocrx_word' id='word_1_146' title='bbox 637 1925 892 1983; x_wconf 89' lang='lat' dir='ltr'><strong>obierunt</strong></span> <span class='ocrx_word' id='word_1_147' title='bbox 907 1929 963 1984; x_wconf 89' lang='lat' dir='ltr'><strong>bi</strong></span> <span class='ocrx_word' id='word_1_148' title='bbox 981 1945 1192 1995; x_wconf 87' lang='lat' dir='ltr'><strong>omnes,</strong></span> <span class='ocrx_word' id='word_1_149' title='bbox 1213 1934 1719 2006; x_wconf 87' lang='lat' dir='ltr'><strong>promissionesque</strong></span> <span class='ocrx_word' id='word_1_150' title='bbox 1732 1955 1839 1994; x_wconf 92' lang='lat' dir='ltr'><strong>non</strong></span> <span class='ocrx_word' id='word_1_151' title='bbox 1857 1954 2087 2012; x_wconf 85' lang='lat' dir='ltr'><strong>accepe-</strong></span> 
     </span>
    </p>
   </div>
   <div class='ocr_carea' id='block_1_23' title="bbox 516 2020 2085 2105">
    <p class='ocr_par' dir='ltr' id='par_1_23' title="bbox 516 2020 2085 2105">
     <span class='ocr_line' id='line_1_23' title="bbox 516 2020 2085 2105; baseline 0.01 -34"><span class='ocrx_word' id='word_1_152' title='bbox 516 2023 668 2105; x_wconf 68' lang='lat' dir='ltr'><strong>runt,</strong></span> <span class='ocrx_word' id='word_1_153' title='bbox 683 2033 899 2074; x_wconf 70' lang='lat' dir='ltr'><strong>sverum</strong></span> <span class='ocrx_word' id='word_1_154' title='bbox 921 2020 1142 2080; x_wconf 86' lang='lat' dir='ltr'><strong>eminus</strong></span> <span class='ocrx_word' id='word_1_155' title='bbox 1153 2023 1434 2088; x_wconf 88' lang='lat' dir='ltr'><strong>viderunt,</strong></span> <span class='ocrx_word' id='word_1_156' title='bbox 1451 2039 1514 2081; x_wconf 88' lang='lat' dir='ltr'><strong>ac</strong></span> <span class='ocrx_word' id='word_1_157' title='bbox 1525 2029 1739 2100; x_wconf 69' lang='lat' dir='ltr'><strong>valerej</strong></span> <span class='ocrx_word' id='word_1_158' title='bbox 1749 2038 1998 2086; x_wconf 86' lang='lat' dir='ltr'><strong>usserunt</strong></span> <span class='ocrx_word' id='word_1_159' title='bbox 2021 2033 2085 2087; x_wconf 78' lang='lat'><strong>&quot;.</strong></span> 
     </span>
    </p>
   </div>
   <div class='ocr_carea' id='block_1_24' title="bbox 2182 494 3756 566">
    <p class='ocr_par' dir='ltr' id='par_1_24' title="bbox 2182 494 3756 566">
     <span class='ocr_line' id='line_1_24' title="bbox 2182 494 3756 566; baseline -0.001 -16"><span class='ocrx_word' id='word_1_160' title='bbox 2182 497 2307 560; x_wconf 78' lang='grc' dir='ltr'>λεὺς</span> <span class='ocrx_word' id='word_1_161' title='bbox 2339 497 2416 552; x_wconf 83' lang='grc' dir='ltr'>ὢν</span> <span class='ocrx_word' id='word_1_162' title='bbox 2440 496 2535 550; x_wconf 79' lang='grc' dir='ltr'>τοῦ</span> <span class='ocrx_word' id='word_1_163' title='bbox 2563 495 2714 562; x_wconf 78' lang='grc' dir='ltr'>λαοῦ,</span> <span class='ocrx_word' id='word_1_164' title='bbox 2744 497 2937 566; x_wconf 78' lang='grc' dir='ltr'>ὥσπερ</span> <span class='ocrx_word' id='word_1_165' title='bbox 2959 497 3174 566; x_wconf 71' lang='grc' dir='ltr'>εἴρηται</span> <span class='ocrx_word' id='word_1_166' title='bbox 3218 495 3368 565; x_wconf 80' lang='grc' dir='ltr'><strong>παρά</strong></span> <span class='ocrx_word' id='word_1_167' title='bbox 3404 494 3502 566; x_wconf 80' lang='grc' dir='ltr'>τὴν</span> <span class='ocrx_word' id='word_1_168' title='bbox 3536 495 3756 562; x_wconf 85' lang='grc' dir='ltr'>γένεσιν</span> 
     </span>
    </p>
   </div>
   <div class='ocr_carea' id='block_1_25' title="bbox 2179 584 3757 658">
    <p class='ocr_par' dir='ltr' id='par_1_25' title="bbox 2179 584 3757 658">
     <span class='ocr_line' id='line_1_25' title="bbox 2179 584 3757 658; baseline -0.003 -16"><span class='ocrx_word' id='word_1_169' title='bbox 2179 588 2271 642; x_wconf 83' lang='grc' dir='ltr'>τοῦ</span> <span class='ocrx_word' id='word_1_170' title='bbox 2296 588 2548 658; x_wconf 78' lang='grc' dir='ltr'><strong>Σωτῆρος</strong></span> <span class='ocrx_word' id='word_1_171' title='bbox 2577 588 2682 640; x_wconf 80' lang='grc' dir='ltr'><strong>ὑπὸ</strong></span> <span class='ocrx_word' id='word_1_172' title='bbox 2707 588 2813 640; x_wconf 83' lang='grc' dir='ltr'><strong>τῶν</strong></span> <span class='ocrx_word' id='word_1_173' title='bbox 2839 587 3101 641; x_wconf 75' lang='grc' dir='ltr'><strong>ἐλθόντων</strong></span> <span class='ocrx_word' id='word_1_174' title='bbox 3139 587 3371 654; x_wconf 72' lang='grc' dir='ltr'>Μάγων,</span> <span class='ocrx_word' id='word_1_175' title='bbox 3411 607 3429 636; x_wconf 79' lang='grc' dir='ltr'><strong>ι</strong></span> <span class='ocrx_word' id='word_1_176' title='bbox 3462 584 3572 638; x_wconf 81' lang='grc' dir='ltr'><strong>Ποῦ</strong></span> <span class='ocrx_word' id='word_1_177' title='bbox 3605 589 3757 638; x_wconf 77' lang='grc' dir='ltr'>ἐστιν</span> 
     </span>
    </p>
   </div>
   <div class='ocr_carea' id='block_1_26' title="bbox 2177 675 3751 748">
    <p class='ocr_par' dir='ltr' id='par_1_26' title="bbox 2177 675 3751 748">
     <span class='ocr_line' id='line_1_26' title="bbox 2177 675 3751 748; baseline -0.001 -18"><span class='ocrx_word' id='word_1_178' title='bbox 2177 680 2206 730; x_wconf 83' lang='grc' dir='ltr'><strong>ὁ</strong></span> <span class='ocrx_word' id='word_1_179' title='bbox 2233 678 2444 748; x_wconf 81' lang='grc' dir='ltr'>τεχθεὶς</span> <span class='ocrx_word' id='word_1_180' title='bbox 2496 677 2751 746; x_wconf 75' lang='grc' dir='ltr'>βασιλεὺς</span> <span class='ocrx_word' id='word_1_181' title='bbox 2783 675 2910 736; x_wconf 78' lang='grc' dir='ltr'>,τῶν</span> <span class='ocrx_word' id='word_1_182' title='bbox 2966 675 3270 739; x_wconf 75' lang='grc' dir='ltr'>Ἰουδαίωνς</span> <span class='ocrx_word' id='word_1_183' title='bbox 3301 695 3320 728; x_wconf 76' lang='lat' dir='ltr'><strong>s</strong></span> <span class='ocrx_word' id='word_1_184' title='bbox 3365 676 3476 728; x_wconf 77' lang='grc' dir='ltr'><strong>Καὶ</strong></span> <span class='ocrx_word' id='word_1_185' title='bbox 3512 675 3600 730; x_wconf 76' lang='grc' dir='ltr'><strong>διὰ</strong></span> <span class='ocrx_word' id='word_1_186' title='bbox 3658 675 3751 730; x_wconf 73' lang='grc' dir='ltr'>τοῦ</span> 
     </span>
    </p>
   </div>
   <div class='ocr_carea' id='block_1_27' title="bbox 2179 765 3840 839">
    <p class='ocr_par' dir='ltr' id='par_1_27' title="bbox 2179 765 3840 839">
     <span class='ocr_line' id='line_1_27' title="bbox 2179 765 3840 839; baseline -0.006 -15"><span class='ocrx_word' id='word_1_187' title='bbox 2179 769 2414 839; x_wconf 77' lang='grc' dir='ltr'><strong>Μιχαίου</strong></span> <span class='ocrx_word' id='word_1_188' title='bbox 2447 769 2688 836; x_wconf 77' lang='grc' dir='ltr'>λέγεται,</span> <span class='ocrx_word' id='word_1_189' title='bbox 2725 786 2743 819; x_wconf 80' lang='grc' dir='ltr'><strong>ι</strong></span> <span class='ocrx_word' id='word_1_190' title='bbox 2775 769 2870 821; x_wconf 83' lang='grc' dir='ltr'><strong>Ἐκ</strong></span> <span class='ocrx_word' id='word_1_191' title='bbox 2893 767 2988 820; x_wconf 79' lang='grc' dir='ltr'>σοῦ</span> <span class='ocrx_word' id='word_1_192' title='bbox 3022 784 3110 836; x_wconf 88' lang='grc' dir='ltr'><strong>μοι</strong></span> <span class='ocrx_word' id='word_1_193' title='bbox 3135 765 3482 830; x_wconf 76' lang='grc' dir='ltr'>ἐξελεύσεται</span> <span class='ocrx_word' id='word_1_194' title='bbox 3511 765 3753 836; x_wconf 80' lang='grc' dir='ltr'>ἡγούμε-</span> <span class='ocrx_word' id='word_1_195' title='bbox 3829 803 3840 812; x_wconf 95' lang='grc'><strong>.</strong></span> 
     </span>
    </p>
   </div>
   <div class='ocr_carea' id='block_1_28' title="bbox 2179 856 3749 930">
    <p class='ocr_par' dir='ltr' id='par_1_28' title="bbox 2179 856 3749 930">
     <span class='ocr_line' id='line_1_28' title="bbox 2179 856 3749 930; baseline -0.003 -16"><span class='ocrx_word' id='word_1_196' title='bbox 2179 877 2269 924; x_wconf 85' lang='grc' dir='ltr'><strong>νος</strong></span> <span class='ocrx_word' id='word_1_197' title='bbox 2286 859 2380 912; x_wconf 79' lang='grc' dir='ltr'><strong>τοῦ</strong></span> <span class='ocrx_word' id='word_1_198' title='bbox 2415 856 2556 913; x_wconf 76' lang='grc' dir='ltr'>εἶναι</span> <span class='ocrx_word' id='word_1_199' title='bbox 2595 862 2674 924; x_wconf 89' lang='grc' dir='ltr'><strong>εἰς</strong></span> <span class='ocrx_word' id='word_1_200' title='bbox 2717 859 2955 930; x_wconf 78' lang='grc' dir='ltr'>ἄρχοντα</span> <span class='ocrx_word' id='word_1_201' title='bbox 2975 858 3054 930; x_wconf 84' lang='grc' dir='ltr'><strong>τῷ</strong></span> <span class='ocrx_word' id='word_1_202' title='bbox 3095 857 3334 928; x_wconf 82' lang='grc' dir='ltr'>Ἰσραήλ.</span> <span class='ocrx_word' id='word_1_203' title='bbox 3360 876 3379 910; x_wconf 73' lang='grc' dir='ltr'><strong>ι</strong></span> <span class='ocrx_word' id='word_1_204' title='bbox 3416 858 3584 928; x_wconf 81' lang='grc' dir='ltr'>Δῆλον</span> <span class='ocrx_word' id='word_1_205' title='bbox 3621 859 3749 928; x_wconf 84' lang='grc' dir='ltr'>γὰρ,</span> 
     </span>
    </p>
   </div>
   <div class='ocr_carea' id='block_1_29' title="bbox 2181 947 3754 1022">
    <p class='ocr_par' dir='ltr' id='par_1_29' title="bbox 2181 947 3754 1022">
     <span class='ocr_line' id='line_1_29' title="bbox 2181 947 3754 1022; baseline -0.002 -18"><span class='ocrx_word' id='word_1_206' title='bbox 2181 952 2264 1004; x_wconf 87' lang='grc' dir='ltr'><strong>δτι</strong></span> <span class='ocrx_word' id='word_1_207' title='bbox 2296 951 2365 1004; x_wconf 86' lang='grc' dir='ltr'><strong>τά</strong></span> <span class='ocrx_word' id='word_1_208' title='bbox 2385 950 2656 1021; x_wconf 86' lang='grc' dir='ltr'>λεγόμενα</span> <span class='ocrx_word' id='word_1_209' title='bbox 2707 952 2836 1022; x_wconf 73' lang='grc' dir='ltr'>περὶ</span> <span class='ocrx_word' id='word_1_210' title='bbox 2870 949 2988 1013; x_wconf 63' lang='lat' dir='ltr'><strong>sva;</strong></span> <span class='ocrx_word' id='word_1_211' title='bbox 3028 949 3192 1010; x_wconf 81' lang='grc' dir='ltr'>Θεοῦ,</span> <span class='ocrx_word' id='word_1_212' title='bbox 3221 947 3320 1020; x_wconf 82' lang='grc' dir='ltr'>τὴν</span> <span class='ocrx_word' id='word_1_213' title='bbox 3342 949 3400 1002; x_wconf 74' lang='grc' dir='ltr'>ὲν</span> <span class='ocrx_word' id='word_1_214' title='bbox 3427 949 3528 1019; x_wconf 79' lang='grc' dir='ltr'><strong>υἱῷ</strong></span> <span class='ocrx_word' id='word_1_215' title='bbox 3584 949 3754 1018; x_wconf 71' lang='grc' dir='ltr'>φανέ-</span> 
     </span>
    </p>
   </div>
   <div class='ocr_carea' id='block_1_30' title="bbox 2187 1041 3750 1116">
    <p class='ocr_par' dir='ltr' id='par_1_30' title="bbox 2187 1041 3750 1116">
     <span class='ocr_line' id='line_1_30' title="bbox 2187 1041 3750 1116; baseline 0.001 -20"><span class='ocrx_word' id='word_1_216' title='bbox 2187 1061 2353 1115; x_wconf 83' lang='grc' dir='ltr'>ρωσιν</span> <span class='ocrx_word' id='word_1_217' title='bbox 2379 1045 2514 1115; x_wconf 76' lang='grc' dir='ltr'>ἔχει,</span> <span class='ocrx_word' id='word_1_218' title='bbox 2545 1047 2640 1099; x_wconf 84' lang='grc' dir='ltr'><strong>τοῦ</strong></span> <span class='ocrx_word' id='word_1_219' title='bbox 2667 1044 2882 1116; x_wconf 78' lang='grc' dir='ltr'>Πατρὸς</span> <span class='ocrx_word' id='word_1_220' title='bbox 2911 1044 2969 1097; x_wconf 80' lang='grc' dir='ltr'>ὲν</span> <span class='ocrx_word' id='word_1_221' title='bbox 2997 1042 3148 1113; x_wconf 82' lang='grc' dir='ltr'>αὐτῷ</span> <span class='ocrx_word' id='word_1_222' title='bbox 3167 1041 3546 1114; x_wconf 82' lang='grc' dir='ltr'><strong>θεωρουμένου</strong></span> <span class='ocrx_word' id='word_1_223' title='bbox 3575 1059 3632 1096; x_wconf 89' lang='grc' dir='ltr'><strong>τε</strong></span> <span class='ocrx_word' id='word_1_224' title='bbox 3659 1045 3750 1098; x_wconf 67' lang='grc' dir='ltr'><strong>καὶ</strong></span> 
     </span>
    </p>
   </div>
   <div class='ocr_carea' id='block_1_31' title="bbox 2131 1135 2562 1206">
    <p class='ocr_par' dir='ltr' id='par_1_31' title="bbox 2131 1135 2562 1206">
     <span class='ocr_line' id='line_1_31' title="bbox 2131 1135 2562 1206; baseline 0.016 -23"><span class='ocrx_word' id='word_1_225' title='bbox 2131 1166 2150 1182; x_wconf 82' lang='lat'><strong>.</strong></span> <span class='ocrx_word' id='word_1_226' title='bbox 2181 1135 2562 1206; x_wconf 72' lang='grc' dir='ltr'>δοξαζομένου.</span> 
     </span>
    </p>
   </div>
   <div class='ocr_carea' id='block_1_32' title="bbox 2265 1223 3751 1294">
    <p class='ocr_par' dir='ltr' id='par_1_32' title="bbox 2265 1223 3751 1294">
     <span class='ocr_line' id='line_1_32' title="bbox 2265 1223 3751 1294; baseline 0.001 -16"><span class='ocrx_word' id='word_1_227' title='bbox 2265 1226 2408 1278; x_wconf 80' lang='grc' dir='ltr'><strong>Ἀπὸ</strong></span> <span class='ocrx_word' id='word_1_228' title='bbox 2454 1225 2700 1294; x_wconf 79' lang='grc' dir='ltr'><strong>Ἆραὸὼθ</strong></span> <span class='ocrx_word' id='word_1_229' title='bbox 2752 1224 2954 1280; x_wconf 76' lang='grc' dir='ltr'><strong>Μωάόο</strong></span> <span class='ocrx_word' id='word_1_230' title='bbox 3003 1223 3268 1287; x_wconf 77' lang='grc' dir='ltr'><strong>Ἀκύλας,</strong></span> <span class='ocrx_word' id='word_1_231' title='bbox 3325 1223 3427 1287; x_wconf 84' lang='grc' dir='ltr'><strong>τδ,</strong></span> <span class='ocrx_word' id='word_1_232' title='bbox 3473 1225 3751 1291; x_wconf 79' lang='grc' dir='ltr'>Ἄραϐὼθ,</span> 
     </span>
    </p>
   </div>
   <div class='ocr_carea' id='block_1_33' title="bbox 2189 1313 3752 1383">
    <p class='ocr_par' dir='ltr' id='par_1_33' title="bbox 2189 1313 3752 1383">
     <span class='ocr_line' id='line_1_33' title="bbox 2189 1313 3752 1383; baseline 0 -17"><span class='ocrx_word' id='word_1_233' title='bbox 2189 1332 2208 1366; x_wconf 75' lang='grc' dir='ltr'><strong>ι</strong></span> <span class='ocrx_word' id='word_1_234' title='bbox 2230 1313 2348 1368; x_wconf 78' lang='grc' dir='ltr'>ἀπὸ</span> <span class='ocrx_word' id='word_1_235' title='bbox 2374 1315 2616 1383; x_wconf 74' lang='grc' dir='ltr'>ὁμαλῶν</span> <span class='ocrx_word' id='word_1_236' title='bbox 2644 1335 2663 1368; x_wconf 72' lang='grc' dir='ltr'><strong>ι</strong></span> <span class='ocrx_word' id='word_1_237' title='bbox 2699 1315 2976 1381; x_wconf 81' lang='grc' dir='ltr'><strong>ἐξέδωκεν,</strong></span> <span class='ocrx_word' id='word_1_238' title='bbox 2998 1315 3026 1366; x_wconf 81' lang='grc' dir='ltr'>ὅ</span> <span class='ocrx_word' id='word_1_239' title='bbox 3043 1315 3208 1378; x_wconf 61' lang='grc' dir='ltr'>ἐστιν,</span> <span class='ocrx_word' id='word_1_240' title='bbox 3240 1313 3348 1365; x_wconf 82' lang='grc' dir='ltr'>ἀπὸ</span> <span class='ocrx_word' id='word_1_241' title='bbox 3361 1314 3460 1380; x_wconf 75' lang='grc' dir='ltr'>τῆς</span> <span class='ocrx_word' id='word_1_242' title='bbox 3487 1313 3752 1374; x_wconf 79' lang='grc' dir='ltr'><strong>πεδιάδος.</strong></span> 
     </span>
    </p>
   </div>
   <div class='ocr_carea' id='block_1_34' title="bbox 2185 1399 3752 1469">
    <p class='ocr_par' dir='ltr' id='par_1_34' title="bbox 2185 1399 3752 1469">
     <span class='ocr_line' id='line_1_34' title="bbox 2185 1399 3752 1469; baseline 0 -13"><span class='ocrx_word' id='word_1_243' title='bbox 2185 1401 2293 1456; x_wconf 83' lang='lat' dir='ltr'><strong>Kal</strong></span> <span class='ocrx_word' id='word_1_244' title='bbox 2311 1400 2544 1465; x_wconf 74' lang='grc' dir='ltr'>ἔδειξεν</span> <span class='ocrx_word' id='word_1_245' title='bbox 2569 1403 2729 1467; x_wconf 80' lang='grc' dir='ltr'>αὐτῷ</span> <span class='ocrx_word' id='word_1_246' title='bbox 2744 1403 2958 1468; x_wconf 82' lang='grc' dir='ltr'>Κύριος</span> <span class='ocrx_word' id='word_1_247' title='bbox 2981 1399 3188 1456; x_wconf 79' lang='grc' dir='ltr'>πᾶσαν</span> <span class='ocrx_word' id='word_1_248' title='bbox 3207 1400 3323 1467; x_wconf 78' lang='grc' dir='ltr'>τὴν</span> <span class='ocrx_word' id='word_1_249' title='bbox 3347 1399 3463 1469; x_wconf 75' lang='grc' dir='ltr'>γῆν</span> <span class='ocrx_word' id='word_1_250' title='bbox 3483 1403 3752 1456; x_wconf 71' lang='grc' dir='ltr'>Γαλαὰδ.</span> 
     </span>
    </p>
   </div>
   <div class='ocr_carea' id='block_1_35' title="bbox 2185 1492 3757 1565">
    <p class='ocr_par' dir='ltr' id='par_1_35' title="bbox 2185 1492 3757 1565">
     <span class='ocr_line' id='line_1_35' title="bbox 2185 1492 3757 1565; baseline -0.001 -20"><span class='ocrx_word' id='word_1_251' title='bbox 2185 1492 2386 1554; x_wconf 80' lang='grc' dir='ltr'>Καλῶς</span> <span class='ocrx_word' id='word_1_252' title='bbox 2421 1493 2500 1557; x_wconf 82' lang='grc' dir='ltr'><strong>τὸ,</strong></span> <span class='ocrx_word' id='word_1_253' title='bbox 2532 1494 2766 1560; x_wconf 79' lang='grc' dir='ltr'>Κύριος,</span> <span class='ocrx_word' id='word_1_254' title='bbox 2795 1492 3209 1565; x_wconf 83' lang='grc' dir='ltr'>προστέτακται.</span> <span class='ocrx_word' id='word_1_255' title='bbox 3272 1492 3614 1560; x_wconf 76' lang='grc' dir='ltr'>Σωματικοῖς</span> <span class='ocrx_word' id='word_1_256' title='bbox 3647 1493 3757 1561; x_wconf 62' lang='grc' dir='ltr'>γὰρ</span> 
     </span>
    </p>
   </div>
   <div class='ocr_carea' id='block_1_36' title="bbox 2187 1581 3760 1653">
    <p class='ocr_par' dir='ltr' id='par_1_36' title="bbox 2187 1581 3760 1653">
     <span class='ocr_line' id='line_1_36' title="bbox 2187 1581 3760 1653; baseline 0.001 -18"><span class='ocrx_word' id='word_1_257' title='bbox 2187 1582 2484 1653; x_wconf 76' lang='grc' dir='ltr'><strong>ὀφθαλμοῖς</strong></span> <span class='ocrx_word' id='word_1_258' title='bbox 2516 1583 2586 1636; x_wconf 75' lang='grc' dir='ltr'>τὰ.</span> <span class='ocrx_word' id='word_1_259' title='bbox 2616 1582 2870 1637; x_wconf 79' lang='grc' dir='ltr'>τοσοῦτον</span> <span class='ocrx_word' id='word_1_260' title='bbox 2905 1581 3166 1635; x_wconf 81' lang='grc' dir='ltr'><strong>διεστῶτα</strong></span> <span class='ocrx_word' id='word_1_261' title='bbox 3213 1582 3348 1652; x_wconf 78' lang='grc' dir='ltr'>ὁμοῦ</span> <span class='ocrx_word' id='word_1_262' title='bbox 3391 1583 3610 1653; x_wconf 76' lang='grc' dir='ltr'>βλέπειν</span> <span class='ocrx_word' id='word_1_263' title='bbox 3631 1583 3760 1638; x_wconf 74' lang='grc' dir='ltr'>ἀδύο</span> 
     </span>
    </p>
   </div>
   <div class='ocr_carea' id='block_1_37' title="bbox 2192 1662 2622 1726">
    <p class='ocr_par' dir='ltr' id='par_1_37' title="bbox 2192 1662 2622 1726">
     <span class='ocr_line' id='line_1_37' title="bbox 2192 1662 2622 1726; baseline 0.002 -1"><span class='ocrx_word' id='word_1_264' title='bbox 2192 1688 2371 1726; x_wconf 85' lang='grc' dir='ltr'>νατον.</span> <span class='ocrx_word' id='word_1_265' title='bbox 2606 1662 2622 1670; x_wconf 47' lang='grc'><strong><em>’</em></strong></span> 
     </span>
    </p>
   </div>
   <div class='ocr_carea' id='block_1_38' title="bbox 2259 1757 3760 1836">
    <p class='ocr_par' dir='ltr' id='par_1_38' title="bbox 2259 1757 3760 1836">
     <span class='ocr_line' id='line_1_38' title="bbox 2259 1757 3760 1836; baseline 0.003 -21"><span class='ocrx_word' id='word_1_266' title='bbox 2259 1764 2280 1788; x_wconf 79' lang='grc'><strong>⁹</strong></span> <span class='ocrx_word' id='word_1_267' title='bbox 2305 1763 2480 1835; x_wconf 86' lang='grc' dir='ltr'>Ὅπερ</span> <span class='ocrx_word' id='word_1_268' title='bbox 2504 1757 2660 1817; x_wconf 74' lang='grc' dir='ltr'>εἶπεν</span> <span class='ocrx_word' id='word_1_269' title='bbox 2699 1763 2973 1836; x_wconf 76' lang='grc' dir='ltr'>Ἑϐραίοις</span> <span class='ocrx_word' id='word_1_270' title='bbox 3009 1766 3342 1820; x_wconf 71' lang='grc' dir='ltr'>ἐπιστέλλων</span> <span class='ocrx_word' id='word_1_271' title='bbox 3371 1768 3400 1820; x_wconf 85' lang='grc' dir='ltr'>ὁ</span> <span class='ocrx_word' id='word_1_272' title='bbox 3426 1765 3567 1828; x_wconf 78' lang='grc' dir='ltr'>θεῖος</span> <span class='ocrx_word' id='word_1_273' title='bbox 3597 1767 3760 1820; x_wconf 77' lang='grc' dir='ltr'>’Δποο</span> 
     </span>
    </p>
   </div>
   <div class='ocr_carea' id='block_1_39' title="bbox 2187 1851 3760 1929">
    <p class='ocr_par' dir='ltr' id='par_1_39' title="bbox 2187 1851 3760 1929">
     <span class='ocr_line' id='line_1_39' title="bbox 2187 1851 3760 1929; baseline 0.004 -21"><span class='ocrx_word' id='word_1_274' title='bbox 2187 1851 2340 1918; x_wconf 82' lang='grc' dir='ltr'>τολος</span> <span class='ocrx_word' id='word_1_275' title='bbox 2367 1871 2382 1886; x_wconf 90' lang='grc'><strong>·</strong></span> <span class='ocrx_word' id='word_1_276' title='bbox 2422 1872 2442 1906; x_wconf 76' lang='grc' dir='ltr'><strong>ι</strong></span> <span class='ocrx_word' id='word_1_277' title='bbox 2476 1854 2636 1909; x_wconf 84' lang='grc' dir='ltr'>Κατά</span> <span class='ocrx_word' id='word_1_278' title='bbox 2662 1856 2845 1909; x_wconf 88' lang='grc' dir='ltr'>πίστιν</span> <span class='ocrx_word' id='word_1_279' title='bbox 2893 1857 3163 1912; x_wconf 80' lang='grc' dir='ltr'>ἀπέθανον</span> <span class='ocrx_word' id='word_1_280' title='bbox 3219 1852 3366 1912; x_wconf 72' lang='grc' dir='ltr'>οὗτοι</span> <span class='ocrx_word' id='word_1_281' title='bbox 3421 1859 3638 1923; x_wconf 81' lang='grc' dir='ltr'>πάντες,</span> <span class='ocrx_word' id='word_1_282' title='bbox 3685 1858 3760 1929; x_wconf 82' lang='grc' dir='ltr'>μὴ</span> 
     </span>
    </p>
   </div>
   <div class='ocr_carea' id='block_1_40' title="bbox 2190 1944 3764 2019">
    <p class='ocr_par' dir='ltr' id='par_1_40' title="bbox 2190 1944 3764 2019">
     <span class='ocr_line' id='line_1_40' title="bbox 2190 1944 3764 2019; baseline 0.003 -23"><span class='ocrx_word' id='word_1_283' title='bbox 2190 1944 2552 2015; x_wconf 81' lang='grc' dir='ltr'>κομισάμενοι</span> <span class='ocrx_word' id='word_1_284' title='bbox 2567 1945 2665 2008; x_wconf 83' lang='grc' dir='ltr'><strong>τὰς</strong></span> <span class='ocrx_word' id='word_1_285' title='bbox 2697 1947 3050 2014; x_wconf 72' lang='grc' dir='ltr'>ἐπαγγελίας,</span> <span class='ocrx_word' id='word_1_286' title='bbox 3081 1968 3103 2000; x_wconf 75' lang='grc' dir='ltr'><strong>ι.</strong></span> <span class='ocrx_word' id='word_1_287' title='bbox 3133 1948 3266 2002; x_wconf 87' lang='grc' dir='ltr'><strong>ἀλλά</strong></span> <span class='ocrx_word' id='word_1_288' title='bbox 3290 1947 3572 2019; x_wconf 68' lang='grc' dir='ltr'>πόρρωθεν</span> <span class='ocrx_word' id='word_1_289' title='bbox 3589 1949 3764 2012; x_wconf 79' lang='grc' dir='ltr'>αὐτὰς</span> 
     </span>
    </p>
   </div>
   <div class='ocr_carea' id='block_1_41' title="bbox 2195 2033 3762 2110">
    <p class='ocr_par' dir='ltr' id='par_1_41' title="bbox 2195 2033 3762 2110">
     <span class='ocr_line' id='line_1_41' title="bbox 2195 2033 3762 2110; baseline 0.003 -24"><span class='ocrx_word' id='word_1_290' title='bbox 2195 2033 2416 2099; x_wconf 74' lang='grc' dir='ltr'>ἰδόντες,</span> <span class='ocrx_word' id='word_1_291' title='bbox 2448 2035 2544 2088; x_wconf 77' lang='grc' dir='ltr'><strong>καὶ</strong></span> <span class='ocrx_word' id='word_1_292' title='bbox 2590 2036 2996 2108; x_wconf 82' lang='grc' dir='ltr'>ἀσπασάμενοι.</span> <span class='ocrx_word' id='word_1_293' title='bbox 3051 2037 3251 2110; x_wconf 85' lang='grc' dir='ltr'>(Ὅπερ</span> <span class='ocrx_word' id='word_1_294' title='bbox 3311 2037 3407 2090; x_wconf 75' lang='grc' dir='ltr'><strong>καὶ</strong></span> <span class='ocrx_word' id='word_1_295' title='bbox 3430 2039 3460 2090; x_wconf 80' lang='grc' dir='ltr'>ὁ</span> <span class='ocrx_word' id='word_1_296' title='bbox 3493 2036 3762 2108; x_wconf 80' lang='grc' dir='ltr'>μακάριος</span> 
     </span>
    </p>
   </div>
   <div class='ocr_carea' id='block_1_42' title="bbox 2191 2123 2756 2196">
    <p class='ocr_par' dir='ltr' id='par_1_42' title="bbox 2191 2123 2756 2196">
     <span class='ocr_line' id='line_1_42' title="bbox 2191 2123 2756 2196; baseline 0.009 -19"><span class='ocrx_word' id='word_1_297' title='bbox 2191 2123 2432 2178; x_wconf 82' lang='grc' dir='ltr'>πέπονθε</span> <span class='ocrx_word' id='word_1_298' title='bbox 2465 2125 2756 2196; x_wconf 80' lang='grc' dir='ltr'>Μωῦσῆς.)</span> 
     </span>
    </p>
   </div>
   <div class='ocr_carea' id='block_1_43' title="bbox 591 2195 3764 2289">
    <p class='ocr_par' dir='ltr' id='par_1_43' title="bbox 591 2195 3764 2289">
     <span class='ocr_line' id='line_1_43' title="bbox 591 2195 3764 2289; baseline 0.008 -39"><span class='ocrx_word' id='word_1_299' title='bbox 591 2195 661 2250; x_wconf 87' lang='lat' dir='ltr'><strong>Et</strong></span> <span class='ocrx_word' id='word_1_300' title='bbox 692 2206 930 2254; x_wconf 88' lang='lat' dir='ltr'><strong>mortuus</strong></span> <span class='ocrx_word' id='word_1_301' title='bbox 952 2206 1030 2253; x_wconf 83' lang='lat' dir='ltr'><strong>est</strong></span> <span class='ocrx_word' id='word_1_302' title='bbox 1063 2198 1242 2256; x_wconf 79' lang='lat' dir='ltr'><strong>Moses</strong></span> <span class='ocrx_word' id='word_1_303' title='bbox 1275 2200 1368 2256; x_wconf 89' lang='lat' dir='ltr'><strong>Dei</strong></span> <span class='ocrx_word' id='word_1_304' title='bbox 1388 2201 1642 2272; x_wconf 74' lang='lat' dir='ltr'><strong>famulus.</strong></span> <span class='ocrx_word' id='word_1_305' title='bbox 1667 2203 1772 2276; x_wconf 80' lang='lat'><strong>[5.]</strong></span> <span class='ocrx_word' id='word_1_306' title='bbox 1799 2203 1877 2262; x_wconf 78' lang='lat' dir='ltr'><strong>Ne</strong></span> <span class='ocrx_word' id='word_1_307' title='bbox 1907 2208 2034 2278; x_wconf 90' lang='lat' dir='ltr'><strong>quis</strong></span> <span class='ocrx_word' id='word_1_308' title='bbox 2071 2215 2480 2270; x_wconf 76' lang='lat' dir='ltr'><strong>conviciaretur</strong></span> <span class='ocrx_word' id='word_1_309' title='bbox 2509 2195 2766 2272; x_wconf 83' lang='lat' dir='ltr'><strong>sanctum</strong></span> <span class='ocrx_word' id='word_1_310' title='bbox 2801 2219 2976 2274; x_wconf 87' lang='lat' dir='ltr'><strong>virum</strong></span> <span class='ocrx_word' id='word_1_311' title='bbox 3000 2219 3159 2289; x_wconf 82' lang='lat' dir='ltr'><strong>quasi</strong></span> <span class='ocrx_word' id='word_1_312' title='bbox 3187 2219 3453 2276; x_wconf 89' lang='lat' dir='ltr'><strong>servitute</strong></span> <span class='ocrx_word' id='word_1_313' title='bbox 3489 2219 3582 2274; x_wconf 90' lang='lat' dir='ltr'><strong>Dei</strong></span> <span class='ocrx_word' id='word_1_314' title='bbox 3612 2221 3764 2276; x_wconf 82' lang='lat' dir='ltr'><strong>exei-</strong></span> 
     </span>
    </p>
   </div>
   <div class='ocr_carea' id='block_1_44' title="bbox 521 2283 2892 2364">
    <p class='ocr_par' dir='ltr' id='par_1_44' title="bbox 521 2283 2892 2364">
     <span class='ocr_line' id='line_1_44' title="bbox 521 2283 2892 2364; baseline 0.008 -24"><span class='ocrx_word' id='word_1_315' title='bbox 521 2283 719 2348; x_wconf 86' lang='lat' dir='ltr'><strong>disset,</strong></span> <span class='ocrx_word' id='word_1_316' title='bbox 744 2300 810 2340; x_wconf 87' lang='lat' dir='ltr'><strong>eo</strong></span> <span class='ocrx_word' id='word_1_317' title='bbox 837 2287 984 2356; x_wconf 89' lang='lat' dir='ltr'><strong>quod</strong></span> <span class='ocrx_word' id='word_1_318' title='bbox 1031 2302 1142 2342; x_wconf 91' lang='lat' dir='ltr'><strong>non</strong></span> <span class='ocrx_word' id='word_1_319' title='bbox 1173 2289 1460 2358; x_wconf 81' lang='lat' dir='ltr'><strong>ingressus</strong></span> <span class='ocrx_word' id='word_1_320' title='bbox 1483 2301 1566 2346; x_wconf 66' lang='lat' dir='ltr'><strong>est</strong></span> <span class='ocrx_word' id='word_1_321' title='bbox 1592 2292 1643 2345; x_wconf 91' lang='lat' dir='ltr'><strong>in</strong></span> <span class='ocrx_word' id='word_1_322' title='bbox 1677 2302 1907 2359; x_wconf 88' lang='lat' dir='ltr'><strong>terram,</strong></span> <span class='ocrx_word' id='word_1_323' title='bbox 1937 2311 2104 2364; x_wconf 88' lang='lat' dir='ltr'><strong>quam</strong></span> <span class='ocrx_word' id='word_1_324' title='bbox 2126 2315 2310 2356; x_wconf 86' lang='lat' dir='ltr'><strong>versus</strong></span> <span class='ocrx_word' id='word_1_325' title='bbox 2341 2301 2596 2358; x_wconf 86' lang='lat' dir='ltr'><strong>lsraelcm</strong></span> <span class='ocrx_word' id='word_1_326' title='bbox 2629 2303 2892 2359; x_wconf 82' lang='lat' dir='ltr'><strong>ducebat.</strong></span> 
     </span>
    </p>
   </div>
   <div class='ocr_carea' id='block_1_45' title="bbox 595 2373 2096 2456">
    <p class='ocr_par' dir='ltr' id='par_1_45' title="bbox 595 2373 2096 2456">
     <span class='ocr_line' id='line_1_45' title="bbox 595 2373 2096 2456; baseline 0.009 -29"><span class='ocrx_word' id='word_1_327' title='bbox 595 2373 665 2428; x_wconf 85' lang='lat' dir='ltr'><strong>Et</strong></span> <span class='ocrx_word' id='word_1_328' title='bbox 691 2375 1004 2445; x_wconf 70' lang='lat' dir='ltr'><strong>sepelierunt</strong></span> <span class='ocrx_word' id='word_1_329' title='bbox 1028 2393 1148 2432; x_wconf 87' lang='lat' dir='ltr'><strong>eum</strong></span> <span class='ocrx_word' id='word_1_330' title='bbox 1170 2394 1330 2448; x_wconf 82' lang='lat' dir='ltr'><strong>prope</strong></span> <span class='ocrx_word' id='word_1_331' title='bbox 1355 2377 1569 2434; x_wconf 75' lang='lat' dir='ltr'><strong>domum</strong></span> <span class='ocrx_word' id='word_1_332' title='bbox 1593 2381 1824 2452; x_wconf 79' lang='lat' dir='ltr'><strong>Pltogor.</strong></span> <span class='ocrx_word' id='word_1_333' title='bbox 1851 2381 1954 2456; x_wconf 75' lang='lat'><strong>[6.]</strong></span> <span class='ocrx_word' id='word_1_334' title='bbox 1975 2385 2096 2451; x_wconf 81' lang='lat' dir='ltr'><strong>Quo</strong></span> 
     </span>
    </p>
   </div>
   <div class='ocr_carea' id='block_1_46' title="bbox 521 2471 2094 2552">
    <p class='ocr_par' dir='ltr' id='par_1_46' title="bbox 521 2471 2094 2552">
     <span class='ocr_line' id='line_1_46' title="bbox 521 2471 2094 2552; baseline 0.005 -31"><span class='ocrx_word' id='word_1_335' title='bbox 521 2481 648 2525; x_wconf 85' lang='lat' dir='ltr'><strong>cum</strong></span> <span class='ocrx_word' id='word_1_336' title='bbox 689 2481 861 2538; x_wconf 83' lang='lat' dir='ltr'><strong>prope</strong></span> <span class='ocrx_word' id='word_1_337' title='bbox 889 2476 1060 2534; x_wconf 85' lang='lat' dir='ltr'><strong>esset,</strong></span> <span class='ocrx_word' id='word_1_338' title='bbox 1096 2471 1463 2540; x_wconf 89' lang='lat' dir='ltr'><strong>imposturam</strong></span> <span class='ocrx_word' id='word_1_339' title='bbox 1503 2471 1770 2528; x_wconf 73' lang='lat' dir='ltr'><strong>daemonis</strong></span> <span class='ocrx_word' id='word_1_340' title='bbox 1821 2475 2094 2552; x_wconf 73' lang='lat' dir='ltr'><strong>dissolve—</strong></span> 
     </span>
    </p>
   </div>
   <div class='ocr_carea' id='block_1_47' title="bbox 523 2557 2096 2639">
    <p class='ocr_par' dir='ltr' id='par_1_47' title="bbox 523 2557 2096 2639">
     <span class='ocr_line' id='line_1_47' title="bbox 523 2557 2096 2639; baseline 0.006 -27"><span class='ocrx_word' id='word_1_341' title='bbox 523 2565 632 2614; x_wconf 91' lang='lat' dir='ltr'><strong>ret.</strong></span> <span class='ocrx_word' id='word_1_342' title='bbox 685 2557 842 2625; x_wconf 89' lang='lat' dir='ltr'><strong>Item,</strong></span> <span class='ocrx_word' id='word_1_343' title='bbox 903 2566 964 2614; x_wconf 92' lang='lat' dir='ltr'><strong>ut</strong></span> <span class='ocrx_word' id='word_1_344' title='bbox 1023 2559 1243 2617; x_wconf 87' lang='lat' dir='ltr'><strong>lsraelis</strong></span> <span class='ocrx_word' id='word_1_345' title='bbox 1271 2563 1474 2618; x_wconf 68' lang='lat' dir='ltr'><strong>accolae</strong></span> <span class='ocrx_word' id='word_1_346' title='bbox 1518 2563 1890 2636; x_wconf 81' lang='lat' dir='ltr'><strong>legislatorem</strong></span> <span class='ocrx_word' id='word_1_347' title='bbox 1923 2567 2096 2639; x_wconf 88' lang='lat' dir='ltr'><strong>inspi-</strong></span> 
     </span>
    </p>
   </div>
   <div class='ocr_carea' id='block_1_48' title="bbox 522 2647 1562 2721">
    <p class='ocr_par' dir='ltr' id='par_1_48' title="bbox 522 2647 1562 2721">
     <span class='ocr_line' id='line_1_48' title="bbox 522 2647 1562 2721; baseline 0.006 -17"><span class='ocrx_word' id='word_1_348' title='bbox 522 2647 724 2707; x_wconf 83' lang='lat' dir='ltr'><strong>ciendu</strong></span> <span class='ocrx_word' id='word_1_349' title='bbox 741 2648 808 2706; x_wconf 89' lang='lat' dir='ltr'><strong>ad</strong></span> <span class='ocrx_word' id='word_1_350' title='bbox 839 2649 1093 2721; x_wconf 89' lang='lat' dir='ltr'><strong>pietatem</strong></span> <span class='ocrx_word' id='word_1_351' title='bbox 1137 2653 1562 2710; x_wconf 85' lang='lat' dir='ltr'><strong>instruerentur.</strong></span> 
     </span>
    </p>
   </div>
   <div class='ocr_carea' id='block_1_49' title="bbox 593 2739 2094 2818">
    <p class='ocr_par' dir='ltr' id='par_1_49' title="bbox 593 2739 2094 2818">
     <span class='ocr_line' id='line_1_49' title="bbox 593 2739 2094 2818; baseline 0.007 -23"><span class='ocrx_word' id='word_1_352' title='bbox 593 2739 708 2796; x_wconf 78' lang='lat' dir='ltr'><strong>Nec</strong></span> <span class='ocrx_word' id='word_1_353' title='bbox 727 2742 857 2798; x_wconf 81' lang='lat' dir='ltr'><strong>vidit</strong></span> <span class='ocrx_word' id='word_1_354' title='bbox 882 2745 1157 2814; x_wconf 80' lang='lat' dir='ltr'><strong>quisquam</strong></span> <span class='ocrx_word' id='word_1_355' title='bbox 1192 2745 1490 2814; x_wconf 84' lang='lat' dir='ltr'><strong>sepulcrum</strong></span> <span class='ocrx_word' id='word_1_356' title='bbox 1523 2748 1639 2818; x_wconf 86' lang='lat' dir='ltr'><strong>ejus</strong></span> <span class='ocrx_word' id='word_1_357' title='bbox 1672 2749 1742 2803; x_wconf 80' lang='lat' dir='ltr'><strong>ad</strong></span> <span class='ocrx_word' id='word_1_358' title='bbox 1773 2749 1909 2805; x_wconf 85' lang='lat' dir='ltr'><strong>hunc</strong></span> <span class='ocrx_word' id='word_1_359' title='bbox 1931 2766 2094 2816; x_wconf 80' lang='lat' dir='ltr'><strong>usque</strong></span> 
     </span>
    </p>
   </div>
   <div class='ocr_carea' id='block_1_50' title="bbox 523 2833 2093 2911">
    <p class='ocr_par' dir='ltr' id='par_1_50' title="bbox 523 2833 2093 2911">
     <span class='ocr_line' id='line_1_50' title="bbox 523 2833 2093 2911; baseline 0.005 -25"><span class='ocrx_word' id='word_1_360' title='bbox 523 2833 681 2888; x_wconf 74' lang='lat' dir='ltr'><strong>diem.</strong></span> <span class='ocrx_word' id='word_1_361' title='bbox 721 2833 912 2890; x_wconf 86' lang='lat' dir='ltr'><strong>Divina</strong></span> <span class='ocrx_word' id='word_1_362' title='bbox 961 2834 1330 2904; x_wconf 84' lang='lat' dir='ltr'><strong>dispositione</strong></span> <span class='ocrx_word' id='word_1_363' title='bbox 1399 2839 1504 2893; x_wconf 88' lang='lat' dir='ltr'><strong>hoc</strong></span> <span class='ocrx_word' id='word_1_364' title='bbox 1555 2855 1774 2911; x_wconf 89' lang='lat' dir='ltr'><strong>quoque</strong></span> <span class='ocrx_word' id='word_1_365' title='bbox 1843 2841 2093 2895; x_wconf 77' lang='lat' dir='ltr'><strong>factum:</strong></span> 
     </span>
    </p>
   </div>
   <div class='ocr_carea' id='block_1_51' title="bbox 2266 2391 3762 2467">
    <p class='ocr_par' dir='ltr' id='par_1_51' title="bbox 2266 2391 3762 2467">
     <span class='ocr_line' id='line_1_51' title="bbox 2266 2391 3762 2467; baseline 0.003 -21"><span class='ocrx_word' id='word_1_366' title='bbox 2266 2391 2377 2446; x_wconf 77' lang='lat' dir='ltr'><strong>Kal</strong></span> <span class='ocrx_word' id='word_1_367' title='bbox 2401 2393 2640 2462; x_wconf 77' lang='grc' dir='ltr'>ἔθαψαν</span> <span class='ocrx_word' id='word_1_368' title='bbox 2659 2395 2850 2449; x_wconf 79' lang='grc' dir='ltr'>αὐτὸν</span> <span class='ocrx_word' id='word_1_369' title='bbox 2895 2397 3072 2467; x_wconf 73' lang='grc' dir='ltr'>ἐγγὺς</span> <span class='ocrx_word' id='word_1_370' title='bbox 3125 2396 3297 2452; x_wconf 75' lang='grc' dir='ltr'>οἴκου</span> <span class='ocrx_word' id='word_1_371' title='bbox 3335 2395 3534 2464; x_wconf 78' lang='grc' dir='ltr'>Φογώρ</span> <span class='ocrx_word' id='word_1_372' title='bbox 3555 2411 3567 2426; x_wconf 89' lang='grc'><strong>·</strong></span> <span class='ocrx_word' id='word_1_373' title='bbox 3598 2395 3675 2460; x_wconf 82' lang='grc' dir='ltr'><strong>ὡς</strong></span> <span class='ocrx_word' id='word_1_374' title='bbox 3699 2397 3762 2450; x_wconf 79' lang='grc' dir='ltr'>ἂν</span> 
     </span>
    </p>
   </div>
   <div class='ocr_carea' id='block_1_52' title="bbox 2198 2481 3764 2557">
    <p class='ocr_par' dir='ltr' id='par_1_52' title="bbox 2198 2481 3764 2557">
     <span class='ocr_line' id='line_1_52' title="bbox 2198 2481 3764 2557; baseline 0.004 -23"><span class='ocrx_word' id='word_1_375' title='bbox 2198 2481 2433 2550; x_wconf 80' lang='grc' dir='ltr'>ὲγγίζων</span> <span class='ocrx_word' id='word_1_376' title='bbox 2482 2483 2762 2556; x_wconf 81' lang='grc' dir='ltr'>καταλύσῃ</span> <span class='ocrx_word' id='word_1_377' title='bbox 2814 2487 2914 2555; x_wconf 73' lang='grc' dir='ltr'>τὴν</span> <span class='ocrx_word' id='word_1_378' title='bbox 2958 2487 3051 2540; x_wconf 83' lang='grc' dir='ltr'>τοῦ</span> <span class='ocrx_word' id='word_1_379' title='bbox 3101 2487 3352 2557; x_wconf 79' lang='grc' dir='ltr'>δαίμονος</span> <span class='ocrx_word' id='word_1_380' title='bbox 3391 2486 3620 2556; x_wconf 66' lang='grc' dir='ltr'>πλάνην.</span> <span class='ocrx_word' id='word_1_381' title='bbox 3657 2488 3764 2542; x_wconf 79' lang='grc' dir='ltr'><strong>Καὶ</strong></span> 
     </span>
    </p>
   </div>
   <div class='ocr_carea' id='block_1_53' title="bbox 2199 2569 3762 2646">
    <p class='ocr_par' dir='ltr' id='par_1_53' title="bbox 2199 2569 3762 2646">
     <span class='ocr_line' id='line_1_53' title="bbox 2199 2569 3762 2646; baseline 0.004 -25"><span class='ocrx_word' id='word_1_382' title='bbox 2199 2571 2247 2621; x_wconf 88' lang='grc' dir='ltr'>οἱ</span> <span class='ocrx_word' id='word_1_383' title='bbox 2279 2569 2697 2640; x_wconf 79' lang='grc' dir='ltr'>προσοικοῦντες</span> <span class='ocrx_word' id='word_1_384' title='bbox 2757 2572 2814 2626; x_wconf 80' lang='grc' dir='ltr'>δὲ</span> <span class='ocrx_word' id='word_1_385' title='bbox 2867 2573 2961 2627; x_wconf 76' lang='grc' dir='ltr'>τοῦ</span> <span class='ocrx_word' id='word_1_386' title='bbox 3009 2575 3225 2646; x_wconf 86' lang='grc' dir='ltr'>Ἰσραὴλ</span> <span class='ocrx_word' id='word_1_387' title='bbox 3251 2577 3332 2638; x_wconf 81' lang='grc' dir='ltr'><strong>είς</strong></span> <span class='ocrx_word' id='word_1_388' title='bbox 3351 2575 3442 2628; x_wconf 80' lang='grc' dir='ltr'>τὸν</span> <span class='ocrx_word' id='word_1_389' title='bbox 3468 2574 3762 2646; x_wconf 73' lang='grc' dir='ltr'>νομοθέτην</span> 
     </span>
    </p>
   </div>
   <div class='ocr_carea' id='block_1_54' title="bbox 2199 2659 3372 2736">
    <p class='ocr_par' dir='ltr' id='par_1_54' title="bbox 2199 2659 3372 2736">
     <span class='ocr_line' id='line_1_54' title="bbox 2199 2659 3372 2736; baseline 0.007 -24"><span class='ocrx_word' id='word_1_390' title='bbox 2199 2659 2456 2731; x_wconf 83' lang='grc' dir='ltr'>ὁρῶντες,</span> <span class='ocrx_word' id='word_1_391' title='bbox 2487 2663 2924 2727; x_wconf 73' lang='grc' dir='ltr'>ἀπεσκευάζοντο</span> <span class='ocrx_word' id='word_1_392' title='bbox 2955 2666 3055 2736; x_wconf 82' lang='grc' dir='ltr'>τὴν</span> <span class='ocrx_word' id='word_1_393' title='bbox 3094 2665 3372 2720; x_wconf 82' lang='grc' dir='ltr'>ἀσέϐειαν.</span> 
     </span>
    </p>
   </div>
   <div class='ocr_carea' id='block_1_55' title="bbox 2269 2751 3765 2826">
    <p class='ocr_par' dir='ltr' id='par_1_55' title="bbox 2269 2751 3765 2826">
     <span class='ocr_line' id='line_1_55' title="bbox 2269 2751 3765 2826; baseline 0.004 -21"><span class='ocrx_word' id='word_1_394' title='bbox 2269 2752 2383 2806; x_wconf 84' lang='lat' dir='ltr'><strong>Kal</strong></span> <span class='ocrx_word' id='word_1_395' title='bbox 2405 2755 2518 2808; x_wconf 84' lang='grc' dir='ltr'><strong>οὐκ</strong></span> <span class='ocrx_word' id='word_1_396' title='bbox 2538 2751 2700 2809; x_wconf 72' lang='grc' dir='ltr'>εἶδεν</span> <span class='ocrx_word' id='word_1_397' title='bbox 2719 2755 2924 2823; x_wconf 71' lang='grc' dir='ltr'>οὐδεὶς,</span> <span class='ocrx_word' id='word_1_398' title='bbox 2943 2756 3058 2824; x_wconf 77' lang='grc' dir='ltr'>τὴν</span> <span class='ocrx_word' id='word_1_399' title='bbox 3075 2756 3278 2826; x_wconf 72' lang='grc' dir='ltr'>ταφὴν</span> <span class='ocrx_word' id='word_1_400' title='bbox 3305 2756 3492 2811; x_wconf 80' lang='grc' dir='ltr'>αὐτοῦ</span> <span class='ocrx_word' id='word_1_401' title='bbox 3518 2757 3633 2823; x_wconf 75' lang='grc' dir='ltr'>ἕως</span> <span class='ocrx_word' id='word_1_402' title='bbox 3659 2755 3765 2824; x_wconf 75' lang='grc' dir='ltr'>τῆς</span> 
     </span>
    </p>
   </div>
   <div class='ocr_carea' id='block_1_56' title="bbox 2197 2842 3766 2918">
    <p class='ocr_par' dir='ltr' id='par_1_56' title="bbox 2197 2842 3766 2918">
     <span class='ocr_line' id='line_1_56' title="bbox 2197 2842 3766 2918; baseline 0.003 -20"><span class='ocrx_word' id='word_1_403' title='bbox 2197 2842 2425 2912; x_wconf 78' lang='grc' dir='ltr'>ἡμέρας</span> <span class='ocrx_word' id='word_1_404' title='bbox 2442 2846 2682 2913; x_wconf 83' lang='grc' dir='ltr'>ταύτης.</span> <span class='ocrx_word' id='word_1_405' title='bbox 2712 2847 3040 2917; x_wconf 74' lang='grc' dir='ltr'>Οἰκονομίας</span> <span class='ocrx_word' id='word_1_406' title='bbox 3071 2849 3175 2908; x_wconf 79' lang='grc' dir='ltr'>καὶ,</span> <span class='ocrx_word' id='word_1_407' title='bbox 3196 2847 3355 2902; x_wconf 79' lang='grc' dir='ltr'>τοῦτο</span> <span class='ocrx_word' id='word_1_408' title='bbox 3382 2848 3540 2908; x_wconf 83' lang='grc' dir='ltr'>Θεοῦ.</span> <span class='ocrx_word' id='word_1_409' title='bbox 3571 2852 3766 2918; x_wconf 79' lang='grc' dir='ltr'>μήπως</span> 
     </span>
    </p>
   </div>
   <div class='ocr_carea' id='block_1_57' title="bbox 524 2924 2088 3009">
    <p class='ocr_par' dir='ltr' id='par_1_57' title="bbox 524 2924 2088 2998">
     <span class='ocr_line' id='line_1_57' title="bbox 524 2924 2088 2998; baseline 0.004 -18"><span class='ocrx_word' id='word_1_410' title='bbox 524 2939 590 2981; x_wconf 89' lang='lat' dir='ltr'><strong>ne</strong></span> <span class='ocrx_word' id='word_1_411' title='bbox 645 2924 788 2982; x_wconf 84' lang='lat' dir='ltr'><strong>forte</strong></span> <span class='ocrx_word' id='word_1_412' title='bbox 839 2943 966 2982; x_wconf 91' lang='lat' dir='ltr'><strong>eum</strong></span> <span class='ocrx_word' id='word_1_413' title='bbox 1035 2929 1406 2998; x_wconf 85' lang='lat' dir='ltr'><strong>suspicientes</strong></span> <span class='ocrx_word' id='word_1_414' title='bbox 1467 2931 1780 2986; x_wconf 88' lang='lat' dir='ltr'><strong>adorarent.</strong></span> <span class='ocrx_word' id='word_1_415' title='bbox 1843 2931 1954 2986; x_wconf 91' lang='lat' dir='ltr'><strong>lmo</strong></span> <span class='ocrx_word' id='word_1_416' title='bbox 1999 2949 2088 2986; x_wconf 79' lang='lat' dir='ltr'><strong>nec</strong></span> 
     </span>
    </p>
   </div>
   <div class='ocr_carea' id='block_1_58' title="bbox 2189 2924 3765 3009">
    <p class='ocr_par' dir='ltr' id='par_1_58' title="bbox 2198 2933 3765 3009">
     <span class='ocr_line' id='line_1_58' title="bbox 2198 2933 3765 3009; baseline 0.004 -23"><span class='ocrx_word' id='word_1_417' title='bbox 2198 2933 2361 2987; x_wconf 75' lang='grc' dir='ltr'>αὐτὸν</span> <span class='ocrx_word' id='word_1_418' title='bbox 2391 2935 2926 3008; x_wconf 79' lang='grc' dir='ltr'>ὐπερθαυμάζοντες,</span> <span class='ocrx_word' id='word_1_419' title='bbox 2965 2939 3419 3009; x_wconf 82' lang='grc' dir='ltr'>προσκυνήσωσιν</span> <span class='ocrx_word' id='word_1_420' title='bbox 3444 2956 3460 2972; x_wconf 83' lang='grc'><em>’</em></span> <span class='ocrx_word' id='word_1_421' title='bbox 3505 2939 3622 2992; x_wconf 85' lang='grc' dir='ltr'>ἀλλ’</span> <span class='ocrx_word' id='word_1_422' title='bbox 3647 2939 3765 2992; x_wconf 73' lang='grc' dir='ltr'>οὐδὲ</span> 
     </span>
    </p>
   </div>
   <div class='ocr_carea' id='block_1_59' title="bbox 525 3021 2070 3094">
    <p class='ocr_par' dir='ltr' id='par_1_59' title="bbox 525 3021 2070 3094">
     <span class='ocr_line' id='line_1_59' title="bbox 525 3021 2070 3094; baseline 0.006 -24"><span class='ocrx_word' id='word_1_423' title='bbox 525 3025 846 3073; x_wconf 82' lang='lat' dir='ltr'><strong>sanctorum</strong></span> <span class='ocrx_word' id='word_1_424' title='bbox 903 3033 1053 3074; x_wconf 84' lang='lat' dir='ltr'><strong>mors</strong></span> <span class='ocrx_word' id='word_1_425' title='bbox 1079 3022 1146 3074; x_wconf 85' lang='lat' dir='ltr'><strong>ab</strong></span> <span class='ocrx_word' id='word_1_426' title='bbox 1179 3021 1500 3077; x_wconf 80' lang='lat' dir='ltr'><strong>hominibus</strong></span> <span class='ocrx_word' id='word_1_427' title='bbox 1547 3024 1928 3087; x_wconf 85' lang='lat' dir='ltr'><strong>antevertitur,</strong></span> <span class='ocrx_word' id='word_1_428' title='bbox 1977 3041 2070 3094; x_wconf 84' lang='lat' dir='ltr'><strong>pre</strong></span> 
     </span>
    </p>
   </div>
   <div class='ocr_carea' id='block_1_60' title="bbox 2195 3025 3767 3099">
    <p class='ocr_par' dir='ltr' id='par_1_60' title="bbox 2195 3025 3767 3099">
     <span class='ocr_line' id='line_1_60' title="bbox 2195 3025 3767 3099; baseline 0.003 -23"><span class='ocrx_word' id='word_1_429' title='bbox 2195 3025 2305 3077; x_wconf 83' lang='grc' dir='ltr'><strong>τῶν</strong></span> <span class='ocrx_word' id='word_1_430' title='bbox 2333 3025 2504 3094; x_wconf 84' lang='grc' dir='ltr'>ἁγίων</span> <span class='ocrx_word' id='word_1_431' title='bbox 2541 3029 2571 3080; x_wconf 82' lang='grc' dir='ltr'><strong>ὁ</strong></span> <span class='ocrx_word' id='word_1_432' title='bbox 2610 3026 2841 3092; x_wconf 83' lang='grc' dir='ltr'>θάνατος</span> <span class='ocrx_word' id='word_1_433' title='bbox 2881 3030 2994 3092; x_wconf 85' lang='grc' dir='ltr'>τοῖς</span> <span class='ocrx_word' id='word_1_434' title='bbox 3027 3028 3336 3099; x_wconf 76' lang='grc' dir='ltr'>ἀνθρώποις</span> <span class='ocrx_word' id='word_1_435' title='bbox 3355 3027 3767 3097; x_wconf 76' lang='grc' dir='ltr'>καταλαμϐάνε-</span> 
     </span>
    </p>
   </div>
   <div class='ocr_carea' id='block_1_61' title="bbox 526 3107 2088 3190">
    <p class='ocr_par' dir='ltr' id='par_1_61' title="bbox 526 3107 2088 3178">
     <span class='ocr_line' id='line_1_61' title="bbox 526 3107 2088 3178; baseline 0.004 -18"><span class='ocrx_word' id='word_1_436' title='bbox 526 3107 667 3162; x_wconf 87' lang='lat' dir='ltr'><strong>tiosa</strong></span> <span class='ocrx_word' id='word_1_437' title='bbox 705 3111 850 3162; x_wconf 86' lang='lat' dir='ltr'><strong>enim</strong></span> <span class='ocrx_word' id='word_1_438' title='bbox 879 3123 1066 3162; x_wconf 85' lang='lat' dir='ltr'><strong>coram</strong></span> <span class='ocrx_word' id='word_1_439' title='bbox 1100 3108 1210 3164; x_wconf 88' lang='lat' dir='ltr'><strong>Deo</strong></span> <span class='ocrx_word' id='word_1_440' title='bbox 1236 3119 1320 3166; x_wconf 86' lang='lat' dir='ltr'><strong>est</strong></span> <span class='ocrx_word' id='word_1_441' title='bbox 1357 3112 1425 3164; x_wconf 83' lang='lat'><strong>&quot;.</strong></span> <span class='ocrx_word' id='word_1_442' title='bbox 1459 3111 1693 3178; x_wconf 84' lang='lat' dir='ltr'><strong>Quidam</strong></span> <span class='ocrx_word' id='word_1_443' title='bbox 1717 3131 1844 3169; x_wconf 84' lang='lat' dir='ltr'><strong>vero</strong></span> <span class='ocrx_word' id='word_1_444' title='bbox 1873 3114 2088 3169; x_wconf 88' lang='lat' dir='ltr'><strong>tradunt</strong></span> 
     </span>
    </p>
   </div>
   <div class='ocr_carea' id='block_1_62' title="bbox 2189 3107 3764 3190">
    <p class='ocr_par' dir='ltr' id='par_1_62' title="bbox 2210 3115 3764 3190">
     <span class='ocr_line' id='line_1_62' title="bbox 2210 3115 3764 3190; baseline 0.002 -23"><span class='ocrx_word' id='word_1_445' title='bbox 2210 3132 2322 3180; x_wconf 79' lang='grc' dir='ltr'>ται,</span> <span class='ocrx_word' id='word_1_446' title='bbox 2347 3116 2530 3184; x_wconf 88' lang='grc' dir='ltr'>τίμιος</span> <span class='ocrx_word' id='word_1_447' title='bbox 2585 3119 2662 3172; x_wconf 80' lang='grc' dir='ltr'>ὢν</span> <span class='ocrx_word' id='word_1_448' title='bbox 2707 3119 2888 3172; x_wconf 81' lang='grc' dir='ltr'>ἔναντι</span> <span class='ocrx_word' id='word_1_449' title='bbox 2923 3119 3150 3190; x_wconf 83' lang='grc' dir='ltr'>Κυρίου.</span> <span class='ocrx_word' id='word_1_450' title='bbox 3179 3115 3288 3178; x_wconf 82' lang='grc' dir='ltr'>Ἦν</span> <span class='ocrx_word' id='word_1_451' title='bbox 3321 3119 3400 3181; x_wconf 81' lang='grc' dir='ltr'>δὲ,</span> <span class='ocrx_word' id='word_1_452' title='bbox 3431 3120 3564 3188; x_wconf 82' lang='grc' dir='ltr'>φασί</span> <span class='ocrx_word' id='word_1_453' title='bbox 3602 3134 3764 3182; x_wconf 80' lang='grc' dir='ltr'>τινες,</span> 
     </span>
    </p>
   </div>
   <div class='ocr_carea' id='block_1_63' title="bbox 524 3195 2088 3286">
    <p class='ocr_par' dir='ltr' id='par_1_63' title="bbox 524 3195 2088 3270">
     <span class='ocr_line' id='line_1_63' title="bbox 524 3195 2088 3270; baseline 0.003 -20"><span class='ocrx_word' id='word_1_454' title='bbox 524 3210 556 3250; x_wconf 86' lang='lat' dir='ltr'><strong>a</strong></span> <span class='ocrx_word' id='word_1_455' title='bbox 588 3195 791 3265; x_wconf 89' lang='lat' dir='ltr'><strong>spiritu</strong></span> <span class='ocrx_word' id='word_1_456' title='bbox 844 3197 1012 3254; x_wconf 80' lang='lat' dir='ltr'><strong>illusis</strong></span> <span class='ocrx_word' id='word_1_457' title='bbox 1062 3213 1264 3270; x_wconf 89' lang='lat' dir='ltr'><strong>corpus</strong></span> <span class='ocrx_word' id='word_1_458' title='bbox 1316 3209 1747 3256; x_wconf 88' lang='lat' dir='ltr'><strong>transmutatum</strong></span> <span class='ocrx_word' id='word_1_459' title='bbox 1809 3221 1952 3258; x_wconf 81' lang='lat' dir='ltr'><strong>esse.</strong></span> <span class='ocrx_word' id='word_1_460' title='bbox 1993 3204 2088 3268; x_wconf 82' lang='lat' dir='ltr'><strong>Qui</strong></span> 
     </span>
    </p>
   </div>
   <div class='ocr_carea' id='block_1_64' title="bbox 2189 3195 3766 3286">
    <p class='ocr_par' dir='ltr' id='par_1_64' title="bbox 2203 3207 3766 3282">
     <span class='ocr_line' id='line_1_64' title="bbox 2203 3207 3766 3282; baseline 0.001 -23"><span class='ocrx_word' id='word_1_461' title='bbox 2203 3209 2298 3260; x_wconf 76' lang='grc' dir='ltr'><strong>καὶ</strong></span> <span class='ocrx_word' id='word_1_462' title='bbox 2379 3210 2824 3278; x_wconf 77' lang='grc' dir='ltr'>μετασκευασθὲν</span> <span class='ocrx_word' id='word_1_463' title='bbox 2872 3211 2933 3264; x_wconf 79' lang='grc' dir='ltr'>τὸ</span> <span class='ocrx_word' id='word_1_464' title='bbox 3004 3210 3164 3282; x_wconf 77' lang='grc' dir='ltr'>σῶμα</span> <span class='ocrx_word' id='word_1_465' title='bbox 3192 3211 3470 3273; x_wconf 78' lang='grc' dir='ltr'>Μωῦσὲως</span> <span class='ocrx_word' id='word_1_466' title='bbox 3522 3209 3628 3263; x_wconf 77' lang='grc' dir='ltr'><strong>ὑπὸ</strong></span> <span class='ocrx_word' id='word_1_467' title='bbox 3675 3207 3766 3260; x_wconf 81' lang='grc' dir='ltr'>τοῦ</span> 
     </span>
    </p>
   </div>
   <div class='ocr_carea' id='block_1_65' title="bbox 525 3287 2094 3363">
    <p class='ocr_par' dir='ltr' id='par_1_65' title="bbox 525 3287 2094 3363">
     <span class='ocr_line' id='line_1_65' title="bbox 525 3287 2094 3363; baseline 0.003 -21"><span class='ocrx_word' id='word_1_468' title='bbox 525 3287 690 3342; x_wconf 83' lang='lat' dir='ltr'><strong>enim-</strong></span> <span class='ocrx_word' id='word_1_469' title='bbox 706 3287 810 3343; x_wconf 87' lang='lat' dir='ltr'><strong>sibi</strong></span> <span class='ocrx_word' id='word_1_470' title='bbox 837 3291 1086 3344; x_wconf 86' lang='lat' dir='ltr'><strong>constitit</strong></span> <span class='ocrx_word' id='word_1_471' title='bbox 1113 3307 1239 3346; x_wconf 89' lang='lat' dir='ltr'><strong>cutn</strong></span> <span class='ocrx_word' id='word_1_472' title='bbox 1273 3293 1638 3363; x_wconf 82' lang='lat' dir='ltr'><strong>quadraginta</strong></span> <span class='ocrx_word' id='word_1_473' title='bbox 1683 3295 1800 3350; x_wconf 85' lang='lat' dir='ltr'><strong>dies</strong></span> <span class='ocrx_word' id='word_1_474' title='bbox 1829 3311 1928 3350; x_wconf 87' lang='lat' dir='ltr'><strong>nec</strong></span> <span class='ocrx_word' id='word_1_475' title='bbox 1957 3296 2094 3357; x_wconf 85' lang='lat' dir='ltr'><strong>edit,</strong></span> 
     </span>
    </p>
   </div>
   <div class='ocr_carea' id='block_1_66' title="bbox 525 3377 2094 3454">
    <p class='ocr_par' dir='ltr' id='par_1_66' title="bbox 525 3377 2094 3454">
     <span class='ocr_line' id='line_1_66' title="bbox 525 3377 2094 3454; baseline 0.004 -22"><span class='ocrx_word' id='word_1_476' title='bbox 525 3391 628 3432; x_wconf 82' lang='lat' dir='ltr'><strong>nec</strong></span> <span class='ocrx_word' id='word_1_477' title='bbox 655 3377 812 3444; x_wconf 88' lang='lat' dir='ltr'><strong>bibit,</strong></span> <span class='ocrx_word' id='word_1_478' title='bbox 843 3395 946 3434; x_wconf 88' lang='lat' dir='ltr'><strong>nec</strong></span> <span class='ocrx_word' id='word_1_479' title='bbox 986 3381 1263 3447; x_wconf 84' lang='lat' dir='ltr'><strong>dormivit,</strong></span> <span class='ocrx_word' id='word_1_480' title='bbox 1285 3385 1556 3454; x_wconf 77' lang='lat' dir='ltr'><strong>siquidem</strong></span> <span class='ocrx_word' id='word_1_481' title='bbox 1582 3387 1744 3439; x_wconf 84' lang='lat' dir='ltr'><strong>homo</strong></span> <span class='ocrx_word' id='word_1_482' title='bbox 1773 3385 2094 3453; x_wconf 85' lang='lat' dir='ltr'><strong>permansit?</strong></span> 
     </span>
    </p>
   </div>
   <div class='ocr_carea' id='block_1_67' title="bbox 526 3469 2093 3547">
    <p class='ocr_par' dir='ltr' id='par_1_67' title="bbox 526 3469 2093 3547">
     <span class='ocr_line' id='line_1_67' title="bbox 526 3469 2093 3547; baseline 0.005 -24"><span class='ocrx_word' id='word_1_483' title='bbox 526 3469 593 3523; x_wconf 84' lang='lat' dir='ltr'><strong>Et</strong></span> <span class='ocrx_word' id='word_1_484' title='bbox 623 3470 880 3539; x_wconf 79' lang='lat' dir='ltr'><strong>quoniam</strong></span> <span class='ocrx_word' id='word_1_485' title='bbox 928 3471 1246 3543; x_wconf 87' lang='lat' dir='ltr'><strong>bujusmodi</strong></span> <span class='ocrx_word' id='word_1_486' title='bbox 1303 3491 1503 3547; x_wconf 81' lang='lat' dir='ltr'><strong>corpus</strong></span> <span class='ocrx_word' id='word_1_487' title='bbox 1563 3477 1740 3546; x_wconf 90' lang='lat' dir='ltr'><strong>ipsius</strong></span> <span class='ocrx_word' id='word_1_488' title='bbox 1775 3476 1900 3542; x_wconf 83' lang='lat' dir='ltr'><strong>fuit,</strong></span> <span class='ocrx_word' id='word_1_489' title='bbox 1933 3492 2093 3532; x_wconf 84' lang='lat' dir='ltr'><strong>nemo</strong></span> 
     </span>
    </p>
   </div>
   <div class='ocr_carea' id='block_1_68' title="bbox 527 3560 1645 3638">
    <p class='ocr_par' dir='ltr' id='par_1_68' title="bbox 527 3560 1645 3638">
     <span class='ocr_line' id='line_1_68' title="bbox 527 3560 1645 3638; baseline 0.011 -24"><span class='ocrx_word' id='word_1_490' title='bbox 527 3560 609 3615; x_wconf 85' lang='lat' dir='ltr'><strong>vcl</strong></span> <span class='ocrx_word' id='word_1_491' title='bbox 636 3563 948 3634; x_wconf 87' lang='lat' dir='ltr'><strong>sepulcrum</strong></span> <span class='ocrx_word' id='word_1_492' title='bbox 979 3565 1098 3635; x_wconf 70' lang='lat' dir='ltr'><strong>ejus</strong></span> <span class='ocrx_word' id='word_1_493' title='bbox 1121 3569 1398 3638; x_wconf 79' lang='lat' dir='ltr'><strong>cognitum</strong></span> <span class='ocrx_word' id='word_1_494' title='bbox 1431 3567 1645 3626; x_wconf 85' lang='lat' dir='ltr'><strong>habuit.</strong></span> 
     </span>
    </p>
   </div>
   <div class='ocr_carea' id='block_1_69' title="bbox 2203 3295 3766 3371">
    <p class='ocr_par' dir='ltr' id='par_1_69' title="bbox 2203 3295 3766 3371">
     <span class='ocr_line' id='line_1_69' title="bbox 2203 3295 3766 3371; baseline -0.001 -21"><span class='ocrx_word' id='word_1_495' title='bbox 2203 3296 2536 3368; x_wconf 81' lang='grc' dir='ltr'>Πνεύματος.</span> <span class='ocrx_word' id='word_1_496' title='bbox 2592 3299 2716 3362; x_wconf 82' lang='grc' dir='ltr'>Πῶς</span> <span class='ocrx_word' id='word_1_497' title='bbox 2775 3302 2883 3371; x_wconf 84' lang='grc' dir='ltr'><strong>γάρ</strong></span> <span class='ocrx_word' id='word_1_498' title='bbox 2928 3300 3148 3370; x_wconf 79' lang='grc' dir='ltr'>ἀνέστη,</span> <span class='ocrx_word' id='word_1_499' title='bbox 3203 3301 3288 3367; x_wconf 76' lang='grc' dir='ltr'><strong>ἐφ’</strong></span> <span class='ocrx_word' id='word_1_500' title='bbox 3354 3297 3566 3368; x_wconf 59' lang='grc' dir='ltr'>ἡμέρας</span> <span class='ocrx_word' id='word_1_501' title='bbox 3615 3303 3667 3366; x_wconf 84' lang='grc' dir='ltr'>μ’</span> <span class='ocrx_word' id='word_1_502' title='bbox 3695 3295 3766 3366; x_wconf 75' lang='grc' dir='ltr'>μὴ</span> 
     </span>
    </p>
   </div>
   <div class='ocr_carea' id='block_1_70' title="bbox 2202 3387 3766 3460">
    <p class='ocr_par' dir='ltr' id='par_1_70' title="bbox 2202 3387 3766 3460">
     <span class='ocr_line' id='line_1_70' title="bbox 2202 3387 3766 3460; baseline -0.007 -13"><span class='ocrx_word' id='word_1_503' title='bbox 2202 3387 2410 3456; x_wconf 79' lang='grc' dir='ltr'>φαγὼν,</span> <span class='ocrx_word' id='word_1_504' title='bbox 2455 3389 2530 3458; x_wconf 80' lang='grc' dir='ltr'>μὴ</span> <span class='ocrx_word' id='word_1_505' title='bbox 2594 3388 2754 3456; x_wconf 83' lang='grc' dir='ltr'>πιὼν,</span> <span class='ocrx_word' id='word_1_506' title='bbox 2837 3391 2912 3460; x_wconf 73' lang='grc' dir='ltr'>μὴ</span> <span class='ocrx_word' id='word_1_507' title='bbox 2971 3390 3336 3460; x_wconf 79' lang='grc' dir='ltr'>καθευδὴσας,</span> <span class='ocrx_word' id='word_1_508' title='bbox 3366 3387 3524 3458; x_wconf 73' lang='grc' dir='ltr'>εἴπερ</span> <span class='ocrx_word' id='word_1_509' title='bbox 3559 3387 3766 3456; x_wconf 73' lang='grc' dir='ltr'>ἔμεινεν</span> 
     </span>
    </p>
   </div>
   <div class='ocr_carea' id='block_1_71' title="bbox 2199 3477 3767 3552">
    <p class='ocr_par' dir='ltr' id='par_1_71' title="bbox 2199 3477 3767 3552">
     <span class='ocr_line' id='line_1_71' title="bbox 2199 3477 3767 3552; baseline -0.002 -20"><span class='ocrx_word' id='word_1_510' title='bbox 2199 3478 2511 3549; x_wconf 75' lang='grc' dir='ltr'>ἄνϐρωποςς</span> <span class='ocrx_word' id='word_1_511' title='bbox 2549 3481 2644 3533; x_wconf 68' lang='grc' dir='ltr'><strong>καὶ</strong></span> <span class='ocrx_word' id='word_1_512' title='bbox 2674 3482 2794 3534; x_wconf 76' lang='grc' dir='ltr'>ἐπεὶ</span> <span class='ocrx_word' id='word_1_513' title='bbox 2845 3485 3086 3534; x_wconf 71' lang='grc' dir='ltr'>τοιοῦτον</span> <span class='ocrx_word' id='word_1_514' title='bbox 3107 3477 3176 3552; x_wconf 77' lang='grc' dir='ltr'>ἦν</span> <span class='ocrx_word' id='word_1_515' title='bbox 3197 3480 3360 3534; x_wconf 79' lang='grc' dir='ltr'>αὑτοῦ</span> <span class='ocrx_word' id='word_1_516' title='bbox 3383 3479 3445 3532; x_wconf 77' lang='grc' dir='ltr'>τὸ</span> <span class='ocrx_word' id='word_1_517' title='bbox 3475 3478 3651 3548; x_wconf 84' lang='grc' dir='ltr'>σῶμα,</span> <span class='ocrx_word' id='word_1_518' title='bbox 3683 3477 3767 3530; x_wconf 75' lang='grc' dir='ltr'>ούο</span> 
     </span>
    </p>
   </div>
   <div class='ocr_carea' id='block_1_72' title="bbox 2200 3569 3164 3643">
    <p class='ocr_par' dir='ltr' id='par_1_72' title="bbox 2200 3569 3164 3643">
     <span class='ocr_line' id='line_1_72' title="bbox 2200 3569 3164 3643; baseline 0.002 -19"><span class='ocrx_word' id='word_1_519' title='bbox 2200 3569 2311 3632; x_wconf 77' lang='grc' dir='ltr'>δεὶς</span> <span class='ocrx_word' id='word_1_520' title='bbox 2335 3569 2456 3624; x_wconf 82' lang='grc' dir='ltr'>οὐδὲ</span> <span class='ocrx_word' id='word_1_521' title='bbox 2481 3570 2577 3642; x_wconf 81' lang='grc' dir='ltr'>τὴν</span> <span class='ocrx_word' id='word_1_522' title='bbox 2606 3571 2770 3626; x_wconf 79' lang='grc' dir='ltr'>αὑτοῦ</span> <span class='ocrx_word' id='word_1_523' title='bbox 2797 3572 2973 3643; x_wconf 70' lang='grc' dir='ltr'>ταφὴν</span> <span class='ocrx_word' id='word_1_524' title='bbox 3002 3572 3164 3640; x_wconf 77' lang='grc' dir='ltr'>ἔγνω.</span> 
     </span>
    </p>
   </div>
   <div class='ocr_carea' id='block_1_73' title="bbox 595 3679 3766 3760">
    <p class='ocr_par' dir='ltr' id='par_1_73' title="bbox 595 3679 3766 3760">
     <span class='ocr_line' id='line_1_73' title="bbox 595 3679 3766 3760; baseline 0.001 -27"><span class='ocrx_word' id='word_1_525' title='bbox 595 3679 766 3734; x_wconf 82' lang='lat' dir='ltr'><strong>Josua</strong></span> <span class='ocrx_word' id='word_1_526' title='bbox 809 3697 925 3736; x_wconf 78' lang='lat' dir='ltr'><strong>vero</strong></span> <span class='ocrx_word' id='word_1_527' title='bbox 945 3683 1092 3752; x_wconf 77' lang='lat' dir='ltr'><strong>ﬁlius</strong></span> <span class='ocrx_word' id='word_1_528' title='bbox 1126 3683 1252 3739; x_wconf 81' lang='lat' dir='ltr'><strong>Nun</strong></span> <span class='ocrx_word' id='word_1_529' title='bbox 1289 3687 1515 3756; x_wconf 79' lang='lat' dir='ltr'><strong>repletus</strong></span> <span class='ocrx_word' id='word_1_530' title='bbox 1577 3695 1655 3742; x_wconf 85' lang='lat' dir='ltr'><strong>est</strong></span> <span class='ocrx_word' id='word_1_531' title='bbox 1715 3686 2000 3756; x_wconf 80' lang='lat' dir='ltr'><strong>sapientia.</strong></span> <span class='ocrx_word' id='word_1_532' title='bbox 2043 3686 2148 3759; x_wconf 85' lang='lat'><strong>[9.]</strong></span> <span class='ocrx_word' id='word_1_533' title='bbox 2185 3687 2454 3760; x_wconf 76' lang='lat' dir='ltr'><strong>Imposuit</strong></span> <span class='ocrx_word' id='word_1_534' title='bbox 2479 3689 2624 3746; x_wconf 88' lang='lat' dir='ltr'><strong>enim</strong></span> <span class='ocrx_word' id='word_1_535' title='bbox 2653 3688 2832 3743; x_wconf 84' lang='lat' dir='ltr'><strong>Moses</strong></span> <span class='ocrx_word' id='word_1_536' title='bbox 2864 3689 2916 3744; x_wconf 89' lang='lat' dir='ltr'><strong>ei</strong></span> <span class='ocrx_word' id='word_1_537' title='bbox 2962 3703 3182 3744; x_wconf 89' lang='lat' dir='ltr'><strong>manus.</strong></span> <span class='ocrx_word' id='word_1_538' title='bbox 3213 3685 3478 3756; x_wconf 85' lang='lat' dir='ltr'><strong>Legitima</strong></span> <span class='ocrx_word' id='word_1_539' title='bbox 3509 3699 3766 3740; x_wconf 85' lang='lat' dir='ltr'><strong>manuum</strong></span> 
     </span>
    </p>
   </div>
   <div class='ocr_carea' id='block_1_74' title="bbox 531 3767 3768 3846">
    <p class='ocr_par' dir='ltr' id='par_1_74' title="bbox 531 3767 3768 3846">
     <span class='ocr_line' id='line_1_74' title="bbox 531 3767 3768 3846; baseline 0.001 -25"><span class='ocrx_word' id='word_1_540' title='bbox 531 3767 781 3822; x_wconf 78' lang='lat' dir='ltr'><strong>extensio</strong></span> <span class='ocrx_word' id='word_1_541' title='bbox 833 3769 1062 3838; x_wconf 90' lang='lat' dir='ltr'><strong>spiritus</strong></span> <span class='ocrx_word' id='word_1_542' title='bbox 1093 3774 1416 3842; x_wconf 88' lang='lat' dir='ltr'><strong>sapientiam</strong></span> <span class='ocrx_word' id='word_1_543' title='bbox 1466 3767 1701 3840; x_wconf 76' lang='lat' dir='ltr'><strong>confert,</strong></span> <span class='ocrx_word' id='word_1_544' title='bbox 1735 3782 1790 3830; x_wconf 85' lang='lat' dir='ltr'><strong>et</strong></span> <span class='ocrx_word' id='word_1_545' title='bbox 1823 3774 2026 3830; x_wconf 83' lang='lat' dir='ltr'><strong>divinis</strong></span> <span class='ocrx_word' id='word_1_546' title='bbox 2063 3773 2224 3832; x_wconf 81' lang='lat' dir='ltr'><strong>donis</strong></span> <span class='ocrx_word' id='word_1_547' title='bbox 2249 3792 2345 3833; x_wconf 90' lang='lat' dir='ltr'><strong>eos</strong></span> <span class='ocrx_word' id='word_1_548' title='bbox 2400 3776 2572 3846; x_wconf 77' lang='lat' dir='ltr'><strong>replet</strong></span> <span class='ocrx_word' id='word_1_549' title='bbox 2623 3775 2824 3846; x_wconf 87' lang='lat' dir='ltr'><strong>quibus</strong></span> <span class='ocrx_word' id='word_1_550' title='bbox 2853 3773 3114 3846; x_wconf 89' lang='lat' dir='ltr'><strong>populum</strong></span> <span class='ocrx_word' id='word_1_551' title='bbox 3165 3771 3353 3830; x_wconf 85' lang='lat' dir='ltr'><strong>subdit</strong></span> <span class='ocrx_word' id='word_1_552' title='bbox 3387 3771 3554 3838; x_wconf 85' lang='lat' dir='ltr'><strong>Deus,</strong></span> <span class='ocrx_word' id='word_1_553' title='bbox 3581 3785 3768 3841; x_wconf 82' lang='lat' dir='ltr'><strong>quem-</strong></span> 
     </span>
    </p>
   </div>
   <div class='ocr_carea' id='block_1_75' title="bbox 530 3855 1355 3918">
    <p class='ocr_par' dir='ltr' id='par_1_75' title="bbox 530 3855 1355 3918">
     <span class='ocr_line' id='line_1_75' title="bbox 530 3855 1355 3918; baseline 0.011 -9"><span class='ocrx_word' id='word_1_554' title='bbox 530 3855 824 3911; x_wconf 89' lang='lat' dir='ltr'><strong>admodum</strong></span> <span class='ocrx_word' id='word_1_555' title='bbox 859 3859 1016 3915; x_wconf 82' lang='lat' dir='ltr'><strong>testis</strong></span> <span class='ocrx_word' id='word_1_556' title='bbox 1047 3868 1132 3914; x_wconf 90' lang='lat' dir='ltr'><strong>est</strong></span> <span class='ocrx_word' id='word_1_557' title='bbox 1166 3861 1355 3918; x_wconf 86' lang='lat' dir='ltr'><strong>David.</strong></span> 
     </span>
    </p>
   </div>
   <div class='ocr_carea' id='block_1_76' title="bbox 610 4034 2088 4115">
    <p class='ocr_par' dir='ltr' id='par_1_76' title="bbox 610 4034 2088 4115">
     <span class='ocr_line' id='line_1_76' title="bbox 610 4034 2088 4115; baseline 0.007 -23"><span class='ocrx_word' id='word_1_558' title='bbox 610 4034 864 4095; x_wconf 80' lang='lat' dir='ltr'><strong>“Matth.</strong></span> <span class='ocrx_word' id='word_1_559' title='bbox 920 4057 980 4110; x_wconf 88' lang='grc' dir='ltr'><strong>ιι,</strong></span> <span class='ocrx_word' id='word_1_560' title='bbox 1039 4043 1093 4097; x_wconf 72' lang='lat'><strong>2.</strong></span> <span class='ocrx_word' id='word_1_561' title='bbox 1174 4045 1216 4078; x_wconf 80' lang='grc'><strong>²⁵</strong></span> <span class='ocrx_word' id='word_1_562' title='bbox 1252 4043 1417 4102; x_wconf 83' lang='lat' dir='ltr'><strong>Micb.</strong></span> <span class='ocrx_word' id='word_1_563' title='bbox 1456 4065 1506 4115; x_wconf 85' lang='lat' dir='ltr'><strong>v,</strong></span> <span class='ocrx_word' id='word_1_564' title='bbox 1541 4049 1596 4105; x_wconf 66' lang='grc' dir='ltr'><strong>ἓ.</strong></span> <span class='ocrx_word' id='word_1_565' title='bbox 1673 4051 1716 4081; x_wconf 64' lang='grc'>’⁸</span> <span class='ocrx_word' id='word_1_566' title='bbox 1754 4047 1918 4104; x_wconf 86' lang='lat' dir='ltr'><strong>Hebr.</strong></span> <span class='ocrx_word' id='word_1_567' title='bbox 1953 4063 2028 4114; x_wconf 74' lang='lat' dir='ltr'><strong>XI,</strong></span> <span class='ocrx_word' id='word_1_568' title='bbox 2056 4047 2088 4102; x_wconf 78' lang='grc'>3</span> 
     </span>
    </p>
   </div>
   <div class='ocr_carea' id='block_1_77' title="bbox 2189 4034 2704 4115">
    <p class='ocr_par' dir='ltr' id='par_1_77' title="bbox 2225 4041 2704 4110">
     <span class='ocr_line' id='line_1_77' title="bbox 2225 4041 2704 4110; baseline -0.004 -12"><span class='ocrx_word' id='word_1_569' title='bbox 2225 4045 2267 4077; x_wconf 75' lang='grc'><strong>⁸⁷</strong></span> <span class='ocrx_word' id='word_1_570' title='bbox 2291 4041 2436 4100; x_wconf 83' lang='lat' dir='ltr'><strong>Psal.</strong></span> <span class='ocrx_word' id='word_1_571' title='bbox 2466 4055 2590 4110; x_wconf 83' lang='lat' dir='ltr'><strong>cxv,</strong></span> <span class='ocrx_word' id='word_1_572' title='bbox 2615 4041 2704 4096; x_wconf 73' lang='grc'><strong>15.</strong></span> 
     </span>
    </p>
   </div>
   <div class='ocr_carea' id='block_1_78' title="bbox 1153 4371 3150 4602">
    <p class='ocr_par' dir='ltr' id='par_1_78' title="bbox 1153 4371 3150 4602">
     <span class='ocr_line' id='line_1_78' title="bbox 1153 4371 3150 4602; baseline -0.003 -52"><span class='ocrx_word' id='word_1_573' title='bbox 1153 4412 2260 4551; x_wconf 81' lang='lat' dir='ltr'><strong>COMMENTARII</strong></span> <span class='ocrx_word' id='word_1_574' title='bbox 2363 4425 2520 4548; x_wconf 87' lang='lat' dir='ltr'><strong>IN</strong></span> <span class='ocrx_word' id='word_1_575' title='bbox 2565 4551 2570 4554; x_wconf 93' lang='lat'><em>_</em></span> <span class='ocrx_word' id='word_1_576' title='bbox 2617 4421 3150 4602; x_wconf 83' lang='lat' dir='ltr'><strong>JOSUE.</strong></span> 
     </span>
    </p>
   </div>
   <div class='ocr_carea' id='block_1_79' title="bbox 607 4820 2088 4902">
    <p class='ocr_par' dir='ltr' id='par_1_79' title="bbox 607 4820 2088 4902">
     <span class='ocr_line' id='line_1_79' title="bbox 607 4820 2088 4902; baseline 0.001 -20"><span class='ocrx_word' id='word_1_577' title='bbox 607 4830 775 4902; x_wconf 67' lang='grc'><strong>478</strong></span> <span class='ocrx_word' id='word_1_578' title='bbox 805 4828 913 4884; x_wconf 79' lang='lat' dir='ltr'><strong>Res</strong></span> <span class='ocrx_word' id='word_1_579' title='bbox 944 4829 1124 4900; x_wconf 81' lang='lat' dir='ltr'><strong>gravis</strong></span> <span class='ocrx_word' id='word_1_580' title='bbox 1152 4835 1204 4885; x_wconf 88' lang='lat' dir='ltr'><strong>ct</strong></span> <span class='ocrx_word' id='word_1_581' title='bbox 1237 4820 1546 4900; x_wconf 77' lang='lat' dir='ltr'><strong>periculosa</strong></span> <span class='ocrx_word' id='word_1_582' title='bbox 1585 4827 1665 4881; x_wconf 87' lang='lat' dir='ltr'><strong>ira</strong></span> <span class='ocrx_word' id='word_1_583' title='bbox 1701 4827 2088 4896; x_wconf 79' lang='lat' dir='ltr'><strong>dilIidentiaqut</strong></span> 
     </span>
    </p>
   </div>
   <div class='ocr_carea' id='block_1_80' title="bbox 2189 4820 3777 4902">
    <p class='ocr_par' dir='ltr' id='par_1_80' title="bbox 2281 4820 3777 4898">
     <span class='ocr_line' id='line_1_80' title="bbox 2281 4820 3777 4898; baseline -0.007 -16"><span class='ocrx_word' id='word_1_584' title='bbox 2281 4828 2466 4882; x_wconf 83' lang='grc' dir='ltr'>Δεινὸν</span> <span class='ocrx_word' id='word_1_585' title='bbox 2497 4827 2635 4898; x_wconf 78' lang='grc' dir='ltr'>ὀργὴ</span> <span class='ocrx_word' id='word_1_586' title='bbox 2657 4827 2752 4880; x_wconf 76' lang='grc' dir='ltr'><strong>καὶ</strong></span> <span class='ocrx_word' id='word_1_587' title='bbox 2791 4823 3038 4889; x_wconf 80' lang='grc' dir='ltr'>ἀπιστία,</span> <span class='ocrx_word' id='word_1_588' title='bbox 3073 4824 3148 4894; x_wconf 87' lang='grc' dir='ltr'>μὴ</span> <span class='ocrx_word' id='word_1_589' title='bbox 3167 4820 3563 4892; x_wconf 63' lang='grc' dir='ltr'>,συγχωροῦντα</span> <span class='ocrx_word' id='word_1_590' title='bbox 3597 4820 3777 4882; x_wconf 77' lang='grc' dir='ltr'>τέλους</span> 
     </span>
    </p>
   </div>
   <div class='ocr_carea' id='block_1_81' title="bbox 539 4907 2088 4991">
    <p class='ocr_par' dir='ltr' id='par_1_81' title="bbox 539 4919 2088 4991">
     <span class='ocr_line' id='line_1_81' title="bbox 539 4919 2088 4991; baseline -0.001 -15"><span class='ocrx_word' id='word_1_591' title='bbox 539 4934 689 4986; x_wconf 86' lang='lat' dir='ltr'><strong>sunt;</strong></span> <span class='ocrx_word' id='word_1_592' title='bbox 713 4923 984 4976; x_wconf 84' lang='lat' dir='ltr'><strong>hominem</strong></span> <span class='ocrx_word' id='word_1_593' title='bbox 1005 4921 1148 4975; x_wconf 89' lang='lat' dir='ltr'><strong>enim</strong></span> <span class='ocrx_word' id='word_1_594' title='bbox 1173 4937 1280 4990; x_wconf 88' lang='lat' dir='ltr'><strong>quo</strong></span> <span class='ocrx_word' id='word_1_595' title='bbox 1306 4922 1487 4974; x_wconf 61' lang='lat' dir='ltr'><strong>minus</strong></span> <span class='ocrx_word' id='word_1_596' title='bbox 1507 4919 1706 4974; x_wconf 89' lang='lat' dir='ltr'><strong>bonum</strong></span> <span class='ocrx_word' id='word_1_597' title='bbox 1733 4930 2088 4991; x_wconf 82' lang='lat' dir='ltr'><strong>consequatut</strong></span> 
     </span>
    </p>
   </div>
   <div class='ocr_carea' id='block_1_82' title="bbox 2189 4907 3778 4991">
    <p class='ocr_par' dir='ltr' id='par_1_82' title="bbox 2214 4907 3778 4988">
     <span class='ocr_line' id='line_1_82' title="bbox 2214 4907 3778 4988; baseline -0.007 -18"><span class='ocrx_word' id='word_1_598' title='bbox 2214 4919 2398 4988; x_wconf 79' lang='grc' dir='ltr'>τυχεῖν</span> <span class='ocrx_word' id='word_1_599' title='bbox 2445 4915 2671 4985; x_wconf 81' lang='grc' dir='ltr'>ἀγαθοῦ.</span> <span class='ocrx_word' id='word_1_600' title='bbox 2712 4915 2778 4969; x_wconf 84' lang='grc' dir='ltr'>Ὀ</span> <span class='ocrx_word' id='word_1_601' title='bbox 2811 4914 2877 4985; x_wconf 82' lang='grc' dir='ltr'>δὴ</span> <span class='ocrx_word' id='word_1_602' title='bbox 2939 4912 3035 4966; x_wconf 78' lang='grc' dir='ltr'><strong>καὶ</strong></span> <span class='ocrx_word' id='word_1_603' title='bbox 3063 4911 3300 4965; x_wconf 80' lang='grc' dir='ltr'>πέπονθε</span> <span class='ocrx_word' id='word_1_604' title='bbox 3348 4910 3592 4979; x_wconf 79' lang='grc' dir='ltr'>Μωῦσῆς</span> <span class='ocrx_word' id='word_1_605' title='bbox 3615 4907 3778 4966; x_wconf 81' lang='grc' dir='ltr'>τύπος</span> 
     </span>
    </p>
   </div>
   <div class='ocr_carea' id='block_1_83' title="bbox 541 4997 2088 5083">
    <p class='ocr_par' dir='ltr' id='par_1_83' title="bbox 541 5003 2088 5083">
     <span class='ocr_line' id='line_1_83' title="bbox 541 5003 2088 5083; baseline -0.001 -17"><span class='ocrx_word' id='word_1_606' title='bbox 541 5012 702 5066; x_wconf 81' lang='lat' dir='ltr'><strong>linem</strong></span> <span class='ocrx_word' id='word_1_607' title='bbox 728 5003 1054 5082; x_wconf 87' lang='lat' dir='ltr'><strong>impediunt.</strong></span> <span class='ocrx_word' id='word_1_608' title='bbox 1098 5011 1256 5078; x_wconf 84' lang='lat' dir='ltr'><strong>Quod</strong></span> <span class='ocrx_word' id='word_1_609' title='bbox 1284 5027 1416 5068; x_wconf 81' lang='lat' dir='ltr'><strong>sane</strong></span> <span class='ocrx_word' id='word_1_610' title='bbox 1447 5010 1581 5066; x_wconf 80' lang='lat' dir='ltr'><strong>Mosi</strong></span> <span class='ocrx_word' id='word_1_611' title='bbox 1618 5027 1838 5082; x_wconf 89' lang='lat' dir='ltr'><strong>quoque</strong></span> <span class='ocrx_word' id='word_1_612' title='bbox 1859 5012 1950 5081; x_wconf 90' lang='lat' dir='ltr'><strong>qui</strong></span> <span class='ocrx_word' id='word_1_613' title='bbox 1978 5013 2088 5083; x_wconf 79' lang='lat' dir='ltr'><strong>legi:</strong></span> 
     </span>
    </p>
   </div>
   <div class='ocr_carea' id='block_1_84' title="bbox 2189 4997 3777 5083">
    <p class='ocr_par' dir='ltr' id='par_1_84' title="bbox 2217 4997 3777 5079">
     <span class='ocr_line' id='line_1_84' title="bbox 2217 4997 3777 5079; baseline -0.008 -15"><span class='ocrx_word' id='word_1_614' title='bbox 2217 5011 2292 5064; x_wconf 84' lang='grc' dir='ltr'>ὢν</span> <span class='ocrx_word' id='word_1_615' title='bbox 2316 5007 2410 5062; x_wconf 77' lang='grc' dir='ltr'><strong>τοῦ</strong></span> <span class='ocrx_word' id='word_1_616' title='bbox 2441 5009 2606 5079; x_wconf 87' lang='grc' dir='ltr'>νόμου</span> <span class='ocrx_word' id='word_1_617' title='bbox 2637 5024 2650 5040; x_wconf 89' lang='grc'><strong>·</strong></span> <span class='ocrx_word' id='word_1_618' title='bbox 2676 5007 2736 5070; x_wconf 86' lang='grc' dir='ltr'>ὃς</span> <span class='ocrx_word' id='word_1_619' title='bbox 2757 5005 2928 5078; x_wconf 81' lang='grc' dir='ltr'>ὀργὴν</span> <span class='ocrx_word' id='word_1_620' title='bbox 2958 5001 3450 5072; x_wconf 76' lang='grc' dir='ltr'>κατεργαζόμενος,</span> <span class='ocrx_word' id='word_1_621' title='bbox 3499 5001 3596 5054; x_wconf 68' lang='grc' dir='ltr'><strong>καὶ</strong></span> <span class='ocrx_word' id='word_1_622' title='bbox 3649 4997 3777 5069; x_wconf 71' lang='grc' dir='ltr'>πρὸς</span> 
     </span>
    </p>
   </div>
   <div class='ocr_carea' id='block_1_85' title="bbox 541 5087 2088 5174">
    <p class='ocr_par' dir='ltr' id='par_1_85' title="bbox 541 5101 2088 5174">
     <span class='ocr_line' id='line_1_85' title="bbox 541 5101 2088 5174; baseline -0.002 -19"><span class='ocrx_word' id='word_1_623' title='bbox 541 5103 781 5172; x_wconf 78' lang='lat' dir='ltr'><strong>pra-tulit</strong></span> <span class='ocrx_word' id='word_1_624' title='bbox 811 5103 1038 5174; x_wconf 79' lang='lat' dir='ltr'><strong>ﬁguram</strong></span> <span class='ocrx_word' id='word_1_625' title='bbox 1077 5103 1300 5158; x_wconf 89' lang='lat' dir='ltr'><strong>accidit.</strong></span> <span class='ocrx_word' id='word_1_626' title='bbox 1338 5101 1468 5156; x_wconf 83' lang='lat' dir='ltr'><strong>Nam</strong></span> <span class='ocrx_word' id='word_1_627' title='bbox 1507 5105 1622 5174; x_wconf 89' lang='lat' dir='ltr'><strong>ipsa</strong></span> <span class='ocrx_word' id='word_1_628' title='bbox 1667 5103 1830 5158; x_wconf 86' lang='lat' dir='ltr'><strong>etiam</strong></span> <span class='ocrx_word' id='word_1_629' title='bbox 1866 5104 1947 5158; x_wconf 78' lang='lat' dir='ltr'><strong>lex</strong></span> <span class='ocrx_word' id='word_1_630' title='bbox 1983 5117 2088 5156; x_wconf 90' lang='lat' dir='ltr'><strong>cun</strong></span> 
     </span>
    </p>
   </div>
   <div class='ocr_carea' id='block_1_86' title="bbox 2189 5087 3778 5174">
    <p class='ocr_par' dir='ltr' id='par_1_86' title="bbox 2217 5087 3778 5170">
     <span class='ocr_line' id='line_1_86' title="bbox 2217 5087 3778 5170; baseline -0.01 -14"><span class='ocrx_word' id='word_1_631' title='bbox 2217 5101 2315 5170; x_wconf 78' lang='grc' dir='ltr'>τὴν</span> <span class='ocrx_word' id='word_1_632' title='bbox 2351 5099 2532 5152; x_wconf 79' lang='grc' dir='ltr'>πίστιν</span> <span class='ocrx_word' id='word_1_633' title='bbox 2562 5099 2887 5162; x_wconf 86' lang='grc' dir='ltr'>ἀντίκειται,</span> <span class='ocrx_word' id='word_1_634' title='bbox 2921 5095 3017 5149; x_wconf 78' lang='grc' dir='ltr'><strong>καὶ</strong></span> <span class='ocrx_word' id='word_1_635' title='bbox 3045 5094 3182 5166; x_wconf 83' lang='grc' dir='ltr'>πρὸς</span> <span class='ocrx_word' id='word_1_636' title='bbox 3208 5094 3306 5156; x_wconf 80' lang='grc' dir='ltr'>τὰς</span> <span class='ocrx_word' id='word_1_637' title='bbox 3343 5093 3456 5146; x_wconf 81' lang='grc' dir='ltr'><strong>ἀνω</strong></span> <span class='ocrx_word' id='word_1_638' title='bbox 3489 5090 3658 5160; x_wconf 85' lang='grc' dir='ltr'>μονάς</span> <span class='ocrx_word' id='word_1_639' title='bbox 3691 5087 3778 5142; x_wconf 78' lang='grc' dir='ltr'><strong>καὶ</strong></span> 
     </span>
    </p>
   </div>
   <div class='ocr_carea' id='block_1_87' title="bbox 542 5175 2088 5284">
    <p class='ocr_par' dir='ltr' id='par_1_87' title="bbox 542 5191 2088 5264">
     <span class='ocr_line' id='line_1_87' title="bbox 542 5191 2088 5264; baseline 0 -18"><span class='ocrx_word' id='word_1_640' title='bbox 542 5191 683 5246; x_wconf 83' lang='lat' dir='ltr'><strong>iram</strong></span> <span class='ocrx_word' id='word_1_641' title='bbox 728 5194 1018 5262; x_wconf 91' lang='lat' dir='ltr'><strong>parturiat,</strong></span> <span class='ocrx_word' id='word_1_642' title='bbox 1051 5195 1270 5264; x_wconf 84' lang='lat' dir='ltr'><strong>iterque</strong></span> <span class='ocrx_word' id='word_1_643' title='bbox 1327 5194 1395 5248; x_wconf 87' lang='lat' dir='ltr'><strong>ad</strong></span> <span class='ocrx_word' id='word_1_644' title='bbox 1433 5194 1592 5248; x_wconf 82' lang='lat' dir='ltr'><strong>ﬁdem</strong></span> <span class='ocrx_word' id='word_1_645' title='bbox 1654 5194 2012 5258; x_wconf 87' lang='lat' dir='ltr'><strong>intercludat,</strong></span> <span class='ocrx_word' id='word_1_646' title='bbox 2043 5208 2088 5247; x_wconf 76' lang='lat' dir='ltr'><strong>at</strong></span> 
     </span>
    </p>
   </div>
   <div class='ocr_carea' id='block_1_88' title="bbox 2189 5175 3779 5284">
    <p class='ocr_par' dir='ltr' id='par_1_88' title="bbox 2219 5175 3779 5284">
     <span class='ocr_line' id='line_1_88' title="bbox 2219 5175 3779 5284; baseline -0.008 -38"><span class='ocrx_word' id='word_1_647' title='bbox 2219 5193 2317 5264; x_wconf 78' lang='grc' dir='ltr'>τὴν</span> <span class='ocrx_word' id='word_1_648' title='bbox 2337 5191 2441 5262; x_wconf 77' lang='grc' dir='ltr'>γῆν</span> <span class='ocrx_word' id='word_1_649' title='bbox 2473 5191 2582 5245; x_wconf 86' lang='grc' dir='ltr'><strong>τῶν</strong></span> <span class='ocrx_word' id='word_1_650' title='bbox 2606 5189 2828 5260; x_wconf 78' lang='grc' dir='ltr'>πραέων</span> <span class='ocrx_word' id='word_1_651' title='bbox 2883 5185 3106 5255; x_wconf 82' lang='grc' dir='ltr'>ἀνάγειν</span> <span class='ocrx_word' id='word_1_652' title='bbox 3165 5185 3226 5238; x_wconf 85' lang='grc' dir='ltr'><strong>ού</strong></span> <span class='ocrx_word' id='word_1_653' title='bbox 3265 5183 3509 5237; x_wconf 86' lang='grc' dir='ltr'>δύναται.</span> <span class='ocrx_word' id='word_1_654' title='bbox 3555 5175 3779 5284; x_wconf 38' lang='grc' dir='ltr'>ῐὶερινῆς</span> 
     </span>
    </p>
   </div>
   <div class='ocr_carea' id='block_1_89' title="bbox 544 5271 2088 5358">
    <p class='ocr_par' dir='ltr' id='par_1_89' title="bbox 544 5286 2085 5358">
     <span class='ocr_line' id='line_1_89' title="bbox 544 5286 2085 5358; baseline 0.001 -20"><span class='ocrx_word' id='word_1_655' title='bbox 544 5298 778 5355; x_wconf 84' lang='lat' dir='ltr'><strong>superas</strong></span> <span class='ocrx_word' id='word_1_656' title='bbox 834 5286 1018 5351; x_wconf 88' lang='lat' dir='ltr'><strong>sedes,</strong></span> <span class='ocrx_word' id='word_1_657' title='bbox 1089 5296 1400 5358; x_wconf 87' lang='lat' dir='ltr'><strong>terramque</strong></span> <span class='ocrx_word' id='word_1_658' title='bbox 1449 5296 1860 5343; x_wconf 87' lang='lat' dir='ltr'><strong>mansuetorum</strong></span> <span class='ocrx_word' id='word_1_659' title='bbox 1921 5287 2085 5356; x_wconf 86' lang='lat' dir='ltr'><strong>nequi</strong></span> 
     </span>
    </p>
   </div>
   <div class='ocr_carea' id='block_1_90' title="bbox 2189 5271 3781 5358">
    <p class='ocr_par' dir='ltr' id='par_1_90' title="bbox 2222 5271 3781 5354">
     <span class='ocr_line' id='line_1_90' title="bbox 2222 5271 3781 5354; baseline -0.008 -19"><span class='ocrx_word' id='word_1_660' title='bbox 2222 5300 2356 5354; x_wconf 76' lang='grc' dir='ltr'>φησι</span> <span class='ocrx_word' id='word_1_661' title='bbox 2383 5282 2477 5334; x_wconf 75' lang='grc' dir='ltr'><strong>καὶ</strong></span> <span class='ocrx_word' id='word_1_662' title='bbox 2499 5279 2666 5334; x_wconf 78' lang='grc' dir='ltr'>Δαὸίδ</span> <span class='ocrx_word' id='word_1_663' title='bbox 2691 5295 2707 5310; x_wconf 78' lang='grc' dir='ltr'><strong><em>ο</em></strong></span> <span class='ocrx_word' id='word_1_664' title='bbox 2743 5299 2761 5330; x_wconf 76' lang='grc' dir='ltr'>ι</span> <span class='ocrx_word' id='word_1_665' title='bbox 2791 5275 3038 5331; x_wconf 84' lang='grc' dir='ltr'>Πιστεύω</span> <span class='ocrx_word' id='word_1_666' title='bbox 3065 5273 3162 5328; x_wconf 76' lang='grc' dir='ltr'>τοῦ</span> <span class='ocrx_word' id='word_1_667' title='bbox 3200 5274 3328 5329; x_wconf 81' lang='grc' dir='ltr'>ίδεῖν</span> <span class='ocrx_word' id='word_1_668' title='bbox 3363 5272 3434 5327; x_wconf 77' lang='grc' dir='ltr'>τὰ</span> <span class='ocrx_word' id='word_1_669' title='bbox 3473 5271 3656 5342; x_wconf 81' lang='grc' dir='ltr'>ἀγαθά</span> <span class='ocrx_word' id='word_1_670' title='bbox 3677 5272 3781 5326; x_wconf 82' lang='grc' dir='ltr'><strong>Κν-</strong></span> 
     </span>
    </p>
   </div>
   <div class='ocr_carea' id='block_1_91' title="bbox 545 5363 2088 5472">
    <p class='ocr_par' dir='ltr' id='par_1_91' title="bbox 545 5377 2088 5448">
     <span class='ocr_line' id='line_1_91' title="bbox 545 5377 2088 5448; baseline 0 -18"><span class='ocrx_word' id='word_1_671' title='bbox 545 5377 841 5434; x_wconf 79' lang='lat' dir='ltr'><strong>adducere.</strong></span> <span class='ocrx_word' id='word_1_672' title='bbox 878 5377 952 5433; x_wconf 90' lang='lat' dir='ltr'><strong>De</strong></span> <span class='ocrx_word' id='word_1_673' title='bbox 970 5394 1076 5448; x_wconf 89' lang='lat' dir='ltr'><strong>qua</strong></span> <span class='ocrx_word' id='word_1_674' title='bbox 1107 5379 1324 5436; x_wconf 85' lang='lat' dir='ltr'><strong>Davidis</strong></span> <span class='ocrx_word' id='word_1_675' title='bbox 1355 5380 1488 5434; x_wconf 90' lang='lat' dir='ltr'><strong>illud</strong></span> <span class='ocrx_word' id='word_1_676' title='bbox 1537 5391 1663 5434; x_wconf 87' lang='lat' dir='ltr'><strong>est:</strong></span> <span class='ocrx_word' id='word_1_677' title='bbox 1700 5398 1718 5430; x_wconf 79' lang='grc' dir='ltr'><strong>ι</strong></span> <span class='ocrx_word' id='word_1_678' title='bbox 1759 5377 1987 5434; x_wconf 80' lang='lat' dir='ltr'><strong>Conﬁdo</strong></span> <span class='ocrx_word' id='word_1_679' title='bbox 2030 5393 2088 5431; x_wconf 37' lang='lat' dir='ltr'><strong>mi</strong></span> 
     </span>
    </p>
   </div>
   <div class='ocr_carea' id='block_1_92' title="bbox 2189 5363 3781 5472">
    <p class='ocr_par' dir='ltr' id='par_1_92' title="bbox 2228 5363 3781 5472">
     <span class='ocr_line' id='line_1_92' title="bbox 2228 5363 3781 5472; baseline -0.008 -44"><span class='ocrx_word' id='word_1_680' title='bbox 2228 5378 2342 5446; x_wconf 84' lang='grc' dir='ltr'>ρίου</span> <span class='ocrx_word' id='word_1_681' title='bbox 2373 5374 2430 5427; x_wconf 79' lang='grc' dir='ltr'>ὲν</span> <span class='ocrx_word' id='word_1_682' title='bbox 2459 5376 2530 5446; x_wconf 82' lang='grc' dir='ltr'>γῇ</span> <span class='ocrx_word' id='word_1_683' title='bbox 2559 5365 2825 5472; x_wconf 56' lang='grc' dir='ltr'><strong>ζώντων.⁷</strong></span> <span class='ocrx_word' id='word_1_684' title='bbox 2845 5387 2863 5420; x_wconf 74' lang='grc' dir='ltr'><strong>ι</strong></span> <span class='ocrx_word' id='word_1_685' title='bbox 2898 5367 3044 5438; x_wconf 71' lang='grc' dir='ltr'>Πρὸς</span> <span class='ocrx_word' id='word_1_686' title='bbox 3070 5367 3106 5421; x_wconf 74' lang='grc' dir='ltr'><strong>ἃ</strong></span> <span class='ocrx_word' id='word_1_687' title='bbox 3139 5365 3509 5472; x_wconf 34' lang='grc' dir='ltr'>μόνὶοςθὸδηγδς</span> <span class='ocrx_word' id='word_1_688' title='bbox 3597 5363 3781 5472; x_wconf 52' lang='grc' dir='ltr'>ἀληθι-</span> 
     </span>
    </p>
   </div>
   <div class='ocr_carea' id='block_1_93' title="bbox 543 5451 2088 5541">
    <p class='ocr_par' dir='ltr' id='par_1_93' title="bbox 543 5469 2064 5541">
     <span class='ocr_line' id='line_1_93' title="bbox 543 5469 2064 5541; baseline -0.001 -16"><span class='ocrx_word' id='word_1_689' title='bbox 543 5479 968 5541; x_wconf 84' lang='lat' dir='ltr'><strong>conspecturum</strong></span> <span class='ocrx_word' id='word_1_690' title='bbox 995 5471 1138 5526; x_wconf 88' lang='lat' dir='ltr'><strong>bona</strong></span> <span class='ocrx_word' id='word_1_691' title='bbox 1169 5469 1380 5527; x_wconf 87' lang='lat' dir='ltr'><strong>Domini</strong></span> <span class='ocrx_word' id='word_1_692' title='bbox 1421 5473 1474 5527; x_wconf 90' lang='lat' dir='ltr'><strong>in</strong></span> <span class='ocrx_word' id='word_1_693' title='bbox 1503 5482 1648 5529; x_wconf 84' lang='lat' dir='ltr'><strong>terra</strong></span> <span class='ocrx_word' id='word_1_694' title='bbox 1679 5472 1975 5529; x_wconf 87' lang='lat' dir='ltr'><strong>viventium</strong></span> <span class='ocrx_word' id='word_1_695' title='bbox 2000 5470 2064 5534; x_wconf 72' lang='grc'><strong>⁸⁸,</strong></span> 
     </span>
    </p>
   </div>
   <div class='ocr_carea' id='block_1_94' title="bbox 2189 5451 3778 5541">
    <p class='ocr_par' dir='ltr' id='par_1_94' title="bbox 2226 5451 3778 5535">
     <span class='ocr_line' id='line_1_94' title="bbox 2226 5451 3778 5535; baseline -0.008 -15"><span class='ocrx_word' id='word_1_696' title='bbox 2226 5466 2312 5530; x_wconf 75' lang='grc' dir='ltr'><strong>νὸς</strong></span> <span class='ocrx_word' id='word_1_697' title='bbox 2345 5463 2570 5535; x_wconf 79' lang='grc' dir='ltr'>Ἰησοῦς,</span> <span class='ocrx_word' id='word_1_698' title='bbox 2604 5461 2750 5516; x_wconf 78' lang='grc' dir='ltr'>ἔνδον</span> <span class='ocrx_word' id='word_1_699' title='bbox 2775 5455 2912 5514; x_wconf 73' lang='grc' dir='ltr'>εἶναι</span> <span class='ocrx_word' id='word_1_700' title='bbox 2933 5457 3126 5522; x_wconf 77' lang='grc' dir='ltr'>ποιῶν,</span> <span class='ocrx_word' id='word_1_701' title='bbox 3158 5457 3254 5511; x_wconf 68' lang='grc' dir='ltr'><strong>καὶ</strong></span> <span class='ocrx_word' id='word_1_702' title='bbox 3293 5456 3468 5520; x_wconf 74' lang='grc' dir='ltr'>διδοὺς</span> <span class='ocrx_word' id='word_1_703' title='bbox 3499 5456 3599 5526; x_wconf 78' lang='grc' dir='ltr'>τὴν</span> <span class='ocrx_word' id='word_1_704' title='bbox 3625 5451 3778 5510; x_wconf 80' lang='grc' dir='ltr'><strong>κατὰ-</strong></span> 
     </span>
    </p>
   </div>
   <div class='ocr_carea' id='block_1_95' title="bbox 621 5647 1128 5717">
    <p class='ocr_par' dir='ltr' id='par_1_95' title="bbox 621 5647 1128 5717">
     <span class='ocr_line' id='line_1_95' title="bbox 621 5647 1128 5717; baseline -0.002 -13"><span class='ocrx_word' id='word_1_705' title='bbox 621 5647 668 5684; x_wconf 78' lang='grc'><strong>¹⁸</strong></span> <span class='ocrx_word' id='word_1_706' title='bbox 691 5648 833 5706; x_wconf 76' lang='lat' dir='ltr'><strong>Psal.</strong></span> <span class='ocrx_word' id='word_1_707' title='bbox 864 5667 1014 5717; x_wconf 74' lang='lat' dir='ltr'><strong>xxvt,</strong></span> <span class='ocrx_word' id='word_1_708' title='bbox 1048 5651 1128 5704; x_wconf 72' lang='lat' dir='ltr'><strong>l5.</strong></span> 
     </span>
    </p>
   </div>
  </div>
