4036 6214
297 289 411 386 ως
475 288 482 297 ’

1425 319 1964 384 COMMENTARU
1999 311 2081 380 IN
2121 316 2378 382 JOSUE.

3451 310 3558 382 9M

301 444 526 496 παυσιν,
581 427 673 482 τοῦ
725 426 889 499 νόμου
941 429 1104 502 μέχρι
1163 431 1323 502 μόνον
1383 431 1672 504 προθύρων
1721 431 1865 500 ἄγειι

1981 429 2044 482 ad
2077 442 2242 498 quam
2271 430 2423 486 solus
2454 428 2605 484 ducit
2630 443 2790 486 verus
2814 423 2999 494 Iosue,
3028 427 3119 498 qui
3157 441 3256 482 nos
3289 425 3555 488 instituit,

307 517 608 591 ισχύοντος.

369 689 634 758 Μωῦσῆς
663 691 696 744 ὁ
717 689 990 758 θεράπων
1007 707 1126 760 μου
1163 691 1568 759 τετελεύτηκε.
1604 691 1734 746 Νῦν
1762 685 1876 748 οὖν

293 777 562 844 ἀναστὰς
603 817 619 842 ,
664 778 895 847 διάϐηθι
947 779 1056 834 τὸν
1099 779 1430 849 Ἰορδάνην.
1506 779 1875 852 Τετελεύτηκε

294 871 556 940 Μωῦσῆς,
589 867 862 924 ἀπέθανεν
918 871 947 924 ὁ
991 872 1175 943 νόμος,
1211 875 1451 944 Μωῦσῆς
1489 872 1872 945 χρηματίζων,

297 961 435 1016 διατὰ
463 961 526 1014 τό
561 977 576 992 ο
615 981 633 1011 ι
675 961 899 1031 Ἔχουσι
939 963 1146 1016 Μωσέα
1197 963 1290 1015 καὶ
1344 963 1468 1025 τοὺς
1502 965 1810 1035 προφήτας.
1849 982 1868 1015 ι

294 1052 428 1106 Μεθ’
456 1052 514 1104 ὃν
548 1053 576 1104 ὁ
603 1053 695 1105 τὸν
728 1053 892 1123 νόμον
930 1053 1286 1106 τῶνέντολῶν
1315 1055 1372 1107 ἐν
1404 1055 1639 1125 δόγμασι
1666 1073 1874 1125 καταρο

293 1144 470 1213 γήσας
519 1141 829 1208 διαϐιϐάζει
877 1143 970 1196 τὸν
1028 1144 1323 1214 Ἰορδάνην,
1384 1147 1527 1200 καθά
1573 1163 1705 1217 φησι
1735 1148 1874 1218 πρὸς

294 1235 640 1304 Νικόδημον·
673 1253 692 1286 ι
743 1235 866 1288 Ἐὰν
901 1235 975 1306 μή
1031 1253 1114 1299 τις
1162 1237 1504 1308 ἀναγεννηθῇ
1566 1239 1624 1305 ἐξ
1682 1239 1872 1304 ὓδατος

295 1325 390 1379 καὶ
449 1323 780 1394 πνεύματος,
821 1324 882 1377 οὐ
952 1325 1027 1396 μὴ
1083 1325 1304 1399 εἰσέλθῃ
1356 1329 1436 1389 είς
1469 1327 1568 1398 τήν
1591 1328 1872 1398 βασιλείαν

291 1416 398 1470 τῶν
433 1417 700 1488 οὐρανῶν.
734 1434 752 1466 ι
793 1406 900 1478 ’Ὧς
926 1417 1086 1480 αὐτὸς
1118 1419 1564 1490 προκατήρξατο,
1589 1421 1651 1474 οὑ
1679 1421 1871 1492 δεόμε-

292 1525 403 1572 νος,
427 1509 542 1562 ἀλλ’
573 1507 818 1576 ἁγιάζων
847 1510 916 1563 τά
941 1509 1132 1564 ὕδατα.

360 1599 488 1666 Πᾶς
513 1601 546 1656 ὁ
573 1601 782 1668 τόπος,
835 1602 928 1672 ἐφ’
962 1601 1035 1656 ὃν
1065 1602 1142 1656 ἂν
1190 1603 1434 1674 ἑπιϐἦτε
1472 1603 1552 1671 τῷ
1579 1605 1736 1676 ιχνει
1755 1606 1872 1661 τῶν

287 1692 491 1746 ποδῶν
517 1693 706 1763 ὑμῶν,
737 1694 882 1765 ὑμῖν
909 1693 1082 1748 δώσω
1110 1698 1316 1751 αὐτόν.
1357 1698 1420 1750 Ἦ
1445 1699 1542 1768 μὲν
1565 1701 1869 1769 ἐπαγγελία

285 1783 450 1856 αὕτη,
489 1786 520 1838 ὁ
542 1785 600 1838 δέ
619 1785 771 1855 ἀγὼν
809 1787 1004 1857 μέγας,
1039 1787 1166 1860 ἐθνη
1193 1788 1414 1858 νικῆσαι
1437 1767 1507 1842 τὰ
1532 1767 1734 1860 νοητά.
1757 1793 1866 1845 Καὶ
1905 1767 1941 1820 Β

286 1877 369 1930 δεῖ
401 1877 634 1932 ἐνταῦθα
665 1878 724 1932 τδ
755 1879 1008 1934 τοσοῦτον
1039 1880 1398 1946 διανύσαντας
1429 1881 1644 1939 στάδιον
1667 1885 1863 1954 ἐπιϐῆ-

287 1987 376 2024 ναι
406 1971 515 2024 τῶν
543 1972 654 2026 ἄνω
695 1971 869 2042 μονῶν
888 1987 903 2003 ·
933 1971 1132 2041 μᾶλλον
1162 1972 1218 2026 δὲ
1269 1971 1377 2042 πρὸ
1409 1973 1636 2043 τούτων,
1663 1977 1865 2046 ἀρετῆς

285 2077 346 2114 τε
385 2062 476 2115 καὶ
498 2061 776 2132 ἀληθείας,
826 2064 1150 2134 ἐδηγοῦντος
1199 2065 1348 2134 ἡμᾶς
1392 2066 1566 2134 Ἰησοῦ
1621 2068 1700 2130 εἰς
1747 2069 1865 2121 όδδν

286 2153 534 2225 εἰρήνης,
571 2153 667 2207 τοῦ
707 2155 803 2208 καὶ
847 2155 1031 2218 δόντος
1089 2158 1282 2210 πατεῖν
1329 2156 1515 2210 ἐπάνω
1562 2157 1740 2224 ὄφεων
1770 2160 1866 2212 καὶ

287 2243 584 2314 σκορπίων,
608 2245 700 2299 καὶ
719 2246 1087 2316 χαρισαμένου
1116 2246 1479 2317 κληρονομίαν
1503 2246 1694 2302 ἐθνῶν.
1713 2249 1866 2301 Ἐπι-

285 2334 473 2403 6ὦμεν
505 2335 560 2388 δὲ
591 2336 684 2389 καὶ
707 2337 906 2408 ῥητῶν,
941 2336 1018 2399 ὡς
1045 2337 1152 2404 δεῖ,
1174 2337 1488 2408 Γραφικῶν,
1516 2339 1610 2391 καὶ
1646 2339 1708 2391 τὸ
1739 2357 1862 2410 νοη-

287 2426 378 2480 θὲν
408 2430 558 2481 ἐστιν
581 2427 872 2498 ἡμέτερον.
918 2427 980 2481 '0
1033 2429 1133 2498 μέν
1156 2427 1250 2480 οὖν
1287 2427 1419 2489 Θεὸς
1445 2427 1551 2488 ἕως
1577 2427 1864 2498 Εὐφράτου

284 2517 478 2572 δώσειν
504 2520 688 2581 αὐτοῖς
713 2517 1100 2589 ἐπηγγείλατο,
1131 2517 1371 2582 ἀναξίοις
1399 2516 1457 2568 δέ
1487 2519 1733 2585 φανεῖσιν
1765 2517 1866 2570 οὐκ

287 2608 578 2680 ἐπλήρωσε
610 2608 709 2679 τὴν
739 2608 1059 2677 ὑπόσχεσιν,
1083 2605 1222 2661 ἀλλὰ
1251 2605 1420 2660 Δαεὶδ
1473 2606 1569 2660 καὶ
1588 2607 1863 2678 Σολομῶνι

281 2701 596 2772 γινομένοις
625 2699 818 2767 ἀξίοις.

360 2968 479 3038 Τὴν
501 2969 728 3039 ἔρημον
747 2968 845 3024 καὶ
890 2967 999 3022 τὸν
1023 2968 1447 3024 Ἀντιλίϐανον.
1484 2967 1599 3040 Τὴν
1653 2967 1860 3040 ἔρημον

281 3061 551 3126 ὑπέταξεν
583 3063 612 3116 ὁ
661 3061 850 3133 Πατὴρ
903 3060 981 3130 τῷ
1032 3060 1272 3132 Χριστῷ.
1325 3061 1461 3132 Περὶ
1501 3055 1570 3132 ἦς
1622 3059 1858 3132 εἴρηται,

289 3172 307 3205 ι
342 3153 714 3225 Εὐφράνθητι,
741 3153 998 3225 ἐρημοςή
1035 3153 1266 3222 διψῶσα.
1311 3169 1330 3204 ι
1355 3150 1464 3206 Καί
1491 3167 1504 3181 ·
1541 3171 1558 3204 ι
1589 3151 1765 3204 Πολλὰ
1791 3149 1860 3203 τά

279 3246 448 3298 τέκνα.
474 3244 574 3314 τῆς
597 3245 829 3315 ἐρήμου,
857 3243 1104 3314 μᾶλλονῆ
1128 3247 1226 3314 τῆς
1251 3242 1480 3314 ἐχούσης
1511 3242 1602 3296 τὸν
1623 3241 1812 3310 ἄνδρα.
1835 3259 1854 3292 ι

281 3335 394 3389 Καὶ
425 3336 487 3389 οὐ
527 3336 619 3388 τὸν
666 3335 902 3390 Λίϐανον
938 3334 1208 3400 ὑπέταξεν
1254 3333 1452 3404 Ἰησοῦ,
1489 3334 1581 3386 τὸν
1625 3331 1859 3404 Ἰσραήλ,

280 3426 454 3491 οὕτως
479 3429 537 3481 ἐν
567 3429 885 3499 προφήταις
927 3427 1285 3494 καλούμενον,
1313 3425 1372 3488 ὃς
1401 3426 1496 3481 καὶ
1527 3425 1862 3490 καλλιέλαιος

281 3519 525 3590 εἷρηται’
582 3521 718 3574 ἀλλὰ
771 3520 842 3574 τὰ
891 3519 1042 3591 ἔθνη,
1081 3520 1173 3572 τὸν
1237 3520 1624 3585 Ἀντιλίϐανον,
1674 3521 1864 3588 ἐγκεν-

282 3604 577 3673 τρισοέντα
637 3606 736 3674 μὲν
774 3608 833 3660 ἐν
867 3606 1104 3677 Ἰσραὴλ,
1143 3607 1260 3660 ἀντ’
1283 3607 1444 3660 αὑτοῦ
1485 3607 1542 3659 δὲ
1573 3607 1860 3676 γενόμενα.

352 3693 465 3746 Kal
506 3692 710 3760 ὥσπερ
735 3693 901 3761 ἢμην
941 3697 1092 3764 μετὰ
1147 3695 1395 3763 Μωῦσῆ,
1435 3696 1622 3762 οὕτως
1649 3697 1864 3767 ἔσομαι

283 3777 383 3830 καὶ
409 3779 560 3848 μετὰ
587 3779 726 3832 σοῦ.
767 3780 900 3834 Οὐδὲ
929 3783 1037 3852 γὰρ
1071 3783 1312 3852 Μωῦσῆς
1343 3783 1450 3854 ἰδίᾳ
1477 3782 1706 3852 δυνάμει
1735 3786 1865 3848 τοὺς

283 3867 510 3938 ἐχθροὺς
542 3869 912 3933 ἐτροπώσατο.
947 3871 1199 3924 Τοιοῦτον
1257 3873 1354 3926 xei.
1389 3873 1450 3926 τό
1471 3889 1484 3904 ο
1515 3891 1533 3924 ι
1575 3873 1704 3928 Ἰδοὺ
1753 3871 1865 3943 ἐγὼ

284 3959 406 4030 μεθ’
429 3959 584 4030 ὑμῶν
607 3963 723 4032 είμι
756 3962 862 4026 ἕως
882 3963 980 4034 τῆς
1011 3963 1319 4028 συντελείας
1349 3963 1442 4017 τοῦ
1475 3964 1692 4029 αίῶνος.
1732 3985 1751 4018 ι

355 4075 562 4146 ἰσχυε,
581 4075 736 4144 φησὶ,
767 4075 863 4129 καὶ
891 4074 1161 4146 ἀνδρίζου.
1201 4077 1342 4144 Ἐγὼ
1374 4079 1482 4150 γάρ
1507 4095 1567 4132 σε
1597 4078 1864 4150 ἐνισχύσω

280 4165 562 4235 ὑπομονὴν
591 4166 687 4219 καὶ
706 4166 936 4236 δύναμιν
965 4165 1343 4238 χαριζόμενος,
1363 4169 1440 4232 ὼς
1461 4169 1529 4223 ἂν
1545 4171 1638 4222 καὶ
1667 4169 1864 4232 διέλοις

278 4259 388 4323 τοῖς
413 4259 694 4330 ἐσομένοις
727 4261 826 4329 τὴν
863 4261 988 4332 γῆν.

1891 548 1896 553 -
1978 518 2336 591 requiemque
2355 519 2634 587 concedit,
2657 536 2779 576 cum
2797 523 2882 576 lex
2903 519 2970 575 ad
2991 518 3324 576 vestibulum
3339 526 3552 574 tantum

1979 610 2250 666 deducere
2285 613 2482 680 possit.

2049 699 2224 753 Moses
2247 701 2486 769 famulus
2518 719 2664 755 meus
2690 712 2932 757 mortuus
2955 711 3052 756 est.
3074 701 3230 755 Nunc
3250 701 3412 770 igitur
3435 715 3554 770 age.

1977 791 2148 842 transi
2203 805 2298 858 per
2345 788 2659 844 Iordanem.
2684 790 2749 863 [1,
2784 791 2863 864 2.]
2892 791 3038 846 Obiit
3083 791 3284 856 Moses,
3311 793 3412 846 hoc
3443 800 3551 852 est,

1975 877 2234 932 ili-functa
2258 889 2343 933 est
2372 881 2454 932 lex
2475 895 2592 948 quae
2613 880 2790 936 Muses
2811 894 3182 952 nuncupatur,
3207 885 3360 951 juxta
3383 884 3512 938 illud
3538 901 3552 936 :

1981 986 1998 1018 ι
2037 969 2222 1022 Mosen
2279 971 2480 1025 habent
2520 979 2574 1025 et
2631 975 2924 1042 prophetas
2957 975 3021 1028 ιθ.
3074 994 3092 1026 ι
3124 975 3298 1043 Cujus
3341 977 3460 1030 loco
3508 978 3555 1030 is

1975 1062 2067 1128 qui
2110 1063 2280 1131 legem
2327 1064 2443 1118 suis
2499 1068 2784 1134 prmceptis
2835 1081 2898 1118 ac
2953 1065 3191 1120 decretis
3239 1068 3550 1136 abrogavit,

1973 1146 2268 1206 Jordanem
2306 1155 2533 1223 trajicit,
2567 1164 2626 1207 ut
2654 1155 2828 1224 ipsius
2867 1157 2934 1208 ad
2983 1155 3340 1212 Nicolemum
3372 1159 3554 1212 verbis

1973 1252 2232 1299 constat:
2275 1263 2292 1296 ι
2329 1245 2442 1300 Nisi
2469 1247 2596 1316 quis
2665 1249 2944 1317 regeuitus
2980 1265 3045 1302 ex
3085 1265 3224 1318 aqua
3260 1258 3313 1302 et
3346 1251 3549 1319 spiritu

1974 1333 2162 1400 fuerit,
2221 1335 2276 1388 in
2332 1351 2559 1405 regnum
2629 1340 2894 1393 caelorum
2945 1356 3051 1392 nou
3099 1341 3436 1409 ingredietur
3479 1341 3548 1403 ⁸ο,

1973 1425 2134 1495 cujus
2159 1427 2274 1496 ipse
2311 1428 2580 1483 tinctione
2607 1445 2713 1499 qua
2764 1447 2875 1485 non
2906 1431 3182 1501 indigebat
3215 1441 3422 1498 tamen,
3456 1449 3550 1489 ve-

1973 1533 2096 1573 rum
2126 1518 2469 1575 consecravit
2493 1535 2684 1589 aquas.
2718 1523 2936 1576 initium
2967 1522 3112 1576 fecit.

2047 1608 2266 1664 Omnem
2290 1610 2462 1665 locum
2485 1628 2641 1680 super
2657 1628 2804 1681 quem
2829 1613 3014 1678 planta
3037 1613 3226 1680 pedum
3257 1622 3550 1666 vestrorum

1973 1701 2345 1764 calcaveritis,
2402 1702 2544 1756 vobis
2603 1703 2764 1756 dabo.
2818 1701 2918 1774 [5.]
2975 1702 3277 1756 Promissio
3326 1704 3546 1772 quidem

1973 1801 2124 1847 tanta
2149 1801 2250 1848 est.
2281 1793 2350 1848 At
2416 1801 2606 1862 gentes
2652 1795 2974 1864 spirituales
3011 1795 3232 1849 vincere
3261 1797 3360 1850 hoc
3385 1811 3547 1866 opus,

1971 1884 2062 1938 hic
2092 1887 2267 1940 labor.
2297 1883 2398 1940 Ubi
2449 1887 2730 1942 curriculo
2773 1895 2969 1942 exacto
3016 1887 3083 1940 ad
3129 1903 3361 1954 superas
3391 1889 3550 1944 sedes

1972 1975 2452 2032 conscendendum
2477 1984 2579 2032 est.
2641 1977 2759 2031 imo
2796 1993 2926 2032 vero
2957 1977 3057 2032 has
3102 1988 3232 2032 ante
3263 1979 3330 2032 ad
3367 1979 3550 2032 virtu-

1973 2072 2081 2118 tem
2133 2080 2199 2120 ac
2247 2069 2554 2128 veritatem,
2601 2067 2654 2121 in
2714 2067 2859 2121 viam
2896 2068 3050 2136 pacis
3093 2069 3196 2122 iter
3223 2069 3385 2122 nobis
3409 2084 3550 2138 prte-

1972 2157 2132 2211 bcnte
2204 2155 2374 2224 Jesu,
2417 2159 2506 2228 qui
2562 2165 2852 2226 serpentes
2905 2159 3068 2211 etiam
3123 2165 3178 2212 et
3227 2159 3548 2230 scorpiones

1972 2249 2132 2303 nobis
2169 2249 2467 2304 calcandos
2491 2249 2724 2318 praebuit
2755 2251 2822 2315 ",
2865 2251 3223 2321 gentiumque
3255 2250 3546 2304 haeredita-

1972 2347 2078 2392 tem
2104 2340 2350 2393 donavit.
2387 2339 2839 2395 Conscendamus
2864 2340 3090 2425 insuper
3124 2340 3336 2394 decenti
3369 2341 3546 2410 gradu

1972 2445 2135 2500 super
2185 2429 2332 2484 dicta
2395 2429 2451 2484 in
2511 2429 2817 2497 Scripturis
2879 2433 3296 2502 comprehensa.
3323 2433 3403 2488 Ad
3444 2449 3545 2488 nos

1969 2520 2114 2573 enim
2148 2520 2464 2576 intellectus
2525 2521 2782 2590 pertinet.
2821 2521 2966 2576 Deus
3018 2523 3201 2591 itaque
3237 2533 3440 2578 terram
3475 2525 3542 2578 ad

1970 2611 2304 2681 Euphratem
2372 2626 2433 2667 se
2496 2612 2756 2666 daturum
2807 2610 2920 2668 illis
2971 2622 3058 2669 est
3090 2615 3408 2682 pollicitus,
3458 2615 3545 2671 in-

1967 2698 2149 2768 dignis
2200 2715 2330 2755 vero
2380 2699 2517 2756 visis
2579 2701 3040 2770 promissiouihus
3085 2717 3194 2756 non
3226 2703 3398 2757 stetit.
3435 2702 3544 2757 Da-

1966 2791 2074 2845 vidi
2139 2799 2352 2847 tantum
2390 2802 2445 2848 et
2498 2792 2783 2849 Salomoni
2817 2795 2910 2863 qui
2935 2793 3084 2863 digni
3128 2793 3372 2859 fuerunt,
3401 2809 3542 2864 pra-

1963 2884 2129 2939 stitit.

2039 2965 2310 3028 Deserlum
2338 2983 2387 3030 et
2418 2974 2810 3031 Antilibanum.
2845 2975 2946 3050 [4.]
2984 2977 3267 3034 Desertum
3313 2977 3539 3034 Christo

1967 3063 2250 3132 subjunxit
2278 3063 2461 3129 Pater,
2487 3065 2690 3135 dequo
2725 3066 2932 3122 dictum
2953 3075 3079 3121 est:
3122 3086 3140 3119 ι
3185 3065 3415 3136 Laetare,
3443 3067 3540 3123 de-

1962 3164 2171 3210 sertum
2209 3154 2424 3210 aridum
2447 3157 2513 3211 “.
2547 3175 2564 3207 ι
2591 3155 2724 3212 item
2765 3173 2780 3209 :
2821 3175 2839 3208 ι
2881 3156 3075 3212 Plures
3142 3157 3306 3212 habet
3335 3159 3538 3214 liberos

1961 3247 2123 3301 vidua
2156 3261 2318 3314 quam
2365 3249 2618 3302 maritam
2651 3248 2715 3303 ’³.
2753 3266 2772 3300 ι
2806 3245 2918 3304 Nec
2967 3265 3101 3304 vero
3145 3249 3416 3304 Libanum
3439 3248 3538 3304 Jo-

1962 3353 2060 3394 sue
2088 3337 2399 3408 subjunxit,
2431 3341 2706 3404 Israclem,
2729 3341 2974 3408 inquam,
3008 3340 3102 3410 qui
3130 3340 3272 3410 apud
3299 3335 3537 3411 prophe-

1961 3437 2046 3486 tas
2097 3431 2204 3486 hoc
2263 3432 2504 3488 nominis
2562 3433 2744 3488 habet.
2771 3431 2877 3498 Qui
2903 3433 3030 3487 item
3083 3434 3330 3488 olearum
3385 3435 3538 3491 ferax

1961 3521 2144 3578 dictus
2194 3530 2299 3588 est,
2357 3537 2548 3578 verum
2605 3524 3008 3586 Antilibanum,
3064 3535 3253 3593 gentes
3293 3525 3442 3594 ipsas
3480 3526 3537 3582 in

1959 3612 2213 3670 lsraelem
2239 3613 2457 3677 insitas,
2491 3614 2920 3684 inqueipsorum
2951 3615 3132 3669 locum
3165 3616 3396 3670 ascitas.

2033 3703 2104 3758 Et
2153 3703 2604 3774 quemadmodum
2674 3720 2796 3758 cum
2851 3702 3001 3758 Haec
3050 3703 3161 3771 fui,
3219 3705 3302 3758 ita
3365 3713 3533 3759 tecum

1963 3810 2075 3859 ero,
2110 3801 2220 3848 etc.
2241 3791 2352 3864 [5.]
2385 3792 2507 3846 Non
2529 3792 2675 3846 enim
2703 3792 2923 3862 propria
2951 3791 3160 3846 virtute
3183 3791 3372 3847 hostes
3405 3791 3538 3848 vicit

1965 3881 2162 3935 Messes.
2214 3879 2540 3948 Hujusmodi
2602 3879 2736 3935 illud
2786 3895 3006 3950 quoque
3052 3888 3183 3936 est:
3216 3899 3236 3933 ι
3278 3880 3419 3937 Ecce
3445 3895 3552 3942 vo-,

1969 3971 2180 4025 biscum
2217 3983 2336 4023 sum
2376 3984 2550 4038 usque
2579 3967 2647 4023 ad
2675 3969 2839 4024 ﬁnem
2877 3969 3066 4022 mundi
3091 3971 3158 4024 “.
3196 3987 3216 4021 ι

2037 4077 2212 4134 Macte
2265 4087 2477 4134 tantum
2534 4080 2735 4135 virtute
2778 4081 2879 4144 sis,
2911 4081 3114 4151 inquit,
3150 4079 3440 4154 virumque
3483 4089 3539 4139 te

1966 4177 2184 4238 praesta,
2217 4184 2316 4240 ego
2345 4171 2492 4224 enim
2539 4177 2592 4226 te
2621 4171 2985 4236 continuatio,
3021 4172 3452 4242 patientiamque
3475 4189 3540 4230 ac

1967 4261 2112 4317 vires
2163 4277 2275 4332 quo
2326 4270 2532 4317 terram
2583 4263 2694 4318 tuis
2755 4263 2984 4318 asseclis
3043 4264 3349 4320 distribuas
3405 4281 3540 4323 con-

1969 4352 2162 4408 feram.

361 4457 522 4512 Ἀλλά
553 4460 810 4528 φύλαττε,
839 4463 934 4515 καὶ
959 4463 1107 4520 ποίει
1148 4461 1294 4516 κατὰ
1335 4461 1515 4516 πάντα
1550 4463 1640 4516 τὸν
1672 4465 1858 4534 νόμον.

2043 4465 2242 4522 Verum
2293 4482 2485 4523 oumes
2535 4474 2661 4521 tuas
2708 4467 2958 4522 actiones
2989 4465 3147 4534 juxta
3169 4466 3339 4538 legem
3367 4480 3537 4522 accu-

279 4551 440 4624 Αὐτῷ
472 4553 531 4604 δὲ
562 4554 891 4623 προστάττει
948 4556 1092 4624 ἅπερ
1141 4557 1234 4609 καὶ
1283 4555 1373 4608 τὸν
1403 4554 1532 4608 λαὸν
1579 4555 1864 4610 διδάσκειν

277 4644 471 4715 ἐχρῆν.
506 4663 526 4694 ι
558 4645 674 4707 Πᾶς
730 4645 861 4715 γάρ,
894 4645 1079 4716 φησιν,
1117 4647 1266 4710 ὅστις
1309 4647 1526 4718 ποιήσει
1553 4647 1695 4701 κατὰ
1735 4647 1862 4718 μίαν

277 4737 388 4788 τῶν
413 4735 642 4790 ἐντολῶν
663 4735 869 4789 τούτων
889 4737 998 4790 τῶν
1025 4736 1341 4807 ἐλαχίστων,
1391 4739 1490 4791 καὶ
1515 4738 1716 4805 διδάξει
1735 4739 1862 4801 τοὺς

277 4826 599 4898 ἀνθρώπους
649 4827 850 4896 ὁμοίοις
883 4831 1078 4894 ποιεῖν,
1134 4827 1306 4898 μέγας
1337 4829 1671 4900 κληθήσεται
1701 4832 1759 4884 ἐν
1788 4833 1855 4902 τῇ

280 4919 532 4989 βασιλείᾳ
578 4918 688 4971 τῶν
737 4920 1004 4990 οὐρανῶν.
1047 4938 1066 4970 ι
1095 4921 1203 4972 Καὶ
1257 4922 1474 4985 Λουκᾶς
1510 4921 1734 4991 δὲ-περὶ
1762 4922 1856 4976 τοῦ

277 4985 537 5077 ἀληθινοί)
557 5025 723 5078 φησιν
762 4985 936 5078 Ἰησοῦ
961 5025 975 5040 ο
1013 5029 1031 5060 ι
1068 5004 1169 5061 Ὧν
1209 5010 1414 5078 ήρξατο
1456 4985 1632 5063 reicit:
1669 4985 1730 5064 τε
1762 5013 1857 5065 καὶ

276 5100 573 5154 διδάσκειν.
602 5118 620 5150 ι
661 5101 849 5152 Πᾶσαν
887 5100 998 5170 γὰρ
1035 5101 1324 5172 ἐπλήρωσε
1350 5102 1720 5174 δικαιοσύνην,
1747 5103 1854 5156 ὑπὸ

278 5188 444 5258 νόμον
481 5187 774 5258 γενόμενος
814 5189 888 5252 ὠς
929 5189 1238 5260 ἄνθρωπος.
1270 5191 1381 5244 Καὶ
1406 5190 1506 5244 ὅσα
1549 5192 1856 5246 ἐνετείλατο

279 5279 430 5350 αὐτῷ
462 5279 705 5350 Μωῦσῆς
731 5279 1053 5350 πεποίηκεν,
1073 5281 1161 5334 ἵνα
1188 5283 1315 5344 τοὺς
1346 5281 1451 5335 ὑπὸ
1477 5283 1640 5353 νόμον
1671 5283 1858 5352 ἐξαγο-

285 5371 446 5442 ράσῃ,
479 5371 574 5426 καὶ
595 5371 694 5441 τὴν
716 5369 986 5424 υἱοθεσίαν
1019 5369 1406 5440 ἀπολαύωμεν.
1445 5372 1560 5424 Οὐκ
1582 5373 1854 5438 ἐξέκλινεν

281 5465 378 5518 ἀπ’
400 5462 578 5518 αὐτῶν
597 5461 801 5534 δεξιάή
829 5463 1116 5534 ἀριστερά,
1167 5457 1400 5532 φάσκων
1419 5479 1432 5494 ’
1473 5483 1491 5516 ι
1527 5464 1684 5518 ἰὦτα
1713 5463 1791 5531 ἓν,
1816 5464 1849 5536 ἢ

1963 4566 2083 4614 rate
2116 4573 2410 4630 compone,
2432 4573 2608 4629 eaque
2639 4557 2689 4613 ei
2720 4557 2990 4627 pracipit,
3034 4556 3235 4627 quibus
3270 4557 3530 4628 p0pulum

1959 4665 2182 4720 quoque
2237 4650 2512 4706 instruere
2568 4649 2893 4720 oportebat:
2932 4664 2954 4700 ι
2985 4647 3310 4718 Quicunque
3366 4647 3534 4714 enim,

1969 4742 2170 4811 inquit,
2203 4741 2349 4798 facto
2418 4739 2642 4796 unicum
2681 4747 3074 4810 praeceptorum
3131 4739 3534 4796 levissimorum

1964 4835 2330 4902 expresserit,
2357 4841 2409 4887 et
2437 4832 2630 4887 eodem
2663 4831 2827 4886 modo
2870 4829 3050 4886 facere
3081 4829 3329 4886 docuerit
3353 4830 3534 4884 homi-

1964 4935 2082 4984 nes,
2112 4933 2368 4989 magnum
2408 4933 2608 4973 nomen
2654 4919 2706 4972 in
2740 4932 2908 4987 regno
2938 4918 3204 4972 caelorum
3245 4933 3535 4988 compara-

1961 5011 2041 5065 bit
2073 5011 2140 5066 ".
2172 5029 2191 5062 ι
2221 5009 2402 5065 Lucas
2454 5010 2583 5065 item
2615 5010 2681 5064 de
2715 5023 2846 5063 vero
2883 5007 3050 5064 Josue
3081 5010 3259 5080 inquit
3289 5001 3308 5062 ξ
3347 5028 3366 5061 ι
3403 5011 3535 5077 Quae

1961 5106 2126 5172 cmpit
2149 5117 2272 5156 cum
2303 5100 2487 5157 facere
2517 5110 2629 5154 tmn
2679 5101 2876 5156 docere
2911 5099 2976 5153 ".
3010 5119 3028 5152 ι
3062 5101 3200 5155 Cum
3237 5103 3382 5157 enim
3431 5103 3534 5171 legi

1957 5207 2078 5246 sese
2119 5191 2292 5246 instar
2328 5191 2573 5246 hominis
2595 5189 2956 5254 subdidisset,
2987 5205 3206 5246 omnem
3236 5193 3530 5262 complevit

1955 5283 2244 5353 justitiam.
2292 5282 2644 5353 Quaecunque
2707 5281 2874 5336 etiam
2921 5283 2970 5337 ei
3017 5285 3277 5354 praecepit
3329 5283 3536 5346 Moses,

1959 5373 2110 5438 fecit,
2139 5387 2248 5442 quo
2281 5373 2382 5442 legi
2444 5387 2546 5426 nos
2597 5371 2871 5426 obnoxios
2932 5373 3224 5428 redimeret
3267 5373 3334 5437 ",
3373 5372 3541 5441 inque

1963 5464 2199 5517 ﬁliorum
2235 5465 2414 5518 locum
2441 5467 2742 5534 adoptaret.
2770 5461 2892 5518 Non
2919 5463 3142 5520 deﬂexit
3161 5464 3228 5519 ah
3247 5464 3327 5520 eis
3361 5478 3538 5533 neque

354 5642 396 5674 η
436 5639 571 5696 Luc.
589 5639 815 5702 .xvr,29.
891 5642 936 5672 ὀ
971 5639 1126 5694 .luau.
1153 5656 1235 5705 ιιι,
1261 5639 1314 5694 5.
1379 5641 1420 5671 "
1452 5638 1578 5694 Luc.
1611 5655 1666 5702 x,
1699 5639 1785 5694 l9.
1865 5641 1911 5673 "
1935 5637 2039 5696 lsa.
2070 5653 2234 5705 xxxv,
2262 5638 2315 5693 1.
2394 5639 2440 5670 ⁸³
2486 5637 2594 5694 lsa.
2628 5655 2754 5709 Liv,
2796 5642 2849 5696 1.
2925 5643 2972 5676 ³⁵
2999 5639 3188 5696 Matth.
3216 5651 3404 5700 xxvul,
3442 5632 3538 5692 20.

281 5713 328 5747 ³⁸
353 5710 540 5766 Matth.
579 5725 631 5776 v,
665 5710 752 5768 i9.
834 5709 878 5741 "'
919 5709 1039 5764 Act.
1067 5726 1104 5777 ι,
1141 5711 1186 5764 1.
1266 5711 1310 5742 ’⁷
1335 5709 1604 5778 Galamv,
1639 5710 1692 5764 5.
