4036 6214
454 320 641 394 ⁷995

1822 331 2179 393 PROCOPII
2218 332 2464 393 GAZJEI

3672 334 3788 399 996

534 440 601 495 ad
664 439 911 493 dextram
976 453 1157 509 neque
1200 439 1507 506 sinistram,
1536 440 1628 511 qui
1683 441 1895 511 inquit:
1924 461 1943 493 ι
1982 442 2097 496 Νοιι

2206 442 2305 512 μία
2332 446 2529 511 κεραία
2560 441 2621 494 οὐ
2661 441 2736 513 μὴ
2763 441 3005 513 παρέλθῃ
3032 443 3097 496 ἐκ
3132 441 3224 495 τοῦ
3247 442 3432 513 νόμου,
3455 444 3560 507 ἓως
3595 440 3661 499 οὖ
3688 448 3784 514 γέ·

533 538 639 584 tota
693 545 860 585 unum
928 539 1024 584 aut
1077 545 1217 601 apex
1259 548 1404 588 unus
1452 548 1480 587 a
1524 534 1638 604 lege
1662 533 1899 599 decidet,
1930 535 2105 591 donec

533 621 625 675 tiat
652 621 719 675 ’⁸.
751 639 770 672 ι
804 619 1149 692 Quapropter
1201 624 1268 678 de
1310 624 1431 694 ipso
1480 623 1651 680 Isaias
1692 639 1912 694 quoque
1972 627 2049 680 ait
2087 643 2101 679 :

536 730 556 764 ι
596 711 733 766 Ecce
788 714 1085 783 prudenter
1125 714 1292 787 479
1356 724 1480 786 aget
1519 732 1711 773 servus
1742 733 1917 783 meus,
1951 719 2103 773 exal-

534 802 762 869 tabitur,
791 805 1076 868 evehetur,
1107 813 1162 859 et
1214 821 1381 876 supra
1414 807 1635 862 modum
1675 808 1934 864 sublimis
1972 809 2102 874 erit,

531 892 660 961 quia
693 893 874 946 omnia
900 894 1083 947 divina
1116 896 1386 963 sapientia
1425 897 1539 967 agit
1564 904 1618 952 et
1645 898 1915 967 loquitur.

604 982 697 1036 Est
728 998 856 1038 vero
908 998 1046 1054 opus
1106 985 1466 1055 intelligentia
1519 988 1569 1041 ei
1620 988 1713 1056 qui
1750 989 1927 1058 legem
1966 990 2102 1059 legit

534 1073 787 1141 inprimis
839 1089 970 1129 vero
1017 1075 1142 1129 fide.
1190 1094 1211 1127 ι
1250 1074 1366 1131 Nisi
1416 1077 1562 1131 enim
1599 1078 1975 1144 credideritis,
2012 1080 2100 1134 in-

533 1164 671 1233 quit,
714 1178 1059 1234 nequaquam
1113 1165 1433 1237 intelligetis
1460 1168 1536 1221 "’.
1574 1187 1592 1220 ι
1620 1161 1927 1224 Ἀεείἀιιιιιῐι
1972 1186 2102 1225 nec-

535 1269 640 1307 non
674 1255 918 1309 studium
969 1257 1292 1325 requiritur,
1333 1258 1478 1327 quod
1515 1261 1607 1329 qui
1641 1261 1804 1315 habet
1831 1278 1860 1314 a
1897 1263 2102 1318 Davide

531 1343 726 1399 beatus
779 1344 1159 1413 praedicatur:
1218 1365 1238 1399 ι
1272 1347 1470 1401 Omnia
1520 1351 1667 1403 enim
1721 1368 1844 1421 qua:
1878 1353 2092 1418 fecerit,

532 1434 730 1504 inquit,
759 1451 1022 1507 prospere
1051 1439 1349 1493 succedent
1373 1439 1559 1492 ".i—
1597 1460 1613 1492 ι
1645 1439 1894 1497 Lucerna
1928 1444 2095 1509 enim,

531 1525 661 1578 alibi
696 1525 795 1589 ait,
831 1525 1030 1595 pedum
1076 1541 1322 1580 meorum
1364 1527 1451 1581 lex
1481 1535 1598 1592 tua,
1628 1538 1680 1583 et
1716 1531 1896 1585 lumen
1932 1534 2099 1587 semi-

529 1621 712 1670 tarum
747 1630 994 1671 mearum
1027 1618 1095 1673 “.
1136 1637 1154 1670 ι
1186 1619 1307 1683 Qua
1339 1621 1699 1676 conﬁrmatus
1734 1638 1949 1679 onmem
1987 1640 2099 1680 me-

530 1717 646 1762 tum
682 1721 753 1761 ac
779 1707 1028 1762 timorem
1066 1709 1239 1777 ejicit.

602 1798 805 1854 Parata
847 1798 990 1852 vobis
1010 1800 1284 1868 viaticum,
1318 1801 1490 1857 adhuc
1516 1805 1654 1858 enim
1680 1806 1823 1859 intra
1854 1815 1959 1861 tres
1984 1806 2095 1863 dies
2130 1791 2174 1847 Β

534 1889 817 1955 trajicietis
850 1888 987 1943 hunc
1009 1888 1320 1945 Jordmtem.
1345 1891 1410 1964 [|,
1437 1894 1548 1966 H.J
1573 1895 1695 1951 llaec
1726 1913 1825 1966 per
1857 1900 2096 1969 scripto-

528 1991 623 2031 res
648 1984 777 2031 uota
820 1975 957 2031 fecit
995 1979 1220 2047 populo,
1266 1995 1407 2049 quos
1448 1982 1679 2051 Aquilas
1724 1983 1944 2053 quidem
1972 2001 2101 2039 exa-

532 2077 701 2121 ctores
760 2069 1035 2123 nominat.
1096 2070 1461 2141 Symmachus
1504 2088 1634 2129 vero
1683 2074 1984 2143 prwfectos,
2014 2074 2097 2130 vi-

532 2163 731 2215 dentur
766 2169 952 2215 autem
999 2171 1464 2220 commentatores
1499 2170 1695 2235 quales
1726 2166 1872 2234 apud
1907 2166 2100 2222 Roma-

526 2268 633 2306 nos
684 2252 941 2319 fuerunt,
989 2268 1142 2309 esse.
1176 2254 1279 2310 Per
1308 2272 1447 2325 quos
1498 2259 1719 2328 populis
1747 2259 1970 2315 decreta
1998 2276 2098 2315 sua

533 2343 964 2413 promulgarunt
1014 2345 1319 2416 principes.
1368 2342 1645 2403 Viaticum
1679 2365 1844 2420 porro
1874 2366 1940 2406 ex
1970 2368 2096 2407 man

531 2436 795 2505 colligere
819 2435 1108 2505 iubentur,
1143 2453 1245 2493 nec
1275 2440 1454 2493 solum
1488 2441 1579 2509 qui
1614 2441 1670 2495 in
1706 2441 1874 2508 diem,
1907 2458 2096 2498 verum

536 2528 587 2578 iu
619 2527 861 2581 triduum
900 2527 1149 2597 adeoque
1182 2530 1251 2584 ad
1283 2538 1456 2585 totum
1502 2533 1850 2602 traiectionis
1880 2543 2098 2605 tempus

531 2614 823 2671 snliloeret.
858 2615 1004 2672 Inter
1026 2619 1267 2673 eundum
1318 2621 1465 2674 enim
1512 2637 1621 2676 non
1653 2623 1825 2677 otium
1860 2624 2094 2694 conqui-

530 2706 689 2759 rendi
725 2715 1090 2761 commeatum
1129 2710 1536 2780 suppeditabat.
1580 2710 1688 2768 Pro
1714 2714 1900 2769 tribus
1929 2715 2099 2785 igitur

532 2797 726 2853 diebus
758 2798 921 2851 unico
977 2798 1603 2871 adjectis-colligebant,
1647 2818 1771 2857 cum
1809 2804 2098 2874 trajectio-

534 2889 618 2943 nis
669 2889 779 2944 die.
838 2890 955 2944 Non
1005 2890 1229 2960 quidem
1284 2893 1431 2963 quod
1508 2894 1655 2948 inter
1702 2898 2096 2952 transeundum

486 2982 489 2985 ’
533 2994 660 3033 man
691 2979 876 3051 inopia
906 2990 1099 3036 essent
1138 2981 1463 3049 laéborattrri,
1520 3000 1710 3039 verum
1754 2998 1810 3041 ut
1839 2989 2098 3045 omnibus

532 3071 722 3126 missis
775 3071 842 3126 ad
895 3078 1100 3126 terram
1150 3074 1483 3142 promissam
1540 3077 1956 3134 contenderent.
2015 3081 2094 3135 Ad

533 3167 649 3214 tres
695 3162 837 3215 enim
887 3161 1006 3217 dies
1045 3162 1308 3233 deinceps
1354 3180 1449 3222 eos
1485 3166 1669 3221 adhuc
1704 3170 1927 3234 mansit,
1963 3170 2094 3226 dum

534 3249 823 3307 Paschatis
864 3254 977 3307 ritu
1038 3264 1260 3324 peracto
1290 3270 1493 3325 azyma
1530 3259 1909 3314 comederunt.
1938 3260 2096 3318 Tunc

532 3343 679 3397 enim
720 3351 879 3400 terra:
916 3354 1183 3415 proventu
1222 3345 1476 3401 victitare
1513 3350 1750 3416 primum
1786 3362 2093 3422 coeperunt.

534 3433 705 3487 Porro
732 3435 910 3489 cuivis
956 3435 1248 3491 Jordanem
1294 3437 1594 3506 trajectum
1620 3453 2093 3511 commeatus_ne-

531 3525 766 3579 cessitas
815 3525 1137 3593 imponitur,
1189 3543 1415 3596 operum
1467 3530 1720 3586 videlicet
1762 3534 2097 3603 resipiscen-

533 3614 640 3675 tiae.
699 3631 809 3685 quo
852 3631 983 3670 cum
1026 3616 1256 3671 Christo
1323 3627 1488 3687 queat
1551 3622 1767 3677 dicere:
1825 3643 1846 3677 ‹
1906 3625 2096 3683 Victus

533 3718 690 3761 meus
742 3714 829 3761 est
874 3706 1213 3760 voluntatem
1267 3707 1387 3778 ejus
1438 3712 1531 3780 qui
1594 3726 1681 3766 me
1743 3713 1891 3767 misit
1939 3730 2098 3770 exse-

531 3795 624 3863 qui
653 3796 718 3849 ³³.
755 3814 774 3847 ι
829 3794 962 3848 Nam
1014 3795 1144 3851 Elia:
1190 3813 1411 3868 quoque
1458 3800 1697 3855 dicitur:
1730 3819 1751 3853 ι
1788 3800 1987 3875 Surge,
2041 3814 2096 3859 et

531 3885 781 3950 comede,
811 3886 1077 3955 quoniam
1130 3888 1232 3941 iter
1261 3888 1621 3959 longinquum
1657 3898 1710 3945 te
1742 3903 1928 3947 manet
1956 3895 2025 3948 ³³.
2070 3914 2088 3946 ι

531 3971 631 4028 Via
683 3975 828 4029 enim
881 3974 974 4030 Dei
1025 3976 1250 4033 virtutis
1297 3980 1676 4047 operationem
1722 3981 1976 4050 requirit.
2010 3981 2093 4037 Ad

529 4078 691 4132 quam
724 4062 853 4117 item
902 4063 1133 4133 pedibus
1170 4080 1281 4125 non
1312 4065 1494 4125 pilleatis
1524 4068 1974 4138 aggrediendum,
2003 4085 2097 4125 ve-

531 4167 652 4207 rum
698 4160 827 4207 ante
874 4152 1067 4208 divino
1117 4155 1335 4213 lavacro
1394 4148 1642 4215 ablutum
1690 4166 1780 4213 est
1829 4160 2090 4215 eundum.

530 4238 760 4312 Propter
785 4242 839 4297 id
872 4243 927 4298 in
974 4244 1166 4299 multis
1200 4243 1467 4301 Ecclesiis
1516 4260 1655 4302 usus
1685 4243 1921 4302 fortasse
1946 4249 2094 4304 obti-

529 4336 672 4400 nuit,
726 4340 785 4388 ut
818 4344 1018 4405 quarto
1066 4336 1263 4405 quovis
1298 4344 1506 4391 sanctae
1556 4338 1878 4406 septimana:
1904 4338 1993 4396 die
2025 4339 2092 4394 ad

2206 550 2387 602 νηται.
2430 553 2449 585 ι
2487 532 2578 585 Διὸ
2606 534 2699 585 καὶ
2744 532 2976 595 Ἡσαΐας
3004 533 3156 601 λέγει
3188 533 3315 606 περὶ
3341 534 3505 589 αὐτοῦ
3530 552 3545 566 ο
3582 554 3603 587 ι
3636 535 3787 598 ,Ἰδοὺ

2207 626 2439 694 συνήσει
2465 619 2636 687 ὀπαῖς
2662 642 2786 695 μου,
2821 625 2914 677 καὶ
2937 624 3306 696 ὑψωθήσεται,
3334 626 3429 682 καὶ
3450 625 3789 697 δοξασθήσε-

2203 732 2317 781 ται,
2366 716 2461 770 καὶ
2518 715 3026 787 μετεωρισθήσεται
3102 717 3333 789 σφόδρα,
3395 735 3416 770 ι
3481 718 3789 791 θεοπρεπεί

2206 805 2367 877 σοφίᾳ
2388 806 2564 860 πάντα
2592 805 2783 872 ποιῶν,
2815 809 2910 860 καὶ
2931 806 3319 879 φθεγγόμενος.

2273 982 2547 1045 Συνέσεως
2578 983 2735 1054 χρεία
2763 982 2840 1053 τῷ
2876 984 2968 1037 τὸν
2998 982 3162 1053 νόμον
3193 970 3660 1061 ἀναγινώσκοντι(
3685 988 3788 1045 καὶ

2204 1072 2311 1143 πρὸ
2339 1071 2563 1141 ταύτης,
2592 1072 2847 1135 πίστεως.
2885 1092 2905 1124 ‹
2928 1073 3054 1127 Ἐάν
3086 1075 3217 1145 γάρ,
3249 1077 3416 1146 φησὶ,
3450 1078 3525 1147 μὴ
3553 1078 3784 1133 πιστεύ-

2204 1154 2370 1233 σητε,
2395 1163 2508 1216 οὐδ’
2534 1163 2594 1215 οὒ
2629 1163 2704 1235 μὴ
2742 1164 2960 1233 συνῆτε.
3000 1184 3019 1217 ι
3052 1165 3147 1218 Δεῖ
3170 1164 3229 1218 δὲ
3260 1165 3355 1219 καὶ
3388 1166 3620 1237 μελέτης
3655 1185 3785 1225 συνο

2200 1253 2624 1324 εχεστέρας.·ον
2652 1254 2743 1307 καὶ
2777 1253 3097 1325 μακαρίζων
3122 1254 3289 1325 φησὶν
3330 1255 3360 1307 ό
3382 1254 3578 1308 Δαϐίδ·
3618 1274 3638 1307 ι
3668 1258 3785 1316 Καὶ

2203 1345 2383 1397 πάντα
2420 1345 2518 1397 ὅσα
2549 1344 2617 1398 ἂν
2646 1348 2771 1416 ποιῇ
2806 1344 3327 1417 κατευοδωθήσεται.
3358 1366 3378 1399 ι
3406 1377 3477 1388 --
3513 1367 3533 1399 ι
3568 1348 3781 1418 Λύχνος

2199 1434 2327 1502 γὰρ,
2363 1436 2516 1504 φησι,
2549 1437 2659 1498 τοῖς
2692 1436 2818 1488 ποσί
2850 1453 2951 1506 μου
2984 1437 3013 1488 6
3038 1436 3200 1507 νόμος
3240 1454 3355 1502 σου,
3398 1438 3492 1491 καὶ
3518 1439 3633 1510 φῶς
3659 1445 3783 1504 ταῖς

2197 1525 2406 1595 τρίϐοις
2435 1541 2559 1597 μου.
2592 1544 2610 1577 ι
2629 1526 2705 1579 Δι’
2727 1520 2789 1581 οὗ
2822 1527 3076 1599 ῥωσθεὶς,
3108 1527 3330 1582 ἐκϐαλεῖ
3357 1530 3538 1584 πεῖσαν
3575 1531 3782 1586 δειλίαν

2201 1616 2297 1670 καὶ
2325 1617 2511 1687 φόϐον.

2286 1789 2696 1860 Ἐτωμάζὲσθε
2721 1791 3124 1862 ἐπισιτισμὸν,
3142 1792 3237 1849 ὅτι
3254 1796 3340 1850 ἐτι
3364 1796 3522 1869 τρεῖς
3539 1798 3775 1866 ἡμέραι,

2197 1879 2297 1932 καὶ
2337 1878 2700 1945 διαϐήσεσθε
2726 1880 2836 1933 τὸν
2868 1880 3174 1950 Ἰορδάνην
3206 1884 3444 1940 τοῦτον.
3471 1886 3660 1941 Ταῦτα
3687 1888 3780 1942 διὰ

2195 1969 2305 2021 τῶν
2350 1969 2729 2041 Γραμματειδυν
2760 1971 2968 2040 Ἰησοῦς
3011 1972 3279 2043 δεδήλωκε
3321 1976 3399 2046 τῷ
3446 1977 3591 2046 λαῷο
3626 1978 3723 2041 οὓς
3748 1984 3778 2034 ὀ

2202 2060 2302 2130 μὲν
2336 2059 2585 2125 Ἀκύλας,
2628 2061 2983 2129 ἐκϐιϐαστάς
3034 2080 3236 2134 φησιν’
3282 2068 3309 2119 δ
3352 2067 3409 2120 δὲ
3451 2068 3775 2140 Σύμμαχος,

2197 2149 2541 2218 ἐπιστάτας.
2557 2152 2800 2207 Ἐοίκασι
2833 2154 2891 2208 δὲ
2934 2157 3080 2210 κατὰ
3120 2159 3249 2221 τοὺς
3290 2161 3442 2232 παρὰ
3479 2164 3777 2234 Ῥωμαίοις

2198 2241 2578 2313 ἆκσκέπτορας
2628 2240 2791 2308 εἷναι,
2844 2245 2916 2299 δι’
2953 2239 3029 2300 ὧν
3056 2249 3278 2320 δηλοῦσι
3322 2255 3436 2317 τοῖς
3483 2255 3681 2325 δήμοις
3724 2260 3775 2311 οξ

2198 2331 2456 2403 ἄρχοντες
2505 2334 2567 2386 τὸ
2608 2334 3220 2411 δοκοῦν.Ἐπισιτισμδν
3247 2342 3618 2415 δὲδσυλλέγειν
3662 2350 3775 2402 ἀπὸ

2198 2422 2292 2475 τοῦ
2329 2425 2504 2494 μάννα
2526 2426 3128 2502 προστάττονται,πρὺς
3153 2433 3234 2504 τῷ
3263 2440 3397 2507 πρὸς
3424 2438 3643 2510 ἡμέραν
3669 2440 3772 2511 ἀρ·

2198 2516 2384 2569 κοῦντι
2414 2519 2506 2571 ἐπὶ
2534 2522 2690 2591 τρεῖς
2714 2520 2929 2593 ἡμέρας
2959 2523 3055 2577 καὶ
3082 2526 3173 2579 τὸν
3199 2528 3498 2598 ἀρκέσοντα
3520 2532 3659 2603 πρὸς
3679 2533 3772 2587 τὸν

2198 2610 2296 2680 τῆς
2327 2609 2629 2675 διαϐάσεως
2659 2615 2868 2684 χρόνον.
2899 2617 2974 2670 Οὐ
3005 2619 3114 2688 γὰρ
3140 2620 3401 2691 ἠδύναντο
3430 2624 3550 2678 τότε
3578 2626 3770 2679 συλλέ-

2210 2715 2338 2766 γειν,
2365 2700 2502 2771 πρὸς
2522 2702 2621 2772 τὴν
2646 2703 2897 2759 διάϐασιν
2922 2708 3330 2780 ἀσχολούμενοι.
3352 2714 3452 2768 Διὰ
3474 2716 3581 2769 τῶν
3600 2718 3772 2789 τριῶν

2198 2787 2291 2844 οὖν
2335 2793 2556 2864 ἡμερῶν
2606 2796 2670 2849 ὲκ
2722 2798 3041 2870 προσθήκης
3073 2803 3359 2875 συνέλεγον
3391 2809 3485 2861 καὶ
3527 2787 3772 2882 τὸνῗτῆς

2199 2883 2409 2954 ἡμέρας
2454 2885 2554 2954 τῆς
2599 2885 2922 2954 διαϐάσεως.
2958 2893 3067 2945 Καὶ
3091 2894 3217 2966 μετ’
3240 2895 3431 2965 ὀλίγαο
3460 2899 3568 2952 Καὶ
3596 2899 3773 2964 ἄλλως

2192 2974 2277 3039 δὲ,
2308 2975 2389 3045 τῷ
2423 2978 2670 3047 μέλλοντι
2696 2980 2944 3053 διαϐῆναι
2989 2986 3079 3040 τὸν
3117 2987 3384 3063 Ἰορδάνην
3421 2994 3771 3069 ἐπισιτισμοῦ

2148 3067 2377 3151 ³χρεία,
2406 3071 2510 3123 καὶ
2556 3071 2664 3125 τῶν
2708 3075 2773 3127 ὲκ
2820 3077 3106 3146 μετανοίας
3153 3080 3349 3151 ἔργων,
3383 3084 3459 3149 ὡς
3507 3085 3574 3143 ἂν
3624 3067 3773 3143 εἴποι

2200 3157 2338 3245 μετά
2366 3159 2604 3227 Χριστοῦ
2629 3177 2644 3191 °
2681 3163 2887 3239 t‘Epdv
2929 3168 3045 3220 tm
3092 3168 3288 3242 βρῶμα
3334 3174 3397 3226 τὸ
3448 3175 3673 3245 ποιῆσαι
3712 3179 3773 3230 τὸ

2190 3244 2408 3317 οέλημα
2430 3248 2525 3302 τοῦ
2555 3251 2872 3322 πέμψαντός
2904 3273 2995 3327 με.
3024 3276 3043 3309 ι
3062 3260 3181 3313 ’Καὶ
3214 3262 3290 3332 τῷ
3312 3263 3466 3335 Ἠλίᾳ
3493 3244 3767 3335 δξλέγει·

2202 3356 2222 3390 ι
2244 3341 2509 3407 ’Δναστάς
2548 3345 2709 3414 φάγε,
2740 3348 2823 3401 ὅτι
2858 3351 3075 3423 μακρὰν
3102 3354 3137 3425 ἠ
3172 3355 3289 3419 ὁδὸς
3314 3356 3422 3411 ἀπὸ
3447 3357 3561 3413 σοῦ.
3585 3379 3604 3410 ι
3633 3360 3769 3414 Θεοῦ

2192 3433 2306 3503 γὰρ
2351 3434 2470 3528 est;
2497 3437 2759 3506 ἐργασίαν
2787 3440 2991 3514 ἀρετῆς
3024 3445 3274 3500 ἀπαιτεῖ·
3311 3449 3405 3501 καὶ
3435 3451 3517 3504 δεῖ
3550 3452 3635 3528 ,μὴ
3668 3455 3769 3505 αἰ-

2195 3523 2583 3593 τοσχεδιάςειν,
2614 3528 2751 3582 ἀλλὰ
2800 3530 2895 3584 τοῦ
2937 3532 3083 3586 θείου
3132 3536 3356 3607 λουτροῦ
3406 3523 3770 3611 προκαθαίρε-

2190 3616 2341 3668 σθαι.
2374 3615 2528 3687 Τάχα
2578 3618 2667 3673 διὰ
2706 3620 2866 3674 τοῦτο
2912 3625 3256 3697 κεκράτηκεν
3298 3631 3355 3681 ὲν
3390 3630 3612 3695 πολλαῖς
3641 3632 3767 3687 Ἐκ-

2196 3704 2448 3776 κλησίαις
2486 3710 2554 3779 τῇ
2587 3711 2817 3781 ζτετράδι
2865 3714 2966 3784 τῆς
3013 3715 3174 3784 ἁγίας
3210 3718 3501 3791 ἑϐδομάδος
3535 3739 3769 3789 προκατ-

2188 3796 2444 3865 ιηχεῖσθαι
2472 3798 2541 3852 τὰ
2565 3799 2679 3867 νῦν,
2706 3802 2781 3865 ὡς
2808 3804 2982 3873 είπεὶξν
3024 3807 3318 3872 ἀκούοντας
3340 3828 3354 3842 ·
3406 3829 3426 3862 ι
3446 3809 3765 3884 Ἐτοιμάζε-

2198 3887 2290 3940 σθε
2330 3889 2543 3954 ἑαυτοῖς
2586 3892 3081 3964 ὲπισιτισμόν.Ἒτι
3112 3898 3221 3970 γὰρ
3266 3907 3314 3968 γ’
3348 3903 3563 3973 ἡμέρας
3611 3905 3763 3974 ὑμεῖς

2193 3978 2518 4051 διαϐήσεσθε
2554 3982 2646 4037 τὸν
2674 3986 2971 4058 Ἰορδάνην.
3007 4007 3027 4040 ι
3060 3991 3151 4061 Μὴ
3181 3992 3387 4063 κώμοις
3425 3996 3519 4048 καὶ
3548 3996 3759 4066 μέθαις,

2199 4069 2273 4140 μὴ
2301 4071 2510 4135 κοίταις
2536 4078 2632 4131 καὶ
2650 4077 2966 4145 ,ἀσελγείαις
2988 4119 3002 4143 ,
3042 4082 3218 4134 πάντα
3249 4084 3605 4154 εὐσχημόνως
3623 4127 3640 4152 ,
3672 4087 3763 4140 καὶ

2188 4162 2335 4217 κατὰ
2384 4162 2536 4228 τάξιν
2585 4166 2838 4233 γινέσθω.
2871 4186 2890 4223 ι
2925 4171 3020 4234 Et;
3052 4171 3338 4241 βασιλείαν
3367 4176 3615 4243 οὐρανῶν
3644 4178 3764 4230 δια-

2196 4248 2421 4316 ϐαίνεις,
2436 4254 2536 4306 οὐκ
2568 4255 2839 4326 αἰσθητῶν
2869 4259 2951 4311 δεῖ
2980 4277 3061 4313 σοι
3094 4260 3402 4333 βρωμάτων
3424 4281 3439 4294 ’
3470 4265 3546 4329 ὡς
3576 4267 3642 4321 ἂν
3668 4268 3763 4320 καὶ

2193 4333 2238 4408 ᾧ
2272 4342 2637 4397 συνάπτεσθαι
2676 4348 2890 4416 μέλλεις
2931 4353 3152 4423 νυμφίῳ
3194 4354 3478 4427 ἀπολαύσῃ
3523 4356 3620 4409 τοῦ
3672 4357 3763 4411 σοῦ

529 4441 649 4484 eam
687 4427 843 4496 prius
890 4428 1238 4481 instruentur
1271 4426 1465 4492 sacris,
1508 4429 1667 4494 quasi
1700 4426 1955 4483 videlicet
1974 4429 2089 4500 jam

2198 4430 2469 4500 σιτισμοῦ,
2502 4433 2595 4486 καὶ
2640 4428 2714 4488 ὧν
2758 4438 2996 4511 ἐπιφέρῃ
3047 4443 3301 4512 καρπῶν.
3339 4426 3499 4498 Ἀλλὰ
3547 4447 3668 4510 πῶς
3707 4446 3766 4499 τὸ

530 4534 679 4574 nunc
732 4516 986 4571 audirent
1015 4530 1045 4572 :.
1086 4532 1105 4571 ι
1142 4514 1338 4569 Parate
1381 4517 1536 4570 vobis
1567 4526 1955 4581 commeatum,
1994 4518 2091 4573 ad-

531 4608 640 4660 huc
681 4605 826 4659 enim
879 4604 1022 4657 intra
1057 4603 1307 4656 triduum
1354 4605 1649 4673 trajicietis
1690 4602 2030 4675 Jordanem;
2065 4627 2085 4660 ι

529 4696 615 4750 vel
663 4693 794 4749 illud
848 4709 863 4747 :
902 4711 920 4745 ι
975 4691 1095 4746 Νοιι
1135 4694 1652 4761 comessatiouihus,
1701 4711 1811 4751 non
1860 4699 2097 4755 ebrieta-

530 4786 704 4851 tibus,
762 4798 872 4839 non
927 4783 1227 4849 cubilibus,
1286 4799 1396 4838 non
1424 4785 1852 4852 ,salacitatibus,
1902 4805 2093 4844 verum

2200 4520 2375 4589 μάννα
2400 4522 2529 4587 τοὺς
2556 4525 2951 4597 διαϐεϐηκότας
2992 4532 3085 4585 τὸν
3118 4532 3392 4605 Ἰορδάνην
3416 4537 3761 4604 ὲκλέλοιπεν;

2202 4612 2321 4668 Ὅτι
2349 4614 2399 4665 οἱ
2431 4613 2531 4684 μὲν
2552 4617 2609 4669 ὲν
2633 4618 2855 4689 Χριστῷ
2886 4621 3067 4690 νήπιοι
3092 4622 3153 4676 τὸ
3174 4625 3282 4677 πᾶν
3302 4624 3361 4690 ἐξ
3376 4627 3615 4696 οὐρανοῦ
3640 4645 3763 4680 συν-

2202 4702 2486 4772 εργοῦνται
2513 4721 2528 4736 ο
2563 4707 2612 4758 οἱ
2644 4706 2700 4760 δὲ
2735 4710 3160 4782 προϐεϐηκότες,
3182 4716 3279 4770 καὶ
3308 4716 3368 4781 ἐξ
3394 4716 3542 4771 ιδίων
3587 4717 3764 4789 ἔργων

2198 4793 2607 4860 ἐπισιτίζονται.

531 4878 637 4932 rite
680 4884 735 4932 et
762 4875 957 4931 ordine
986 4874 1118 4930 fiant
1163 4876 1347 4931 omnia
1372 4876 1436 4932 3‘.
1475 4897 1494 4930 ι
1572 4877 1630 4935 Si
1700 4880 1754 4935 in
1818 4896 2049 4953 regnum
2121 4885 2345 4941 caeleste
2397 4889 2743 4947 transcendis
2798 4907 2906 4948 non
2957 4893 3100 4953 cibis
3150 4896 3450 4957 sensilibus
3493 4914 3639 4971 opus
3682 4905 3766 4954 est

535 4968 658 5033 tibi,
689 4982 801 5037 quo
830 4982 1068 5038 sponsus
1098 4982 1317 5041 quoque
1352 4969 1440 5024 cui
1470 4971 1719 5039 copulari
1752 4973 1909 5041 cupis
1930 4983 2093 5033 tuum
2135 4977 2435 5048 percipere
2482 4981 2662 5051 possit
2690 4993 3081 5054 commeatum,
3111 4996 3168 5044 et
3197 4990 3408 5050 fructus
3470 4968 3621 5060 quos
3684 4991 3766 5045 af-

538 5063 661 5113 fert.
691 5059 761 5113 At
811 5075 938 5114 man
1011 5076 1107 5116 eos
1179 5062 1271 5132 qui
1322 5058 1619 5117 Jordanem
1687 5064 2029 5134 tnajecerunt
2095 5067 2295 5123 defecit
2346 5072 2777 5143 quodammodo,
2836 5079 3092 5148 quoniam
3147 5080 3390 5141 infantes
3429 5058 3663 5154 quidem
3710 5084 3766 5138 in

533 5150 754 5204 Christo
805 5151 990 5205 omnia
1046 5151 1258 5206 caelesti
1307 5164 1410 5218 ope
1440 5151 1757 5222 perficiunt.
1809 5154 1915 5219 Qui
1966 5170 2096 5210 vero
2134 5171 2535 5224 praecesserunt
2582 5181 2685 5221 sua
2736 5169 2902 5229 etiam
2953 5185 3120 5240 opera
3188 5150 3557 5230 commeat-um
3625 5190 3768 5231 nan-

532 5243 836 5309 ciscuntur.
863 5241 936 5298 De
965 5258 1075 5313 quo
1109 5246 1271 5299 etiam
1293 5246 1427 5300 .alibi
1459 5245 1697 5301 dicetur.

622 5331 687 5385 Et
714 5332 911 5400 Ruben,
956 5343 1006 5387 et
1063 5333 1200 5396 God,
1241 5347 1289 5389 et
1333 5334 1569 5392 dimidia
1614 5336 1773 5391 tribui
1836 5335 2093 5391 Manasse

536 5424 667 5476 dixit
724 5422 890 5478 Iosue
945 5425 1001 5478 in
1036 5424 1147 5479 hmo
1182 5428 1357 5483 verba.
1410 5425 1550 5499 [H.‘l
1582 5426 1679 5483 lsti
1711 5428 1880 5485 Mosi's
1911 5428 2091 5484 verbis

607 5539 655 5571 ’⁸
686 5537 874 5591 Matth.
909 5553 960 5601 v,
1009 5537 1095 5593 18.

539 5622 656 5668 31x.
692 5615 749 5668 7.
823 5607 861 5639 ”
901 5607 1057 5672 Ιὶριιι.
1094 5622 1219 5672 xm,
1255 5606 1345 5662 l5.

1206 5534 1393 5611 "‘l_sa.
1424 5554 1526 5605 vn,
1594 5538 1657 5595 9.
1724 5540 1770 5573 ⁸⁰
1796 5540 1958 5611 «Ρειιι.
1987 5556 2027 5610 ι,
2063 5541 2117 5595 '5.

2274 5340 2380 5392 Καὶ
2431 5336 2511 5401 τῷ
2552 5337 2813 5410 Ῥουϐὶμ,
2847 5344 2942 5397 καὶ
2983 5345 3065 5410 τῷ
3102 5348 3255 5413 Γὰδ,
3296 5352 3396 5411 καὶ
3436 5352 3521 5418 τῷ
3566 5354 3770 5423 ἡμίσει

2198 5427 2401 5497 φυλῆς
2444 5431 2746 5500 Μανασσῆ
2779 5430 2948 5488 εἶπεν
2980 5436 3236 5506 Ἰησοῦς.
3266 5436 3456 5513 [06:ch
3487 5443 3577 5499 διὰ
3608 5445 3769 5503 Mmo-

2208 5542 2249 5573 ³¹
2299 5540 2657 5610 Psal.cxvm,
2706 5542 2826 5598 105.
2903 5547 2947 5578 ⁸³
2985 5548 3144 5605 Joan.
3181 5569 3253 5619 tv,
3305 5555 3392 5609 54.
3458 5555 3504 5588 ⁸⁸
3537 5555 3601 5611 lll
3638 5560 3763 5627 Reg.
