4036 6214
282 340 395 406 937

1421 338 1956 401 COMMENTARII
1999 337 2080 397 IN
2122 335 2385 398 JOSUE.

3445 345 3550 411 958

288 449 427 514 σέως
460 447 858 521 ἑκληρώθησαν
889 449 991 520 τὴν
1026 451 1164 520 γῆν,
1200 450 1390 522 ἐπειδὴ
1421 451 1612 504 πολλοὶ
1656 451 1743 504 διά
1776 449 1857 502 toi.

1977 458 2181 501 terram
2238 458 2369 501 sunt
2427 444 2632 503 sortiti.
2692 446 2965 514 Quoniam
3023 450 3179 505 multi
3233 466 3330 522 per
3375 454 3546 525 legem

284 542 452 612 νόμου
476 540 583 612 πρὸ
609 542 710 611 τῆς
732 541 952 611 χάριτος
982 540 1399 613 ἐτελειώθησαν.
1431 545 1542 594 Kal
1565 542 1689 595 ἐπεὶ
1717 558 1867 611 πρω-

280 633 503 696 τότοκος
523 632 756 703 -Ίσραὴλ
784 632 1132 703 ὀνομάζεται,
1154 633 1243 686 διὰ
1271 634 1553 697 Μωῦσέως
1578 636 1629 686 oi
1655 634 1867 704 πρωτό-

280 741 431 779 τοκοι
466 726 596 787 τοὺς
645 724 879 795 κλήρους
919 724 1459 796 ἐδέξαντο,⁹Ρου6ὴν,
1486 727 1583 779 καὶ
1613 727 1741 789 Γὰδ,
1770 727 1865 779 καὶ

277 814 632 888 Μανασσῆς]
673 814 1019 869 Διαὸαίνουσι
1074 816 1258 886 μέντοι
1306 817 1403 871 καὶ
1448 812 1593 872 οὗτοι
1637 816 1863 882 εὗζωνοι

277 907 387 979 πρὸ
419 907 531 960 τῶν
559 906 758 961 ἄλλων.
794 908 857 959 Ol
884 906 993 977 γὰρ
1018 906 1078 971 ἐξ
1115 908 1381 961 Ἰουδαίων
1410 910 1860 972 πεπιστευκότες,

278 1000 560 1069 ἡγήσαντο
585 997 685 1067 τῆς
717 996 826 1050 τῶν
864 996 1036 1049 ἐθνῶν
1064 997 1356 1067 σωτηρίας.
1391 998 1548 1051 Διατὶ
1584 998 1658 1070 μὴ
1690 996 1740 1065 γ’
1769 998 1863 1052 καὶ

276 1088 322 1141 θ’
354 1088 547 1157 φυλαὶ,
588 1086 730 1140 ἀλλὰ
760 1086 872 1141 δύω
898 1088 1073 1157 ἥμισυ
1107 1089 1272 1165 ιρυλαλζ
1304 1088 1409 1141 ὑπ’)
1432 1089 1738 1152 Μωῦσὲως,
1767 1088 1863 1143 καὶ

278 1181 436 1234 ἐννέα
465 1180 641 1251 ἥμισυ
674 1179 1124 1249 κληροδοτοῦνται
1150 1181 1255 1233 ὑπὸ
1296 1181 1471 1250 Ἰησοῦ
1496 1199 1510 1248 ;
1561 1182 1647 1245 Ὠς
1668 1182 1735 1235 ἂν
1765 1183 1864 1252 ἁρ-

206 1338 209 1341 }
280 1273 438 1343 μονία
467 1272 697 1341 γένηται
728 1277 838 1325 τῶν
868 1271 976 1324 δύω
1009 1270 1154 1324 λαῶν
1186 1272 1604 1341 σημαινομένων
1646 1272 1736 1324 διὰ
1766 1289 1863 1340 φυ-

275 1364 396 1431 λῆς,
426 1362 459 1433 ἧ
490 1361 552 1415 τδ
583 1362 837 1434 μητρῷον
863 1362 1018 1430 γένος
1044 1363 1124 1424 είς
1147 1363 1506 1429 Αἰγυπτίους,
1539 1365 1621 1426 είς
1643 1362 1862 1433 Ἰσραὴλ

273 1453 331 1507 δὲ
354 1454 414 1505 τὸ
444 1452 700 1523 πατρῷον
726 1452 1198 1536 ἀνέπεμπετάχα
1230 1453 1308 1520 δὲ,
1344 1455 1499 1522 φασὶ,
1520 1454 1617 1507 καὶ
1648 1455 1697 1507 οἱ
1728 1455 1864 1524 πρό-

275 1564 425 1616 τεροι
472 1546 680 1615 ἥψαντο
727 1546 827 1616 μὲν
872 1546 971 1615 τῆς
1021 1545 1274 1614 Τριάδος,
1312 1546 1373 1597 οὐ
1428 1546 1533 1617 μὴν
1578 1545 1858 1617 καθαρῶς.

277 1636 442 1691 υῦπω
489 1637 598 1707 γὰρ
644 1637 704 1690 τὸ
749 1637 847 1705 τῆς
897 1637 1210 1707 οἰκονομίας
1256 1639 1616 1708 προσέκειτο,
1664 1640 1713 1690 εί
1767 1637 1862 1689 καὶ

276 1730 513 1800 Χριστὸν
559 1729 1003 1799 προεκήρυττον·
1051 1729 1169 1782 ἀλλ’
1214 1730 1577 1800 ἡρμόσθησαν
1620 1729 1710 1783 διὰ
1763 1729 1858 1782 τοῦ

1970 548 2100 593 ante
2128 538 2362 608 gratiam
2401 537 2637 608 perfecti
2672 550 2991 604 evaserunt,
3044 543 3298 613 interque
3340 547 3549 615 primo-

1967 628 2185 697 genitos
2204 627 2430 683 lsraelis
2460 639 2848 682 numerantur.
2872 627 2974 683 Per
2991 629 3176 685 Mosen
3199 633 3500 703 primogeni
3531 636 3545 688 i

1968 727 2149 773 sortes
2173 727 2510 785 acceperunt
2544 720 2760 784 Ruben,
2789 716 2906 774 Gad
2938 728 2993 773 et
3022 721 3328 778 Manussi's.
3353 722 3486 778 Nam
3512 727 3547 779 ii

1964 825 2185 879 quoque
2223 811 2495 865 succincti
2525 825 2636 879 pra:
2672 812 2798 867 aliis
2831 822 3141 869 transeunt.
3173 812 3278 880 Qui
3305 815 3451 897 enim
3478 832 3550 872 ex

1964 901 2170 957 Judaeis
2187 902 2445 956 ﬁduciam
2461 902 3067 975 habueruntgauspices
3085 908 3328 975 gentium
3352 909 3548 965 salut's

1964 994 2317 1049 exstiterunt.
2345 995 2522 1050 Eccur
2540 1011 2672 1051 vero
2696 1012 2807 1050 non
2843 997 3021 1052 tribus
3053 1007 3107 1051 et
3137 1013 3335 1052 novem
3369 1000 3549 1055 tribu-

1964 1086 2070 1141 bus
2096 1086 2280 1153 petius
2304 1102 2469 1156 quam
2502 1086 2719 1143 duabus
2750 1087 2996 1143 diinidiis
3034 1103 3063 1142 a
3090 1090 3545 1156 Mose,etnoveni

1964 1177 2209 1233 dimidiis
2231 1193 2260 1231 a
2284 1177 2454 1234 Josue
2472 1188 2653 1237 sortes
2680 1168 3010 1237 ἀετοί-ωιιῶ
3030 1183 3053 1235 ?
3073 1182 3191 1248 Quo
3217 1186 3548 1253 composito

1965 1268 2061 1322 ﬁat
2090 1267 2325 1323 duorum
2356 1272 2685 1339 populorum
2736 1272 3174 1342 signiﬁcatorum
3215 1289 3309 1342 per
3342 1275 3545 1329 tribum

1963 1374 2084 1412 eam
2116 1374 2241 1428 qua:
2297 1371 2610 1415 maternum
2663 1378 2839 1432 genus
2890 1362 2958 1417 ad
3011 1361 3323 1433 Egyptios,
3361 1373 3546 1433 pater-

1964 1464 2097 1502 num
2153 1464 2286 1504 vero
2340 1452 2406 1504 ad
2482 1450 2741 1507 lsraelem
2796 1454 3005 1507 retulit.
3077 1453 3337 1510 Fortasse
3387 1471 3543 1520 vero,

1964 1542 2143 1609 aiunt,
2177 1546 2395 1613 priores
2449 1545 2670 1613 quidem
2723 1544 3050 1599 Trinitatem
3084 1547 3411 1616 attigerunt,
3447 1564 3545 1602 ve-

1964 1649 2087 1687 rum
2128 1633 2350 1688 sincere
2396 1634 2609 1699 minus,
2644 1635 2889 1689 nondum
2921 1636 3067 1690 enim
3113 1638 3545 1703 dispensationis

1966 1734 2185 1793 tempus
2232 1724 2500 1788 instabat,
2554 1725 2809 1794 quamvis
2858 1724 3142 1779 Christum
3193 1726 3365 1781 multo
3412 1736 3543 1782 ante

272 1819 572 1883 λείποντος,
597 1819 931 1889 δηλουμένου
954 1811 1157 1873 ethos
1180 1822 1426 1890 ἡμίσεως
1454 1820 1547 1874 τοῦ
1577 1822 1857 1884 τελοῦντος

1967 1815 2318 1869 scrinuuibus
2368 1817 2643 1869 terebant.
2686 1814 2883 1870 Verum
2938 1816 3269 1882 cointegrati
3320 1832 3415 1887 per
3448 1833 3544 1887 po-

271 1911 379 1964 ὑπὸ
420 1912 514 1965 τὸν
548 1911 1014 1983 Ἰησοῦν.Ἐλειπε
1044 1912 1156 1983 (διδ
1185 1913 1245 1967 δὲ
1276 1914 1371 1966 καὶ
1403 1917 1523 1976 ταῖς
1567 1914 1725 1968 ὲννέα
1762 1914 1858 1967 καὶ

272 2003 464 2075 ἡμίσει
499 2003 697 2073 φυλαῖς
727 2006 810 2067 εἰς
838 2004 901 2058 τὸ
928 2004 1030 2074 τῆς
1058 2006 1281 2071 δεκάδος
1310 2007 1522 2060 τέλειον
1551 2008 1602 2059 οἱ
1654 2005 1715 2071 ἐξ
1762 2010 1861 2060 ἰσ-

276 2094 415 2166 ροίὴλ
443 2098 555 2159 τοῖς
588 2095 696 2149 ἀπὸ
724 2095 834 2149 τῶν
858 2096 1051 2150 ἐθνῶν.
1071 2096 1490 2168 Ἀρμοζομένων
1523 2096 1581 2152 δὲ
1620 2098 1861 2167 ἀμφοτέ-

274 2203 407 2259 ρων,
443 2186 727 2258 σύμφωνοι
781 2188 837 2242 αἱ
885 2189 956 2259 ιβ’
986 2188 1153 2257 φυλαὶ
1190 2191 1247 2243 al
1298 2190 1404 2243 ὑπὸ
1435 2190 1643 2261 Mariis?)
1675 2207 1732 2244 τε
1765 2191 1861 2243 καὶ

284 2278 482 2350 Ἰησοῦ.

1968 1907 2153 1975 pulum
2205 1922 2315 1960 non
2374 1907 2674 1976 integrum,
2734 1923 2945 1977 perque
2995 1907 3279 1962 dimidiam
3341 1909 3543 1964 tribum

1963 2002 2066 2052 sub
2100 1997 2267 2054 Jusue
2323 2001 2655 2055 recensitam
2710 2008 3194 2069 repraesentantur,
3238 2010 3391 2056 sunt.
3442 2000 3545 2057 De-

1964 2092 2066 2145 fuit
2115 2107 2281 2162 porro
2312 2093 2476 2147 etiam
2513 2108 2709 2146 novem
2746 2094 3001 2147 tribubus
3050 2109 3174 2146 cum
3215 2094 3440 2149 dimidia
3476 2096 3543 2149 ad

1960 2185 2174 2239 denarii
2226 2184 2443 2239 numeri
2498 2184 2921 2253 perfeCIiouem,
2979 2186 3243 2240 lsraeliue
3290 2188 3545 2242 videlicet

1962 2278 2284 2347 gentilibus.
2340 2277 2624 2332 Ambobus
2673 2287 2855 2332 autem
2906 2278 3235 2332 combinatis
3278 2295 3544 2333 numerus

1965 2370 2210 2422 tribuum
2257 2367 2633 2424 duodenarius
2680 2376 2734 2424 et
2783 2370 2886 2424 sub
2938 2368 3088 2425 Mose
3138 2377 3193 2425 et
3240 2370 3345 2425 sub
3371 2369 3543 2426 Josue

1962 2469 2200 2517 constat.

346 2579 544 2639 0nmia
572 2599 897 2655 quiscunque
955 2584 1233 2639 mandarit
1266 2585 1419 2642 nobis
1469 2587 1757 2657 faciemus,
1812 2598 1862 2644 et
1892 2607 2199 2661 quocunque
2243 2589 2482 2644 locorum
2510 2607 2606 2644 nos
2646 2591 2854 2645 miseris
2893 2592 3061 2664 480
3110 2594 3535 2662 proﬁciscemur.

275 2666 342 2742 [1,
383 2669 473 2742 16]
516 2668 755 2725 Tantum
818 2687 928 2725 non
965 2672 1132 2726 verba
1165 2672 1371 2728 Christi
1430 2675 1824 2745 discipulorum
1878 2689 2029 2742 sunt,
2055 2692 2291 2748 quorum
2335 2693 2501 2747 opera
2537 2687 2726 2747 gentes
2779 2679 2844 2732 ad
2877 2682 3038 2734 iidem
3073 2693 3206 2735 sunt
3238 2682 3515 2735 adducite.

293 2758 483 2826 Qualis
514 2767 633 2813 erat
690 2756 917 2824 Paulus,
950 2760 1044 2828 qui
1100 2760 1236 2830 legis
1271 2764 1613 2828 auctoritati,
1649 2779 1771 2830 qua:
1814 2764 1989 2835 ipsius
2044 2781 2266 2838 quoque
2312 2766 2500 2822 verbis
2543 2765 2699 2820 lucro
2752 2769 2800 2820 ei
2829 2767 2954 2833 fuit,
2986 2784 3111 2823 eum
3148 2770 3526 2825 renuntiasset

278 2864 299 2900 ι
330 2861 397 2903 ea
429 2861 543 2916 pra:
572 2846 810 2902 Christo
836 2847 1072 2900 multam
1099 2862 1225 2903 esse
1254 2849 1411 2917 duxi,
1446 2869 1463 2902 ι
1501 2853 1681 2921 inquit
1706 2852 1773 2908 ³⁸.

341 2974 798 3040 Διαϐιϐασθέντες
831 2975 887 3030 δὲ
910 2977 1001 3031 τὸν
1034 2977 1308 3049 Ἰορδάνην
1347 2969 1526 3044 οῦτοι,
1556 2979 1849 3053 παλινδρο-

274 3070 460 3143 μοῦσι.
493 3069 604 3123 Kal
653 3069 829 3133 εἴποις
870 3070 937 3124 ἂν
971 3071 1093 3124 κατ’
1118 3071 1426 3135 ἰδιάζουσαν
1475 3072 1712 3145 θεωρίαν
1742 3076 1854 3127 ἐοι-

269 3161 425 3217 κέναι
450 3162 660 3225 τούτοις
688 3162 813 3224 τοὺς
839 3161 981 3232 μετὰ
1000 3162 1098 3233 τὴν
1125 3162 1285 3233 χάριν
1315 3164 1743 3235 εἰσηγουμένους
1763 3163 1854 3216 τὸν

268 3254 452 3323 νόμον.
486 3252 643 3306 Κατὰ
673 3251 728 3305 δὲ
756 3251 854 3323 τὴν
878 3252 1283 3324 προρρηθεῖσαν
1307 3252 1659 3324 ἀλληγορίαν,
1685 3253 1855 3324 χωρὶς

267 3339 428 3411 ἡμῶν
459 3339 520 3392 ού
550 3339 881 3409 τυγχάνουσι
917 3339 1026 3392 τῶν
1077 3341 1422 3410 ἐπαγγελιῶν
1448 3344 1498 3394 οἱ
1528 3341 1622 3395 τοῦ
1653 3342 1854 3414 προτέ-

272 3449 366 3504 ρου
395 3415 551 3496 λαοῦξ
587 3431 684 3484 τοῦ
718 3430 856 3486 Θεοῦ
894 3434 1145 3503 κρεῖττόν
1193 3452 1245 3488 τι
1284 3437 1411 3505 περὶ
1443 3436 1601 3505 ἡμῶν
1632 3435 1857 3505 προϐλε-

265 3524 539 3594 ψαμένου,
570 3524 659 3576 ἵνα
691 3523 765 3595 μὴ
792 3525 964 3595 χωρὶς
1011 3525 1170 3595 ἡμῶν
1209 3527 1566 3581 τελειωθῶσι.
1597 3527 1858 3590 Γυναῖκες

268 3614 378 3685 γὰρ
407 3614 587 3666 αὐτῶν
624 3616 718 3666 καὶ
747 3615 937 3676 παῖδες
980 3616 1359 3669 ἀνεπαύσαντο
1414 3618 1565 3688 μόνοι
1614 3618 1721 3689 πρὸ
1761 3616 1856 3671 τοῦ

284 3703 549 3773 Ἰορδάνου
573 3718 586 3732 ·
626 3705 779 3759 αὐτοὶ
807 3705 864 3758 δὲ
892 3704 984 3758 τὸν
1008 3705 1139 3759 λαὸν
1169 3708 1424 3774 ὁδηγοῦσι
1468 3708 1854 3778 περιζωσάμε-

270 3811 354 3848 νοι
379 3795 478 3866 τὴν
501 3793 677 3863 ὀσφὺν
705 3795 886 3849 αὐτῶν
917 3797 974 3851 ὲν
1006 3797 1254 3869 ἀληθείᾳ.
1291 3801 1401 3853 Kal
1430 3801 1572 3871 μετὰ
1601 3800 1716 3870 βίον
1749 3801 1857 3870 γὰρ

272 3884 727 3955 συναγωνίζονται
758 3890 868 3951 τοῖς
896 3892 1109 3952 πιστοῖς
1140 3890 1254 3943 ὅσοι
1289 3891 1480 3963 ἄνδρες
1509 3892 1766 3960 γεγόνασι
1789 3891 1858 3943 τὰ

268 3978 365 4033 τοῦ
407 3979 602 4049 νηπίου
648 3980 1140 4050 καταργήσαντες,
1192 3981 1335 4044 οἵους
1383 3982 1412 4033 ὁ
1463 3980 1678 4045 Παῦλος
1731 3983 1857 4043 τοὺς

282 4071 567 4141 Ἐφεσίους
616 4073 776 4142 φησὶ,
805 4072 1113 4144 Κορινθίων
1150 4072 1604 4143 χρηματιζόντων
1655 4071 1857 4144 παρθέ-

270 4178 398 4217 νων.
430 4163 673 4233 Διαφορὰ
703 4163 811 4234 γὰρ
843 4163 902 4216 ὲν
932 4164 1049 4227 τοῖς
1078 4162 1428 4233 σωζομένοις.

341 4430 452 4483 Kal
482 4429 654 4494 ὅστις
676 4427 762 4498 μὴ
794 4429 1032 4501 ἀκούσῃ
1054 4428 1172 4484 τῶν
1192 4426 1479 4497 ῥημάτων
1504 4441 1641 4482 σου.
1661 4426 1857 4481 Τοιαῦ-

266 4535 337 4574 τα
359 4520 452 4572 καὶ
482 4520 531 4572 οἱ
561 4517 654 4572 τοῦ
681 4517 920 4587 Χριστοῦ
951 4516 1193 4588 μαθηταί
1214 4532 1226 4547 ⁸
1270 4536 1288 4568 ς
1312 4517 1451 4579 Τοὺς
1483 4517 1581 4586 μὲν
1600 4511 1693 4569 οὖν
1723 4516 1851 4587 χρό-

267 4626 395 4673 νους
443 4611 542 4680 τῆς
591 4609 816 4677 ἀγνοίας
848 4607 1119 4681 ὑπεριδὼν
1145 4611 1173 4661 ό
1205 4608 1356 4672 Θεὸς,
1390 4626 1409 4660 ι
1458 4609 1553 4661 καὶ
1594 4609 1661 4661 τὰ
1703 4608 1852 4679 ἑξῆς.

2024 2981 2198 3037 Porro
2231 2980 2471 3037 traducti
2506 2996 2602 3052 per
2649 2979 2945 3035 .lordaneiu
2999 2981 3189 3049 pedem
3225 2984 3539 3039 retulerunt

1960 3076 2058 3130 illi.
2096 3075 2251 3142 Quos
2297 3074 2500 3144 aliquis
2554 3074 2835 3144 privatum
2873 3081 3101 3130 secutus
3129 3075 3424 3145 judicium,
3465 3076 3535 3133 iis

1959 3180 2082 3218 esse
2134 3165 2345 3219 similes
2389 3163 2485 3234 qui
2563 3173 2690 3235 post
2737 3164 2970 3234 gratiam
3018 3165 3196 3236 legem
3247 3166 3536 3231 invehunt,

1962 3256 2139 3326 piissit
2183 3254 2393 3311 dicere.
2451 3256 2725 3312 Caeterum
2760 3256 2918 3327 juxta
2972 3258 3291 3327 praedictam
3335 3258 3539 3331 allego-

1962 3352 2098 3402 riam
2147 3350 2166 3419 (
2215 3348 2317 3402 hoc
2375 3355 2461 3402 est
2502 3348 2906 3413 similitudinis
2958 3349 3220 3418 sensum)
3272 3350 3539 3420 antiquus

1960 3438 2194 3506 populus
2228 3436 2388 3491 nobis
2414 3438 2649 3492 seorsim
2682 3438 3115 3507 promissionum
3144 3454 3264 3492 non
3294 3438 3352 3494 lit
3383 3455 3545 3511 com;

1960 3544 2056 3595 ιιυε
2084 3527 2151 3591 ³⁸,
2191 3526 2333 3581 Deus
2362 3527 2509 3582 enim
2544 3526 2728 3580 adhuc
2757 3526 2825 3581 de
2871 3530 3241 3597 praestantiori
3276 3532 3535 3601 quopiam

1959 3618 2119 3673 nobis
2175 3618 2433 3688 dispexit,
2484 3632 2555 3671 ne
2598 3618 2832 3671 seorsim
2885 3620 3266 3688 perﬁciantur,
3328 3624 3540 3692 absque

1960 3708 2228 3763 uxoribus
2278 3708 2538 3762 videlicet
2582 3714 2638 3761 et
2673 3707 2867 3763 liberis
2897 3710 2989 3779 qui
3040 3712 3143 3765 soli
3178 3719 3306 3766 ante
3340 3712 3539 3767 larda-

1958 3808 2079 3846 nem
2108 3790 2447 3846 resederaut.
2481 3789 2592 3861 lpsi
2629 3804 2761 3845 vero
2807 3790 3029 3847 lumbos
3066 3794 3121 3847 in
3153 3795 3388 3851 veritate
3418 3796 3540 3849 cin-

1957 3882 2031 3939 cti
2086 3881 2304 3937 itineris
2356 3882 2564 3952 populo
2634 3887 2767 3937 sunt
2813 3890 3097 3936 auctores.
3149 3881 3366 3938 Etenim
3396 3893 3540 3958 post

1957 3973 2124 4027 vitam
2165 3986 2293 4026 cum
2325 3971 2583 4027 ﬁdelibus
2610 3978 2831 4027 certant
2883 3978 3161 4042 quotquot
3195 3973 3406 4031 relictis
3431 3992 3538 4030 uu-

1957 4063 2116 4118 cibus
2145 4062 2298 4119 viros
2346 4078 2470 4118 sese
2505 4062 2906 4132 praestiterunt,
2958 4063 3276 4131 cujusmodi
3328 4065 3537 4122 Paulus

1956 4157 2025 4213 de
2072 4155 2332 4227 Ephesiis
2381 4162 2622 4210 testatur
2654 4154 2725 4219 ³⁷,
2780 4154 2875 4224 qui
2930 4153 3262 4212 Corinthios
3293 4158 3537 4228 virgines

1959 4254 2246 4315 nuncupat
2305 4245 2373 4301 ³⁸.
2407 4243 2504 4300 Est
2550 4243 2700 4299 enim
2749 4242 3064 4301 dilIerentia
3120 4248 3270 4303 inter
3297 4265 3396 4305 eos
3441 4250 3539 4320 qui

1957 4345 2273 4393 servantur.

2018 4427 2088 4481 Et
2109 4429 2409 4499 quicunque
2440 4445 2544 4481 nou
2581 4427 2866 4484 obediveril
2888 4430 3057 4485 verbis
3084 4433 3211 4486 tuis.
3244 4431 3386 4505 [18.]
3423 4433 3539 4488 llu-

1952 4520 2194 4591 jusmodi
2270 4522 2435 4575 etiam
2512 4519 2719 4575 Christi
2781 4521 3063 4591 discipuli,
3128 4522 3295 4592 quale
3380 4524 3533 4578 hoc:

1964 4633 1982 4666 ι
2049 4614 2187 4669 Cum
2247 4613 2416 4684 igitur
2483 4624 2729 4686 tempora
2805 4616 3134 4686 ignorantia:
3200 4617 3585 4687 neglegissct‘

265 4700 380 4755 Kal
414 4701 443 4752 ὁ
470 4700 706 4772 Χριστὸς
732 4699 788 4751 δέ
820 4716 984 4769 φησιν
1005 4714 1018 4728 ·
1061 4720 1080 4751 r
1101 4700 1277 4770 ’Δμὴν
1298 4698 1442 4764 λέγω
1472 4699 1600 4769 ὑμῖν
1637 4698 1731 4751 ἐὰν
1774 4699 1849 4771 μὴ

1963 4704 2104 4760 Deus
2142 4705 2211 4771 ³³,
2252 4723 2271 4756 ι
2331 4712 2385 4759 et
2412 4704 2622 4775 reliqua
2684 4705 2969 4775 deinceps.
3021 4704 3245 4761 Necnon
3280 4707 3537 4763 Christus

267 4792 645 4863 πιστεύσητε,
707 4793 766 4846 ὲν
819 4793 940 4854 ταῖς
998 4791 1299 4862 ἁμαρτίαις
1356 4791 1512 4863 ὑμῶν
1562 4789 1854 4845 ἀποθανεῖ-

267 4884 433 4938 σθε.»

334 4995 451 5048 Kal
473 4993 838 5049 ἀπέστειλεν
873 4990 1107 5059 Ἰησοῦς
1130 4992 1263 5059 υίὸς
1286 4993 1577 5063 τοῦΝαυῆ
1611 4994 1680 5049 ἐκ
1707 4994 1852 5049 Σάτ-

260 5100 394 5139 τυιν
425 5085 536 5156 (52)
577 5084 700 5137 δύω
740 5082 967 5150 ἄνδρας
1007 5085 1502 5139 κατασκοπεῦοναι
1548 5085 1666 5154 τὴν
1707 5084 1845 5155 γῆν.

258 5176 529 5248 λῘΙρολέγει
559 5175 650 5228 τὸν
674 5173 890 5245 πρῶτον
915 5172 1029 5243 βίον
1093 5175 1198 5245 τῆς
1255 5175 1485 5245 πόρνης,
1512 5176 1599 5229 ἵνα
1629 5177 1846 5248 θαυμά-

262 5282 368 5341 σῃς
386 5266 489 5339 τὴν
516 5268 580 5320 ὲκ
611 5263 801 5319 τούτου
842 5268 1201 5335 μετάστασιν.
1232 5266 1305 5319 Τὸ
1331 5267 1435 5338 μὲν
1462 5265 1558 5322 οὖν
1589 5269 1844 5334 δέξασθαι

325 5442 370 5475 ³⁵
412 5443 642 5515 Philipp.
672 5461 752 5507 ιιι,
795 5447 848 5499 7.

260 5529 380 5578 VIII,
412 5513 502 5566 24.

1957 4796 2185 4865 inquit:
2220 4813 2239 4846 ι
2293 4794 2469 4850 Amen
2506 4795 2631 4851 dico
2678 4797 2856 4861 vobis,
2909 4798 2952 4851 si
2993 4813 3103 4852 non
3154 4798 3512 4856 credideritis

1956 4882 2010 4937 in
2045 4884 2289 4953 peccatis
2329 4884 2534 4939 vestris
2564 4885 2906 4940 occumbetis
2948 4885 3018 4939 ‘°.
3056 4904 3075 4937 ι

2031 4996 2097 5049 Et
2150 4996 2462 5052 amandavit
2505 4995 2675 5051 Iosue
2734 4998 2883 5067 ﬁlius
2925 4998 3072 5055 Nave
3107 5017 3135 5054 e
3169 4999 3332 5055 Sitim
3399 5002 3531 5058 duo?

1944 5088 2164 5156 juvenes
2262 5088 2464 5141 occulte
2534 5088 2893 5156 exploratum,
2964 5098 3020 5145 et
3103 5091 3314 5163 reliqua
3375 5093 3505 5149 dein

1953 5194 2104 5249 ccps.
2158 5177 2245 5250 [ll,
2284 5177 2361 5251 1.]
2427 5179 2710 5250 Proponit.
2754 5181 3045 5252 pristinam
3096 5184 3411 5240 meretricis
3450 5185 3506 5239 vi

1952 5281 2086 5333 tam,
2142 5285 2254 5341 quo
2310 5271 2485 5340 magis
2544 5271 2716 5341 ipsius
2793 5274 3149 5330 mutationem
3215 5276 3529 5332 admireris.

953 5446 997 5477 ³⁸
1031 5444 1197 5501 llebr.
1229 5461 1306 5514 ιι,
1339 5446 1429 5503 40.
1496 5447 1539 5480 ³⁷
1572 5444 1774 5518 Ephes.
1839 5462 1856 5499 ι

1963 5447 2032 5500 ιι.
2114 5440 2158 5523 ³έ
2212 5444 2252 5499 ll
2283 5445 2409 5502 Cor.
2438 5463 2534 5514 xu,
2562 5449 2617 5504 2.
2711 5450 2756 5481 '9
2793 5453 2918 5509 Act.
2970 5467 3104 5518 xvu,
3137 5452 3229 5511 50.
3269 5447 3316 5483 ⁴⁰
3356 5452 3515 5509 Ιςιειιι.

1782 5626 2014 5682 NOTAE.

330 5742 443 5815 (3|)
487 5742 757 5794 Ἕλειπον.
778 5741 988 5807 Ἀνάγν.

2024 5740 2137 5813 (3‘2)
2182 5741 2307 5807 Υἱὸς
2335 5742 2491 5814 Ναυῆ
2530 5746 2587 5798 ἐν
2616 5746 2833 5802 Σαττίν.
2872 5748 2939 5801 Δί
2969 5747 3089 5802 αὐτ.
