4036 6214
389 242 518 310 1001

1528 237 2066 300 COMMENTARII
2105 235 2190 296 IN
2219 232 2481 296 IOSUE.
3093 273 3126 304 ς

3505 225 3638 292 1002

385 361 580 418 Ionicae
597 357 668 426 ι’,
699 365 922 428 paratos
955 367 1080 412 esse
1109 366 1220 408 non
1253 351 1431 409 solum
1477 351 1614 422 ipsis
1645 351 1926 423 impertire
1976 349 2362 421 Evangelium,
2389 359 2581 404 verum
2635 342 2799 400 etiam
2845 356 2976 400 suas
3012 341 3261 412 ipsorum
3292 341 3506 398 animas
3541 359 3640 414 pro

381 451 520 521 ipsis
544 459 842 517 exponere.

447 559 560 614 Καὶ
589 555 906 628 ἐχάλασεν-
944 553 1169 621 αὐτοὺς
1201 553 1272 607 ἐν
1303 553 1554 622 σχοινίφ
1585 551 1683 606 διὰ
1715 552 1826 620 τῆς
1855 555 1957 606 θυ-
1986 556 2012 612 Α

2133 547 2358 602 Demisit
2403 546 2584 613 itaque
2633 560 2720 598 eos
2773 542 2900 612 fune
2943 555 3036 608 per
3077 537 3386 608 fenestram,
3435 538 3646 605 quando

372 651 544 716 ρίδος
573 665 590 682 ο
632 650 721 702 ὅτι
765 650 798 702 ὁ
849 643 1016 710 οἶκος
1063 641 1256 711 αὐτῆς
1299 643 1368 718 et
1407 639 1488 710 τῷ
1533 642 1736 710 τείχει,
1770 640 1868 695 καὶ
1893 641 1964 694 ἐν

379 741 460 807 τῷ
479 742 662 808 τείχει
691 739 843 804 αὕτη
873 735 1149 804 ἐκάθητο.
1181 736 1376 804 Τεῖχος
1414 731 1676 804 Ἱεριχοῦς
1701 734 1804 802 τῆς
1831 735 1964 787 ἀσε-

381 836 535 897 ϐείας
564 833 739 901 αὐτῆς
779 832 838 884 τὸ
878 829 1164 900 ὀχύρωμα,
1207 829 1293 896 ἐφ’
1335 819 1382 894 ᾧ
1421 825 1592 880 Ῥαὰϐ
1631 825 1960 890 ἐκαθέζετοο

381 929 518 982 ἀλλά
544 925 908 990 πιστεύσασα,
943 921 1218 977 εὐάλωτον
1248 919 1419 990 αὐτῆς
1455 919 1712 985 ἀπέδειξε
1748 919 1810 973 τὸ
1839 919 1966 989 ὀχύ-

385 1033 565 1088 ρωμα.

455 1191 531 1244 To
590 1189 648 1243 δὲ
691 1186 1064 1260 σπαρτίον”τδ
1105 1185 1348 1258 ἔντριτον
1381 1185 1444 1239 οὗ
1486 1185 1964 1258 διαρραγήσεται,

384 1287 450 1339 δι’
476 1279 536 1338 οὗ
566 1283 660 1336 καὶ
689 1281 980 1351 διέδρασαν
1015 1281 1064 1333 oi
1107 1280 1471 1333 κατάσκοποι.
1514 1279 1593 1332 Δι’
1622 1273 1682 1332 οὗ
1725 1279 1965 1349 σχοινίου

387 1375 483 1428 καὶ
504 1373 595 1426 τὸν
639 1371 840 1440 Ἰωσὴφ
865 1374 929 1424 ὲκ
955 1369 1053 1422 τοῦ
1093 1369 1302 1424 λάκκου
1358 1373 1658 1442 ἀνήγαγον,
1693 1370 1969 1440 Ἰερεμίαν

385 1481 444 1518 τε
477 1464 572 1516 καὶ
616 1463 708 1516 τὸν
746 1461 981 1531 Δανιήλ·
1027 1460 1096 1513 δι’
1139 1455 1201 1516 οὗ
1237 1461 1336 1515 καὶ
1386 1461 1556 1515 Δαϐὶδ
1610 1461 1700 1514 διὰ
1751 1460 1970 1532 θυρίδος

389 1554 560 1624 ἔφυγε
594 1553 910 1624 χαλασθεὶς,
951 1553 1047 1606 καὶ
1091 1553 1307 1616 Παῦλος
1331 1552 1424 1606 διὰ
1451 1554 1736 1623 σαργάνης
1765 1554 1824 1607 ὲν
1863 1555 1972 1607 Δα-

389 1645 592 1715 μασκῷ
619 1662 634 1677 ·
663 1644 716 1698 οἴ
731 1661 794 1698 τε
823 1645 1162 1716 πατριάρχαι
1191 1645 1397 1710 πάντες
1425 1644 1518 1699 διὰ
1551 1645 1742 1698 τούτου
1772 1645 1834 1698 τὸ
1863 1641 1971 1708 ζῶν

391 1737 536 1809 ὕδωρ
561 1740 626 1791 ὲκ
645 1737 754 1792 τῶν
794 1737 1048 1808 φρεάτων
1079 1737 1370 1809 ἀνέφερον.

2063 636 2273 706 quidem
2300 635 2484 689 domus
2515 633 2628 703 ejus
2655 642 2768 686 erat
2787 633 2946 701 juxta
2969 632 3179 694 mcenia,
3206 629 3480 684 habitabat
3509 631 3650 683 enim

2065 732 2184 798 ipsa
2245 737 2459 798 propter
2519 741 2748 779 murum.
2779 722 2848 796 [II
2876 763 2890 789 ,
2921 719 3038 790 15.]
3072 720 3274 774 t'linenia
3308 720 3649 777 Jericbunlis

2065 820 2369 889 impietatis
2437 819 2614 888 ipsius
2667 823 2830 872 erant
2889 813 3410 886 propugnaculum,
3475 828 3646 883 super

2067 913 2272 983 quibus
2372 910 2536 967 sedes
2607 916 2730 964 erat
2809 905 3025 960 Rahab.
3115 905 3318 960 Verum
3387 906 3652 976 quoniam

2067 1005 2328 1061 ﬁduciam
2361 1003 2682 1058 obtinuerat
2724 999 3091 1054 munitionem
3123 996 3246 1067 ejus
3277 997 3538 1068 capiendi
3572 997 3655 1051 fa-

2068 1099 2337 1154 cilitatem
2379 1095 2618 1166 aperuit.

2137 1189 2208 1242 At
2257 1187 2406 1241 funis
2459 1183 2820 1255 quantumvis
2865 1182 3068 1238 debilis
3117 1195 3226 1236 non
3261 1181 3656 1254 disrumpitur,

2069 1295 2166 1351 per
2201 1293 2366 1348 quam
2415 1284 2714 1334 evaserunt
2765 1275 3176 1344 exploratores.
3224 1273 3332 1327 Per
3365 1289 3527 1342 quam
3561 1275 3659 1330 Jo-

2070 1372 2304 1441 sephum
2357 1383 2578 1439 quoque
2604 1383 2670 1422 ex
2695 1367 2896 1420 lacuna
2925 1364 3332 1430 subduxerunt,
3361 1363 3656 1420 Jeremiam

2071 1461 2204 1520 item
2231 1471 2286 1519 et
2311 1462 2624 1522 Danielem,
2663 1473 2762 1530 per
2794 1473 2960 1528 quam
2993 1456 3164 1512 David
3197 1471 3418 1527 quoque
3449 1472 3547 1527 per
3581 1457 3662 1512 fe-

2073 1553 2627 1622 nestramdemissus
2662 1550 2900 1621 aufugit.
2939 1549 3145 1604 Paulus
3169 1551 3338 1605 etiam
3367 1564 3470 1619 per
3499 1563 3660 1618 spor-

2072 1655 2184 1701 tam
2221 1645 2542 1700 submissus
2591 1641 2872 1696 Damasci.
2909 1640 3016 1694 Per
3063 1655 3231 1710 quam
3279 1640 3520 1710 denique
3560 1655 3660 1705 pa—

2073 1739 2334 1794 triarchae
2383 1751 2582 1792 omnes
2621 1735 2804 1790 vivam
2832 1749 2861 1790 e
2901 1733 3082 1804 puteis
3141 1747 3344 1803 aquam
3371 1735 3661 1792 subduxe-

2077 1837 2233 1884 runt.

461 1915 567 1980 Εις
609 1911 726 1980 τὴν
766 1913 1010 1980 ὀρεινὴν
1061 1911 1372 1967 ἀπέλθετε.
1424 1912 1779 1985 Ὠφεληθεῖσα
1830 1913 1968 1984 γὰρ,
2003 1892 2012 1947 1

2145 1919 2380 1976 Montem
2415 1935 2595 1974 uersus
2629 1917 2904 1972 discedite.
2947 1915 3086 1990 [I6.]
3121 1915 3324 1987 Adjuta
3353 1916 3503 1972 cnim
3543 1917 3664 1988 ipsa
3697 1965 3700 1970 .

392 2003 462 2058 τὰ
507 2004 690 2073 ὑψηλὰ
745 2003 1104 2074 μεταδιώκειν
1171 2003 1406 2057 ὑπέθετο
1450 2004 1814 2059 καταλιποῦσι
1872 2006 1974 2074 τῆς

395 2097 658 2158 ἀσεϐείας
704 2097 773 2148 τὰ
820 2095 1142 2165 χαμαίζηλα
1183 2095 1452 2166 δόγματα.
1505 2097 1617 2151 Καὶ
1661 2097 1689 2150 ὀ
1718 2096 1886 2151 Δαϐ“ιδ
1918 2096 1975 2150 δέ

397 2205 588 2258 φησιν,
645 2207 664 2240 ι
694 2185 847 2258 Ἦρα
879 2188 1008 2251 τοὺς
1036 2187 1350 2258 ὀφθαλμούς
1384 2205 1485 2258 μου
1513 2191 1594 2252 είς
1633 2188 1702 2242 τὰ
1726 2189 1850 2259 ὅρη,
1879 2190 1976 2244 πό-

398 2281 488 2334 θεν
517 2279 638 2350 ἥξει
669 2281 702 2350 ἡ
733 2280 958 2350 βοήθειά
988 2297 1112 2350 μου.
1143 2299 1162 2331 ι
1207 2282 1318 2334 Καὶ
1359 2281 1608 2350 Ἡσαΐας,
1656 2301 1675 2333 ι
1706 2283 1822 2336 Ἐπ’
1852 2281 1978 2352 δρος

398 2372 600 2444 ὑψηλὸν
624 2373 858 2442 ἀνάϐηθι
888 2374 916 2426 ὁ
957 2373 1450 2443 εὐαγγελιζόμενος
1479 2373 1578 2444 τὴν
1625 2373 1786 2438 Σιὼν,
1825 2374 1976 2443 ὑψώ-

400 2481 554 2528 σατε,
591 2465 666 2534 μὴ
703 2461 978 2533 φοϐεῖσθε.
1012 2481 1031 2514 ι
1067 2465 1182 2517 Οὐκ
1213 2466 1299 2532 ἐφ’
1335 2464 1392 2516 ἓν
1431 2463 1489 2516 δὲ
1531 2463 1660 2534 ὅρος
1691 2466 1978 2534 φευκτέον,

398 2555 514 2610 ἀλλ’
549 2558 644 2609 ἐπὶ
670 2556 872 2619 πάντα,
907 2557 1034 2618 τοὺς
1072 2555 1260 2622 ἁγίους
1311 2554 1596 2625 προφήτας
1627 2555 1723 2608 καὶ
1751 2556 1985 2610 ἀποστό-

401 2647 549 2712 λους,
584 2647 660 2716 μὴ
709 2648 807 2699 καὶ
851 2647 1266 2716 συναντήσωσιν
1309 2647 1445 2717 ἡμῖν
1483 2646 1534 2698 oi
1579 2645 1673 2699 τοῦ
1714 2646 1983 2716 βασιλέως

414 2737 676 2807 Ἱεριχοῦς
709 2735 802 2788 τοῦ
831 2737 1040 2806 κόσμου
1067 2735 1257 2788 τούτου
1292 2735 1572 2806 ἄρχοντες.
1606 2736 1697 2788 Διὸ
1720 2736 1984 2805 φευκτέον

402 2829 498 2882 ἐπὶ
539 2832 638 2898 τὴν
682 2827 938 2898 ὀρεινὴν,
972 2829 1148 2880 πάντα
1183 2827 1404 2897 ἔχοντας
1434 2827 1566 2880 ἄνω.
1619 2827 1839 2898 Ταύτην
1883 2829 1986 2881 οὐκ

407 2919 556 2973 ἴσασι
579 2917 680 2987 τὴν
711 2917 828 2970 ὁδὸν
867 2920 914 2970 οἱ
959 2915 1246 2982 διώκοντες
1280 2919 1449 2989 ἡμᾶς.
1490 2917 1663 2990 Ὀρῶν
1689 2918 1795 2992 γάρ
1837 2920 1986 2972 ἐστιν

405 3011 436 3064 ὸ
463 3010 599 3074 Θεὸς
643 3010 739 3064 τοῦ
791 3009 1034 3082 Ἰσραὴλ,
1097 3013 1191 3066 καὶ
1243 3012 1304 3066 οὐ
1359 3012 1644 3067 κοιλάδων.
1683 3012 1847 3066 Ὅθεν
1885 3014 1988 3066 οὐκ

407 3102 776 3170 ἀναϐήσονται
803 3103 886 3165 είς
925 3102 994 3154 τὰ
1021 3102 1125 3174 ὅρη
1145 3121 1160 3134 ’
1195 3103 1292 3158 ἐπὶ
1319 3103 1376 3157 δὲ
1415 3103 1516 3175 τὴν
1547 3104 1824 3174 προτέραν
1851 3104 1986 3158 ἀνα-

2074 2013 2336 2069 sublimia
2363 2011 2626 2082 persequi
2667 2018 2878 2076 monet,
2915 2010 3153 2065 terrenis
3194 2009 3496 2079 impietatis
3531 2008 3667 2079 dog-

2078 2105 2244 2161 matis
2274 2104 2512 2160 relictis.
2561 2103 2684 2172 Ipse
2715 2117 2940 2172 quoque
2987 2100 3155 2158 David
3197 2101 3380 2170 inquit
3415 2119 3429 2156 :
3472 2121 3491 2152 ι
3520 2099 3665 2156 Ocu-

2077 2197 2164 2254 los
2203 2212 2358 2252 meos
2409 2196 2466 2250 in
2509 2203 2726 2250 montes
2786 2193 3035 2259 sustuli,
3085 2207 3152 2247 ac
3207 2193 3352 2248 unde
3397 2193 3666 2246 auxilium

2077 2301 2375 2346 venturum
2403 2299 2550 2344 esset
2580 2287 2714 2342 mihi
2773 2285 2988 2356 dispexi
3017 2285 3084 2338 ".
3113 2303 3132 2337 ι
3169 2283 3344 2339 Isaias
3375 2284 3508 2340 item
3539 2285 3614 2338 ait
3649 2301 3664 2337 :

2085 2397 2104 2430 ι
2138 2377 2317 2450 Super
2353 2385 2598 2434 montem
2629 2377 2917 2434 excelsum
2953 2375 3274 2432 conscende
3314 2384 3371 2430 tu
3413 2361 3668 2444 quis’quis

2079 2471 2264 2527 laetum
2295 2470 2556 2526 nuntium
2602 2471 2656 2524 in
2693 2469 2829 2525 Sion
2863 2467 3050 2534 aliers,
3083 2468 3282 2539 erigite
3313 2484 3434 2536 vos,
3469 2484 3570 2524 nec
3601 2469 3664 2522 ti-

2081 2571 2226 2620 mete
2251 2561 2320 2622 ⁸³.
2361 2580 2379 2614 ι
2419 2559 2531 2616 Nec
2561 2575 2693 2616 vero
2738 2573 2906 2629 super
2951 2573 3121 2612 unum
3152 2567 3394 2614 montem
3427 2566 3666 2620 tantum,

2082 2671 2274 2712 verum
2305 2669 2474 2725 super
2503 2668 2700 2710 omnes
2737 2652 2950 2708 sanctis
2978 2652 3269 2722 prophetis
3299 2665 3362 2706 ac
3405 2652 3670 2720 apostolis

2083 2756 2170 2804 est
2203 2747 2553 2819 fugiendum,
2591 2763 2659 2802 ne
2692 2747 2854 2802 nobis
2873 2761 3098 2816 quoque
3131 2747 3279 2816 regis
3307 2744 3668 2810 Jerichuntis,

2087 2839 2252 2910 hujus
2292 2838 2484 2892 mundi
2531 2836 2808 2907 principes
2857 2835 3077 2890 obviam
3123 2834 3275 2890 liaut.
3321 2835 3673 2904 Quapropter

2089 2945 2260 3000 super
2290 2927 2548 2999 quemvis
2581 2935 2824 2982 montem
2855 2927 3119 2996 supernis
3148 2925 3558 2980 habitatoribus
3587 2933 3674 2981 est

2091 3011 2433 3093 fugiendum,
2489 3035 2610 3075 eam
2675 3019 2822 3073 enim
2867 3019 3012 3074 viam
3062 3033 3170 3072 non
3229 3026 3432 3073 norunt
3485 3017 3674 3074 hostes

2091 3117 2293 3172 nostri.
2325 3114 2466 3170 Nam
2493 3112 2637 3169 Deus
2669 3112 2859 3177 Israel,
2899 3111 3042 3167 Deus
3079 3110 3377 3176 montium,
3411 3125 3522 3166 non
3553 3112 3668 3166 val-

411 3194 698 3266 στρέψουσι
719 3198 948 3268 πλάνην.
967 3197 1078 3251 Καὶ
1098 3197 1240 3250 οὕτω
1253 3196 1440 3266 φησὶν,
1463 3215 1482 3248 ι
1515 3197 1706 3267 Ὑμεῖς
1753 3194 1990 3250 ἀπελεύ-

2093 3207 2227 3262 lium
2255 3215 2340 3262 est
2370 3205 2440 3258 '°.
2481 3203 2638 3260 Unde
2690 3219 2860 3272 super
2911 3209 3135 3259 montes
3187 3217 3298 3258 non
3351 3204 3674 3269 ascendent,

413 3289 572 3339 σεσθε
611 3287 708 3358 τὴν
737 3288 854 3342 ὁδὸν
884 3289 1088 3359 ὑμῶν.»
1119 3289 1212 3343 τὸν
1245 3288 1471 3342 εἰπόντα
1491 3304 1504 3320 ·
1545 3305 1565 3340 ‹
1598 3286 1741 3356 Ἐγώ
1791 3287 1908 3357 ειμι
1953 3287 1988 3354 ἡ

2093 3313 2284 3354 verum
2338 3296 2407 3351 ad
2455 3311 2706 3352 errorem
2755 3295 3052 3365 pristinum
3108 3302 3476 3350 revertentur.
3537 3296 3672 3350 Dicit

411 3377 550 3446 ὁδὸς,
589 3398 609 3430 ι
641 3379 706 3432 δι’
731 3375 798 3452 ἦς
829 3381 1030 3435 ὁδεύων
1074 3397 1181 3447 τις,
1229 3380 1332 3450 τὴν
1365 3379 1528 3448 ἁγίαν
1556 3379 1765 3448 Τριάδα
1797 3377 1990 3434 θεάσε-

412 3485 524 3524 ται.

497 3643 707 3698 Ἀθῶοί
757 3643 947 3710 ἐσμεν
997 3642 1078 3708 τῷ
1133 3642 1290 3710 ὅρκῳ
1340 3657 1457 3698 σου
1507 3643 1714 3708 τούτῳ.
1766 3642 1992 3705 Τούτοις

417 3734 574 3802 ὅμοια
613 3735 709 3786 καὶ
769 3733 1008 3802 Μωῦσῆς
1061 3733 1386 3798 ἐνετείλατο,
1424 3732 1614 3803 χρίσαι
1667 3733 1745 3803 τῷ
1797 3734 1991 3804 αἵματι

419 3824 692 3895 σταθμοὺς
721 3825 816 3877 καὶ
845 3823 1026 3892 φλιάς,
1053 3823 1149 3876 καὶ
1181 3823 1256 3893 μὴ
1295 3823 1498 3889 ἐξιέναι
1525 3822 1732 3894 μηδένα
1761 3823 1863 3892 τῆς
1895 3823 1992 3876 θύ-

418 3933 537 3986 ρας,
578 3917 727 3978 ὅπως
774 3915 986 3984 φύγωσι
1019 3914 1110 3968 τδν
1153 3914 1496 3985 ὀλοθρευτήν.
1539 3916 1720 3968 Κάκεῖ
1744 3915 1852 3985 γὰρ
1893 3913 1992 3984 τὴν

429 4009 760 4080 Ἐκκλησίαν
818 4008 1040 4075 ὲτύπου,
1094 4008 1169 4071 ὡς
1219 4007 1501 4062 κάνταῦθα
1551 4009 1642 4064 διὰ
1685 4011 1786 4080 τῆς
1815 4009 1994 4074 οἰκίας

431 4099 622 4164 Ῥαὰϐ,
665 4099 722 4152 ἐν
756 4093 790 4174 ᾖ
829 4098 906 4162 ὡς
930 4101 987 4151 ὲν
1035 4096 1190 4169 τύπῳ
1209 4098 1309 4151 καὶ
1333 4099 1395 4151 τὸ
1420 4101 1476 4152 ὲν
1502 4099 1763 4170 Αἰγύπτῳ
1807 4099 1994 4152 ἐθύετο

419 4191 712 4262 πρόϐατον.
763 4192 871 4243 Καὶ
895 4188 990 4243 νῦν
1017 4191 1115 4260 τῆς
1151 4190 1390 4254 πίστεως
1426 4192 1460 4260 ἡ
1491 4191 1752 4262 ὁμολογία
1781 4191 1866 4245 διὰ
1897 4189 1992 4244 τοῦ

418 4282 680 4352 σπαρτίου
713 4283 1062 4352 σημαίνεται.

487 4374 602 4434 Πᾶς
647 4368 739 4425 οὖν
774 4373 966 4435 πιστὸς
996 4374 1054 4425 ὲν
1083 4375 1148 4444 τῇ
1185 4373 1395 4446 μάνδρᾳ
1426 4375 1538 4428 τῶν
1574 4375 1863 4450 προϐάτων
1893 4395 1993 4449 με-

417 4464 588 4528 νέτω,
626 4463 704 4532 τῷ
749 4463 959 4534 σημείῳ
997 4463 1075 4534 τῷ
1106 4463 1200 4518 τοῦ
1241 4465 1478 4533 Χριστοῦ
1527 4469 1988 4538 σφραγιςόμενος.

2091 3391 2261 3462 igitur
2292 3408 2304 3444 :
2347 3408 2364 3440 ι
2387 3389 2552 3444 Abite
2585 3404 2686 3445 vos
2714 3403 2810 3458 per
2842 3390 2989 3444 viam
3032 3395 3298 3452 vestram,
3345 3387 3498 3444 vobis
3533 3387 3676 3444 indi-

2005 3551 2018 3556 ω
2091 3491 2294 3539 catam.
2335 3501 2354 3534 ι
2388 3511 2458 3523 -
2493 3499 2536 3546 ,ι
2567 3480 2684 3552 Ego
2736 3497 2860 3536 sum
2919 3481 3005 3535 via
3044 3479 3114 3544 υ,
3165 3498 3183 3532 ι
3241 3495 3338 3551 per
3383 3497 3546 3552 quam
3579 3483 3672 3552 qui

2094 3575 2200 3630 iter
2224 3573 2380 3639 facit,
2423 3581 2676 3628 sanctam
2709 3571 3047 3627 Trinitatem
3083 3574 3570 3644 contemplabitur.

2163 3663 2434 3716 Immunes
2468 3679 2563 3716 nos
2595 3663 2794 3715 erimus
2833 3662 2897 3714 ab
2920 3663 3018 3716 hoc
3039 3662 3370 3729 juramento.
3421 3663 3558 3736 [20.]
3583 3665 3678 3719 His

2094 3752 2306 3806 similia
2367 3750 2550 3806 Moses
2611 3750 2897 3804 mandavit
2962 3757 3341 3821 quoque,.ut
3403 3755 3678 3822 sanguine

2094 3850 2281 3912 postes
2315 3849 2528 3912 ungant
2562 3849 2618 3896 et
2675 3841 2886 3908 limina,
2939 3857 3117 3911 neque
3161 3841 3458 3912 quisquam
3511 3845 3681 3906 domo

2094 3940 2276 4000 exeat,
2313 3949 2424 4003 quo
2468 3941 2806 3988 vastatorem
2844 3933 3032 3990 evitet.
3072 3933 3176 3990 Ubi
3207 3934 3472 3992 Ecclesiae
3505 3935 3677 4007 Ilgura

2095 4033 2235 4090 erat,
2271 4024 2730 4095 quemadmodum
2761 4025 2853 4080 hic
2899 4040 3120 4096 quoque
3147 4027 3203 4082 in
3236 4027 3402 4082 domo
3459 4027 3675 4095 Iiahab,

2097 4113 2152 4170 in
2181 4130 2288 4185 qua
2321 4121 2583 4184 tanquam
2625 4115 2679 4170 in
2727 4113 2900 4184 ﬁgura
2952 4131 3129 4183 agnus
3161 4115 3526 4188 Egyptiacus
3573 4119 3677 4173 int-

2095 4205 2425 4270 molabatur,
2457 4221 2715 4276 nuncque
2749 4205 2871 4260 lidei
2905 4205 3190 4262 confessio
3241 4223 3338 4277 per
3382 4208 3568 4264 funem
3598 4211 3674 4264 εἰ·-

2095 4296 2407 4364 gniﬁcatur.

2170 4385 2504 4456 Quicunque
2530 4385 2701 4458 igitur
2725 4386 2986 4442 ﬁduciam
3019 4387 3186 4442 habet
3211 4389 3266 4442 in
3294 4387 3447 4454 ovili,
3470 4389 3674 4446 Christi

2097 4480 2260 4550 signo
2292 4479 2528 4535 notatus
2550 4489 2792 4534 maneat.
2824 4479 2882 4534 Si
2906 4479 3050 4534 enim
3066 4477 3188 4548 quis
3202 4479 3412 4548 exierit,
3434 4482 3675 4552 seipsum

431 4554 621 4620 Ἐξιὼν
652 4555 761 4624 γάρ
786 4573 891 4619 τις,
927 4555 1108 4626 ἔνοχος
1133 4556 1311 4627 ἐαυτῷ
1360 4559 1591 4626 γίνεται.
1620 4561 1860 4615 Τοιαῦτα
1898 4563 1992 4616 καὶ

2097 4575 2260 4645 culpa
2311 4574 2635 4644 obstringit.
2667 4570 2996 4641 Hujusmodi
3043 4571 3252 4628 Paulus
3283 4573 3450 4628 etiam
3505 4574 3678 4630 Mileti

423 4647 631 4709 Παῦλος
657 4649 712 4699 ὲν
741 4645 972 4718 Μιλήτῳ
1003 4649 1118 4710 τοῖς
1143 4648 1541 4721 πρεσϐυτέροις
1574 4651 1799 4720 Ἐφέσου
1831 4653 1986 4722 φησί·

425 4756 442 4788 ε
480 4737 569 4790 Διὸ
601 4737 953 4808 μαρτύρομαι
997 4737 1127 4806 ὑμῖν
1168 4741 1227 4790 ὲν
1275 4741 1342 4810 τῇ
1382 4741 1625 4814 σήμερον
1669 4743 1871 4814 ἡμέρᾳ,
1906 4745 1989 4796 ὅτι

421 4827 661 4898 καθαρός
705 4830 820 4898 εἰμι
863 4826 974 4880 ἀπὸ
1008 4827 1104 4880 τοῦ
1150 4829 1373 4882 πάντων
1418 4831 1677 4901 αἵματος,
1721 4853 1738 4885 ι
1777 4837 1872 4887 καὶ
1923 4834 1994 4887 τὰ

420 4919 567 4990 ἑξῆς.

490 5015 636 5070 Ἐὰν
676 5014 744 5070 δέ
790 5032 879 5081 τις
910 5013 1068 5084 ἡμᾶς
1089 5015 1375 5085 ἀδικήσῃ,
1406 5017 1443 5086 ἢ
1480 5018 1576 5072 καὶ
1625 5018 1996 5090 ἀποκαλύψῃ

421 5105 562 5172 τοὺς
591 5107 814 5176 λόγους
859 5107 1026 5177 ἡμῶν
1071 5108 1357 5174 τούτους,
1404 5109 1665 5180 ἐσόμεθα
1686 5112 1864 5166 eaeor
1919 5113 2000 5179 τῷ

425 5197 580 5267 ὅρκῳ
619 5199 829 5266 τούτῳ.
897 5197 1234 5252 ’Δδικοῦνται
1281 5199 1390 5271 γὰρ
1439 5203 1490 5255 οἱ
1521 5203 1620 5272 τῆς
1669 5205 2000 5276 Ἐκκλησίας

424 5291 772 5355 διδάσκαλοι,
832 5281 944 5344 τῶν
1006 5291 1265 5362 μαθητῶν
1331 5293 1710 5350 ὲκλαλούντων
1765 5299 1835 5351 τὰ
1885 5297 1996 5352 τῶν

425 5381 711 5452 δογμάτων
744 5382 1051 5453 ἀπόρρητα.
1094 5383 1374 5438 Ῥίπτουσι
1411 5385 1520 5455 γὰρ
1559 5387 1685 5450 τοὺς
1728 5389 2000 5461 μαργαρίο

426 5491 524 5535 τας
556 5472 864 5544 ἔμπροσθεν
891 5475 1001 5527 τῶν
1036 5475 1258 5545 χοίρων.
1301 5475 1391 5529 Διὸ
1431 5477 1524 5530 καὶ
1561 5477 1698 5548 πρὸς
1732 5479 1998 5549 Τιμόθεον

499 5649 592 5704 "’I
627 5651 822 5706 Thess.
857 5666 918 5716 η,
945 5653 978 5708 8
1073 5653 1118 5684 ⁸⁸
1148 5653 1292 5708 I’sal.
1327 5669 1454 5719 cxx,
1483 5657 1534 5710 l.

715 5743 986 5806 ΡΑτιιοι..
1032 5746 1146 5809 Gn.
1191 5747 1572 5813 LXXXVII.

2097 4667 2162 4721 ad
2202 4668 2453 4723 seniores
2492 4665 2698 4736 Ephesi
2731 4665 2912 4735 inquit
2945 4682 2957 4718 :
3000 4682 3017 4716 ι
3044 4665 3260 4721 Idcirco
3291 4667 3542 4723 obtestor
3579 4683 3678 4723 vo-

2099 4760 2184 4815 bis
2217 4759 2489 4816 hodierno
2536 4757 2828 4830 die,quod
2878 4773 2979 4828 ego
3026 4774 3222 4828 expers
3268 4775 3390 4816 sum
3428 4761 3676 4816 omnium

2100 4852 2386 4921 sanguinis
2418 4851 2487 4917 ⁵¹,
2527 4871 2544 4902 ι
2582 4865 2690 4906 etc.
3135 4871 3138 4874 ’

2175 5025 2328 5090 Quod
2366 5027 2414 5079 si
2447 5039 2567 5080 vero
2602 5025 2798 5096 aliquis
2840 5042 2956 5087 nos,
2998 5027 3177 5089 aiunt,
3229 5028 3448 5097 lreserit,
3483 5039 3534 5085 et
3565 5047 3680 5084 ser-

2107 5133 2281 5170 mones
2309 5117 2402 5170 hos
2435 5127 2646 5172 nostros
2684 5118 3007 5184 revelat'erit,
3043 5121 3279 5176 insontes
3309 5127 3528 5179 erimus.
3563 5121 3704 5179 Lm-'

2104 5209 2314 5264 duntur
2347 5211 2494 5264 enim
2523 5211 2786 5266 Ecclesiae
2811 5213 3087 5283 magistri,
3119 5213 3164 5268 si
3188 5213 3448 5290 discipuli
3479 5232 3678 5271 arcana

2105 5317 2297 5357 eorum
2365 5299 2623 5357 cﬂ‘utiunt
2683 5303 2981 5374 dogmata,
3040 5307 3288 5379 adeoque
3354 5309 3680 5378 margaritas

2108 5401 2238 5484 ante
2268 5407 2469 5484 porcos
2497 5395 2822 5484 projiciunt.
2854 5397 3205 5474 Quapropter
3233 5401 3299 5455 ad
3329 5399 3678 5456 Timotheum

2107 5483 2410 5552 Epistolam
2438 5483 2690 5541 scribens
2721 5488 2942 5553 Paulus,
2971 5490 3216 5545 secundo
3248 5491 3424 5560 inquit
3460 5509 3474 5544 :
3499 5511 3516 5544 ι
3546 5489 3680 5556 Qua

1635 5657 1678 5690 δ’
1717 5656 1820 5716 lsa.
1843 5677 1929 5730 XL,
1954 5661 2006 5718 9.
2083 5665 2128 5697 "
2155 5665 2222 5720 IIl
2253 5664 2385 5737 Reg.
2421 5681 2512 5736 xx,
2536 5665 2625 5724 28.
2705 5669 2744 5700 ¹¹
2772 5667 2928 5726 Joan.
2963 5685 3070 5738 xnv,
3104 5671 3158 5725 6.
3233 5671 3279 5701 ⁸⁸
3311 5671 3432 5729 Act.
3469 5687 3562 5742 xx,
3593 5679 3678 5740 31:.

3237 5763 3316 5822 32
