4036 6214
470 233 609 300 i003

1767 228 2124 295 PROCOPII
2159 229 2407 292 GAZIEI

3638 231 3770 297 1004

462 376 494 413 a
538 367 626 410 me
657 348 925 409 audivisti
983 349 1247 422 frequens
1296 351 1485 419 testis,
1537 351 1735 409 eadem
1797 349 2054 406 ﬁdelibus

2163 349 2494 405 ἑπιστὲλλων
2543 351 2574 406 ό
2632 349 2844 417 Παῦλος
2888 349 2951 405 τὸ
3006 349 3282 422 δεύτερον,
3344 349 3552 421 ἔλεγεν
3576 364 3593 380 ’
3657 370 3680 405 s
3705 354 3772 407 ’Δ

466 461 711 520 propone
746 444 1067 501 hominibus
1096 445 1175 513 "',
1206 464 1225 498 ι
1265 445 1336 502 iis
1356 444 1614 503 videlicet
1645 445 1741 519 qui
1775 445 2055 500 exercita-

464 540 620 594 tione
648 549 917 593 sensuum
947 550 1149 601 usum,
1191 544 1256 591 ut
1302 535 1512 593 bonum
1564 551 1596 591 a
1644 535 1792 594 malo
1839 534 2057 609 possint

452 631 807 696 discernere,
838 635 1256 699 compararunt.

536 811 637 868 His
663 810 851 882 itaque
874 810 1022 883 apud
1048 809 1243 867 Rabab
1273 811 1343 867 ab
1371 812 1825 884 exploratoribus
1850 811 2057 869 contir-

461 904 656 972 matis,
686 903 898 960 reversi
961 904 1151 958 omnia
1206 911 1267 958 ut
1306 914 1610 960 evenerant
1663 906 2057 961 renuntiarunt

466 994 654 1053 Josue.
686 994 1166 1063 Quemadmodum
1209 994 1420 1053 Paulus
1468 1011 1693 1067 quoque
1743 1003 1801 1051 et
1848 995 2055 1050 Barna-

468 1091 569 1145 bas
591 1104 717 1145 cum
762 1088 1053 1145 venissent
1088 1086 1467 1155 Antiochiam,
1508 1090 1697 1144 omnia
1745 1089 2055 1143 retulerunt

468 1181 760 1248 fratribus,
795 1194 860 1236 ac
892 1180 947 1235 in
978 1180 1177 1250 primis
1220 1178 1373 1251 quod
1418 1179 1566 1237 Deus
1596 1181 1857 1253 gentibus
1885 1180 1954 1236 ad
1989 1179 2055 1235 ii-

467 1274 591 1330 dem
619 1272 973 1345 patefecisset
1008 1272 1221 1328 aditum
1252 1274 1321 1328 “.

450 1364 464 1376 ⁸
542 1366 611 1421 Ut
643 1366 828 1421 sciatis
876 1381 983 1437 qua
1034 1367 1119 1421 via
1147 1367 1292 1421 vobis
1324 1366 1395 1421 sit
1427 1366 1798 1422 incedendum.
1828 1364 1938 1439 [lll,
1970 1364 2073 1438 ι.].

466 1458 702 1514 Causam
743 1456 923 1513 reddit
954 1456 1076 1528 ejus
1098 1458 1249 1528 quod
1282 1472 1389 1513 non
1418 1459 1692 1514 continuo
1721 1473 1824 1515 nec
1849 1460 2054 1529 stipato

466 1547 666 1603 ordine
699 1546 937 1602 debeant
966 1547 1251 1612 incedere,
1293 1564 1485 1604 verum
1525 1549 1704 1606 donec
1734 1565 1879 1619 aqua
1909 1550 2055 1605 divi-

467 1654 531 1694 sa
586 1640 998 1711 pertransiisset
1070 1654 1199 1695 arca
1281 1640 1505 1710 illisque
1572 1642 1898 1712 praebuisset
1951 1642 2054 1697 iter

2163 443 2407 514 ῆκουσας
2447 443 2581 517 παρ’
2627 443 2763 517 ιμοῦ
2820 445 2961 517 μετὰ
3006 443 3241 501 πολλῶν.
3256 443 3610 515 μαρτύρων,
3644 444 3771 500 ταῦ-

2162 552 2233 589 τα
2271 535 2519 608 παράθου
2556 539 2773 602 πιστοῖς
2819 535 3194 609 ἀνθρώποις»
3235 536 3467 607 δηλαδὴ
3521 538 3642 601 τοῖς
3687 537 3771 592 διὰ

2160 631 2262 702 τὴν
2286 630 2403 696 ζειν
2430 630 2499 685 τὰ
2537 630 2873 702 αἰσθητήρια
2910 630 3357 702 γεγυμνασμένα
3415 629 3614 701 έχουσι
3644 629 3773 701 πρὸς

2160 722 2436 794 διάκρισιν
2464 722 2631 776 καλοῦ
2658 739 2716 776 τε
2748 722 2845 776 καὶ
2876 721 3072 777 κακοῦ.

2231 813 2416 867 Ταῦτα
2463 811 2895 883 βεϐαιωσάμενοι
2939 812 3091 884 παρά
3118 812 3217 883 τῆς
3257 811 3454 867 Ῥαὰϐ
3513 813 3567 865 οῖ
3605 812 3772 868 κατά-

2163 923 2378 971 σκοποι,
2411 906 2856 978 ὑποστρέψαντες
2885 907 3226 978 ἀπήγγειλαν
3247 907 3328 962 τὰ
3369 906 3770 978 συμϐεϐηκότα

2159 998 2239 1070 τῷ
2273 998 2470 1071 Ἰησοῦ.
2487 1000 2577 1063 Ὠς
2610 1001 2705 1052 καὶ
2724 999 2934 1064 Παῦλος
2968 1000 3063 1054 καὶ
3088 999 3391 1070 Βαρνάϐας
3417 998 3677 1062 ἐλθόντες
3697 999 3769 1061 εις

2174 1089 2505 1159 ’Δντιόχειαν
2530 1089 2709 1143 πάντα
2738 1089 2944 1159 ἔλεγον,
2974 1092 3067 1145 καὶ
3094 1089 3170 1154 ὡς
3191 1088 3386 1161 ῆνοιξε
3414 1105 3539 1154 tot;
3568 1089 3766 1147 ἔθνεσιν

2158 1182 2191 1237 ό
2216 1181 2350 1247 Θεὸς
2380 1180 2550 1254 θύραν
2578 1180 2840 1247 πίστεως.

2230 1359 2357 1415 Ἵνα
2398 1359 2731 1427 ἐπίστησθε
2769 1357 2884 1427 τὴν
2928 1357 3093 1425 ὁδὸν,
3139 1358 3222 1429 ἣν
3248 1361 3663 1430 πορεύσησθε
3701 1363 3764 1417 ἐν

2159 1452 2337 1521 αὐτῇ.
2373 1454 2564 1507 Αἰτιαν
2601 1452 2930 1508 ἀποδίδωσιν
2980 1453 3043 1506 οὐ
3080 1453 3217 1525 πρὸς
3263 1454 3334 1508 τὸ
3394 1455 3679 1526 προσεχὲς
3707 1455 3759 1508 τὸ

2164 1550 2239 1619 μὴ
2266 1550 2380 1603 δεῖν
2414 1548 2758 1619 πλησιάζειν,
2789 1546 2926 1601 ἀλλὰ
2955 1547 3095 1615 πρὸς
3126 1549 3190 1600 τὸ
3219 1551 3566 1621 περιμεῖναι
3602 1547 3759 1617 μέχρι

2158 1642 2443 1697 διελθοῦσα
2469 1642 2686 1707 τούτοις
2726 1642 3099 1712 δδοποιήσειεν
3139 1641 3480 1711 ήκιϐωτδς,
3526 1640 3755 1709 διαιρου-

467 1737 812 1799 exspectare.
867 1729 1141 1801 Caeterum
1186 1743 1314 1785 cum
1367 1729 1550 1786 Moses
1602 1745 1702 1787 eos
1752 1747 1851 1800 per
1904 1745 2054 1787 mare

2163 1736 2323 1808 μένου
2348 1735 2444 1790 τοῦ
2482 1735 2695 1799 ὕδατος.
2742 1734 2868 1788 Ἐπὶ⁸
2920 1736 3019 1805 μὲν
3061 1729 3157 1789 οῦν
3194 1734 3497 1795 Μωῦσέως
3542 1734 3753 1800 ἄγοντος

466 1834 624 1890 aqua:
666 1820 829 1875 salsa:
878 1819 1132 1886 duceret,
1190 1835 1304 1874 non
1347 1820 1480 1876 talis
1532 1819 1641 1875 fuit
1672 1820 1810 1876 ordo
1836 1821 2055 1891 qualem

462 1927 614 1969 nunc
644 1910 814 1969 Josue
828 1912 971 1968 duce
999 1910 1344 1984 dominoque
1380 1912 1556 1984 ipsius
1584 1914 1744 1986 signo
1775 1921 2057 1970 annuente

463 2007 742 2063 videmus.

537 2100 712 2157 Porro
741 2115 887 2173 aqua
914 2115 983 2157 ex
1015 2116 1174 2173 aequo
1201 2103 1464 2175 utrinque
1490 2103 1671 2159 divisa
1722 2104 1900 2159 instar
1926 2102 2053 2158 valli

464 2193 720 2265 perstitit.
756 2192 1070 2249 Adfuerunt
1096 2201 1279 2251 autem
1332 2194 1536 2250 ibidem
1584 2193 1805 2251 Domini
1856 2197 2052 2251 littera:

464 2301 563 2341 seu
593 2286 821 2341 tabulae.
859 2285 965 2354 Qui
1010 2287 1156 2342 enim
1186 2302 1253 2343 ex
1295 2290 1552 2359 utrisque
1592 2300 1763 2343 unum
1811 2288 1964 2351 fecit.
1996 2295 2053 2345 et

462 2375 826 2431 interstitium
860 2376 1119 2432 maceriae
1143 2377 1452 2448 quassavit,
1487 2378 1579 2434 ille
1604 2378 1717 2433 duo
1741 2379 1847 2434 scit
1870 2393 2059 2451 quam-

463 2466 548 2522 vis
577 2467 633 2521 in
681 2482 851 2523 unum
896 2467 1120 2538 aliquod
1153 2483 1467 2540 congruere
1505 2469 1746 2541 possint.
1805 2470 1886 2524 En
1924 2483 2058 2525 vero

463 2565 524 2615 ut
551 2573 697 2630 aqua
732 2567 994 2631 tanquam
1027 2575 1213 2618 arcam
1267 2562 1502 2618 reverita
1529 2562 1694 2619 cedit.
1733 2561 1931 2620 iisdem
1963 2577 2059 2619 ve-

460 2665 528 2707 ro
590 2652 871 2723 mysteriis
919 2654 1186 2724 praeditos
1239 2655 1494 2710 traduxit
1552 2655 1875 2713 sacerdotes
1931 2671 2053 2711 eam

455 2752 932 2815 mbeportantes.
959 2745 1298 2803 Continebat
1328 2748 1477 2803 enim
1527 2748 1751 2805 tabulas
1781 2757 1838 2805 et
1861 2764 2055 2804 urnam

460 2852 611 2903 man,
643 2847 700 2893 et
721 2853 895 2894 cornu
947 2841 1236 2911 unguenti,
1292 2847 1349 2896 et
1400 2840 1615 2911 virgam
1657 2840 1845 2897 Aaron
1878 2856 2057 2913 usque

460 2928 770 2988 dorentem.
800 2930 967 3004 “3
997 2930 1131 3000 Quae
1162 2946 1299 2989 sane
1324 2932 1637 2991 sacerdotis
1669 2950 1893 3006 quoque
1934 2936 2055 2990 ani-

459 3036 587 3079 mus
615 3024 883 3091 continet,
916 3024 1009 3093 qui
1042 3025 1187 3081 vires
1228 3039 1260 3079 a
1312 3023 1426 3079 Deo
1470 3026 1711 3096 accepit,
1746 3036 1807 3082 ut
1859 3026 2051 3083 eadem
2080 3056 2125 3116 ο

458 3117 637 3174 omcia
669 3119 847 3189 possit
888 3119 1136 3189 explere,
1177 3133 1242 3174 ac
1277 3120 1464 3176 omnia
1496 3136 1597 3192 per
1645 3122 2052 3180 invocationem

460 3215 705 3270 divinam
766 3217 1140 3272 sanctiﬁcare.
1198 3214 1679 3284 Quemadmodum
1732 3221 1880 3277 enim
1922 3235 2053 3276 arca

462 3309 679 3365 tabulas
711 3309 976 3374 continet,
1014 3310 1090 3364 ita
1121 3310 1347 3367 animus
1374 3311 1499 3382 ejus
1526 3312 1736 3367 dictata
1785 3311 2054 3367 divinitus

463 3402 735 3474 inspirata
790 3401 917 3458 fert.
952 3401 1012 3457 Si
1044 3402 1173 3473 quis
1224 3402 1399 3475 igitur
1446 3419 1545 3475 per
1582 3402 1883 3460 Iordanem
1933 3404 2053 3461 vult

366 3507 383 3519 '
456 3495 745 3566 trajicere,
781 3510 894 3552 non
926 3505 1133 3553 temere
1164 3497 1273 3570 iter
1302 3507 1585 3568 capessat,
1622 3513 1812 3555 verum
1839 3511 2053 3570 praepa-

460 3590 735 3645 rationem
773 3595 1058 3660 exspectet
1087 3569 1441 3646 sacerdotum
1476 3590 1570 3661 qui
1603 3603 1750 3645 arca:
1777 3569 2054 3645 constitu-

461 3684 613 3739 tione
640 3696 815 3754 aquas
847 3690 1204 3749 consecrant,
1245 3684 1627 3754 transitusque
1697 3682 2051 3739 securitatem

458 3774 723 3845 praebent.
745 3772 920 3841 Quam
955 3774 1377 3847 iguoraruntilli
1408 3776 1503 3846 qui
1536 3776 1714 3832 istltac
1742 3775 1850 3830 iter
1881 3774 2052 3831 facie-

458 3867 592 3922 bant
618 3883 634 3934 ;
662 3868 809 3939 leges
837 3868 986 3922 enim
1023 3866 1294 3923 Ecclesia:
1325 3868 1865 3939 ignorabant,eaque
1895 3867 2051 3941 prius

456 3972 730 4028 cognosce
739 3974 795 4015 re
828 3958 1127 4016 debebant.

526 4050 706 4109 Porro
734 4052 847 4109 duo
888 4052 1205 4110 cubitorum
1254 4051 1451 4118 millia,
1506 4052 1648 4110 duas
1691 4053 2050 4110 circnitioues

458 4144 577 4200 sive
648 4143 1082 4216 praeparationes
1149 4142 1462 4215 signiﬁcare
1541 4143 1755 4209 aiunt,
1820 4145 2048 4198 alteram

460 4236 683 4308 quidem
720 4240 913 4309 prima:
945 4235 1348 4305 institutionis,
1384 4234 1617 4291 alteram
1670 4251 1801 4292 vero
1835 4236 2050 4291 unctio-

460 4332 573 4397 nis,
607 4347 716 4404 qua
755 4339 954 4387 contra
985 4344 1206 4387 omnem
1253 4329 1366 4384 vim
1398 4329 1689 4386 adversam
1743 4336 2044 4402 unguntur,

2157 1830 2245 1884 διὰ
2271 1828 2565 1900 θαλάττης,
2615 1827 2809 1893 ῦδατος
2858 1826 3126 1899 ἁλμυροῦ,
3174 1826 3419 1897 οὐδεμία
3449 1825 3611 1892 τάξις
3651 1824 3752 1891 ἐγί-

2156 1935 2301 1984 νετο,
2332 1918 2400 1988 ην
2434 1916 2528 1971 νῦν
2565 1916 2782 1987 δρῶμεν
2804 1955 2821 1982 ,
2872 1914 3051 1985 Ἰησοῦ
3090 1914 3618 1987 στρατηγήσαντος,
3666 1911 3748 1966 καὶ

2157 2009 2253 2063 τοῦ
2280 2008 2491 2081 Κυρίου
2525 2006 2864 2079 πληροῦντος
2906 2006 2968 2059 τὸ
3003 2005 3296 2076 σύμϐολον.

2229 2098 2303 2153 re
2338 2099 2399 2153 δὲ
2434 2098 2579 2171 ὕδωρ
2605 2098 2813 2169 ὁμοίως
2853 2098 3160 2169 διαιρεθὲν,
3208 2097 3573 2169 ἑκατέρωθεν
3600 2094 3745 2164 πῆξιν

2158 2189 2456 2261 ὑπέμενεν,
2495 2189 2626 2244 ἔνθα
2663 2189 2859 2259 γέγονε
2903 2189 2999 2243 τοῦ
3051 2189 3256 2260 Κυρίου
3306 2188 3384 2242 τὰ
3423 2188 3742 2259 γράμματα.

2168 2282 2230 2337 '0
2253 2281 2365 2353 γὰρ
2400 2281 2638 2353 ποιήσας
2665 2281 2735 2336 τὰ
2758 2280 3050 2353 ἀμφότερα
3080 2279 3160 2342 ἓν.
3194 2282 3292 2334 καὶ
3333 2280 3404 2332 τὸ
3440 2281 3740 2351 μεσότειχον

2157 2374 2254 2429 τοῦ
2282 2372 2542 2444 φραγμοῦ
2574 2371 2764 2439 λύσας,
2808 2374 3014 2437 ἐκεῖνος
3044 2372 3156 2427 δύω
3182 2369 3355 2437 οἶδεν,
3394 2374 3447 2425 ει
3489 2371 3585 2423 καὶ
3624 2366 3741 2438 πρὸς

2156 2469 2217 2523 Iv
2245 2485 2299 2521 τι
2324 2467 2655 2521 συνέλθοιεν.
2686 2466 2828 2538 Ὅρα
2865 2465 2924 2521 δὲ
2952 2465 3016 2519 τὸ
3041 2465 3188 2538 ὕδωρ
3222 2460 3401 2530 εἶκον,
3437 2464 3631 2532 ὥσπερ
3662 2460 3737 2514 σε·

2156 2560 2420 2631 δούμενον
2455 2558 2558 2631 τὴν
2590 2557 2848 2622 κιϐωτὸν,
2883 2557 3007 2629 μεθ’
3042 2551 3120 2611 ὧν
3155 2559 3491 2628 μυστηρίων
3520 2554 3738 2625 ἐπήγετο

2158 2652 2253 2706 καὶ
2281 2651 2409 2715 τοὺς
2447 2648 2867 2719 διακομίζοντας
2889 2648 3075 2717 ἱερεῖς.
3108 2647 3367 2717 Περιεῖχε
3393 2645 3455 2698 δὲ
3487 2644 3586 2705 τὰς
3614 2639 3732 2693 πλά-

2157 2759 2281 2808 κας,
2314 2745 2410 2797 καὶ
2441 2740 2537 2795 τοῦ
2574 2741 2752 2812 μάννα
2784 2740 2884 2811 τὴν
2916 2739 3175 2811 στάμνον,
3211 2738 3310 2792 καὶ
3360 2738 3428 2790 τὸ
3461 2736 3631 2805 κέρας
3654 2728 3732 2783 τοῦ

2160 2834 2361 2906 μύρου,
2391 2833 2492 2889 καὶ
2524 2833 2624 2905 τὴν
2683 2830 2880 2904 ῥάϐδον
2923 2829 3137 2902 Ἀαρὼν
3177 2830 3278 2899 τὴν
3336 2827 3727 2900 βλαστήσασαν.

2161 2926 2232 2978 ’Δ
2255 2924 2319 2995 δὴ
2351 2923 2600 2996 περιέχει
2632 2923 2730 2977 καὶ
2760 2924 2795 2994 η
2833 2920 2931 2976 τοῦ
2957 2920 3260 2994 ἀρχιερέως
3296 2919 3479 2992 ψυχὴ,
3525 2916 3730 2981 δύναμιν

2158 3015 2400 3071 λαϐοῦσα
2434 3016 2583 3088 παρὰ
2611 3013 2750 3070 Θεοῦ
2783 3013 3011 3068 τοιαῦτα
3053 3015 3254 3081 ποιεῖν,
3295 3012 3371 3067 δι’
3407 3008 3727 3077 ἐπικλήσεως

2156 3107 2486 3178 άγιάζουσα,
2543 3106 2623 3171 ὡς
2663 3108 2722 3160 ἑν
2751 3104 2915 3170 πλαξὶ
2965 3105 3201 3169 λιθίναις
3244 3103 3499 3177 φέρουσα
3522 3099 3587 3153 τὰ
3618 3093 3723 3149 θεόν

2156 3214 2399 3253 πνευστα
2428 3197 2606 3266 λόγια.
2634 3194 2862 3253 Μέλλων
2889 3191 2984 3249 οὖν
3009 3211 3094 3258 τις
3121 3194 3382 3265 διαϐῆναι
3422 3192 3515 3245 τὸν
3552 3183 3723 3256 Ἰορδά-

2155 3308 2273 3362 νην.
2309 3290 2386 3363 μὴ
2411 3288 2704 3360 τολμηρῶς
2741 3288 3011 3359 χωρείτω,
3050 3285 3367 3357 περιμένων
3391 3284 3493 3354 τὴν
3528 3282 3590 3333 ἐκ
3630 3274 3721 3328 τῶν

2156 3382 2351 3454 ἱερέων
2380 3380 2775 3453 παρασκευὴν,
2825 3382 2895 3452 τῇ
2941 3378 3130 3432 στάσει
3172 3376 3276 3446 τῆς
3319 3371 3560 3430 κιϐωτοῦ
3587 3369 3720 3435 ἁγια-

2155 3474 2359 3541 ζόντων
2402 3473 2475 3528 τὰ
2529 3472 2722 3540 ὕδατα,
2773 3471 2869 3526 καὶ
2917 3473 2986 3543 τῇ
3046 3469 3296 3527 διαϐάσει
3350 3460 3717 3538 παρεχομένων

2152 3568 2253 3639 τὴν
2300 3566 2527 3622 ἄδειαν·
2578 3565 2648 3637 ἦν
2674 3563 2906 3635 ἠγνόουν
2934 3563 2987 3617 οἱ
3036 3561 3243 3633 ταύτην
3284 3560 3588 3619 ὁδεύοντες.
3634 3548 3717 3618 τῆς

2165 3657 2497 3730 Ἐκκλησίας
2531 3655 2855 3726 ἀγνοοῦντες
2890 3655 2961 3709 τὰ
2993 3653 3224 3726 νόμιμα,
3260 3652 3365 3707 καὶ
3392 3648 3564 3706 ταῦτα
3598 3654 3710 3713 προ-

2156 3748 2454 3822 μανθάνειν
2483 3745 2816 3817 ὀφείλοντες.

2222 4037 2484 4113 Δισχῑλιοι
2508 4037 2568 4092 δὲ
2598 4036 2817 4108 πήχεις,
2850 4033 3021 4105 φασὶ,
3050 4032 3147 4088 δύο
3192 4032 3481 4105 περιόδους
3528 4018 3700 4096 σημαί·

2151 4147 2327 4194 νουσι,
2361 4128 2461 4200 τὴν
2509 4126 2610 4197 μὲν
2645 4125 3026 4196 κατηχήσεως,
3081 4123 3181 4194 τὴν
3226 4121 3284 4203 δέ
3335 4124 3438 4192 τῆς
3479 4117 3699 4203 χρὲσεως.

2152 4222 2278 4278 καθ’
2318 4223 2385 4294 ἢν
2416 4198 2737 4290 άλείφονται
2784 4215 2925 4272 κατὰ
2959 4214 3142 4286 πάσης
3172 4198 3551 4284 ἀντικειμένης
3571 4198 3700 4259 δυνά·

2158 4331 2327 4386 μεως,
2371 4312 2533 4384 βατδν
2580 4311 2763 4373 αὐτοῖς
2789 4307 2852 4362 τὸ
2889 4306 3035 4379 ὕδωρ
3081 4304 3420 4374 ποιούμενοι.
3468 4298 3699 4353 Δύνανται

460 4390 779 4500 vadosaque
814 4428 932 4483 illis
963 4441 1106 4497 aqua
1143 4423 1401 4480 eiiicitur.
1433 4421 1619 4481 Potest
1666 4436 1798 4476 vero
1820 4390 2051 4491 signiti-

2163 4405 2214 4460 δὲ
2241 4404 2530 4475 σημαίνειν
2567 4401 2667 4456 καὶ
2701 4400 2793 4454 τδν
2840 4398 2951 4453 τῶν
2987 4397 3126 4451 ἑτῶν
3157 4395 3416 4467 ἀριθμὸν,
3462 4390 3580 4500 περ(
3612 4393 3695 4434 που

461 4528 590 4570 care
629 4516 795 4571 etiam
844 4529 1139 4569 numerum
1177 4527 1452 4568 annorum
1499 4512 1726 4568 circiter
1763 4511 1852 4566 bis
1903 4510 2054 4565 mille

456 4621 636 4677 usque
678 4606 748 4661 ad
800 4606 1099 4661 adventum
1154 4605 1390 4670 Christi,
1450 4604 1703 4676 adeoque
1755 4604 2055 4659 monstrari

459 4696 785 4768 mysterium
829 4696 921 4775 ad_
950 4712 1053 4752 nos
1110 4697 1165 4752 in
1212 4712 1436 4752 carnem
1489 4695 1770 4750 venientis
1817 4693 2053 4750 Christi.

2154 4495 2433 4568 δισχιλίων
2483 4494 2656 4548 ὄντων
2720 4491 2883 4564 μέχρι
2939 4488 3003 4542 τδ
3056 4486 3295 4560 Χριστοῦ
3344 4483 3571 4556 δειχθείη
3614 4487 3697 4566 ρξ’

2157 4589 2400 4661 στήριον,
2447 4585 2706 4655 φανέντος
2750 4584 2881 4654 ἡμῖν
2926 4581 2985 4634 εν
3019 4578 3202 4651 σαρκί.
3241 4580 3339 4632 Ὃν
3386 4569 3577 4641 καὶτῷ
3606 4571 3693 4661 ’της

2154 4654 2344 4745 δυάδος
2383 4676 2701 4750 ὐλικωτέρῳ
2748 4672 2845 4729 καλ⁸
2887 4670 3187 4744 ἀκαθάρτῳ
3222 4669 3560 4741 παρέστησεν
3597 4654 3694 4723 ἀμ’

446 4788 631 4856 Quem
682 4770 921 4846 binario-
947 4805 1172 4862 quoque
1214 4790 1432 4846 minore
1460 4803 1527 4844 ac
1558 4789 1779 4858 impuro
1812 4800 2046 4843 numero
2149 4769 2296 4844 ⁸μῷ-

456 4879 730 4940 exhibuit.

520 4972 847 5030 'Consecrate
885 4993 975 5032 vos
1001 4975 1055 5032 in
1080 4977 1399 5042 crastinum,
1423 4992 1545 5032 cras
1565 4976 1705 5032 enim
1738 4975 1898 5045 faciet
1930 4974 2043 5031 Do-

450 5065 633 5120 minus
684 5062 826 5119 inter
875 5083 965 5123 vos
1024 5068 1279 5139 miriﬁca.
1351 5065 1457 5142 [5.]
1515 5068 1728 5123 lnitiari
1784 5069 1930 5125 enim
1981 5083 2048 5124 ac

463 5157 685 5213 lustrari
717 5165 851 5214 ante
901 5161 1086 5215 omnia
1128 5161 1600 5231 contemplaturos
1639 5160 1734 5215 Dei
1779 5160 2046 5217 miracula

459 5258 695 5322 oportet.
732 5248 870 5316 Quid
901 5266 1032 5305 vero
1069 5266 1137 5306 an
1176 5252 1431 5307 miraculi
1469 5267 1579 5306 non
1630 5260 1717 5308 est
1742 5251 1923 5308 simile
1950 5268 2046 5308 ve-

457 5351 629 5400 terem
676 5342 900 5413 quidem
931 5342 1211 5400 hominem
1246 5360 1373 5400 cum
1420 5344 1679 5400 omnibus
1709 5344 1828 5402 suis
1873 5345 2047 5401 mori-

459 5437 565 5495 bus
608 5433 1106 5507 aﬂectionibnsqne
1146 5450 1370 5501 exuere,
1423 5451 1487 5491 ac
1533 5451 1737 5519 novum
1767 5437 2045 5494 hominem

454 5532 613 5604 juxta
672 5525 770 5582 Dei
841 5541 1090 5582 normam
1144 5526 1507 5582 fabrefactum
1536 5518 1807 5598 induere,
1867 5529 2054 5590 hostes

542 5696 589 5727 "
623 5697 671 5755 η
724 5698 863 5754 Tim.
896 5713 958 5766 ll,
983 5696 1039 5753 2.
1115 5696 1159 5729 "
1180 5695 1301 5752 Act.
1335 5702 1445 5764 ειν,
1477 5695 1575 5752 εδ.

2230 4969 2595 5041 Ἀγνίσασθε
2620 4969 2709 5032 εις
2730 4965 2847 5037 τὴν
2878 4963 3115 5033 αὔριον,
3134 4960 3223 5015 ὅτι
3260 4959 3467 5028 αὔριον
3490 4940 3691 5041 sonit?

2157 5027 2371 5132 Κύριος
2398 5061 2469 5116 ἐν
2504 5058 2647 5130 ὑμῖν
2684 5027 3024 5127 ϋθαῦμᾶσία.
3067 5052 3449 5124 Προτελεῖσθαι
3494 5040 3607 5132 γὰρ,
3629 5027 3691 5082 δα

2154 5125 2255 5210 καί
2273 5125 2746 5227 προκαθαίρεσθαι
2774 5125 2901 5211 τοὺς
2938 5144 3231 5219 μέλλοντας
3260 5140 3481 5232 θεωρεῖῨ
3501 5125 3687 5232 “ff?-

2160 5218 2332 5323 μάσια
2374 5249 2471 5303 τοῦ
2502 5218 2662 5302 Θεοῦ.
2699 5242 2824 5306 Πῶς
2863 5218 2972 5312 γὰρ
3015 5238 3076 5294 οὺ
3106 5234 3435 5309 θαυμαστὸν,

2157 5307 2281 5397 σθαι
2328 5341 2429 5413 μὲν
2462 5340 2557 5395 τὸν
2596 5336 2828 5392 παλαιὸν
2859 5307 3145 5405 άνθρωπον
3189 5307 3288 5383 σὺν
3326 5307 3685 5413 ταῖςπράξεέξῖ

2156 5389 2877 5501 λιξπέξιμίθεπιδρμιωςι
2927 5389 3253 5480 momen
3308 5418 3364 5473 δι
3410 5412 3495 5468 τδν
3537 5389 3686 5501 ad”

2937 5514 3251 5583 κτισθέντα,
3284 5510 3376 5597 καὶ
3408 5501 3523 5563 τοὺς
3545 5481 3682 5560 ἀφ’
