4036 6214
0 2806 78 2826 Leu"

427 271 566 378 mbs
1545 313 2088 380 COMMENTARII
2127 315 2210 378 IN
2245 313 2507 378 rosus.
3541 313 3678 380 1006

420 453 546 496 τους
577 435 808 510 ἐχθροὺς
829 435 1036 506 von-rd);
1065 437 1198 509 ὀρᾷν
1227 436 1700 506 ἑναποπνιγέντας
1721 433 1800 507 τῷ
1817 432 1993 499 ύδατι;

2105 433 2406 490 invisibiles
2429 434 2588 504 aquis
2605 433 2929 492 submersos
2961 441 3142 490 mente
3159 433 3550 506 contemplari,
3566 429 3692 492 loeti

434 528 575 581 Ἀπ’
621 529 846 599 αῑσχους
887 529 980 594 δὲ,
1039 529 1236 593 κάλλος
1287 529 1653 600 ἀνειληφότας
1673 570 1688 594 ,
1743 527 1838 582 καὶ
1893 526 2002 580 πᾶν

421 620 678 690 φρόνημα
741 619 1148 685 καταλιπόντας
1208 621 1412 689 γεῶδες
1441 660 1458 687 ,
1530 619 1858 690 πτεροφυεῖν
1923 617 2002 682 ὡς

417 711 630 780 ἀετοὺς,
679 711 776 765 καὶ
811 713 934 774 ταῖς
975 713 1284 782 ἁμαρτίαις
1319 711 1673 782 γηράσαντας
1711 707 1998 764 ἀνακαινί-

417 800 644 866 ζεσθαι,
697 803 794 856 καὶ
845 803 1113 866 πεσόντας
1159 805 1242 866 είς
1285 803 1422 874 γῆν,
1479 801 1712 874 ούρανοῦ
1773 799 2001 864 πολίτας

417 893 976 965 ὲγκοταγράφεσθαι,
1031 895 1126 947 καὶ
1171 894 1334 958 δντας
1391 893 1670 964 ἐχθροὺς,
1727 892 2000 954 υἱοθεσίας

415 981 760 1056 ἀξιωθῆναις
835 985 1076 1040 Τοιαῦτα
1151 984 1460 1051 κατέδειξεν
1527 985 1556 1038 ὁ
1624 983 1735 1038 τῶν
1809 983 1998 1052 ψυχῶν

419 1075 602 1147 ἰατρὸς
643 1077 712 1132 τὰ
755 1077 1058 1148 θαυμάσια,
1109 1077 1415 1140 συνθλάσας
1455 1076 1554 1141 τὰς
1602 1076 1846 1145 κεφαλὰς
1904 1073 1998 1128 τοῦ

413 1165 708 1240 δράκοντος
731 1167 826 1222 ἐπὶ
858 1167 953 1222 τοῦ
994 1169 1208 1236 ὓδατος,
1247 1169 1623 1240 ἀναγεννήσας
1656 1169 1804 1240 ἡμᾶς
1847 1166 2001 1222 ὕδατι

415 1261 509 1310 καὶ
545 1259 698 1330 πυρί.

2107 523 2471 592 turpitudinis
2507 523 2976 594 pulchritudinem
3001 524 3277 594 accipere,
3310 525 3572 596 omnique
3603 541 3692 580 sa-

2108 615 2318 683 pientia
2356 623 2578 672 terrena
2611 617 2806 672 relicta
2855 617 2972 674 alas
3018 617 3216 687 aquila:
3247 617 3419 672 instar
3465 618 3690 686 acquire

2107 709 2350 778 peccatis
2417 709 2756 765 inveteratos
2819 709 3100 777 renovari,
3147 711 3200 764 in
3245 717 3446 764 terram
3525 709 3691 782 depo-

2106 801 2246 856 sitos
2283 803 2426 856 inter
2459 802 2608 858 cives
2657 804 2915 859 caelestes
2943 802 3206 870 describi,
3251 802 3494 874 denique
3522 804 3690 860 etiam

2107 895 2300 950 hostes
2333 895 2388 950 in
2417 895 2658 950 ﬁliorum
2707 897 2888 951 locum
2948 896 3243 966 adoptari?
3287 895 3394 950 Tot
3427 902 3692 966 tantaque

2105 1003 2238 1042 vero
2300 987 2610 1044 animarum
2677 989 2926 1046 medicus
2979 1004 3144 1046 verus
3201 987 3370 1044 Josue
3425 989 3692 1044 miracula

2109 1079 2322 1146 edidit,
2353 1094 2476 1134 cum
2503 1083 2780 1152 serpentis
2807 1083 2986 1152 capita
3025 1096 3192 1152 super
3219 1096 3362 1153 aqua
3395 1079 3692 1152 confregit,

2111 1187 2328 1244 nosque
2359 1173 2470 1244 igni
2501 1181 2555 1228 et
2589 1187 2732 1244 aqua
2755 1173 3028 1245 regcnuit.

487 1369 555 1424 Et
579 1371 718 1424 dixit
743 1371 998 1426 Dominus
1023 1371 1093 1424 ad
1108 1370 1312 1426 Iosue:
1343 1369 1456 1426 Hoc
1475 1373 1558 1426 die
1577 1379 1625 1426 te
1639 1371 1834 1441 incipio
1857 1372 2205 1435 evehere,elc.
2226 1369 2342 1442 [ll],
2373 1367 2452 1440 7.]
2477 1367 2592 1425 Non
2613 1369 2794 1426 minus
2813 1385 2944 1425 vero
2970 1368 3234 1428 Dominus
3255 1387 3476 1442 quoque
3503 1382 3696 1428 nustcr

415 1457 577 1514 Jesus
605 1457 864 1514 Christus
899 1459 1156 1514 evehitur
1193 1461 1536 1514 humanitate
1585 1474 1710 1522 sua,
1753 1459 2044 1514 divinitate
2092 1463 2236 1514 enim
2268 1475 2488 1516 omnem
2538 1460 2884 1514 altitudinem
2928 1471 3174 1530 superat.
3215 1461 3272 1515 In
3301 1461 3542 1518 Jordane
3565 1479 3692 1518 cum

417 1547 614 1600 extulit
640 1559 814 1616 pater,
849 1563 974 1602 cum
1014 1547 1196 1603 dixit:
1230 1567 1249 1600 ι
1275 1547 1378 1602 llic
1407 1557 1494 1604 est
1527 1548 1674 1604 [ilius
1708 1563 1866 1604 meus
1903 1548 2140 1604 dilectus
2183 1549 2238 1602 in
2271 1563 2380 1618 quo
2423 1547 2557 1602 mihi
2605 1549 2796 1617 placeo
2823 1547 2889 1602 ".
2921 1567 2939 1598 ι
2977 1548 3107 1602 Item
3143 1565 3158 1604 :
3217 1567 3236 1600 ι
3270 1548 3538 1612 Ouoniam
3599 1568 3688 1606 se-

427 1634 606 1704 ipsum
635 1635 862 1702 ahjecit,
905 1635 1084 1688 lactus
1115 1635 1182 1689 ad
1211 1643 1442 1690 mortem
1473 1651 1646 1706 usque
1667 1635 1812 1706 patri
1841 1635 2172 1704 morigerus.
2203 1633 2454 1698 mortem,
2480 1636 2726 1706 inquam.
2755 1637 2962 1700 crucis,
2998 1637 3194 1691 extulit
3229 1653 3352 1692 eum
3385 1637 3526 1694 Dens
3556 1639 3624 1702 ",
3667 1658 3686 1691 ι

419 1731 526 1776 etc.
567 1720 624 1776 In
653 1723 850 1792 primis
879 1737 1009 1778 vero
1057 1723 1111 1776 in
1169 1724 1370 1778 animis
1401 1723 1612 1778 nostris
1665 1728 1934 1778 transitus
1969 1730 2065 1791 per
2114 1720 2410 1778 Iordanem
2433 1731 2682 1794 tempore
2725 1723 2998 1778 evehitur.
3035 1721 3114 1778 Ne
3143 1725 3233 1778 cui
3269 1741 3396 1780 vero
3429 1726 3687 1780 videatur

419 1810 586 1864 alium
621 1812 818 1864 veteris
843 1821 896 1866 et
939 1826 1096 1866 novat.I
1135 1827 1260 1866 esse
1297 1809 1560 1866 Ecclesiae
1605 1811 1800 1876 Deum,
1831 1809 2004 1864 Josne
2045 1825 2168 1864 cum
2211 1809 2360 1866 Mose
2400 1811 2707 1881 conjungit,
2742 1818 2802 1865 ut
2843 1811 3010 1866 unius
3043 1811 3134 1865 Dei
3181 1827 3372 1867 curam
3407 1815 3691 1868 amborum

418 1913 542 1954 esse
567 1899 930 1954 demonstret.
961 1903 1146 1966 Quare
1189 1898 1395 1952 Paulus
1429 1913 1654 1970 quoque
1682 1897 1748 1952 ad
1809 1897 2066 1952 Hebraeos
2091 1898 2166 1951 ait
2199 1915 2214 1952 :
2247 1917 2264 1948 ‹
2291 1898 2356 1952 Ει
2388 1897 2569 1954 Moses
2598 1899 2820 1968 quidem
2855 1898 3034 1953 lidelis
3075 1897 3128 1952 in
3157 1909 3358 1954 cuncta
3387 1899 3506 1970 ejus
3531 1900 3694 1956 domo

419 1986 570 2040 velut
599 1985 860 2053 famulus,
889 1985 1149 2042 Christus
1181 2001 1315 2042 vero
1349 1987 1500 2041 velut
1525 1987 1676 2042 [ilius
1708 1985 1776 2040 ".
1818 2005 1836 2037 ι
1869 1983 2064 2041 Modus
2089 1984 2276 2056 itaque
2321 1985 2610 2042 amborum
2641 1987 2839 2052 variat,
2872 2002 2982 2041 non
3015 1986 3170 2041 omni
3212 1997 3393 2041 tamen
3432 1989 3695 2044 similitu-

418 2075 564 2132 dinis
595 2077 801 2130 evitata
821 2075 1033 2146 specie.

499 2183 592 2250 Ὠς
643 2183 720 2238 ἂν
763 2183 1075 2253 εἰσέλθητε
1107 2185 1207 2240 ἐπὶ
1243 2185 1468 2255 μέρους
1508 2185 1615 2240 τοῦ
1645 2184 1865 2252 ὕδατος
1896 2183 2001 2239 τοῦ

2183 2181 2318 2238 Cum
2351 2185 2595 2238 veneritis
2642 2183 2712 2237 ad
2749 2185 2978 2253 primani
3017 2197 3222 2254 partem
3261 2202 3528 2254 aquarum
3570 2185 3696 2242 lor-

417 2275 746 2345 Ἰορδάνου,
777 2277 874 2331 καί
904 2277 975 2332 ἐν
1011 2277 1280 2346 Ἰορδάνῃ
1309 2276 1644 2344 στήσεσθε.
1689 2277 2001 2347 Ὀράτωσαν

2110 2275 2292 2341 donis,
2325 2276 2626 2330 consistetis
2666 2277 2720 2328 in
2751 2277 2864 2344 ipso
2895 2275 3158 2332 Iordane.
3193 2276 3298 2350 [8.]
3337 2277 3572 2334 Videant
3601 2281 3696 2352 qui

417 2371 467 2424 oi
527 2370 870 2442 μεμυημένοι
918 2371 1048 2435 τοὺς
1097 2370 1306 2435 τύπους
1349 2371 1642 2435 ὠδίνοντας
1703 2371 1805 2440 τὴν
1873 2369 2007 2438 ἁλή-

419 2461 594 2516 θειαν.

489 2551 598 2606 Καὶ
657 2551 997 2620 ὀλοθρεύων
1061 2551 1414 2619 ὀλοθρεύσει
1479 2551 1600 2606 ἀπὸ
1677 2547 2006 2618 προσώπου

421 2642 588 2713 ὑμῶν
627 2643 732 2697 τὸν
779 2642 1144 2697 Χαναναῖον.
1197 2643 1261 2696 Ἦ
1290 2641 1542 2706 διάϐασις
1590 2641 1691 2712 τῆς
1740 2641 2004 2706 κιϐωτοῦ,

417 2738 580 2808 φησὶ,
614 2738 842 2806 σημεῖον
877 2737 1008 2804 ὑμῖν
1039 2735 1183 2787 ἔστω
1213 2733 1316 2804 τῆς
1345 2733 1456 2787 τῶν
1489 2733 1662 2786 ὲθνῶν
1694 2732 2002 2795 ἀπωλείας·

427 2831 498 2892 ὡς
516 2828 600 2896 ἐφ’
626 2831 658 2898 ἡ
669 2827 786 2897 μῶν
819 2826 930 2880 τῶν
967 2825 1362 2896 ἀντικειμένων
1407 2824 1714 2894 δυνάμεων,
1745 2823 1800 2876 εί
1835 2841 1918 2886 τις
1947 2824 2006 2877 ὲν

433 2917 670 2989 Ἰορδάνῃ
693 2917 923 2985 γένηται
955 2915 1190 2976 κιϐωτὸς
1222 2913 1314 2969 τοῦ
1351 2913 1510 2980 Θεοῦ,
1550 2913 1620 2968 τὰ
1641 2915 1742 2982 τῆς
1772 2915 2007 2978 πίστεως

419 3011 478 3064 ὲν
503 3010 682 3082 ἑαυτῷ
727 3010 1000 3082 περιέχων
1051 3008 1351 3080 μυστήρια,
1395 3009 1498 3077 τῆς
1523 3005 1755 3076 γεώδους
1785 3007 2006 3077 ἀπάρας

419 3103 560 3156 κατὰ
589 3103 717 3165 τοὺς
755 3101 1096 3174 Ἰσραηλίτας
1139 3100 1366 3170 σκηνῆς,
1404 3099 1646 3169 γεγονὼς
1683 3101 1746 3170 τῇ
1794 3099 2005 3171 διανοίᾳ

424 3194 722 3264 μετέωρος,
755 3195 1060 3264 ἀνεχόντων
1081 3191 1298 3264 ἱερέων,
1333 3192 1426 3245 καὶ
1457 3189 1894 3262 προϐαδιςόντων
1923 3189 2004 3262 τῷ

417 3285 572 3358 τύπῳ
601 3287 709 3342 τῶν
745 3287 1021 3358 πράξεων,
1055 3286 1152 3340 καὶ
1193 3285 1274 3356 τῷ
1315 3285 1472 3340 ὕδατι
1519 3283 1836 3354 βαπτὸντων
1877 3284 2004 3350 τοὺς

419 3378 610 3440 πόδας.
652 3397 670 3430 ι
697 3378 758 3431 '0
787 3378 894 3449 γὰρ
937 3377 1262 3448 λελουμένος
1289 3377 1350 3430 οὐ
1390 3375 1584 3447 χρείαν
1613 3375 1726 3446 ἔχει
1755 3375 1853 3428 τοῦ
1881 3374 2004 3428 λού-

2111 2377 2268 2437 typos
2292 2369 2532 2424 veritatis
2565 2376 2770 2424 matres
2811 2367 3228 2426 abstruserunt.

2181 2535 2450 2597 Funditus
2463 2551 2650 2597 evertet
2673 2543 2927 2600 Dominus
2945 2557 3068 2602 ante
3085 2564 3172 2602 vos
3195 2546 3692 2618 Cltananmuin,ett'.

2111 2630 2250 2704 [l0.]
2285 2633 2577 2690 Transitus
2611 2650 2752 2692 arcae
2777 2636 2930 2691 vobis
2962 2639 3056 2706 sit,
3101 2640 3302 2711 inquit,
3336 2642 3496 2714 signo
3527 2645 3700 2702 inter~

2109 2725 2360 2782 necionis
2405 2728 2678 2796 gentium.
2729 2728 3208 2796 Quemadmodum
3261 2737 3418 2792 vobis
3475 2754 3698 2814 quoque

2105 2831 2234 2874 esse
2273 2817 2438 2875 debet
2467 2821 2758 2891 copiarum
2813 2825 3196 2896 adversarum,
3238 2831 3286 2886 si
3323 2847 3445 2902 qua:
3483 2833 3538 2888 in
3567 2833 3696 2889 Jor-

2109 2911 2253 2968 dane
2282 2912 2452 2968 fuerit
2477 2929 2632 2980 arca,
2659 2931 2782 2986 quae
2825 2917 2950 2974 ﬁdei
2983 2921 3040 2976 in
3071 2937 3131 2978 se
3182 2925 3570 2996 complectitur
3601 2943 3697 2984 ar-

2107 3018 2268 3058 cana.
2311 3002 2444 3070 Qum
2481 3005 2705 3074 quidem
2755 3007 2904 3079 apud
2955 3008 3235 3068 lsraelitas
3286 3027 3318 3070 e
3368 3023 3586 3072 terreno
3615 3026 3698 3072 ta-

2107 3095 2412 3150 bernaculo
2465 3105 2552 3153 cst
2585 3097 2860 3167 profecta,
2894 3101 3204 3158 ministerio
3226 3115 3411 3160 tamen
3437 3108 3698 3166 sublimis

2109 3184 2236 3254 fuit,
2292 3203 2416 3258 quae
2484 3196 2707 3258 portata
2767 3199 2852 3246 est
2903 3207 2934 3246 a
2995 3193 3382 3255 sacerdotibus
3443 3209 3698 3272 exemplo

2107 3279 2392 3336 actionum
2431 3283 2533 3338 toti
2565 3285 2772 3354 populo
2801 3288 3202 3356 praeuntibus,
3231 3303 3488 3363 aquaque
3531 3296 3698 3364 pedes

2105 3368 2442 3426 lavantibus.
2488 3370 2632 3438 «Qui
2687 3374 2836 3429 enim
2884 3376 3110 3434 ablutus
3167 3389 3274 3448 est,
3327 3381 3537 3440 lotinne
3584 3401 3697 3442 non

417 3471 638 3525 σασθαι.
672 3471 830 3524 Ἐστι
859 3471 968 3542 γὰρ
995 3471 1115 3533 ὅλος
1149 3469 1388 3540 καθαρός
1409 3483 1423 3498 ⁸
1467 3469 1583 3522 ἀλλ’
1613 3469 1702 3521 ἴνα
1739 3467 1868 3540 νίψῃ
1903 3468 2001 3537 μό-

2109 3461 2340 3534 indiget,
2372 3465 2612 3520 mundus
2652 3466 2800 3520 enim
2835 3474 2990 3524 totus
3038 3478 3146 3534 est.
3183 3487 3374 3530 verum
3415 3483 3474 3530 ut
3529 3478 3696 3548 pedes

417 3577 508 3614 vov
533 3563 659 3624 τοὺς
689 3525 884 3622 πόδας..
908 3525 950 3612 ι.
975 3525 1153 3630 Καὶῡιί)
1177 3559 1238 3611 νύ
1248 3525 1386 3628 pim-
1417 3559 1474 3612 δέ
1499 3575 1664 3628 φησιν
1689 3575 1704 3590 ·
1735 3575 1756 3610 ι
1781 3525 2001 3626 ﬁnite.-

2109 3555 2252 3609 lavet
2277 3557 2456 3610 solum
2483 3555 2583 3610 ⁵³.»
2615 3555 2788 3612 Porro
2822 3575 3024 3630 sponsa
3054 3565 3218 3618 etiam
3273 3566 3452 3636 inquit
3487 3525 3562 3624 εἴ
3597 3571 3700 3626 Pe-

423 3667 531 3722 μην
557 3651 684 3712 τοὺς
713 3651 900 3713 πόδας,
947 3651 1066 3712 πῶς
1107 3649 1320 3721 μολυνῶ
1361 3649 1596 3715 αύτούςς
1633 3667 1654 3700 ι
1687 3650 1902 3719 ’Ὥσπερ
1945 3649 2004 3702 δὲ

417 3739 494 3809 τῷ
545 3741 856 3810 ἁμαρτωλῷ
902 3743 1050 3794 πᾶσα
1082 3744 1114 3810 ἡ
1159 3739 1334 3802 κτίσις
1371 3740 1619 3810 πολεμεῖ,
1671 3739 1746 3803 ὡς
1776 3740 2006 3794 ἐπὶτῶν

423 3833 761 3898 Αἰγυπτίων,
809 3830 954 3884 οὕτω
998 3832 1210 3898 γίνεται
1243 3833 1420 3884 πάντα
1471 3831 1547 3900 τῷ
1595 3831 1790 3900 δικαίῳ
1843 3829 2002 3900 βατὰ,

431 3923 702 3994 Ἐρυθρὰν
727 3921 1018 3974 διοδεύοντι
1059 3921 1352 3984 θάλατταν,
1396 3920 1490 3974 καὶ
1535 3920 1632 3992 τὴν
1679 3919 2006 3991 ἔρημοντὴν

417 4015 642 4086 πολλὴν,
672 4013 772 4086 τὴν
817 4013 875 4080 ἐξ
901 4011 1154 4082 [οὐρανοῦ
1193 4011 1584 4083 χορηγουμένῳ
1618 4015 1848 4083 τροφήν.
1893 4013 2004 4066 Καὶ

417 4109 446 4160 ὁ
474 4107 582 4176 ἀὴρ
629 4104 686 4158 δὲ
732 4104 910 4174 τούτῳ
954 4103 1138 4174 βατδς,
1173 4103 1316 4156 κατὰ
1361 4103 1440 4166 τὸ,
1498 4103 2006 4175 «Ἅρπαγησόμεθα

417 4201 476 4252 ὲν
528 4199 779 4266 νεφέλαις
825 4199 906 4258 είς
951 4197 1154 4268 ἀέρα.»
1201 4195 1450 4249 Καθόλου
1493 4195 1603 4266 γὰρ
1647 4196 1882 4266 ἢκουσε,
1929 4195 2004 4267 μὴ

417 4293 724 4360 φοϐεῖσθαιο
761 4311 780 4344 t
833 4290 960 4346 Ἐὰν
993 4293 1102 4361 γὰρ
1141 4289 1358 4362 διέλθῃς
1385 4291 1474 4344 διὰ
1531 4291 1722 4362 πυρὸς,
1759 4291 1889 4360 φλὸξ
1939 4293 2001 4344 ού

417 4383 760 4438 κατακαύσει
788 4401 870 4438 σε.
903 4403 923 4436 ι
1115 4383 1122 4390 ’

488 4563 597 4616 Καὶ
625 4563 765 4632 τάχα
791 4562 914 4616 ὅσον
947 4561 1048 4632 μὲν
1089 4561 1256 4630 ἐγγὺς
1301 4557 1352 4614 εἴ
1389 4561 1698 4630 Αἰγύπτου,
1727 4563 2000 4620 θάλασσαν

415 4653 650 4724 διοδεύῃ,
683 4653 897 4706 οὐδέπω
921 4651 1088 4722 οὔσης
1135 4650 1394 4716 κιϐωτοῦ,
1446 4653 1568 4708 οὐδὲ
1610 4654 1800 4726 ίερέων
1847 4673 1999 4726 χειρ-

415 4745 780 4814 αγωγούντων
827 4762 884 4798 σε
914 4783 929 4808 ,
962 4745 1084 4797 οὐδὲ
1129 4743 1372 4798 Λευῖτῶν
1398 4762 1412 4778 ·
1463 4745 1606 4800 ἐπὰν
1643 4747 1700 4799 δὲ
1730 4746 1888 4820 ἔλθῃς
1923 4749 1998 4813 εἰς

2109 3646 2209 3701 des
2235 3647 2368 3712 lavi,
2397 3657 2451 3703 et
2471 3663 2646 3718 quare
2670 3649 3018 3721 inquinarem
3041 3670 3137 3710 eos
3165 3656 3254 3712 "il
3279 3677 3298 3710 ι
3329 3659 3697 3724 Quemadnm-

2107 3735 2238 3790 dum
2271 3753 2402 3794 vero
2449 3743 2728 3808 peccatori
2757 3745 2939 3800 omnis
2971 3755 3225 3802 creatura
3267 3749 3524 3806 hostilem
3573 3770 3698 3810 sese

2107 3829 2334 3896 praebet,
2401 3831 2548 3886 velut
2601 3847 2733 3903 erga
2792 3833 3082 3906 Egyptios
3133 3837 3388 3896 factum:
3427 3843 3502 3896 ita
3541 3844 3696 3914 justo

2108 3921 2294 3974 omnia
2325 3922 2466 3976 vado
2493 3923 2719 3992 cedunt,
2769 3927 2886 3983 sive
2933 3943 3030 3998 per
3063 3945 3218 3986 mare
3277 3931 3526 3988 Rubrum
3578 3937 3696 3992 sive

2107 4027 2205 4080 per
2236 4011 2518 4069 desertum
2567 4027 2785 4076 vastum
2849 4031 3118 4091 permeat,
3167 4025 3260 4079 cui
3318 4027 3485 4082 etiam
3519 4027 3694 4084 victus

2107 4103 2330 4162 etelitus
2369 4109 2709 4178 suppeditat.
2745 4111 2860 4168 Nec
2883 4129 2992 4168 non
3025 4131 3120 4170 aer
3155 4117 3354 4172 vadum
3387 4129 3492 4180 est.
3533 4121 3694 4191 juxta

2107 4197 2282 4254 illud:
2327 4198 2626 4260 «Nubibus
2676 4205 2730 4260 in
2777 4221 2960 4262 aerem
2995 4209 3273 4278 rapientur
3299 4213 3364 4266 ⁸⁸.
3405 4232 3424 4266 ι
3459 4213 3516 4268 In
3545 4230 3694 4270 sutu-

2107 4305 2194 4344 ma
2227 4292 2376 4348 enim
2431 4294 2638 4350 dictum
2689 4309 2774 4354 est
2829 4299 2906 4354 illi
2949 4319 2962 4354 :
3015 4300 3142 4358 «Ne
3195 4305 3415 4360 timeas.
3465 4291 3690 4364 Etiamsi

2105 4385 2250 4439 enim
2305 4387 2487 4458 ignem
2544 4393 2972 4460 pertransieris,
3025 4395 3246 4454 ﬂamma
3325 4415 3436 4456 non
3493 4403 3692 4458 aduret

2106 4483 2158 4530 te
2184 4475 2250 4530 “.
2289 4495 2308 4530 ι

2178 4570 2290 4622 Imo
2331 4569 2518 4634 etiam,
2553 4576 2914 4642 quantumvis
2971 4581 3188 4636 vicinus
3237 4581 3476 4654 Egypto
3517 4583 3688 4642 fueris

2105 4673 2367 4729 mareque
2425 4663 2692 4734 trajicias,
2747 4682 2874 4721 cum
2911 4683 3038 4723 arca
3083 4673 3328 4728 nondum
3377 4677 3558 4742 fuerit,
3589 4695 3690 4735 nee

2103 4751 2424 4808 sacerdotes
2455 4755 2788 4812 nec-Levita:
2821 4768 2875 4813 te
2907 4759 3260 4819 deduxerint.
3287 4765 3426 4821 Cum
3457 4783 3588 4824 vero
3619 4773 3689 4827 ad

414 4840 484 4892 vi:
521 4840 645 4911 ὅρια
673 4839 772 4910 τῆς
799 4839 960 4908 ἁγίας
977 4837 1105 4908 γῆς,
1137 4839 1232 4892 καὶ
1260 4839 1635 4911 παραδέξηταί
1661 4857 1721 4893 σε
1767 4841 1995 4912 Ἰησοῦς,

2105 4841 2270 4915 484
2287 4855 2500 4902 montes
2527 4857 2732 4904 sanctae
2759 4859 2920 4906 terrae
2941 4855 3245 4925 appuleris,
3261 4867 3316 4913 et
3343 4868 3398 4916 te
3423 4878 3685 4933 suscepe-

417 4932 512 4986 καὶ
559 4931 722 4994 αὐτὸς
765 4931 992 5002 γένηταί
1047 4947 1128 4983 σοι
1163 4930 1377 5000 ὀδηγὸς,
1418 4931 1538 4984 τότε
1583 4931 1797 4987 ἵσταταί
1845 4949 1928 4986 σοι
1965 4935 1994 4987 6

427 5023 719 5094 Ἰορδάνης.
771 5025 869 5075 Ἂν
919 5022 1028 5094 γὰρ
1074 5022 1286 5091 ἀληθῶς
1333 5020 1398 5095 ᾗς
1437 5023 1676 5094 Ἰησοῦς.
1733 5025 1796 5078 τὸ
1849 5025 1994 5098 ὕδωρ

413 5115 506 5168 τοῦ
557 5114 826 5186 Ἰορδάνου
879 5116 1328 5186 ὲντραπήσεται,
1375 5117 1470 5170 καὶ
1520 5117 1867 5190 ἀναχωρήσει
1915 5120 1992 5181 είς

413 5209 482 5262 τὰ
511 5209 728 5262 ὀπίσω·
776 5207 838 5260 τὸ
885 5207 946 5260 δὲ
989 5206 1124 5261 ἄλλο
1167 5207 1316 5277 ’ύδωρ
1365 5207 1730 5262 ἀπελεύσεται
1779 5211 1862 5274 εἰς
1895 5209 1994 5275 τὴν

413 5296 692 5350 θάλασσαν
721 5295 832 5350 τῶν
867 5296 1034 5350 ἀλῶν.
1077 5297 1202 5350 τῶν
1251 5295 1362 5368 γὰρ
1415 5297 1558 5366 μετὰ
1589 5297 1653 5352 τὸ
1707 5299 1998 5371 βάπτισμα

414 5385 687 5454 ἀπολομέν
707 5405 788 5451 υν,
829 5385 892 5440 τὸ
919 5385 1063 5457 ὕδωρ
1103 5385 1198 5438 τοῦ
1241 5387 1510 5456 Ἰορδάνου
1546 5389 1626 5452 είς
1651 5388 1751 5460 τὴν
1791 5389 1996 5444 θαλασ-

416 5493 518 5530 σαν
556 5478 746 5532 ᾱπιισι
793 5477 906 5532 τῶι
949 5477 1124 5531 ἁλῶν·
1171 5477 1234 5531 τὺ
1281 5477 1342 5534 δὲ
1389 5478 1560 5544 ἄλλο,
1609 5481 1673 5534 τὸ
1703 5479 1850 5554 ὕδωρ
1881 5483 2000 5536 ἐστὶ

413 5567 530 5620 τῶν
547 5567 792 5644 δικαίων,
833 5568 1034 5640 πῆγμα
1071 5567 1375 5640 ἔνυπάρχον
1413 5571 1679 5642 ἀνάλογον
1708 5572 1786 5642 τῷ
1815 5591 1996 5645 πεπη-

481 5681 858 5774 ⁸³ιξίαιιξε..ιιι,
887 5685 1004 5774 17.Δ
1048 5685 1358 5774 l:Pbilipp.
1393 5699 1456 5752 ιι,
1489 5685 1546 5752 8,
1577 5687 1629 5743 9,
1709 5689 1753 5720 ιτ
1789 5691 1958 5746 Hebr.
1991 5707 2001 5746 Ι

2113 5697 2164 5753 5.
2257 5703 2302 5732 ”
2333 5701 2496 5760 Joan.
2531 5723 2652 5774 xm,
2683 5711 2766 5766 l0.

411 5769 486 5822 tv,
525 5753 610 5810 16.
684 5756 726 5787 ⁶¹
763 5753 866 5812 lsa.
895 5769 1046 5822 run,
1073 5753 1128 5810 ει..

2103 4935 2174 4988 rit
2195 4933 2360 4992 Josue
2389 4939 2630 5010 :tibique
2657 4942 2768 4998 dux
2802 4945 3096 5014 exstiterit,
3117 4957 3234 5006 tum
3267 4953 3368 5008 tibi
3419 4959 3688 5012 consistet

2101 5025 2393 5085 Jordanes.
2427 5030 2564 5086 Nam
2606 5035 2652 5088 si
2687 5051 2818 5092 vere
2848 5037 3152 5098 adhaeseris
3179 5043 3370 5110 Josue,
3399 5063 3542 5118 aqua
3561 5049 3688 5104 Jon-

2103 5120 2270 5175 danis
2299 5132 2634 5190 revertetur,
2669 5143 2734 5184 ac
2763 5138 2916 5186 retro
2950 5135 3236 5193 concedet.
3275 5141 3508 5212 Reliqua
3555 5159 3687 5199 vero

2103 5227 2245 5308 aqua
2277 5213 2334 5269 in
2365 5231 2518 5272 mare
2547 5219 2753 5276 salsum
2785 5224 2982 5280 abibit.
3025 5227 3226 5286 Eorum
3257 5233 3406 5289 enim
3439 5238 3532 5306 qui
3565 5246 3690 5308 post

2099 5303 2434 5374 baptismum
2467 5323 2728 5380 pereunt,
2761 5329 2902 5386 aqua
2925 5317 3186 5379 Jordanis
3213 5323 3270 5380 in
3299 5303 3686 5386 mare—salsum

2099 5397 2292 5456 eﬂluit.
2337 5399 2569 5474 Reliqua
2609 5422 2741 5462 vero
2765 5423 2908 5480 aqua
2951 5413 3112 5470 unica
3136 5416 3418 5487 justoruin
3447 5429 3530 5476 est
3561 5439 3684 5476 mu-

2101 5491 2262 5557 nitio,
2330 5511 2452 5566 quae
2523 5499 2650 5572 pani
2724 5504 2948 5561 ccelitus
3020 5507 3250 5581 delapso
3312 5525 3688 5586 concretoque

2101 5589 2400 5656 respondet
2453 5608 2466 5644 :
2519 5589 2794 5660 Quoniam
2852 5607 2910 5653 tu
2985 5617 3206 5674 quoque
3270 5605 3494 5670 unicum
3547 5611 3686 5664 cotis

2875 5715 2920 5746 "
2945 5715 3101 5770 Cant.
3133 5734 3182 5784 v,
3209 5719 3262 5773 5.
3369 5723 3414 5752 '°
3443 5723 3462 5776 i
3489 5721 3685 5785 Thess.
