4036 6214
465 335 600 400 1009

1559 341 2104 402 COMMEN'PARII
2147 339 2230 401 IN
2257 343 2518 404 JOSUE.

3583 337 3726 403 1010

421 507 426 512 ,
455 449 510 502 δὲ
541 449 634 504 τὸν
670 448 769 520 μὲν
793 406 888 504 τοῦ
943 450 1125 522 Ναυῆ,
1153 451 1295 506 κατὰ
1341 451 1436 507 τὸν
1475 451 1640 521 φόϐον
1689 452 1780 505 τὸν
1815 451 2029 522 νομικδι

2147 465 2258 520 quo
2293 451 2466 523 legem
2519 451 2936 516 consuevimus,
2972 448 3178 518 quique
3227 447 3401 502 servis
3441 449 3724 502 convenit.

455 542 554 598 καὶ
610 540 824 605 δούλοις
879 543 1260 613 προσήκοντα·
1302 543 1394 596 τὸν
1455 543 1513 596 δὲ
1562 543 1832 615 ἡμέτερον
1881 544 2041 613 ἡμεῖς

467 635 703 706 Ἰησοῦν,
731 635 823 688 τὸν
849 635 1016 703 ἀγνδν
1047 635 1213 706 φοδού
1225 635 1366 707 μεθα
1389 635 1574 706 φόϐον,
1599 639 1698 692 καὶ
1717 636 2042 708 διαμένοντα

452 727 536 791 εἰς
570 727 748 781 αἰῶνα
777 727 993 790 αἰῶνος.

525 819 867 886 Διαῦἀντων,
904 819 967 872 τὸ
1020 817 1168 891 ὕδωρ
1197 815 1353 885 αὖθις
1387 822 1486 892 τὴν
1525 822 1644 876 ὁδὸν
1677 821 1778 894 τὴν
1807 822 2044 894 ἀρχαίαν

453 911 704 980 ἐφέρετο,
724 912 854 982 ὅλην
884 911 992 980 πλη
1003 911 1110 982 ρῶν
1135 911 1232 982 τὴν
1256 914 1522 984 κρηπῖδα,
1539 913 1616 977 ὡς
1639 914 1668 966 6
1689 915 1812 967 τότε
1839 914 2042 986 ἀπῄτει

455 1001 672 1070 καιρός.
704 1000 872 1065 Αὔξει
901 1002 1012 1072 γὰρ
1044 1002 1137 1054 καὶ
1165 1003 1192 1054 6
1219 1003 1483 1072 μυστικὸς
1515 1004 1922 1076 ’Ῑορδάνης,-ὅτε
1949 1023 2044 1060 πο-

451 1093 549 1158 λύς
605 1097 725 1149 ἔστι
778 1095 888 1150 τῶν
929 1098 1294 1151 πιστευόντων
1339 1099 1367 1150 6
1417 1099 1685 1169 ἀριθμὸς,
1749 1099 1895 1154 κατά
1947 1101 2038 1167 τὸ,

459 1205 479 1238 r
503 1187 557 1239 'E
567 1187 778 1258 πάρατε
795 1187 921 1250 τοὺς
939 1188 1254 1256 ὀφθαλμοὺς
1269 1189 1298 1241 ὑ
1307 1189 1446 1260 μῶν,
1461 1191 1552 1242 καὶ
1573 1190 1732 1256 ἴδετε,
1747 1191 1830 1244 ὅτι
1849 1191 2042 1246 λευκαὶ

452 1277 639 1330 λοιπόν
662 1280 804 1332 εἰσιν
842 1279 897 1332 αἱ
937 1279 1116 1349 χῶραι
1159 1280 1298 1350 πρὸς
1339 1279 1622 1352 θερισμόν.
1653 1300 1673 1334 ι
1709 1282 1821 1336 Καὶ
1851 1283 2038 1351 πάλιν,

458 1385 476 1416 r
514 1367 574 1422 '0
605 1369 704 1432 μὲν
748 1370 1008 1442 θερισμὸς
1045 1370 1298 1436 πολὺς,οἱ
1319 1371 1375 1425 δὲ
1395 1373 1625 1443 ἐργάται
1654 1375 1848 1444 ὀλίγοι.
1883 1395 1901 1429 ι
1925 1377 2040 1448 Οὐχ

451 1459 640 1523 ἁπλῶς
677 1461 734 1513 δέ
755 1478 886 1530 φησι
919 1461 1201 1532 θερισμὸν,
1221 1461 1378 1524 ἀλλά,
1408 1463 1778 1535 πυρῶν,κατά
1805 1467 1933 1531 τοὺς
1959 1469 2037 1521 0’.

455 1553 634 1623 Ὅπερ
665 1552 941 1624 σύμϐολον
965 1554 1175 1626 τροφῆς
1209 1554 1458 1626 λογικῆς.

2145 542 2408 600 Nostrum
2432 558 2563 598 vero
2589 543 2776 597 Jesum
2808 547 3004 596 sancto
3027 553 3132 596 nos
3162 539 3362 593 timore
3391 552 3457 594 ac
3489 539 3543 594 in
3566 545 3728 594 ater-

2145 652 2279 693 num
2311 643 2606 694 constante
2639 647 2978 690 reveremur.

2213 815 2388 872 Porro
2421 832 2544 872 cum
2575 813 3060 886 pertransiissent,
3093 825 3235 880 aqua
3279 809 3335 864 in
3375 815 3620 864 veterem
3667 821 3724 862 se

2143 911 2352 979 recepit
2384 911 2624 973 alveum,
2661 908 2952 977 ripamque
2985 912 3155 957 totam
3191 912 3250 957 ut
3300 907 3600 970 tempestas
3635 913 3726 952 re.

2142 999 2420 1068 quirebat,
2463 998 2731 1068 implevit.
2760 995 2896 1050 Nam
2929 994 3198 1064 mysticus
3217 1007 3438 1061 quoque
3457 989 3726 1044 inrdanes

2141 1090 2440 1153 increscet,
2473 1087 2696 1158 quando
2727 1099 2996 1141 numerus
3023 1084 3262 1138 ﬁdelium
3295 1083 3512 1152 amplus
3539 1081 3722 1135 fuerit.

2139 1178 2302 1234 Juxta
2353 1179 2532 1234 illud:
2575 1197 2594 1230 ι
2625 1177 2880 1232 Exlollite
2941 1175 3136 1230 oculos
3177 1181 3395 1228 vestros
3448 1183 3502 1227 et
3537 1171 3727 1225 ‘videte

2140 1279 2202 1328 ut
2233 1271 2464 1342 posthac
2487 1271 2744 1340 regiones
2779 1282 3012 1322 messem
3048 1281 3240 1322 versus
3269 1273 3576 1320 canescunt
3599 1264 3664 1316 '°.
3701 1281 3720 1314 ι

2141 1362 2269 1419 Item
2297 1381 2315 1419 ι
2348 1383 2364 1417 ι
2402 1363 2596 1418 Messis
2625 1361 2844 1432 quidem
2870 1361 3006 1414 uber
3037 1367 3120 1414 est
3141 1359 3564 1428 ,‘operariorum
3599 1371 3726 1410 vero

2137 1455 2302 1528 pauci
2336 1463 2466 1511 sunt
2487 1455 2558 1509 τί.
2597 1473 2616 1506 ι
2653 1453 2774 1509 Non
2805 1451 3132 1521 simpliciter
3167 1467 3298 1505 vero
3327 1463 3590 1513 messem,
3623 1449 3722 1510 ait,

2137 1561 2328 1603 verum
2361 1545 2528 1601 tritici
2583 1559 2820 1610 messem
2870 1541 3333 1614 quemadmodum
3367 1539 3724 1610 Septuaginta

2137 1637 2368 1693 habent.
2484 1634 2644 1701 Quod
2675 1635 2894 1705 signum
2926 1647 3023 1688 seu
3053 1639 3182 1685 nota
3211 1627 3724 1698 victus-spiritualis

2137 1737 2246 1782 est.

501 1812 831 1884 ¹Διαπερῶσι
857 1813 950 1866 τὸν
985 1808 1262 1888 Ἰορδάνην
1290 1816 1356 1888 τῇ
1387 1815 1592 1886 δεκάτῃ
1617 1815 1714 1871 τοῦ
1745 1817 1918 1889 μηνὸς
1941 1819 2029 1873 τοῦ

2207 1817 2508 1873 Iordanem
2543 1829 2678 1871 vero
2699 1811 2911 1870 decima
2933 1812 3024 1868 die
3050 1813 3260 1868 mensis
3281 1812 3444 1880 primi
3477 1811 3532 1864 in
3559 1824 3722 1878 quem

449 1902 694 1971 πρώτου,
736 1907 796 1958 ὲν
823 1899 868 1973 ᾧ
897 1908 991 1960 καὶ
1026 1907 1088 1960 τὸ
1121 1907 1340 1980 Πάσχα,
1367 1911 1464 1965 καὶ
1497 1912 1530 1983 ἠ
1574 1911 1786 1983 μεγάλη
1818 1912 1926 1967 τῶν
1949 1915 2038 1968 Αί-

448 1995 696 2063 γυπτίων
731 1997 940 2069 πληγή.

519 2085 731 2156 Ἵστησι
771 2091 897 2152 τοὺς
951 2089 1018 2158 ιβ’
1065 2089 1246 2155 λίθους
1289 2093 1385 2146 καὶ
1438 2096 1520 2157 είς
1561 2095 1874 2168 ὑπόμνησιν
1923 2099 2036 2161 τοῖς

447 2175 609 2240 υἱοῖς,
643 2180 740 2231 καὶ
764 2180 844 2242 είς
869 2177 1134 2250 ἔκπληξιν
1161 2183 1274 2244 τοῖς
1302 2181 1502 2248 ἔθνεσι,
1539 2185 1636 2238 καὶ
1661 2185 1762 2256 τὴν
1799 2187 1876 2250 ὡς
1913 2189 2036 2253 ἑνὸς

445 2265 602 2329 δντος
637 2267 732 2320 τοῦ
769 2269 908 2322 Θεοῦ
941 2269 1294 2325 διδασκαλίαν
1316 2288 1331 2303 ο
1363 2275 1426 2327 οὐ
1458 2275 1568 2346 γὰρ
1604 2276 1743 2347 πρὸς
1772 2277 2037 2345 ἐπίδειξιν

443 2356 540 2410 τοῦ
573 2357 730 2424 Θεοῦ,
768 2359 906 2432 πρὸς
933 2361 992 2415 δὲ
1027 2363 1127 2435 τὴν
1161 2363 1270 2418 τῶν
1298 2363 1558 2438 ὁρώντων
1598 2369 1693 2422 καὶ
1727 2368 2038 2427 ἀκουόντων

446 2465 590 2516 σωτη
601 2451 743 2520 ρίαν.

513 2542 925 2616 Θρυλληθέντος
954 2545 1048 2600 τοῦ
1079 2546 1381 2617 θαύματος,
1425 2550 1706 2621 ἑτάκησαν
1749 2555 1956 2618 πάντες
1985 2557 2036 2609 oi

441 2635 512 2706 τῇ
537 2635 746 2708 παλαιᾷ
777 2637 1072 2710 δυσσεϐείᾳ
1103 2643 1496 2712 πεποιωμένοι.
1527 2645 1641 2698 Καὶ
1669 2645 1806 2698 δέον·
1835 2647 2036 2711 αὐτοὺς

441 2725 818 2797 ἀποθεμένους
844 2729 915 2783 τὰ
942 2729 1108 2796 ὅπλα,
1139 2730 1234 2784 τὸν
1259 2730 1392 2786 Θεὸν
1428 2734 1750 2803 ἐπιγνῶναι,
1769 2736 1868 2789 καὶ
1897 2738 2036 2809 πρὸς

442 2819 668 2890 sip-qqu
717 2820 880 2874 ἰδεῖν·
915 2822 978 2875 οίλ
1017 2821 1082 2874 δὲ’
1123 2822 1292 2876 πάλιν
1321 2820 1462 2896 ἦσαν
1513 2825 1760 2897 θρασεῖς.
1795 2828 1944 2900 Πλὴν
1975 2829 2038 2883 τὸ

442 2911 594 2981 παρά
634 2913 918 2977 Μωῦσέως
951 2915 1333 2986 προφητευθὲν
1361 2919 1602 2989 πέφηνεν
1624 2919 1843 2991 ἀληθὲς,
1876 2921 2038 2977 Ἐτά-

439 3017 654 3072 κησαν,
703 3005 986 3076 λέγοντος,
1061 3009 1266 3074 πάντες
1327 3013 1376 3066 oi
1431 3012 1826 3078 κατοικοῦντες
1905 3016 2020 3069 Χα-

451 3112 670 3150 νααν.»

2143 1908 2358 1964 Pascha
2389 1907 2614 1974 cecidit,
2645 1919 2954 1977 magnaque
2989 1903 3376 1975 :Egyptiorum
3411 1902 3718 1964 calamitas,

2141 2003 2427 2070 trajiciunt
2447 2001 2517 2054 ".

2211 2095 2388 2166 Erigit
2412 2107 2582 2164 porro
2599 2093 2808 2162 lapides
2831 2091 3120 2146 duodecim
3145 2089 3344 2160 partim
3367 2093 3724 2142 monumento

2141 2187 2289 2253 ﬁliis,
2329 2189 2526 2256 partim
2590 2185 2788 2239 terrori
2845 2183 3120 2246 hostibus,
3171 2180 3367 2249 partim
3426 2185 3608 2232 autem
3653 2177 3724 2231 de

2139 2292 2250 2333 uno
2287 2275 2397 2331 Deo
2445 2273 2790 2336 eruditioni;
2849 2287 2949 2326 res
2967 2272 3113 2326 enim
3161 2270 3364 2324 divinat
3399 2266 3564 2338 485
3613 2281 3722 2320 non

2137 2367 2520 2434 ostentationi,
2571 2379 2764 2421 verum
2805 2363 3148 2420 audientium
3179 2361 3590 2431 videntiumque
3631 2374 3724 2415 sa-

2139 2462 2234 2515 luti
2263 2462 2593 2516 inserviunt.

2209 2554 2342 2609 Cum
2376 2553 2542 2624 igitur
2573 2551 2904 2606 miraculum
2952 2548 3414 2621 percrebruisset,
3447 2552 3722 2616 quotquot

2139 2648 2194 2704 in
2237 2647 2542 2702 inveterata
2573 2646 2860 2716 impietate
2921 2653 3052 2698 sunt
3085 2641 3365 2713 oppressi,
3395 2639 3722 2695 animis-de-

2139 2739 2439 2794 ﬂuxerunt.
2474 2738 2626 2804 Quos
2657 2737 2830 2793 armis
2865 2735 3138 2807 depositis
3173 2733 3342 2788 Deum
3391 2749 3718 2804 agnoscere,

2139 2831 2372 2902 pacique
2405 2831 2650 2884 intentos
2693 2843 2818 2884 esse
2851 2834 3090 2898 oportet.
3136 2823 3303 2879 Porro
3333 2826 3428 2894 qui
3461 2823 3722 2879 audacio-

2139 2939 2229 2978 res
2255 2929 2412 2977 erant
2455 2921 2816 2976 nihilominus
2849 2919 3053 2974 animis
3079 2917 3466 2979 conciderunt,
3501 2933 3722 2972 verum-

2137 3029 2246 3086 que
2277 3014 2420 3083 quod
2481 3027 2510 3066 a
2563 3011 2714 3067 Mose
2771 3012 3092 3082 praedictum
3125 3011 3356 3074 exstitit,
3393 3011 3486 3080 qui
3542 3010 3718 3065 dixit:

2065 3123 2108 3180 ρ
2147 3125 2164 3159 ι
2197 3105 2403 3160 Omnes
2427 3103 2769 3159 habitatores
2790 3103 3050 3157 Chanaan
3075 3103 3140 3155 ⁷³.
3173 3121 3191 3154 ι

511 3230 617 3286 Fac
659 3232 756 3288 tibi
789 3234 992 3292 cultros
1019 3253 1085 3292 ea:
1124 3249 1283 3294 acuto
1314 3240 1517 3310 lapide,
1559 3257 1623 3296 ac
1661 3242 1801 3312 eﬂice
1828 3241 1999 3298 denuo
2030 3254 2086 3298 ut
2117 3243 2220 3314 ﬁlii
2261 3241 2438 3298 Israel
2486 3240 2952 3296 circumcidantur
3008 3237 3262 3294 secundo.
3297 3237 3390 3310 [V,
3425 3237 3510 3309 2.]
3550 3237 3719 3294 Josue

440 3319 676 3390 lapideis
704 3323 1061 3380 circumcidit
1085 3328 1306 3386 cultris.
1334 3329 1504 3401 Lapis
1532 3346 1664 3386 vero
1709 3331 1968 3388 Christus
1997 3341 2136 3388 erat.
2171 3332 2261 3388 Bis
2288 3347 2420 3388 vero
2447 3331 2824 3395 circumcidit,
2867 3328 3111 3386 secunda
3161 3329 3504 3400 spiritualem
3541 3330 3718 3398 potio-

439 3420 665 3476 remque
691 3409 1058 3479 signiﬁcante.
1081 3412 1155 3468 De
1189 3431 1296 3485 qua
1329 3417 1534 3472 Paulus
1563 3432 1675 3473 non
1701 3434 1864 3473 manu
1886 3419 2086 3474 factam
2111 3434 2230 3475 esse
2253 3419 2459 3474 indicat
2481 3409 2552 3450 ⁷³⁸
2584 3462 2600 3486 ,
2623 3433 2745 3488 qua:
2776 3425 3013 3472 veterem
3049 3425 3297 3471 nostrum
3333 3427 3592 3486 repurgat
3615 3415 3718 3470 ho-

439 3492 664 3547 minem.
696 3515 713 3546 ι
743 3495 852 3549 Nos
882 3497 984 3566 ipsi
1006 3499 1150 3553 enim
1185 3502 1544 3558 circumcisio
1575 3521 1788 3573 sumus,
1825 3507 2023 3576 inquit,
2056 3516 2328 3577 quotquot
2357 3505 2556 3577 spiritu
2586 3505 2694 3561 Deo
2720 3509 3014 3569 servimus,
3049 3516 3102 3558 et
3135 3504 3202 3560 de
3236 3505 3432 3559 liducia
3485 3503 3576 3558 Dei
3611 3519 3715 3558 non

438 3581 626 3634 carnis
658 3582 964 3650 gloriamur
993 3579 1122 3636 ⁷δ.’›
1167 3583 1529 3642 Peccatorum
1557 3606 1691 3646 vero
1725 3607 1824 3660 per
1861 3609 2083 3648 sacram
2115 3595 2435 3649 tinctionem
2479 3593 2882 3663 dcpositionem
2918 3592 3167 3646 denotat.
3195 3593 3402 3646 Paulus
3449 3591 3596 3646 enim
3631 3591 3730 3644 1η--

438 3663 558 3751 quit
593 3683 607 3718 :
643 3684 662 3717 ι
697 3665 832 3720 Dum
867 3670 1104 3724 exuistis
1139 3687 1343 3742 corpus
1369 3684 1730 3744 peccatorum
1764 3679 2072 3734 carnalium
2102 3697 2197 3751 per
2229 3681 2722 3737 eircumcisionem
2761 3679 2970 3734 Christi
2997 3681 3064 3731 ⁷⁵.
3101 3697 3119 3730 ι
3153 3679 3228 3732 lis
3271 3679 3440 3747 igitur
3475 3679 3566 3744 qui
3597 3677 3720 3732 Jor-

437 3749 633 3806 dauem
665 3755 1017 3823 trajecerunt
1057 3760 1374 3828 huiusmodi
1419 3767 1680 3820 convenit
1727 3749 2116 3824 circumcisio.
2158 3767 2509 3838 Quapropter
2542 3783 2666 3822 cum
2716 3767 2998 3837 generatio
3029 3765 3182 3836 prior
3231 3780 3340 3819 non
3384 3764 3718 3820 circumcisa

441 3839 563 3925 luit,
589 3841 808 3911 signum
844 3843 1187 3914 impuritatis
1218 3849 1405 3906 cordis
1437 3851 1614 3920 ipsius
1643 3855 1882 3920 exstitit,
1915 3855 1982 3910 de
2009 3870 2117 3925 qua
2163 3856 2342 3925 inquit
2381 3871 2393 3907 :
2440 3873 2458 3906 ι
2501 3855 2718 3909 Callum
2752 3853 2941 3908 cordis
2975 3853 3142 3906 vestri
3182 3851 3658 3906 circumcidite".
3695 3871 3714 3902 ι

433 3923 608 3981 Judaei
664 3930 793 3983 item
828 3929 1164 3988 admonendi
1213 3943 1365 4001 sunt,
1396 3938 1675 4007 quomodo
1707 3923 2043 3996 dilIerentiar
2066 3923 2255 4012 paruae
2285 3951 2504 3997 servata
2535 3955 2646 3996 non
2687 3941 3010 3996 circumcisi
3063 3941 3116 3994 in
3149 3939 3371 3995 deserto
3405 3940 3716 4008 perierunt,

433 4015 756 4072 circumcisi
797 4033 927 4073 vero
959 4021 1161 4074 servati
1217 4031 1369 4084 sunt.
1429 4033 1484 4077 et
1533 4023 1627 4079 Dei
1669 4028 2092 4096 promissionem
2135 4037 2491 4100 acceperunt.
2544 4027 2818 4085 (laterum
2867 4043 3086 4083 carnea:
3140 4027 3364 4098 quidem
3415 4029 3719 4081 circumci-

433 4103 607 4156 slonis
639 4101 824 4161 Moses
859 4121 927 4162 ne
979 4107 1036 4161 in
1085 4109 1314 4180 proprio
1344 4109 1570 4182 quidem
1603 4113 1722 4167 ﬁlio
1775 4117 2112 4172 mentionem
2147 4117 2302 4184 fecit,
2337 4133 2475 4173 uxor
2523 4117 2671 4174 enim
2704 4131 2832 4172 eum
2883 4117 3080 4188 angelo
3126 4115 3718 4188 conspecto-circum-

431 4190 648 4246 cidit".

507 4277 786 4335 Hodierno
823 4283 913 4338 die
965 4286 1144 4340 ademi
1178 4286 1328 4342 vobis
1373 4288 1598 4362 .«Egypli
1633 4292 1914 4362 probrum,
1947 4303 2057 4351 etc.
2091 4293 2198 4368 [9.]
2233 4294 2430 4351 Prohri
2483 4295 2707 4351 nomine
2743 4293 3089 4360 servitutem
3141 4295 3342 4349 innuit.
3383 4293 3541 4349 Nunc
3567 4292 3716 4348 enim

433 4363 608 4421 libere
643 4369 802 4424 vobis
837 4372 1194 4440 circumcidi,
1233 4391 1342 4430 non
1377 4379 1523 4433 sicut
1555 4381 1609 4433 in
1639 4380 1882 4452 Egypto
1911 4397 2036 4436 cum
2071 4363 2218 4438 metu
2251 4385 2436 4440 servili
2469 4385 2680 4439 licitum
2719 4393 2826 4438 est.
2860 4383 2903 4435 A
2941 4382 3278 4436 circumacta
3316 4397 3450 4436 vero
3478 4382 3718 4436 circum-

427 4454 639 4543 cisione
690 4458 812 4511 loco
849 4459 1040 4531 Galgal
1073 4478 1274 4519 nomen
1313 4467 1724 4537 imposuerunt.
1761 4469 1988 4543 Galgala
2025 4474 2172 4528 enim
2205 4473 2466 4532 revelatio
2498 4484 2603 4528 est.
2651 4471 2748 4526 Est
2783 4485 2915 4526 vero
2944 4471 3100 4525 locus
3133 4469 3224 4525 ille
3255 4470 3460 4540 duplici
3493 4469 3716 4525 nomine

429 4541 683 4612 insignis,
719 4545 848 4600 hinc
879 4551 1100 4616 quidem
1136 4561 1363 4622 propter
1393 4552 1639 4624 Jericho,
1669 4573 1816 4613 nunc
1841 4541 2022 4618 autem
2054 4569 2280 4631 propter
2311 4560 2600 4615 duodecim
2636 4558 2869 4629 lapides.

508 4651 782 4722 Ἐξήγαγε
815 4655 1056 4724 Μωῦσῆς
1085 4658 1175 4710 τδν
1205 4659 1334 4714 λαὸν
1357 4663 1416 4727 ἐξ
1441 4666 1744 4736 Αἰγύπτου,
1777 4668 1892 4721 ἀλλ’
1926 4669 2029 4723 οὐκ

2197 4669 2372 4723 Porro
2401 4668 2579 4724 Moses
2612 4669 2874 4738 populum
2906 4682 2970 4722 ex
3007 4665 3247 4738 .Egypto
3273 4666 3488 4721 eduxit.
3514 4667 3582 4720 At
3605 4679 3716 4720 non

423 4739 682 4809 ἤκουσεν,
713 4743 796 4797 ὅτι
846 4747 1086 4816 σήμερον
1125 4749 1350 4818 ἀφεῖλον
1383 4755 1473 4808 τδν
1500 4757 1806 4830 ὀνειδισμὸν
1839 4759 2006 4829 Αἰγύ-

421 4845 558 4886 πτου
592 4835 684 4903 ἀφ’
729 4837 904 4904 ὑμῶν.
948 4837 1154 4909 Ἰησοῦς
1201 4843 1310 4913 γὰρ
1355 4848 1383 4898 ό
1435 4849 1866 4922 περικαθαίρων,
1907 4852 2006 4922 τῆς

422 4925 586 4993 ἁγίας
612 4928 716 4996 γῆς
747 4929 932 4996 ἀξίους
962 4932 1154 4988 ποιῶν.
1189 4937 1498 5005 Παράδοξον
1531 4941 1609 5006 δὲ,
1640 4941 1758 4996 εἴτε
1800 4944 2009 5014 Ἰησοῦς

420 5017 520 5080 τὰς
553 5020 829 5084 τοσαύτας
871 5022 1118 5091 χιλιάδας
1166 5028 1224 5080 ὲν
1269 5033 1449 5100 τρισὶν
1495 5034 1731 5106 ἡμέραις
1765 5035 2012 5105 περιέτε-

424 5127 550 5180 μεν,
582 5109 696 5163 εῐτε
753 5113 966 5167 πολλῶν
999 5120 1463 5188 περιτεμνόντων,
1495 5125 1570 5188 ὡς
1606 5119 1775 5192 εἱειὸς,
1821 5127 1908 5180 διά
1955 5127 2014 5180 τὸ

420 5204 514 5255 καὶ
553 5204 933 5274 πληθυντικῶς
981 5210 1263 5281 μαχαίρας
1297 5215 1550 5285 εἰρῆσθαι
1603 5219 1888 5284 πετρίνας,
1921 5219 2011 5272 δυ·

419 5295 645 5366 νηθῆναι
673 5299 739 5369 τῇ
767 5299 926 5372 τρίτῃ
955 5302 1160 5374 ἡμέρᾳ,
1191 5303 1222 5374 ῆ
1260 5304 1392 5373 γοῦν
1423 5309 1487 5378 τῇ
1537 5309 1656 5377 μετ’
1681 5309 1854 5380 αὐτὴν
1879 5313 2003 5380 ὲπιτ

416 5387 634 5441 τελέσαι
657 5389 719 5442 τὸ
747 5391 965 5461 Πάσχαο
991 5394 1114 5447 τότε
1159 5395 1396 5465 μάλιστα
1435 5376 1546 5468 τλῆξ
1567 5399 1760 5471 ὀδύνης
1795 5376 2010 5455 euitat:

415 5479 672 5550 νομένης,
718 5485 794 5547 ὼς
825 5483 922 5536 ἐπὶ
953 5485 1063 5540 τῶν
1107 5487 1419 5558 Σιχεμιτῶν
1465 5489 1668 5560 ἔφησεν
1709 5493 1742 5562 ἠ
1783 5493 2000 5565 Γραφή.

428 5565 724 5644 Ἑκάτερον
780 5573 888 5646 ἄρα
928 5579 1029 5648 τῆς
1079 5579 1402 5649 συνεργείας
1433 5581 1532 5653 τῆς
1555 5583 1886 5654 κρείττονος,
1918 5585 2014 5638 τοῦ

480 5709 814 5784 ’{Joan._iv,
841 5713 928 5768 55.
1003 5716 1046 5746 τ’
1071 5715 1260 5772 Matth.
1295 5735 1368 5778 ix.
1406 5718 1496 5774 37.
1575 5721 1620 5752 ⁷²
1647 5721 1813 5778 Josue
1849 5741 1928 5784 ιιι.
1969 5725 2054 5778 15.

415 5783 564 5852 ιιι,3.
637 5785 679 5818 ⁷⁵
703 5781 915 5842 Coloss.
949 5800 1007 5855 ιι,
1043 5788 1122 5844 11.
1217 5789 1262 5821 ⁷⁸
1291 5788 1407 5845 Joel
1444 5809 1502 5858 ιι,
1549 5792 1632 5846 15.

2116 4759 2364 4825 audivit,
2399 4759 2566 4815 Hodie
2619 4759 2818 4814 abstuli
2885 4758 3146 4829 probrum
3202 4757 3420 4830 Egypti
3462 4775 3492 4814 a
3537 4763 3714 4816 vobis.

2115 4851 2284 4908 Josue
2330 4854 2474 4907 enim
2505 4854 2598 4923 qui
2647 4867 2740 4907 eos
2783 4851 3205 4908 circumcisione
3260 4853 3494 4922 lustrat,
3521 4856 3716 4926 dignos

2120 4952 2270 4998 terra
2320 4953 2514 4999 sancta
2547 4945 2733 5000 eﬂicit.
2792 4945 3174 5001 Admiratione
3219 4963 3350 5002 vero
3407 4963 3513 5002 non
3571 4949 3716 5004 indi-

2122 5051 2291 5107 gnum
2341 5045 2428 5091 est
2459 5051 2528 5091 an
2575 5046 2656 5092 tot
2698 5037 2872 5092 millia
2909 5039 3191 5092 hominum
3244 5041 3432 5095 triduo
3467 5043 3714 5096 circum-

2121 5129 2323 5192 ciderit
2362 5127 2533 5185 Josue
2577 5131 2798 5198 unicus,
2861 5146 3001 5184 anve
3038 5131 3236 5198 multi,
3271 5143 3330 5185 ut
3386 5143 3470 5189 est
3519 5135 3716 5189 verisi-

2121 5219 2289 5285 mile,
2344 5236 2572 5291 operam
2627 5222 3054 5277 circumcidcndi
3105 5223 3529 5292 conjunxerint,
3588 5241 3710 5280 cum

2121 5325 2356 5366 numero
2399 5313 2678 5388 ampliore
2745 5313 2813 5369 de
2861 5315 3060 5370 cultris
3123 5317 3308 5370 saxeis
3363 5317 3571 5370 dictum
3619 5319 3712 5372 sit.

2107 5407 2266 5459 Anve
2300 5403 2389 5458 die
2425 5413 2624 5475 quarto
2653 5407 2872 5462 demum
2906 5403 3126 5463 Pascha
3175 5416 3290 5462 tum
3327 5409 3566 5463 maxime
3601 5409 3706 5464 do-

2117 5497 2234 5552 lore
2287 5498 2728 5568 ingravescente,
2759 5499 3224 5571 quemadmodum
3273 5499 3339 5554 de
3387 5499 3722 5558 Sichemitis

2131 5587 2418 5664 Scriptura
2452 5593 2528 5646 ait
2587 5587 2652 5654 ’⁸,
2689 5574 3039 5646 celebrarint.
3086 5591 3214 5647 Sive
3267 5591 3436 5664 igitur
3486 5609 3708 5664 operam

2232 5725 2410 5808 Exod;
2436 5745 2528 5790 xv,
2561 5729 2646 5784 l5.
2750 5731 2821 5808 77’:
2845 5729 3058 5788 Coloss.
3093 5748 3154 5798 ιι,
3195 5731 3278 5788 ll.
3377 5735 3420 5766 ⁷⁵
3457 5735 3692 5808 Philipp.

1743 5796 1788 5826 ’⁸⁷
1819 5794 1992 5851 Exod.
2025 5812 2098 5864 Iv,
2299 5799 2338 5830 ⁷⁸
2374 5798 2508 5856 Ceu.
2539 5815 2721 5866 xxxiv,
2754 5805 2843 5861 25,
