4006 6210
371 329 506 398 1013
665 343 670 348 ·
1501 336 2046 426 conuentum
2085 335 2166 396 IN
2195 333 2452 397 JOSUE.
3505 322 3644 386 ltili

369 448 554 512 τόπος,
583 447 641 500 ἐν
677 439 724 516 ᾧ
757 449 822 501 σὺ
851 447 1124 519 ἕστηκας,
1159 451 1316 520 ἅγιός
1377 453 1514 508 ἔστι.
1551 471 1571 506 ι
1617 453 1754 508 Θεοῦ
1781 453 1962 508 τοίνυν

2088 451 2320 506 :ulcabo.
2355 469 2373 503 ι
2417 451 2620 507 Verum
2671 461 2840 503 causa
2897 459 3061 516 quam
3125 443 3284 512 dicit,
3327 443 3382 498 id
3415 450 3644 498 credere

371 537 760 608 ἐνεργοῦντος,
815 539 1176 597 ὕπολελύσθαι
1237 546 1502 616 προσήκει
1551 545 1646 601 τὸν
1697 547 1822 617 ὅφιν
1863 547 1956 602 τὸν

2088 543 2320 600 irohibet
2356 563 2368 600 :
2395 561 2415 596 ι
2461 543 2640 599 Locus
2669 541 2814 598 enim
2856 541 2912 594 in
2939 553 3050 610 quo
3079 545 3196 594 stas
3228 545 3455 594 sanctus
3477 543 3581 592 est.
3620 555 3638 587 ι
3699 591 3728 614 Ι

371 629 636 684 δάκνοντα
677 631 946 702 μηδαμῶς
969 673 986 698 ,
1039 633 1420 705 λογιζομένους
1471 637 1562 690 ὅτε
1611 639 1708 692 καὶ
1757 638 1858 710 τὴν
1901 637 1960 706 ἐξ

2088 637 2171 691 ’er
2219 651 2378 706 opem
2433 636 2620 706 itaque
2667 634 2914 688 divinam
2948 638 3259 702 serpentem
3293 631 3388 702 qui
3422 629 3648 684 minime

375 721 660 793 ἁμαρτιῶν
693 723 1116 796 αποὸαλοῦμεθα
1143 726 1430 794 νέκρωσιν.

2088 730 2382 800 ipinantem
2409 729 2529 792 icit,
2571 737 2833 783 excutere
2877 725 3160 793 convenit,
3195 739 3304 794 quo
3331 723 3496 778 simul
3522 737 3648 792 pcc-
3689 724 3698 734 '

2061 821 2170 874 cati
2201 835 2420 892 quoque
2451 819 2933 875 mortificationem
2966 817 3309 886 abjiciemus.

447 917 684 986 Septimo
714 927 891 974 autem
919 921 1002 976 die
1065 921 1418 976 circumibitis
1437 922 1706 977 civitatem
1741 923 1955 993 septies,
1987 931 2091 978 etc.
2125 921 2240 996 [VL
2275 922 2358 994 4.]
2395 923 2502 990 Qui
2545 931 2718 978 totam
2765 921 2952 977 mundi
2988 919 3258 976 fabricam
3309 935 3402 974 sex
3448 917 3646 972 diebus

379 1007 632 1076 perfecit,
661 1007 808 1064 lente
840 1009 908 1062 ad
947 1009 1114 1064 unius
1141 1011 1384 1065 civitatis
1407 1011 1758 1066 eversionem
1781 1010 2024 1066 bonitate
2063 1009 2363 1078 impeditus
2404 1011 2746 1081 aggreditur.
2771 1009 2891 1065 Non
2921 1009 3068 1064 enim
3109 1007 3310 1078 virium
3333 1005 3649 1076 ‘imbecilli-

378 1103 490 1234 tque
519 1109 642 1150 esse
676 1095 880 1150 factum
908 1097 1174 1168 propheta
1205 1105 1461 1162 testatur,
1485 1097 1552 1152 ad
1585 1098 1762 1168 ipsum
1791 1098 1981 1153 dicens
2019 1115 2032 1150 :
2073 1115 2092 1148 ε
2123 1095 2180 1150 Si
2234 1097 2436 1152 cwlum
2473 1097 2822 1168 patefeceris,
2871 1104 3085 1150 montes
3126 1105 3330 1150 tremor
3361 1092 3440 1147 tui
3499 1093 3653 1146 inva-

379 1203 394 1234 t
417 1195 470 1234 et
498 1181 568 1234 ⁸⁸.
602 1202 622 1234 ι
655 1181 860 1234 Verum
894 1169 1359 1234 auemadmodum
1383 1183 1578 1234 Ninive
1606 1185 1850 1234 triduum
1899 1183 2295 1234 resiniseentizr:
2335 1183 2508 1234 dedit.
2560 1185 2635 1234 ita
2683 1185 2766 1234 his
2795 1199 3020 1234 nuonne
3053 1190 3288 1234 sentem.
3333 1181 3516 1234 Ulaue
3573 1179 3651 1233 illi

379 1169 473 1236 .ta
498 1181 568 1236 ⁸⁸.
602 1202 622 1234 ι
655 1181 860 1238 Verum
894 1169 1360 1254 quemadmodum
1383 1183 1578 1240 Ninive
1606 1185 1850 1240 triduum
1899 1183 2295 1254 resipiscentia‘:
2335 1183 2508 1248 dedit,
2560 1185 2635 1238 ita
2683 1185 2766 1240 his
2795 1199 3020 1255 quoque
3053 1190 3288 1252 septem.
3333 1181 3516 1250 thue
3573 1179 3651 1233 illi

377 1265 574 1322 Jonam
605 1283 912 1338 praeconem
941 1263 1384 1336 habueruntfita
1411 1272 1464 1326 hi
1501 1271 1696 1326 llahab
1737 1271 1966 1328 habent.
1989 1271 2224 1340 Insuper
2239 1285 2373 1324 vero
2393 1285 2588 1326 omnes
2615 1281 2866 1342 portenta
2887 1287 3007 1342 qua:
3025 1269 3289 1324 Dominus
3322 1267 3651 1338 designavit,

379 1355 606 1410 auribus
643 1364 987 1426 acceperant.
1025 1358 1092 1412 At
1115 1357 1260 1413 idem
1286 1359 1379 1428 qui
1427 1357 1564 1412 dicit
1598 1375 1612 1413 :
1644 1376 1662 1410 ι
1697 1357 1816 1414 Non
1835 1357 2172 1414 scortaberis
2201 1359 2268 1422 ⁸⁵,
2319 1379 2338 1412 ι
2381 1377 2477 1431 per
2509 1359 2677 1417 Josue
2719 1362 2900 1432 inquit
2935 1379 2950 1416 :
2980 1379 2997 1412 ι
3045 1357 3208 1413 Vivat
3247 1357 3446 1412 ltahab
3475 1369 3654 1410 mere-

380 1445 508 1498 trix.
547 1462 568 1495 ι
600 1442 706 1509 Qui
729 1447 896 1500 etiam
919 1445 1054 1500 dicit
1085 1461 1098 1497 :
1137 1465 1156 1498 ι
1199 1445 1518 1502 Meretrices
1547 1457 1600 1500 et
1637 1445 1924 1516 publicani
1957 1461 2056 1501 vos
2077 1446 2392 1515 prtecedent
2425 1449 2480 1503 in
2511 1465 2740 1520 regnum
2768 1449 3032 1505 crelorum
3067 1447 3134 1500 ³⁸.
3171 1464 3188 1496 ι
3223 1443 3484 1513 Praecipit
3519 1455 3648 1496 vero

385 1531 598 1586 militia:
631 1532 874 1598 idoneis,
907 1548 1114 1604 perque
1143 1542 1365 1588 montes
1397 1533 1690 1602 dispersis,
1737 1543 1798 1586 ut
1835 1531 2070 1592 Domino
2113 1535 2332 1590 obviam
2370 1537 2426 1592 in
2469 1538 2818 1594 obsidionem
2849 1535 3142 1606 prodeant.
3175 1531 3652 1600 Quemadmodum

383 1629 486 1671 nos
515 1630 738 1686 quoque
799 1631 831 1670 a
886 1615 1112 1674 Christo
1157 1631 1257 1687 per
1305 1616 1478 1672 duces
1501 1616 1677 1688 ipsius
1712 1615 1998 1686 iubemur,
2035 1631 2230 1676 contra
2267 1623 2456 1680 hostes
2489 1625 2743 1695 imperia,
2778 1639 2842 1677 ac
2871 1622 3219 1694 principatus
3245 1621 3529 1690 legemque
3595 1617 3652 1670 in

385 1719 554 1758 czu-ne
606 1704 924 1762 saevientem
980 1721 1249 1779 pugnare.
1309 1705 1543 1773 Quando
1593 1715 1650 1762 et
1701 1719 1803 1761 nos
1831 1705 1886 1760 in
1935 1707 2118 1766 oculis
2149 1709 2248 1766 Dei
2293 1713 2525 1780 erimus,
2563 1727 2678 1770 non
2715 1711 2887 1767 armis
2931 1710 3174 1776 carneis,
3211 1723 3398 1765 verum
3436 1705 3656 1777 iustitia

387 1791 668 1852 instructi.

453 1901 608 1956 Διατί
665 1902 926 1972 σάλπιγξι
953 1904 1290 1977 κερατίναις,
1327 1905 1424 1960 καῖ
1472 1907 1591 1972 ταῖς
1623 1904 1720 1960 τοῦ
1772 1905 1964 1978 ’Ῑωὸὴλ

2139 1909 2393 1969 Curvero
2413 1913 2561 1970 tubis
2573 1913 2790 1970 corneis
2820 1909 3128 1982 aanbilaeis
3145 1905 3438 1964 classicum
3455 1919 3658 1960 cauere

387 1992 674 2058 σαλπίζειν
721 1993 1016 2063 ὲκέλευσες
1061 1996 1184 2049 Πᾶν
1243 1994 1384 2060 ζῶον
1444 1997 1788 2068 κερασφόρον
1827 1996 1968 2052 ὅπλα

387 2085 502 2156 ἔχει
532 2086 630 2138 καὶ
677 2089 857 2156 τεῖχος
885 2087 953 2141 τὸ
979 2087 1172 2158 κέρας,
1201 2087 1281 2152 ὡς
1325 2089 1422 2143 καὶ
1451 2089 1586 2160 ἡμῖν
1614 2088 1830 2159 κέραςό
1857 2088 1972 2144 Κύ-

390 2185 528 2248 ριος,
560 2177 704 2232 κατά
731 2179 813 2244 τὸ,
843 2197 864 2232 ε
909 2179 1360 2251 ’Υπερασπιστής
1400 2198 1504 2251 μου
1531 2179 1627 2236 καὶ
1663 2181 1834 2253 κέρας
1863 2198 1972 2236 σω-

389 2270 583 2341 τηρίας
619 2287 748 2338 μου.
779 2287 798 2322 ι
831 2299 903 2310 -
933 2289 952 2322 ι
1003 2271 1094 2324 Ἐν
1123 2272 1206 2325 σοὶ
1239 2271 1370 2342 γὰρ,
1403 2271 1558 2344 φησὶ,
1586 2273 1715 2336 τοὺς
1745 2272 1974 2344 ἐχθροὺς

389 2359 545 2430 ἡμῶν
571 2359 956 2432 κερατιοῦμεν.
996 2381 1016 2413 ι
1045 2361 1168 2416 Τῶν
1195 2362 1254 2416 δὲ
1287 2365 1568 2434 μαχίμων,
1597 2364 1660 2417 οὐ
1697 2363 1807 2418 τῶν
1833 2366 1973 2419 άπο-

388 2451 800 2508 δεδειλιακότων
852 2455 1002 2510 ἐστὶν
1043 2455 1184 2532 ἑλεῖν
1237 2455 1340 2528 τὴν
1399 2450 1630 2528 Ἰεριχώ.
1671 2457 1814 2520 Τοὺς
1874 2456 1976 2527 μὲν

392 2544 503 2614 γὰρ
527 2545 858 2614 ἐρεθίζουσι,
881 2549 1008 2612 τοὺς
1033 2547 1092 2600 δὲ
1125 2547 1531 2602 καταποοῦσιν
1559 2548 1618 2601 αί
1651 2543 1971 2617 σάλπιγγες,

391 2637 534 2692 ὅπλα
563 2637 790 2708 ἔχοντας
855 2640 1118 2712 σαρκικὰ.
1173 2639 1414 2694 Τοιαῦτα
1463 2640 1566 2711 τῆς
1615 2640 1880 2712 Ἱεριχοῦς
1907 2639 1976 2694 τὰ

393 2730 570 2801 τείχη,
627 2732 722 2785 καὶ
755 2733 1052 2788 πίπτουσιν
1083 2733 1188 2786 ὑπὸ
1233 2733 1518 2801 σάλπιγγι.
1549 2733 1658 2787 Καὶ
1689 2734 1722 2804 ἠ
1755 2749 1978 2804 παρεμ-

396 2821 526 2894 ϐολὴ
557 2823 616 2878 δὲ
643 2823 738 2878 τοῦ
767 2826 998 2896 Μαδιάμ
1024 2825 1134 2880 τῶν
1186 2831 1232 2878 τ’
1264 2823 1640 2890 σαλπιζόντων
1671 2825 1974 2895 νενίκηται.

409 2915 496 2968 Ἐν
533 2915 594 2980 ἒξ
622 2915 680 2970 δὲ
710 2917 950 2988 ἡμέραις
975 2917 1332 2981 σαλπίζουσιν
1353 2920 1400 2970 oi
1425 2919 1614 2988 ἱερεῖς.
1653 2915 1842 2970 Διόλου
1870 2917 1979 2986 γὰρ

395 3003 492 3058 τοῦ
521 3006 580 3058 ὲν
611 3004 672 3072 ἒξ
721 3006 960 3078 ἡμέραις
1018 3005 1218 3071 αίῶνος
1259 3007 1312 3059 οῖ
1365 3007 1512 3075 ἅγιοι
1543 3007 1749 3069 πάντες
1783 3007 1979 3075 ἄφεσιν

397 3097 816 3167 ἁμαρτημάτων
843 3099 1184 3169 κηρύττουσι
1203 3115 1217 3128 ·
1251 3097 1412 3152 τοῦτο
1431 3098 1542 3167 γάρ
1565 3099 1624 3152 αί
1645 3097 1740 3150 τοῦ
1793 3097 1980 3168 Ἰωόηλ

399 3187 623 3258 ἐδήλουν
677 3188 980 3259 σάλπιγγες
1005 3175 1034 3221 ·⁴
1077 3193 1138 3244 ὲν
1191 3184 1480 3259 ᾧπάντων
1507 3191 1702 3261 ἄφεσις
1745 3191 1976 3260 γίνεται,

399 3373 862 3445 διαμαρτύρονται
887 3373 1070 3428 τοίνυν
1085 3375 1142 3428 αι
1163 3375 1482 3445 σάλπιγγεςο
1513 3394 1532 3428 ι
1554 3377 1944 3446 Μετανοήσατε
1965 3392 1980 3407 ο

398 3468 596 3538 ἢγγικε
627 3467 736 3538 γὰρ
760 3469 794 3537 ἡ
829 3465 1082 3536 βασιλεία
1103 3468 1212 3523 τῶν
1241 3468 1508 3538 οὐρανῶν.
1535 3486 1556 3520 ι
1585 3469 1720 3538 Περὶ
1751 3464 1820 3541 ἦς
1849 3483 1984 3538 φησι

399 3561 478 3625 τῷ
511 3557 646 3626 λαῷ,
693 3577 714 3610 ι
751 3557 1048 3612 Ἀκούσατε
1073 3557 1172 3628 τῆς
1195 3559 1382 3628 φωνῆς
1399 3558 1500 3627 τῆς
1529 3557 1860 3626 σάλπιγγος·
1889 3557 1986 3612 κα).

403 3645 586 3712 εἶπαν,
612 3651 728 3704 Οὐκ
775 3648 1144 3719 ἀκουσόμεθα.
1179 3668 1200 3702 ι
1233 3651 1344 3703 Καὶ
1379 3649 1575 3721 Ἡσαΐᾳ
1639 3650 1698 3702 δὲ
1740 3649 1983 3718 λέγεται,

409 3759 430 3793 ι
471 3741 556 3803 Ὠς
589 3741 852 3810 σάλπιγγι
905 3740 1122 3811 ὗψωσον
1175 3741 1276 3813 τὴν
1317 3741 1506 3811 φωνήν
1547 3757 1666 3804 σου,
1693 3743 1792 3794 καὶ
1817 3741 1988 3808 ἀνάγ-

405 3835 589 3902 γειλον
621 3835 698 3905 τῷ
729 3834 844 3905 λαῷ
874 3835 944 3888 τά
967 3835 1348 3906 ἁμαρτήματα
1383 3832 1584 3888 αὐτῶν.
1613 3852 1631 3885 ι
1655 3833 1766 3887 Καὶ
1795 3833 1988 3904 πρώην

411 3927 510 3996 μὲν
541 3925 690 3989 ἅπαξ
719 3943 822 3978 που
851 3926 953 3994 τῆς
975 3925 1194 3996 ἡμέρας
1223 3925 1485 3978 ἐκύκλουν
1514 3925 1564 3978 ol
1605 3925 1750 3993 ἅγιοι
1782 3925 1990 3997 κηρύτ-

405 4033 588 4080 τοντες
645 4017 818 4070 ἅπασι
883 4017 984 4086 τῆς
1041 4015 1326 4080 εὐσεϐείας
1395 4017 1496 4087 τὴν
1555 4016 1791 4085 γνῶσιν·
1826 4016 1988 4088 τῇδὲ

407 4108 608 4180 ἑϐδόμῃ
667 4109 872 4180 ἡμέρᾳ,
905 4108 1155 4163 τουτέστι
1201 4111 1268 4179 τῇ
1327 4108 1614 4180 συντελείᾳ
1641 4107 1736 4162 τοῦ
1766 4108 1986 4172 αίῶνος,

407 4200 638 4265 ἑπτάκις
657 4200 997 4268 ἐκύκλωσαν,
1043 4201 1291 4254 τουτέστι
1342 4199 1604 4264 πολλάκις
1627 4239 1642 4264 ,
1699 4199 1990 4254 άπόστολοί

403 4309 464 4346 τε
491 4295 588 4347 καὶ
617 4294 861 4365 μαθηταὶ
903 4293 1000 4348 τοῦ
1055 4293 1288 4364 Κυρίου,
1338 4292 1434 4346 καὶ
1483 4293 1684 4356 πάντες
1713 4293 1761 4344 οί
1791 4289 1992 4361 ἑφεξῆς

405 4389 506 4456 τῆς
547 4385 878 4456 Ἐκκλησίας
936 4384 1251 4438 διδάσκαλοι
1323 4385 1618 4454 μετάνοιαν
1672 4384 1772 4438 καὶ
1795 4385 1990 4454 ἄφεσιν

409 4477 774 4549 κηρύττοντες
817 4475 898 4547 τῷ
925 4475 1062 4548 λαῷ,
1094 4469 1177 4538 οἷς
1195 4477 1243 4528 οί
1273 4475 1349 4546 μὴ
1383 4474 1696 4539 πεισθέντες
1723 4473 1994 4530 ἀπολοῦν-

2069 2002 2278 2076 .lussit?
2305 2003 2384 2058 Eo
2415 2007 2560 2076 quod
2606 2005 2937 2061 animalibus
2964 1999 3272 2074 cornigeris
3307 2013 3518 2055 cornua
3553 2011 3655 2050 an-

2073 2111 2274 2151 norum
2325 2111 2725 2168 murorumque
2776 2099 2898 2153 vice
2950 2101 3098 2152 sunt.
3167 2093 3430 2162 Adeoque
3495 2087 3684 2143 nobis.

2073 2201 2246 2241 cornu
2281 2187 2404 2244 loco
2433 2185 2702 2244 Dominus
2728 2203 2852 2244 esse
2881 2187 3076 2252 debet,
3100 2187 3256 2257 juxta
3288 2182 3456 2238 illud:
3486 2201 3502 2233 ‹
3526 2179 3660 2234 Pro-

2071 2284 2254 2333 tector
2283 2293 2461 2345 meus,
2505 2285 2560 2334 et
2613 2293 2787 2334 cornu
2841 2277 3035 2334 salutis
3066 2292 3200 2332 mea:
3225 2275 3296 2328 ⁸⁸.
3337 2293 3444 2326 ι-
3481 2291 3500 2323 ι
3539 2271 3656 2326 Tua

2073 2371 2220 2425 enim
2251 2384 2376 2440 ope,
2401 2371 2600 2439 inquit,
2633 2369 2820 2426 hostes
2873 2367 3238 2424 retundemus
3279 2374 3501 2421 nostros
3535 2363 3602 2416 ".
3634 2383 3656 2413 ι

2075 2463 2345 2518 Cmterum
2375 2463 2764 2518 bellicosorum
2801 2478 2911 2517 non
2937 2459 3424 2516 formidolosarum
3463 2469 3661 2526 capere

2075 2561 2160 2609 est
2185 2553 2405 2609 Jericho
2435 2569 2449 2605 :
2475 2553 2599 2608 illos
2615 2553 2760 2608 enim
2814 2552 3057 2618 irritant,
3097 2551 3197 2607 hos
3245 2563 3374 2604 vero
3404 2547 3662 2601 territant

2077 2645 2170 2714 qui
2207 2659 2360 2700 arma
2389 2645 2592 2701 habent
2620 2645 2886 2700 carnalia.
2921 2641 3102 2698 Tanto
3149 2657 3279 2698 vero
3306 2639 3508 2696 mcenia
3537 2653 3664 2692 cum

2080 2737 2192 2794 sint
2225 2737 2464 2804 Iericho,
2497 2738 2638 2793 tubae
2686 2745 2868 2792 tamen
2901 2751 3036 2792 voce
3073 2735 3388 2791 concidunt.
3413 2731 3525 2788 Nec
3554 2745 3670 2786 non

2081 2839 2262 2886 castra
2291 2829 2509 2885 Madian
2533 2845 2630 2900 per
2651 2829 2928 2885 tubicines
2957 2835 3088 2885 sunt
3109 2827 3348 2883 devicta.
3381 2825 3514 2895 lpsre
3537 2839 3666 2880 vero

2081 2921 2227 2977 tuba:
2268 2921 2486 2992 signum
2517 2928 2780 2976 extremae
2809 2920 2955 2974 tuba:
2987 2927 3133 2975 sunt.
3155 2917 3278 2988 Ipse
3309 2917 3456 2970 enim
3487 2913 3670 2970 Domi-

2083 3027 2190 3067 nus
2247 3027 2372 3066 cum
2438 3011 2760 3066 hortatione
2797 3027 3041 3081 voceque
3075 3005 3412 3080 archangeli,
3440 3021 3503 3061 ac
3535 3005 3670 3060 tuba

2084 3102 2152 3159 de
2185 3103 2324 3159 coelo
2341 3101 2655 3158 descendet.
2691 3103 2766 3157 De
2813 3119 2924 3174 qua
2945 3101 3248 3158 Zacharias
3289 3114 3510 3172 quoque
3545 3098 3620 3150 ait
3651 3113 3668 3152 :

2009 3259 2052 3314 Γ
2093 3213 2112 3246 ι
2145 3193 2414 3250 Dominus
2437 3197 2786 3265 omnipotens
2821 3197 2948 3249 tuha
2985 3195 3205 3265 clanget
3239 3193 3305 3247 ⁸⁸.
3349 3210 3369 3244 1
3404 3189 3512 3246 Sex
3540 3203 3671 3244 vero

2033 3299 2054 3314 Α
2088 3287 2281 3314 And“...
2315 3287 2441 3314 ...ιω
2463 3287 2778 3314 ...ΑΛ-Δημαι-
2802 3287 2847 3314 -l
2868 3295 3062 3314 ...ι-...ια
3106 3301 3294 3314 Annnnn
3316 3286 3460 3314 A-|:m
3494 3282 3670 3314 nant-sl:

401 3283 493 3333 καὶ
519 3282 612 3334 ἐπὶ
639 3283 766 3346 τοὺς
793 3283 1030 3346 οἰκείους
1059 3285 1262 3348 τόπους
1308 3285 1783 3348 ἀποκατάστασις.
1837 3285 1982 3355 Προ-
2009 3282 2054 3318 ιι

2086 3287 2283 3343 diebus
2315 3287 2443 3372 tuba
2463 3287 2780 3344 sacerdotes
2800 3287 3090 3360 clangunt,
3105 3301 3297 3342 omnes
3315 3286 3462 3340 enim
3494 3282 3674 3338 sancti

2087 3395 2184 3452 per
2221 3395 2312 3434 sex
2344 3380 2558 3436 dierum
2595 3381 2864 3434 szeculum
2901 3383 3173 3451 integrum
3197 3383 3552 3448 peccatorum
3583 3389 3674 3428 reo

2087 3471 2410 3526 missionem
2469 3471 2842 3542 promulgant.
2875 3469 2933 3526 id
2977 3484 3216 3539 namque
3258 3467 3402 3521 tuba:
3445 3479 3673 3535 quoque

2087 3561 2321 3629 Jubilazi,
2377 3577 2490 3632 quo
2537 3561 2868 3616 universalis
2900 3559 2956 3614 fit
2993 3559 3276 3624 remissio,
3309 3571 3370 3611 ac
3401 3555 3676 3626 cujusque

2089 3655 2144 3707 in
2171 3667 2301 3707 suas
2325 3651 2486 3706 sedes
2507 3651 2812 3714 restitutio,
2848 3649 3260 3719 significabant.
3295 3645 3466 3700 Tuba:
3487 3645 3676 3714 itaque

2088 3751 2467 3814 protestantur
2530 3749 2770 3797 mentem
2825 3741 3145 3796 mutandam
3187 3753 3354 3801 esse,
3409 3753 3476 3791 eo
3524 3735 3676 3808 quod

2091 3851 2316 3905 regnum
2344 3835 2608 3890 cmlorum
2632 3849 2801 3904 prope
2825 3833 2899 3890 sit
2923 3833 2988 3888 ⁸³.
3011 3831 3084 3888 lie
3107 3849 3213 3903 qua
3236 3833 3443 3904 populo
3474 3833 3670 3888 edicit:

2096 3947 2116 3982 ι
2153 3928 2348 3984 Audite
2375 3941 2562 3983 vocem
2590 3927 2750 3982 tubae.
2775 3925 2876 3982 Cui
2925 3923 3333 3997 responderunt
3368 3943 3380 3980 :
3415 3923 3536 3981 Non
3573 3941 3675 3980 au-

2091 4021 2312 4076 diemus
2349 4021 2418 4073 '°.
2461 4039 2480 4070 »
2507 4018 2664 4074 Isaiae
2689 4019 2821 4074 item
2848 4019 3051 4073 dicitur
3081 4035 3095 4071 :
3141 4036 3158 4069 ι
3199 4018 3381 4073 lnstar
3413 4018 3557 4074 tubae
3583 4031 3680 4074 vo-

2091 4125 2211 4167 cem
2243 4120 2390 4165 tuam
2417 4107 2570 4176 effer,
2599 4119 2652 4165 et
2671 4109 2878 4180 populo
2901 4119 3125 4181 peccata
3152 4125 3250 4166 sua
3282 4109 3542 4165 denuntia
3573 4109 3674 4162 ⁸³.»

2091 4203 2172 4258 Ac
2223 4203 2387 4274 paulo
2419 4213 2547 4258 ante
2584 4199 2805 4274 quidem
2840 4201 3009 4257 semel
3051 4201 3106 4256 in
3138 4201 3228 4256 die
3265 4199 3674 4256 circumierunt

2093 4297 2291 4356 sancti,
2325 4295 2698 4363 omnibusque
2745 4293 2969 4363 pietatis
3009 4291 3379 4364 cognitionem
3411 4291 3680 4362 praedica-

2093 4397 2241 4442 runt.
2264 4385 2512 4456 Septimo
2539 4399 2671 4439 vero
2695 4382 2808 4450 die,
2839 4383 2943 4438 hoc
2963 4391 3046 4438 est
3067 4389 3228 4438 aetate
3245 4391 3436 4438 exacta
3455 4381 3682 4451 septies,

2093 4479 2198 4536 hoc
2229 4487 2336 4544 est,
2365 4481 2746 4550 saepenumero
2780 4475 3020 4548 apostoli
3044 4489 3107 4531 ac
3137 4475 3398 4546 discipuli
3441 4475 3680 4542 Domini,

407 4585 502 4624 ται
535 4567 680 4623 κατὰ
698 4569 800 4640 τὴν
821 4567 990 4638 γπόλιν
1043 4565 1274 4640 Ἱεριχὼ,
1325 4566 1498 4622 τύπον
1521 4569 1623 4638 τῆς
1685 4567 1986 4632 συντελείας

2103 4585 2404 4642 omnesque
2460 4569 2722 4639 deinceps
2772 4567 3037 4624 Ecclesiae
3069 4567 3322 4638 magistri
3354 4565 3682 4622 circumive-

407 4661 790 4733 ὑπάρχουσαν.

2103 4671 2268 4730 runt,
2320 4677 2384 4717 ac
2441 4659 2924 4730 resipiscentiam,
2968 4657 3464 4728 remissionemque
3518 4655 3684 4730 487

409 4755 611 4825 populo
637 4751 1273 4824 renuntiaruntzquibus
1302 4751 1396 4823 qui
1429 4765 1624 4823 parere
1647 4762 2006 4822 recusarunt,
2073 4753 2227 4810 urbis
2286 4749 2532 4815 Iericho,
2582 4763 2706 4821 quas
2769 4747 3163 4804 internecionis
3211 4755 3298 4804 est
3344 4750 3686 4818 exemplum,

415 4861 646 4922 pereunt
673 4851 872 4906 instar.

481 4965 556 5019 Τδ
588 4965 878 5031 ἀλαλάζειν
927 4965 1018 5019 τὸν
1045 4965 1196 5030 λαὸν,
1249 4965 1478 5036 σημεῖον
1517 4963 1612 5017 τοῦ
1650 4965 1779 5030 τοὺς
1807 4963 1998 5035 ἁγίους

411 5055 849 5125 ἀναγγέλλοντας
891 5055 1380 5128 ὲπευφραίνεσθαι,
1433 5055 1529 5109 καὶ
1596 5053 1996 5127 διηγουμένους

365 5147 478 5201 ’τᾶ
533 5147 798 5218 μεγαλεῖα
847 5149 945 5204 τοῦ
1003 5147 1163 5216 Θεοῦ,
1219 5145 1316 5201 καὶ
1355 5146 1516 5218 νίκην
1555 5145 1655 5218 τὴν
1685 5147 1832 5201 κατὰ
1888 5145 1998 5200 τῶν

409 5245 646 5318 ἐχθρῶν.

482 5339 556 5392 Τὸ
578 5339 928 5412 προδαδίζειν
964 5339 1065 5411 τῆς
1121 5335 1365 5394 κιϐωτοῦ
1413 5335 1543 5400 τοὺς
1591 5333 1889 5406 μαχίμους,
1936 5333 1998 5386 τὸ

410 5431 630 5502 ἕτοιμον
663 5431 908 5485 δείκνυσι
938 5432 1033 5486 καὶ
1056 5431 1166 5483 τῶν
1220 5431 1394 5499 ἁγίων
1416 5427 1477 5482 τδ
1501 5425 1785 5498 πρόθυμον
1804 5444 1818 5458 ·
1853 5425 1914 5480 τδ
1940 5425 1999 5478 δὲ

409 5523 510 5596 τὴν
566 5523 837 5597 οὐραγίαν
887 5522 1228 5590 ἀκολουθεῖν,
1276 5521 1339 5578 τδ
1369 5520 1576 5593 μηδένα
1619 5517 1732 5574 δεῖν
1773 5517 1875 5589 τῆς
1899 5516 1996 5572 τοῦ

481 5703 530 5736 ’³
569 5704 676 5761 lsa.
703 5719 852 5767 uiv,
879 5704 936 5758 i.
1011 5703 1058 5736 “
1081 5701 1257 5759 Exod.
1291 5719 1383 5762 xx.
1417 5703 1504 5756 Η.
1591 5702 1636 5736 ⁸⁸
1661 5700 1856 5756 Matth.
1889 5713 2003 5763 xxi,
2031 5695 2121 5752 5i.
2199 5694 2245 5767 ’ξ
2279 5691 2427 5751 Psal.
2453 5667 2658 5759 "11,3.

2179 4961 2372 5034 Populi
2397 4973 2564 5032 porro
2586 4957 2797 5030 jubilus
2819 4964 3044 5013 sanctos
3076 4953 3320 5009 laetitiam
3346 4954 3690 5015 renuntiaret

2105 5073 2170 5114 ac
2193 5055 2289 5112 Dei
2316 5051 2784 5126 magnificentiam
2817 5062 3254 5106 commemorare
3279 5048 3507 5106 indicat.

2177 5327 2336 5396 Quod
2405 5339 2541 5382 vero
2603 5323 2852 5380 bellicosi
2901 5333 3032 5379 ante
3103 5337 3291 5379 arcam
3365 5319 3694 5378 incedebant

2104 5418 2550 5495 promptitudinis
2573 5417 2846 5473 indicium
2869 5424 2976 5484 est,
3007 5431 3070 5472 ac
3107 5417 3336 5472 fortium
3363 5413 3691 5470 alacritatis.

2105 5515 2164 5570 ln
2194 5511 2372 5569 cauda
2403 5511 2532 5567 item
2563 5508 2852 5582 consequi,
2881 5509 3158 5566 neminem
3219 5507 3316 5562 Dei
3361 5507 3534 5560 aciem
3599 5503 3696 5559 de-

2773 5685 2820 5720 "
2849 5683 2996 5746 Psal.
3029 5697 3183 5750 XLIII,
3220 5681 3272 5738 6.
3376 5677 3424 5711 ⁸⁸
3459 5677 3694 5734 Zachar.

414 5788 489 5840 Ix,
529 5776 612 5832 ll.
686 5775 734 5809 ³⁸
768 5765 962 5830 Matth.
999 5789 1082 5844 111,
1105 5775 1162 5830 2.
1239 5771 1510 5860 "‘Jcrem.
1545 5785 1618 5839 v1,
1653 5771 1740 5827 l7.
1815 5771 1858 5803 ⁹¹
1903 5768 1984 5826 lsa

2088 5781 2189 5832 ml,
2223 5765 2273 5820 1.
