4036 6214
309 359 439 427 1017

1461 368 2008 430 COMMENTARII
2039 371 2124 432 IN
2153 371 2414 434 JOSUE.

3423 363 3558 427 1018

295 487 537 543 namque
573 485 704 541 opes
735 471 908 530 libido
949 475 1336 548 consequitur,
1371 479 1602 550 gloriam
1640 495 1772 535 vero
1805 479 1978 534 animi
2007 481 2176 536 elatio
2225 497 2322 538 seu
2355 481 2654 554 despectio,
2686 479 2984 551 percutiam
3041 475 3290 541 ambitio,
3347 478 3566 545 sapien-

298 563 432 616 tiam
460 575 624 630 porro
665 560 909 620 fucatam
949 564 1269 636 dogmatum
1297 567 1554 622 varietas.
1587 565 1864 634 Quocirca
1890 582 2000 622 non
2027 569 2305 624 immerito
2326 569 2531 625 Paulus
2557 587 2571 624 :
2608 587 2627 621 ι
2667 569 2724 624 Si
2753 567 2878 638 quis
2902 567 3045 620 inter
3065 579 3164 620 vos
3189 575 3275 620 est
3319 565 3565 634 sapiens,

293 648 498 705 stultus
551 647 648 706 ﬂat
692 657 752 704 ut
795 651 996 708 evadat
1023 654 1268 723 sapiens.
1298 653 1582 724 Sapientia
1605 656 1752 709 enim
1803 655 1997 710 mundi
2053 657 2224 726 hujus
2261 658 2498 712 stultitia
2525 671 2712 710 coram
2752 655 2862 709 Deo
2887 661 2972 708 est
2999 653 3066 705 °".
3115 671 3134 704 ι
3161 653 3350 705 Aehau
3379 653 3566 720 itaque

289 751 452 792 secus
475 735 532 792 in
561 737 802 807 seipsum
835 741 966 810 egit,
989 757 1114 796 cum
1151 741 1466 811 hujusmooli
1497 743 1776 812 quidpiam
1807 759 1916 797 non
1945 759 2012 798 ex
2041 747 2302 800 thesauro
2319 745 2554 806 Domini,
2579 743 2749 816 488
2793 753 2974 798 verum
2999 757 3066 796 ex
3089 741 3292 796 mundo
3311 741 3472 795 veluti
3497 755 3564 795 ex

292 821 870 882 Jerichoabstulisset.
907 829 1084 884 Porro
1111 829 1320 886 furtum
1359 829 1646 901 Scriptura
1695 833 1772 886 ait
1800 837 1982 887 tenuis
2013 848 2078 887 ac
2125 835 2262 887 varii
2313 833 2456 901 sagi,
2504 832 2814 900 chlamydis
2873 831 3001 884 item
3043 831 3340 898 variegataa
3371 827 3562 880 fuisse.

295 907 479 966 Vestis
509 912 598 966 illa
623 913 883 970 militaris
909 918 1197 972 avaritiam
1249 919 1496 974 denotat.
1547 919 1848 988 Argentum
1891 935 2022 975 νθιο
2051 923 2278 984 figuram
2331 921 2570 974 sustinet
2607 919 2942 988 splendoris,
2997 931 3166 973 aurea
3209 917 3340 970 item
3379 916 3562 984 lingua

293 999 580 1068 sapientiae
604 1000 808 1056 Graeca:
837 1013 1062 1074 propter
1089 1006 1386 1060 verborum
1418 1006 1744 1077 dignitatem
1781 1015 1836 1062 et
1867 1010 2266 1077 praestantiam,
2291 1005 2752 1077 signiﬁcationem
2787 1005 2973 1058 habet.
3493 1011 3498 1016 ’

361 1091 466 1144 Σὺν
485 1092 636 1166 πάσῃ
669 1097 962 1168 συγγενείᾳ
987 1098 1082 1152 καὶ
1119 1100 1318 1169 κτήσει
1355 1100 1552 1155 τοῦτον
1579 1095 1876 1170 ἠφάνισαν,

2054 1103 2320 1154 (laterum
2357 1115 2482 1154 cum
2519 1109 2632 1155 tota
2690 1115 2790 1155 sua
2829 1098 3161 1170 cognatione
3205 1109 3269 1152 ac
3327 1095 3562 1150 fortunis

292 1183 681 1252 ἀναγαγόντες,
706 1189 893 1258 φησὶν,
918 1191 998 1254 εἰς
1039 1191 1368 1263 Ἐμεκαχὼρ
1387 1208 1401 1224 ο
1432 1194 1572 1264 ὅπερ
1605 1193 1876 1258 ὲξέδωκαν

292 1275 590 1332 Θεοδοτίων
620 1279 715 1332 καὶ
747 1280 1066 1352 Σύμμαχος,
1098 1285 1306 1350 κοιλὰς
1363 1285 1570 1354 Ἀχώρ.
1595 1287 1789 1340 Κεῖται
1818 1285 1878 1338 δὲ

293 1368 350 1420 ἐν
373 1367 605 1440 βορείοις
641 1369 924 1442 Ἱεριχοῦς,
949 1376 1030 1436 εἰς
1053 1374 1136 1428 ἔτι
1169 1376 1266 1428 νῦν
1287 1375 1430 1429 οὕτω
1457 1377 1593 1448 πρὸς
1627 1377 1738 1430 τῶν
1757 1379 1878 1430 επι-

293 1462 510 1532 χωρίων
539 1462 852 1531 λεγόμενον.
886 1463 1069 1537 Ἀχὼρ
1098 1465 1178 1530 δὲ,
1207 1465 1542 1534 διαστροφή
1569 1465 1880 1536 ἑρμηνεύε-

291 1571 402 1608 ται.
431 1555 570 1620 Τοὺς
602 1557 660 1609 δὲ
697 1557 1193 1628 διεστραμμένους,
1237 1558 1329 1610 καὶ
1361 1560 1480 1620 ταῖς
1527 1555 1700 1618 θείαις
1731 1559 1880 1609 ἐντο-

293 1645 411 1709 λαῖς
433 1646 864 1716 ἀπειθήσαντας,
893 1650 922 1702 ὁ
943 1647 1230 1710 ἀποδιδοὺς
1254 1647 1474 1718 ἑκάστῳ
1500 1647 1641 1700 κατὰ
1657 1645 1724 1700 τὰ
1741 1646 1880 1716 ἔργα

293 1738 496 1804 αὑτοῦ,
537 1739 634 1794 καὶ
675 1739 868 1795 τούτου
908 1741 1070 1811 χάριν
1115 1741 1450 1810 ἐρχόμενος,
1486 1741 1568 1801 εἰς
1617 1739 1881 1808 φάραγγα

291 1829 384 1882 τὸν
433 1828 570 1900 ᾅδην
645 1829 902 1900 ἐμϐαλὼν
957 1830 1216 1884 ἀπολέσει
1266 1830 1474 1893 κακῶς.
1513 1830 1648 1893 Θεὸς
1691 1829 1750 1882 δὲ
1785 1829 1882 1882 καὶ

293 1917 470 1989 τιμῶν
499 1919 758 1988 ἀγαθοὺς,
791 1921 888 1974 καὶ
911 1920 1186 1992 πονηροὺς
1208 1919 1646 1990 τιμωρούμενος.
1677 1917 1744 1971 δι’
1769 1918 1881 1987 ἀμ·

295 2011 418 2078 φοῖν
437 2009 566 2074 τοὺς
601 2009 928 2082 ἀνθρώπους
979 2011 1375 2082 προτρέπεται.
1421 2011 1564 2074 Τοὺς
1607 2009 1665 2062 δὲ
1706 2026 1880 2078 προσ-

295 2100 532 2170 ήκοντας
561 2102 738 2176 Ἀχαρ
764 2103 840 2166 ὡς
859 2103 1174 2168 συνειδότας
1207 2102 1482 2158 ἀπώλεσε.
1526 2098 1634 2154 Τοῦ
1661 2100 1718 2154 δὲ
1745 2097 1882 2154 Θεοῦ

296 2193 706 2263 κατακαυθῆναι
758 2196 1206 2265 προστάξαντος,
1265 2193 1615 2256 λιθόλευστος
1669 2192 1882 2260 γίνεται

295 2281 384 2334 διὰ
411 2283 645 2353 σφοδρὰν
685 2285 862 2356 ὁρμὴν
905 2286 1002 2339 τοῦ
1049 2286 1204 2352 λαοῦ,
1241 2287 1317 2357 μὴ
1351 2285 1748 2354 ἀναμείναντος
1785 2283 1881 2336 τοῦ

299 2371 528 2428 θανάτου
575 2376 667 2430 τὸν
699 2378 904 2448 τρόπον
959 2378 1176 2449 μαθεῖν,
1233 2378 1550 2440 δεικνύντος
1598 2377 1883 2448 ἀλλότριον

301 2466 490 2520 ἑαυτὸν
519 2467 613 2522 τοῦ
643 2468 1143 2540 πλημμελήματος.
1181 2469 1324 2522 Ἀλλ’
1369 2471 1399 2522 ὁ
1441 2469 1540 2539 μὲν
1585 2467 1773 2521 δίδωσι
1802 2467 1882 2520 δίο
1915 2455 1957 2510 Β

300 2575 424 2622 κην,
457 2559 490 2626 ἡ
532 2559 590 2614 δὲ
645 2561 940 2631 συναγωγὴ
981 2562 1121 2630 πρὸς
1163 2560 1450 2614 εὐσέϐειαν
1497 2558 1882 2628 ἀσφαλεστέρα

301 2648 644 2712 καθίσταται,
665 2651 978 2722 φοϐουμένη
1009 2652 1108 2722 τὴν
1137 2651 1466 2722 ἱεροσυλίαν,
1490 2649 1566 2713 ὡς
1586 2650 1686 2720 τὴν
1711 2645 1882 2724 ἧτταν

299 2744 657 2812 γεννήσασαν.
683 2742 832 2814 Αὕτη
867 2741 924 2794 δὲ
949 2743 1062 2804 τοῖς
1103 2741 1204 2812 μὲν
1229 2741 1514 2812 πολεμίοις
1542 2740 1698 2796 οὐδὲν
1739 2741 1882 2812 μέγα

301 2835 674 2906 παρέσχηκεν,
697 2835 898 2906 ἄνδρας
931 2836 976 2889 λ’
998 2836 1096 2890 καὶ
1124 2834 1204 2902 ἓξ,
1235 2834 1332 2888 καὶ
1361 2831 1720 2888 ἀποκτείνασι
1749 2835 1884 2890 πάν-

299 2943 406 2990 τως
431 2927 556 2991 τοὺς
594 2929 652 2980 ὲν
683 2928 984 2998 ἁμαρτίαις
1014 2926 1262 2998 χείρονας
1289 2967 1304 2988 ,
1337 2926 1484 2980 ἰδίων
1523 2926 1882 2995 πταισμάτων

299 3017 601 3088 ὑπέχοντας
626 3020 684 3071 ὲν
705 3017 884 3090 καιρῷ
907 3018 1201 3089 τιμωρίαν,
1225 3017 1285 3070 οῦ
1309 3017 1758 3087 παραδεδωκότος
1781 3018 1881 3070 αὑ-

297 3109 424 3174 τοὺς
453 3109 546 3163 τοῦ
579 3109 736 3174 Θεοῦ,
771 3109 846 3180 μὴ
883 3111 1133 3179 συνήθως
1155 3109 1212 3163 δὲ
1244 3109 1620 3180 βοηθήσαντος
1641 3109 1706 3162 δι’
1733 3113 1882 3162 οἰκο-

295 3201 516 3272 νομίαν.
567 3201 709 3255 Ἀλλ’
735 3201 858 3255 οὐδὲ
897 3203 1122 3270 παρεῖδε
1157 3201 1460 3264 παντελῶς.
1497 3197 1576 3254 ἾΙ
1620 3201 1731 3272 ('57)
1773 3203 1882 3273 γὰρ

297 3291 364 3346 ἃν
397 3291 458 3344 οὐ
517 3291 766 3344 τοσοῦτοι
804 3290 968 3360 μόνον
999 3289 1302 3346 ἀπώλοντο.
1335 3291 1446 3344 Καὶ
1484 3289 1653 3359 ἄλογα
1694 3290 1752 3343 δὲ
1787 3293 1884 3345 σὺν

294 3383 526 3454 ἀψύχοις
549 3385 834 3454 ἠφάνιστο,
861 3383 935 3446 ὡς
967 3383 1300 3454 μολυνθέντα
1339 3382 1417 3453 τῷ
1459 3383 1761 3454 κλέμματι,
1790 3385 1883 3438 καὶ

298 3473 526 3546 μηδενὸς
551 3473 733 3526 αὐτῶν
783 3474 1036 3543 μετέχειν
1077 3473 1425 3541 ὀφείλοντος,
1479 3473 1576 3527 τοῦ
1621 3475 1720 3544 τῆς
1752 3475 1882 3528 ἀσε-

295 3563 452 3621 ϐείας
499 3564 766 3632 μεγέθους
821 3564 964 3617 οὕτω
1019 3564 1222 3634 μᾶλλον
1265 3565 1718 3632 ὲμφανισθέντος.
1775 3567 1883 3618 Καὶ¹

301 3653 504 3722 μᾶλλον
533 3651 602 3706 αὖ
641 3655 990 3724 ἐφοϐήθησαν
1019 3655 1258 3723 ὁρῶντες
1285 3654 1382 3708 τοῦ
1417 3655 1554 3708 Θεοῦ
1583 3657 1686 3724 τὴν
1714 3655 1882 3726 ὀργὴν

299 3745 394 3796 καὶ
423 3743 587 3814 μέχρι
607 3743 810 3796 τούτων
839 3747 1192 3814 χωρήσασαν.
1224 3745 1390 3798 Ἀλλὰ
1414 3747 1509 3800 καὶ
1535 3746 1645 3798 τῶν
1673 3747 1883 3815 Ἰεριχὼ

299 3834 518 3886 πάντων
545 3831 918 3886 ἀνατεθέντων
951 3826 1094 3902 Θεῷ,
1125 3833 1244 3896 πῶς
1273 3833 1424 3902 αὐτῷ
1455 3835 1526 3888 τὰ
1573 3833 1752 3904 κλοπῇ
1783 3849 1882 3902 μο-

299 3924 562 3978 λυνθέντα
589 3924 963 3995 παρέσχοντο;
991 3923 1086 3976 καὶ
1112 3923 1305 3992 ἕτερον
1331 3923 1390 3976 δὲ
1419 3923 1586 3976 πάλιν
1617 3923 1886 3993 ᾠκονόμει

295 4015 386 4068 διὰ
408 4013 615 4068 τούτων
669 4012 828 4076 Θεός.
885 4012 1264 4068 Πεπτωκότων
1315 4013 1426 4084 γὰρ
1475 4013 1588 4066 τῶν
1629 4013 1888 4084 Ἱεριχοῦς

298 4108 624 4176 αὐτομάτως
650 4106 927 4178 τειχῶν,ἢ
957 4107 1158 4170 πάντες
1181 4107 1230 4159 οῑ
1265 4105 1641 4176 Παλαιστίνην
1673 4105 1887 4160 οἰκοῦν-

299 4215 390 4260 τες
411 4199 606 4268 τειχῶν
630 4199 760 4251 εἵσω
785 4198 1094 4268 παρέμενον
1140 4196 1315 4250 ταῦτα
1356 4197 1552 4250 παθεῖν
1585 4197 1887 4268 προσδοκήο

303 4307 519 4354 σαντες,
555 4291 652 4344 καὶ
701 4285 770 4360 ἦν
813 4289 1002 4343 λοιπὸν
1033 4288 1267 4358 ὀχληρόν
1295 4306 1356 4342 τε
1390 4289 1482 4342 καὶ
1537 4289 1888 4360 πολυχρόνιον

301 4384 510 4454 ἑκάστῃ
539 4383 694 4436 πόλει
723 4381 816 4436 τὸν
852 4383 1017 4436 αὐτὸν
1043 4381 1364 4449 εἰσάγεσθαι
1411 4380 1614 4452 τρόπον
1639 4396 1654 4410 ·
1681 4383 1712 4452 ἢ
1751 4381 1888 4453 πρὸς

305 4474 540 4527 ἱκετείαν
573 4468 895 4543 χωρούντων
918 4474 1013 4526 ἐπὶ
1035 4473 1114 4544 τῷ
1139 4473 1382 4543 σωθῆναι
1401 4489 1416 4504 ο
1435 4473 1788 4536 δουλεύοντας
1813 4473 1888 4538 ὡς

301 4567 351 4618 cl
375 4563 740 4626 Γαϐαωνῖται,
769 4563 890 4626 δέος
915 4560 984 4634 ἦν
1004 4566 1070 4617 ὲκ
1093 4563 1190 4618 τοῦ
1223 4567 1498 4618 συνοικεῖν
1523 4565 1887 4636 μεταδοθῆναι

302 4655 404 4725 τῆς
436 4654 616 4709 αὐτῶν
648 4654 904 4718 ἀσεϐείας
935 4654 1014 4725 τῷ
1065 4655 1180 4726 λαῷ
1219 4656 1312 4710 τοῦ
1345 4655 1506 4712 Θεοῦ.
1551 4657 1644 4720 Εἰς
1677 4657 1744 4728 ἢν
1793 4657 1890 4709 καὶ

308 4749 533 4820 μηδενὸς
559 4749 898 4813 ἀπατῶντος,
921 4749 1269 4804 ὼλίσθαινον.
1311 4749 1426 4804 Νῦν
1461 4749 1518 4802 δὲ
1562 4749 1650 4802 διὰ
1671 4749 1772 4820 τὴν
1793 4743 1890 4820 ἧτ-

303 4858 402 4894 ταν
433 4839 811 4912 θαρῤήσαντες
839 4841 888 4892 ol
921 4840 1236 4909 ἀλλόφυλοι,
1271 4841 1414 4912 τύχῃ
1441 4841 1550 4894 τινὶ
1577 4841 1672 4894 καὶ
1702 4839 1888 4910 ψεύδει

303 4931 372 4984 τὰ
400 4929 664 4999 γεγονότα
693 4931 1048 5001 παρέχοντες,
1085 4931 1184 4984 καὶ
1219 4931 1498 5002 πανδημεὶ
1525 4931 1714 4984 λοιπὸν
1749 4947 1888 4985 παν-

303 5021 530 5092 ταχόθεν
559 5019 794 5086 ἐξιόντες
823 5022 1124 5086 ἀπώλοντο,
1142 5021 1356 5092 μακροῦ
1381 5021 1622 5090 πολέμου
1651 5023 1750 5075 καὶ
1771 5039 1888 5094 τρι-

1909 3797 1954 3855 ο

1979 1191 2238 1247 omnibus
2279 1207 2344 1246 ex
2388 1191 2669 1245 hominum
2703 1191 2968 1244 memoria
3017 1204 3142 1243 eum
3193 1185 3558 1248 sustulerunt,

1981 1283 2302 1346 abductum,
2359 1290 2418 1336 ut
2467 1282 2648 1336 littera
2695 1281 2880 1344 habet,
2931 1281 2984 1333 in
3037 1279 3361 1342 Emecabor,
3411 1275 3560 1345 quod

1982 1372 2320 1428 Theodotion
2353 1381 2406 1426 et
2427 1371 2816 1442 Symmachus,
2843 1386 3096 1426 cavernas
3131 1368 3332 1430 Achar,
3373 1366 3563 1420 reddi-

1979 1464 2200 1519 derunt.
2229 1462 2382 1520 Situs
2413 1481 2544 1519 vero
2567 1465 2723 1518 locus
2753 1475 2850 1520 est
2889 1477 2920 1516 a
2955 1461 3372 1533 septentrionali
3407 1465 3562 1529 parte

1979 1555 2154 1625 ipsius
2207 1553 2450 1612 Jericho.
2498 1558 2600 1622 Qui
2644 1557 2944 1612 etiamnum
2973 1555 3040 1609 ad
3065 1555 3273 1608 incolas
3307 1553 3411 1606 hoc
3459 1567 3562 1604 no-

1981 1649 2149 1704 minis
2179 1650 2414 1704 obtinet.
2451 1647 2606 1702 Licet
2641 1663 2770 1703 vero
2797 1649 2979 1702 Achor
3023 1647 3436 1716 perversitatem
3473 1645 3561 1697 in-

1985 1739 2295 1810 terpretari.
2323 1739 2458 1794 Nam
2491 1753 2802 1808 perversos.
2834 1753 2900 1793 ac
2929 1738 3313 1792 mandatorum
3343 1735 3561 1790 divino-

1981 1848 2104 1888 rum
2135 1831 2512 1895 insidiatores,
2539 1832 2584 1886 is
2607 1833 2700 1901 qui
2725 1829 3024 1903 unicuique
3047 1829 3224 1882 reddit
3257 1817 3560 1882 secundum

1982 1939 2148 1995 Opera
2183 1939 2308 1988 sua,
2337 1925 2432 1995 qui
2467 1939 2588 1978 eam
2623 1939 2842 1994 quoque
2891 1925 2964 1978 ob
3019 1937 3245 1978 causam
3298 1921 3354 1974 in
3385 1930 3563 1975 terras

1983 2013 2220 2078 redibit,
2283 2014 2340 2068 in
2395 2013 2824 2083 profunditatem
2874 2012 3230 2066 tenebrarum
3285 2011 3562 2080 proiectos

1983 2106 2127 2160 male
2167 2105 2376 2174 perdet.
2425 2104 2699 2160 Cancrum
2753 2103 2898 2160 Deus
2927 2105 3020 2174 qui
3055 2104 3256 2173 probos
3285 2102 3339 2156 in
3384 2101 3564 2172 pretio

1985 2198 2184 2264 habet,
2223 2198 2504 2268 improbos
2555 2212 2688 2252 vero
2741 2197 2924 2267 punit,
2967 2196 3256 2252 amborum
3311 2195 3563 2263 exemplo

1984 2285 2238 2342 homines
2275 2287 2342 2340 ad
2387 2294 2538 2340 recte
2589 2285 2862 2356 agendum
2909 2284 3164 2352 impellit.
3217 2283 3390 2336 Simul
3431 2298 3562 2337 vero

1985 2394 2110 2434 cum
2143 2379 2332 2432 Achan
2361 2379 2707 2448 propinquos
2739 2377 2918 2446 ipsius
2959 2375 3222 2446 perdidit,
3249 2376 3394 2446 quod
3431 2376 3562 2431 faci-

1985 2469 2136 2523 noris
2180 2468 2354 2535 ipsius
2391 2468 2598 2522 conscii
2653 2467 2910 2522 fuissent.
2951 2467 3020 2520 At
3057 2481 3182 2521 cum
3229 2465 3374 2520 Deus
3407 2468 3562 2520 flam-

1984 2575 2130 2614 mam
2157 2560 2376 2616 absumi
2405 2561 2782 2630 przecepisset.
2829 2558 3104 2628 lapidibus
3141 2558 3419 2612 obruitur.
3451 2557 3558 2612 Po-

1985 2653 2146 2722 pulus
2172 2651 2316 2708 enim
2344 2659 2566 2722 propter
2593 2650 2905 2706 affectionis
2935 2651 3332 2705 vehementiam
3363 2649 3560 2705 mortis

1983 2761 2157 2816 genus
2185 2759 2522 2814 cognoscere
2541 2759 2652 2798 non
2683 2743 2971 2809 sustinuit,
3013 2757 3181 2810 seque
3211 2743 3280 2796 ab
3303 2742 3406 2796 hoc
3427 2742 3564 2796 deli-

1985 2847 2072 2894 eto
2109 2838 2348 2892 alienum
2401 2851 2567 2899 esse.
2631 2845 2715 2891 est
2765 2843 3024 2891 testatus.
3073 2835 3563 2890 Verrunenimvero

1983 2929 2104 2998 ipse
2131 2930 2352 2998 quidem
2391 2945 2582 2996 pmnas
2619 2931 2736 2992 dat,
2765 2939 2946 2984 cintus
2973 2943 3104 2984 vero
3133 2928 3320 2997 populi
3351 2928 3418 2980 ad
3443 2927 3562 2996 pie-

1985 3030 2152 3076 tatem
2187 3023 2432 3078 redditur
2469 3023 2816 3086 instructior,
2849 3023 3108 3076 cautione
3137 3021 3410 3090 sacrilegii
3441 3029 3564 3073 tan-

1986 3129 2148 3184 quam
2180 3116 2256 3170 rei
2293 3114 2564 3184 pestiferae
2589 3115 2669 3170 eis
2695 3115 2982 3169 subeunte.
3031 3113 3289 3166 Hostibus
3319 3127 3448 3166 vero
3477 3112 3562 3164 in-
3589 3126 3592 3132 '

1986 3205 2144 3259 terim
2175 3220 2284 3260 non
2323 3206 2553 3258 umltum
2605 3207 2744 3259 lucri
2781 3205 2986 3270 attulit,
3023 3205 3246 3272 triginta
3281 3219 3376 3256 sex
3425 3202 3562 3258 viris

1983 3297 2184 3352 occisis
2211 3297 2358 3362 licet,
2390 3298 2482 3367 qui
2513 3301 2774 3368 quoniam
2811 3297 2948 3352 forte
2980 3297 3284 3350 deteriores
3317 3295 3406 3347 alii
3447 3293 3564 3348 fue-

1985 3399 2129 3454 rant,
2151 3399 2462 3460 Opportuue
2490 3405 2718 3446 suorum
2753 3389 3076 3446 delictomm
3103 3389 3320 3443 luerunt
3355 3385 3566 3456 suppli-

1985 3483 2152 3538 cium.
2177 3481 2366 3552 ltaque
2395 3485 2648 3552 quamvis
2675 3483 2815 3537 Deus
2842 3481 3060 3550 quidem
3087 3484 3238 3550 ipsos
3271 3495 3378 3532 non
3417 3479 3569 3532 abdi-

1986 3573 2146 3634 carit,
2173 3587 2268 3626 seu
2300 3573 2352 3625 in
2385 3573 2688 3640 periculum
2725 3573 2920 3626 mortis
2943 3571 3260 3638 conjecerit.
3297 3577 3450 3624 certo
3485 3578 3567 3622 ta-

1987 3677 2110 3715 men
2141 3663 2378 3717 consilio
2413 3675 2738 3718 consuetum
2781 3663 2863 3718 eis
2921 3664 3192 3716 auxilium
3255 3663 3566 3730 denegavit,
3615 3667 3622 3676 '

1986 3767 2120 3805 cura
2149 3768 2256 3807 non
2307 3755 2456 3807 omni
2488 3769 2678 3808 eorum
2729 3753 2970 3826 abjecta;
3023 3752 3225 3822 alioqui
3261 3753 3406 3805 enim
3457 3767 3568 3804 non

1991 3852 2096 3896 tam
2133 3857 2304 3911 parvo
2341 3845 2654 3912 periissent.
2697 3846 2875 3899 solum
2935 3859 3188 3898 numero.
3225 3843 3396 3897 Porro
3441 3857 3572 3896 vero

1987 3932 2148 3986 bruta
2176 3949 2396 4003 quoque
2431 3951 2556 3988 cum
2591 3935 2914 3990 inanimatis
2939 3946 3068 3991 sunt
3101 3935 3300 3996 deleta,
3333 3949 3398 3988 eo
3423 3933 3570 4003 quod

1991 4024 2137 4078 furto
2183 4027 2303 4094 ipsa
2359 4041 2579 4094 quoque
2633 4027 2748 4082 sint
2801 4029 3032 4096 polluta,
3075 4035 3128 4080 et
3176 4026 3320 4095 quod
3359 4025 3570 4079 nullum

1989 4130 2180 4170 eorum
2217 4117 2492 4186 particeps
2523 4117 2645 4186 ejus
2679 4133 2802 4172 esse
2835 4117 3110 4183 debuerit,
3163 4118 3404 4186 denique
3445 4132 3574 4172 vero

1989 4215 2048 4260 ut
2071 4205 2374 4276 impietatis
2399 4207 2716 4277 magnitudo
2745 4223 2810 4262 eo
2829 4209 3002 4278 magis
3021 4209 3379 4272 elucesceret,
3404 4209 3572 4264 adeo-

1989 4313 2096 4367 que
2135 4305 2476 4368 spectatores
2515 4301 2592 4354 rei
2636 4301 2770 4354 iram
2817 4301 2933 4364 Dpi,
2969 4317 3092 4370 qure
3129 4303 3196 4354 ad
3252 4317 3316 4354 ea
3353 4317 3572 4370 quoque

1990 4401 2266 4458 serpserat
2307 4393 2684 4448 vehementius
2733 4395 3178 4448 extimescerent.
3229 4395 3390 4462 Atqui
3445 4407 3570 4446 cum

1989 4483 2174 4536 omnia
2204 4483 2346 4537 bona
2373 4483 2598 4539 Jericho
2651 4484 2760 4539 Deo
2793 4487 2903 4541 sint
2955 4487 3176 4550 donata,
3221 4499 3329 4554 qua
3361 4487 3573 4539 ratione

1989 4587 2053 4626 ea
2097 4589 2317 4656 quoque
2362 4593 2484 4644 quae
2537 4577 2745 4632 furtum
2795 4581 3096 4656 polluerat,
3122 4581 3170 4633 ei
3202 4591 3330 4634 sunt
3356 4579 3575 4632 oblata?

1991 4668 2152 4722 Aliud
2181 4653 2310 4723 vero
2355 4671 2554 4724 iterum
2599 4673 2684 4728 his
2726 4653 3050 4728 instituebat
3089 4673 3266 4740 Deus;
3295 4691 3417 4728 nam
3447 4691 3572 4730 cum

1991 4759 2194 4812 mmnia
2220 4757 2444 4816 Jericho
2467 4765 2613 4820 ultro
2636 4767 3005 4830 corruissent,
3043 4768 3236 4822 incolae.
3273 4767 3577 4824 Palmstinat

1991 4863 2052 4904 se
2079 4849 2166 4903 vel
2201 4850 2344 4904 intra
2393 4853 2595 4907 mcenia
2640 4855 3050 4922 continuerunt,
3087 4863 3450 4929 eumileinque
3489 4859 3576 4914 sui

1989 4949 2244 4994 eventum
2288 4955 2702 5012 exspectarunt.
2748 4951 2816 5001 At
2849 4965 3011 5017 quam
3045 4950 3354 5012 moli-stum,
3387 4951 3575 5004 taedio-

1991 5045 2224 5100 sumque
2275 5033 2454 5090 cuivis
2524 5037 2732 5092 civitati
2791 5038 2941 5093 hunc
2999 5041 3220 5094 modum
3285 5055 3578 5109 capessere

305 5112 408 5183 ϐῆς
438 5111 530 5166 τὸν
573 5111 780 5182 Ἰησοῦν
828 5111 1264 5176 ἀπαλλάξαντες.
1305 5113 1543 5183 Ἔστησε
1591 5113 1700 5184 γὰρ
1737 5115 1885 5186 αὐτῷ

1991 5123 2146 5176 erat?
2173 5127 2283 5178 Aut
2315 5125 2361 5180 si
2387 5127 2666 5196 supplices
2701 5131 2954 5184 servituti
2975 5145 3034 5184 se
3068 5145 3178 5200 quo
3203 5141 3576 5194 servarentur,

221 5207 224 5210 ’
307 5203 512 5257 καὶτὸν
533 5204 688 5274 ἥλιον
718 5205 746 5256 ό
781 5203 971 5257 τούτου
1003 5203 1266 5275 ποιητὴς,
1315 5207 1382 5274 τῇ
1425 5203 1554 5278 νίκῃ
1595 5205 1752 5268 τέλος
1775 5205 1884 5259 δω-

1993 5215 2449 5282 obstrinxissent,
2481 5227 2540 5273 ut
2575 5219 2916 5288 Gabaonitac,
2958 5237 3024 5276 ne
3065 5221 3158 5276 Dei
3215 5223 3413 5294 populo
3443 5221 3579 5276 vici-

307 5293 591 5364 ρούμενος.
623 5295 686 5348 El
719 5294 901 5347 τοίνυν
928 5295 1040 5367 (58)
1067 5297 1100 5366 ή
1135 5293 1248 5348 τῶν
1289 5295 1488 5364 ὀλίγων
1529 5296 1885 5368 Ἰσραηλιτῶν

1993 5303 2162 5359 nitate
2197 5321 2352 5362 suam
2393 5308 2726 5376 impietatem
2757 5313 2810 5366 in
2835 5329 3000 5383 quam
3037 5315 3182 5367 ultro
3218 5293 3579 5368 collahehan-

306 5383 472 5455 φυγὴ,
495 5382 586 5438 τὸν
611 5383 709 5454 μὲν
729 5383 1004 5456 ἱερόσυλον
1027 5385 1126 5440 καί
1151 5385 1280 5450 τοὺς
1300 5386 1609 5452 συνειδότας
1631 5387 1883 5456 ἐκόλασε,

371 5505 392 5536 ³
425 5503 438 5556 l
466 5503 593 5560 Cor.
623 5519 708 5574 tu,
737 5505 824 5562 18.

1995 5402 2083 5450 tur
2112 5401 2630 5471 communicarent,
2687 5413 2804 5460 erat
2862 5407 3188 5476 periculum.
3239 5405 3427 5477 Itaque
3473 5405 3582 5460 ista

1815 5605 2022 5667 NOTAE
2037 5653 2050 5668 .

381 5689 492 5762 (57)
523 5687 596 5762 ᾝ
629 5693 898 5760 βρθόπερ.

383 5761 495 5832 (58)
523 5761 600 5814 Τὰ
624 5763 746 5834 ἑξῆς
779 5764 904 5834 ἄχρι
931 5763 1046 5828 τοῦ,
1069 5763 1346 5833 ἐπέθηκε,
1383 5765 1448 5820 τὰ
1479 5767 1618 5822 αὑτᾶ
1647 5771 1754 5832 τοῖς
1795 5768 1885 5822 τοῦ

1986 5771 2307 5842 οιζκουεστὶας
2339 5773 2402 5826 τὰ
2429 5775 2486 5826 ἐν
2529 5775 2640 5830 ac)"
2677 5774 2764 5830 41».
