4036 6214
560 313 697 378 1023

1857 330 2214 395 PROCOPII
2242 332 2491 395 GAZIEI

3690 344 3821 409 10Ξὶ

555 415 662 459 etc.
698 401 814 476 [ΧΙ.
844 402 927 478 8.]
957 401 1113 472 Quod
1162 420 1536 479 exposuerunt
1575 413 1746 487 490
1795 417 2033 488 reliqui,
2071 417 2139 475 ad

2245 419 2516 487 ἐξέδωκαν
2537 418 2589 474 oi
2608 419 2807 488 λοιποὶ,
2830 412 2937 484 ἓως
2957 422 3050 476 τοῦ
3073 423 3268 489 ὓδατος
3289 424 3393 497 τῆς
3410 401 3712 500 θαλάσσηςῖ

556 511 724 563 quam
756 499 927 554 maris
967 499 1123 564 item,
1154 501 1437 574 Massepba
1471 520 1669 577 usque.
1711 508 1808 565 Est
1847 526 1977 569 vero
2004 514 2141 570 civi-

556 598 644 645 tss
670 605 735 645 ea
769 591 824 646 in
856 607 964 662 qua
984 591 1181 663 .Ieplite
1206 594 1498 665 habitavit,
1523 597 1704 655 vicina
1728 601 2141 665 Ciriathearim.

557 680 617 735 In
650 698 756 752 qua
784 698 912 739 arca
943 702 1161 756 quoque
1188 698 1328 753 erat,
1350 704 1476 745 cum
1511 689 1732 748 Samuel
1765 694 1937 766 judex
1958 700 2141 757 esset.

560 774 677 828 Sita
701 785 787 831 est
816 788 999 832 autem
1026 781 1173 833 inter
1202 779 1380 837 IElias
1422 793 1476 839 et
1507 785 1831 857 Diospolim,
1864 792 1918 847 in
1946 794 2032 848 via
2073 795 2142 851 ad

557 881 767 921 nonum
806 870 1042 938 lapidem
1067 872 1247 942 posita
1284 884 1372 930 est
1398 875 1812 949 Ciriatbearim,
1840 884 2141 943 cuiwicina

560 967 649 1014 est
688 960 999 1032 Masseplia.

632 1049 755 1105 Seir
786 1053 941 1109 locus
973 1062 1059 1110 est
1090 1057 1180 1110 ubi
1218 1059 1354 1114 Esau
1390 1061 1552 1116 sedit.
1598 1062 1835 1135 Balgaad
1863 1067 1916 1122 in
1945 1082 2142 1141 campo

558 1138 750 1196 Libani
783 1147 889 1199 sita
917 1154 1022 1211 est,
1060 1148 1164 1202 sub
1195 1160 1381 1206 monte
1413 1151 1648 1210 Aﬂrmon
1681 1171 1777 1213 seu
1808 1157 2073 1216 Harmon.

633 1318 863 1376 Enakim
912 1324 1049 1381 urbs
1102 1336 1363 1384 montana
1398 1339 1505 1399 est,
1538 1335 1715 1404 posita
1760 1337 1863 1392 sub
1899 1337 2137 1397 Hebron.

557 1407 900 1482 Prmpostere
918 1432 1071 1484 vero,
1095 1438 1112 1470 ι
1136 1418 1214 1474 Ex
1239 1423 1501 1479 omnibus
1528 1428 1801 1485 montanis
1824 1428 1986 1497 Juda,
2013 1451 2032 1483 ι
2055 1433 2142 1488 in-

557 1501 999 1594 quitpnondum
1051 1510 1196 1563 enim
1249 1527 1311 1566 ea
1366 1510 1508 1567 Iuda
1569 1516 1784 1574 habuit.
1841 1518 2142 1594 Distinguit

565 1604 689 1643 vero
717 1588 913 1647 Judam
944 1604 1000 1651 et
1028 1595 1284 1654 lsraelem
1317 1604 1585 1673 scriptor,
1625 1610 1775 1678 quod
1814 1611 1906 1667 ille
1942 1588 2142 1686 sitvju-

558 1679 703 1748 nior,
753 1692 946 1752 postea
979 1690 1126 1743 enim
1174 1689 1314 1746 Juda
1368 1694 1492 1751 duae
1543 1699 1751 1765 tribus,
1795 1700 1962 1760 Israel
2011 1679 2141 1763 vero

556 1770 748 1826 decem
808 1778 1041 1832 seorsim
1102 1791 1231 1837 sunt
1262 1794 1504 1853 vocatas,
1570 1791 1678 1847 sub
1732 1790 1980 1850 Roboam
2030 1797 2141 1854 lilio

560 1862 898 1924 Salomonis.
1718 1883 1735 1891 ‘

630 1952 906 2012 Duntaxat
942 1960 996 2015 in
1027 1960 1166 2029 Aza,
1199 1963 1338 2020 Cat/1
1360 1977 1411 2021 et
1432 1969 1635 2027 Asdoth
1662 1975 1836 2031 relicti
1867 1988 2011 2045 sunt,
2032 1991 2139 2038 etc.

558 2043 699 2120 [22.]
735 2046 1014 2107 Judicium
1047 2055 1150 2112 hoc
1181 2066 1269 2113 est
1314 2070 1591 2118 sectarum
1643 2066 1789 2122 inter
1821 2043 2030 2130 ﬁdeles.
2059 2075 2141 2130 Ac

559 2149 619 2192 ut
651 2155 749 2208 per
781 2157 876 2200 eas
907 2146 1109 2203 eruditi
1144 2162 1544 2212 convertantur
1574 2156 1644 2212 ad
1683 2157 1855 2216 Deum
1888 2164 1984 2235 qui
2009 2180 2142 2237 pec-

553 2242 774 2288 earum.

624 2325 857 2400 Cumque
874 2331 995 2400 jam
1023 2334 1193 2393 Josua
1213 2344 1592 2409 consenuisset,
1619 2325 1981 2423 prosectaque
2006 2366 2141 2412 esset

2245 511 2352 577 ἕως
2382 513 2687 584 Μασσηιρά.
2715 506 2937 586 Ταύτην
2966 514 3024 569 δὲ
3068 515 3284 585 Ἰεφθάε
3318 518 3558 591 κατῴκει
3597 521 3825 594 πλησίον

2243 605 2342 676 τῆς
2375 606 2794 680 Καριαθιαρείμ
2811 624 2827 640 ·
2866 609 2923 662 ὲν
3015 608 3109 663 καὶ
3131 610 3164 680 ή
3190 609 3425 676 κιϐωτὸς
3450 608 3519 684 ἦν
3543 631 3699 680 ποτε,
3729 618 3824 670 καὶ

2243 698 2500 770 Σαμουὴλ
2525 698 2786 766 ἐδίδαξεν.
2821 701 2978 754 Ἔστι
3004 701 3064 755 δὲ
3098 702 3302 773 μεταξὺ
3328 705 3518 769 Αἱλίας
3548 708 3645 761 καὶ
3672 710 3827 763 Διοσ-

2243 789 2454 854 πόλεως
2491 791 2586 845 ἐπὶ
2618 790 2721 861 τῆς
2755 792 2878 845 ὀδοῦ
2906 792 3163 864 κειμένη.
3190 793 3267 858 ὼς
3302 795 3412 849 ἀπὸ
3442 799 3689 869 σημείων
3710 797 3753 854 θ’
3787 801 3825 872 ή

2242 880 2675 955 Καριαθιαρεὶμ,
2706 877 2777 956 ἦς
2796 885 2994 953 γείτων
3020 886 3054 959 ἠ
3098 887 3402 960 Μασσηφά.

2316 1063 2472 1117 Ἔστι
2503 1063 2668 1136 Σηεὶρ
2700 1063 2830 1119 ἔνθα
2874 1065 3118 1137 κατῴκει
3156 1066 3350 1122 Ἡσαῦ.
3392 1069 3643 1140 Βαλαγὰδ
3672 1071 3731 1125 δὲ
3764 1073 3828 1127 ιν

2238 1152 2319 1225 τῷ
2351 1153 2521 1228 πεδίῳ
2548 1155 2643 1209 τοῦ
2672 1156 2905 1212 Λιϐάνου
2942 1162 3120 1214 κεῖται
3169 1159 3276 1214 ὑπὸ
3306 1160 3369 1215 τὸ
3406 1161 3534 1233 δρος
3565 1163 3627 1218 τὸ
3666 1165 3824 1238 ’Δερο

2332 1267 2382 1304 ν.

2242 1267 2557 1413 μωἘνακὶμ
2595 1343 2749 1409 πόλις
2785 1345 2973 1420 ὀρεινὴ
3017 1349 3247 1407 τελοῦσα
3282 1352 3388 1406 ὑπὸ
3431 1353 3681 1426 Χεϐρών.
3732 1357 3839 1433 Ἐξ

2240 1429 2444 1495 παντὸς
2461 1431 2517 1484 δὲ
2532 1431 2692 1503 δρους
2714 1433 2884 1488 Ἰούδα
2904 1456 2923 1488 s
2941 1438 3096 1508 φησὶ,
3111 1439 3211 1504 τὰς
3223 1441 3435 1513 ὲνορίας
3457 1442 3644 1496 ἐκτῶν
3666 1429 3831 1498 ὕστεξ

2242 1538 2335 1592 ρον
2382 1522 2587 1579 καλῶν.
2618 1523 2786 1579 Οὔπω
2832 1528 2942 1599 γὰρ
2970 1529 3065 1583 νῦν
3098 1526 3248 1602 εἶχεν
3286 1532 3477 1603 αὐτήν.
3514 1534 3830 1590 unum“

2213 1611 2294 1689 iis
2330 1613 2422 1666 τὸν
2470 1613 2674 1670 Ἰούδαν
2730 1618 2826 1671 καὶ⁵
2872 1619 2965 1674 τὸν
3008 1621 3228 1695 Ἰσραὴλ
3274 1626 3304 1678 ὁ
3353 1629 3709 1696 συγγραφεὺς
3751 1627 3832 1692 ὡς

2242 1703 2528 1777 νεώτερος.
2566 1707 2839 1782 Ὕστερον
2867 1710 2977 1783 γὰρ
3018 1713 3223 1779 Ἰούδας
3259 1714 3381 1785 μὲν,
3409 1718 3465 1770 at
3489 1717 3598 1771 δύω
3623 1718 3829 1788 φυλαίο

2258 1798 2476 1872 Ἰσραὴλ
2529 1800 2609 1868 δὲ,
2661 1803 2717 1857 αί
2770 1803 2905 1858 δέκα
2956 1806 3269 1879 ἐκλήθησαν
3311 1810 3405 1863 ἐπὶ
3442 1810 3678 1882 Ῥοϐοάμ
3730 1810 3829 1865 τοῦ

2244 1893 2362 1947 υἱοῦ
2388 1893 2750 1964 Σολομῶντος.

2312 1984 2507 2042 ⁹Τοῦτο
2539 1991 2770 2059 σημεῖον
2808 1988 2921 2044 τῶν
2946 1989 3132 2055 ῖέθνῶν
3160 1993 3256 2048 καὶ
3283 1993 3550 2065 αἱρέσεων
3576 1995 3688 2049 τῶν
3732 2013 3834 2067 με·

2241 2077 2375 2145 ταξὺ
2402 2078 2512 2131 τῶν
2546 2080 2752 2133 πιστῶν
2771 2096 2786 2111 ⁸
2819 2083 2917 2136 καὶ
2960 2082 3050 2138 ἵνα
3091 2083 3159 2139 δι’
3209 2085 3392 2140 αὐτῶν
3440 2086 3829 2157 παιδευόμενοι

2241 2168 2614 2242 ἑπιστρέφωσι
2645 2172 2782 2245 πρὸς
2821 2172 2956 2229 Θεδν
2987 2175 3401 2247 ἁμαρτάνοντες
3446 2179 3581 2251 (Η).
3621 2178 3831 2234 ’Δσδὼδ

2240 2262 2299 2317 δὲ
2335 2264 2596 2329 Ἀζωτος.

2311 2354 2426 2409 Καὶ
2490 2357 2721 2426 Ἰησοῦς
2776 2360 3185 2429 πρεσϐύτερος
3241 2360 3622 2431 προϐεϐηκὼς
3678 2362 3828 2433 ἠμε-

555 2418 758 2482 ωιαιὶε,
793 2422 929 2476 dixit
954 2424 1212 2485 Dominus
1251 2432 1322 2486 ad
1343 2450 1465 2490 eum
1491 2452 1510 2491 :
1537 2437 1616 2493 Tu
1640 2442 1762 2510 jam
1782 2418 1942 2500 senex
1961 2447 2139 2517 factus

2245 2446 2363 2515 ρῶν
2391 2448 2529 2518 (42).
2550 2418 2561 2425 ’
2582 2418 2713 2505 Καὶ-
2745 2418 2877 2507 εἷλε
2940 2418 3177 2522 Κύρῖοςί
3207 2418 3360 2522 πρὸς
3426 2418 3677 2524 Ἰησοῦν
3694 2418 3830 2516 ῗΣὺ

553 2526 608 2564 es
635 2524 998 2585 prosectaque
1045 2526 1244 2590 aetatis,
1289 2534 1401 2585 etc.
1436 2527 1611 2602 [ΧΙΙΙ.
1647 2535 1729 2608 1.]
1759 2535 1817 2592 ln
1855 2540 2141 2609 Scriptura

553 2615 666 2657 non
724 2606 1053 2674 simpliciter
1101 2614 1335 2686 longaevi
1395 2623 1650 2681 seniores
1710 2606 2137 2702 nuncupantur;

552 2705 745 2749 verum
780 2698 876 2767 qui
914 2699 984 2756 ob
1013 2704 1361 2771 prudentiam
1391 2709 1605 2768 honore
1628 2715 1780 2788 digni
1815 2698 1966 2787 sunt,
1997 2698 2138 2779 vita;

554 2799 680 2855 qua:
732 2791 969 2848 cmlesti.
1019 2793 1376 2869 Quapropter
1414 2819 1517 2859 nec
1549 2806 1746 2875 Adam,
1790 2827 1893 2868 nec
1927 2814 2144 2872 Mathu-

553 2879 693 2946 sala,
718 2896 819 2938 nec
849 2882 966 2940 Nne
990 2888 1210 2955 quidem
1240 2893 1516 2951 seniorem
1539 2897 1701 2960 dixit.
1732 2916 1876 2972 quos
1901 2908 2141 2965 maxime

552 2977 1158 3035 conveniebat..Verum
1185 2982 1488 3054 longaevum
1507 2988 1882 3051 Abraliamum
1901 2998 2139 3065 primum

2240 2545 2613 2612 προϐέϐηκας
2636 2543 2759 2599 τῶν
2798 2545 3058 2615 ἡμερῶν.
3095 2547 3210 2617 Οὐχ
3243 2547 3430 2612 ἁπλῶς
3467 2549 3517 2601 ei
3556 2546 3830 2618 πολυχρό-

2240 2647 2346 2684 νιοι
2366 2631 2618 2699 λέγονται
2640 2634 3089 2706 πρεσϐύτεροιτῇ
3116 2636 3330 2706 Γραφῇ,
3356 2635 3474 2692 ἀλλ’
3495 2636 3544 2690 oi
3565 2637 3829 2709 φρόνημα

2241 2720 2462 2792 ἔχοντες
2504 2723 2656 2791 ἄξιον
2683 2724 2854 2796 τιμῆς
2879 2728 3210 2795 ἐπουρανίου
3248 2727 3671 2799 πρεσϐυτερίου.
3697 2730 3826 2783 Τοι-

2241 2814 2450 2884 γαροῦν
2476 2814 2603 2870 οὔτε
2629 2816 2723 2870 τδν
2748 2817 3081 2889 Ἀδὰμ,οὖτε
3095 2818 3189 2873 τὸν
3224 2818 3575 2882 Μαθουσάλα,
3591 2817 3830 2873 οὖτετδν

2241 2906 2365 2961 Νῶε
2405 2909 2780 2982 πρεσϐύτερον
2817 2910 3062 2982 εἰρηκεν,
3085 2910 3179 2975 οὓς
3213 2911 3411 2983 μᾶλλον
3452 2911 3644 2984 ἐχρῆν,
3688 2912 3829 2968 ἀλλὰ

2242 2999 2334 3052 τὸν
2364 2999 2879 3073 ὀλιγοχρονιώτερον
2913 3001 3169 3072 Ἀϐραὰμ
3198 3001 3417 3072 πρῶτον
3440 2996 3562 3055 εἷπε
3590 3000 3833 3074 πρεσϐύ-

554 3067 854 3134 appellavit
890 3070 1189 3129 seniorem.
1215 3076 1297 3129 Ad
1342 3074 1529 3133 Mosen
1566 3095 1733 3150 porro
1761 3086 1926 3140 etiam
1959 3087 2139 3158 inquit

2245 3077 2423 3160 τεροῖο.
2454 3067 2567 3145 κὰὶ
2601 3092 2737 3164 πρὸς
2769 3067 3096 3148 λίωῦσέα-δέ
3128 3067 3263 3164 ιρησι
3293 3092 3530 3164 Κύριοςο
3568 3111 3588 3144 ι
3628 3067 3829 3147 ίεκλε-

557 3156 825 3217 Dominus
859 3180 874 3217 :
909 3183 928 3215 ι
977 3164 1163 3238 Delige
1197 3169 1297 3224 tibi
1332 3187 1399 3227 ex
1440 3183 1646 3230 cuncto
1696 3180 1903 3248 populo
1947 3156 2135 3239 senio-

554 3265 667 3315 res,
721 3270 863 3324 quos
893 3265 951 3311 tu
996 3258 1118 3328 ipse
1167 3276 1295 3318 vere
1333 3265 1584 3323 seniores
1623 3283 1748 3325 esse
1793 3286 2135 3344 compertum

556 3345 728 3402 habes
755 3348 819 3403 “.
862 3369 880 3403 ι
917 3349 1075 3417 Quod
1109 3352 1157 3408 si
1199 3369 1331 3410 vero
1366 3360 1753 3426 peccatoribus
1789 3363 1894 3419 hoc
1937 3382 2136 3425 nomen

558 3434 847 3509 Scriptura
896 3443 1355 3511 tribuitalicubi,
1407 3465 1518 3506 non
1551 3452 1672 3508 sine
1706 3457 2139 3523 reprehensione

557 3531 640 3593 ﬁt,
673 3534 836 3602 quale
878 3534 1013 3591 illud
1055 3536 1231 3607 ipsius
1280 3541 1499 3597 Domini
1530 3551 1659 3599 est:
1696 3564 1716 3599 ι
1760 3548 1821 3603 ln
1858 3548 2136 3617 judicium

556 3622 876 3691 descendet,
929 3642 1055 3683 eum
1115 3631 1464 3700 senioribus,
1522 3643 1579 3691 et
1637 3638 1984 3711 principibus
2041 3658 2138 3714 po-

558 3716 759 3787 puli".
801 3736 820 3770 s
861 3719 940 3774 Ad
968 3721 1226 3778 eumdem
1260 3740 1395 3781 sane
1437 3729 1659 3784 modum
1706 3743 1978 3802 provecta:
2006 3747 2140 3791 asta-

556 3808 628 3861 tis
653 3822 776 3863 esse
805 3809 874 3865 de
905 3813 1118 3869 sanctis
1156 3815 1291 3870 dicit
1321 3832 1338 3872 :
1384 3835 1405 3869 ‹
1449 3816 1646 3876 Nullus
1675 3823 1819 3877 enim
1854 3832 2005 3881 retro
2046 3842 2139 3884 re-

558 3912 775 3965 versus,
804 3910 888 3957 est
914 3913 1230 3973 provectus.
1273 3927 1293 3960 ι
1330 3908 1535 3966 Verum
1559 3913 1607 3969 si
1634 3915 1762 3985 quis
1795 3933 1977 3973 rerum
2009 3930 2135 3991 post

556 4001 618 4042 se
649 3990 882 4054 oblitus,
924 3991 993 4047 ad
1022 4009 1118 4050 eas
1150 4012 1273 4066 quas
1303 4007 1433 4055 ante
1463 4015 1524 4057 se
1556 4011 1686 4057 sunt
1707 3990 2017 4061 contendit.

567 4136 575 4141 ,
625 4078 915 4151 Restatque
942 4084 1118 4139 adhuc
1151 4086 1440 4143 admodum
1476 4094 1649 4147 multa
1681 4104 1826 4150 terra
1858 4114 2018 4168 quam
2048 4117 2140 4156 oc-

555 4175 781 4239 cupetis.
823 4172 1089 4241 Quamvis
1133 4193 1302 4248 supra
1338 4179 1525 4237 dixit:
1564 4203 1582 4236 ι
1631 4183 1698 4238 Ει
1739 4194 1888 4241 terra
1920 4198 2139 4247 vastata

557 4265 682 4334 igne
707 4274 792 4321 est
821 4267 1073 4324 confecta
1099 4270 1165 4324 ηδ.
1209 4290 1228 4323 ι
1277 4271 1411 4327 Item
1440 4275 1587 4343 quod
1630 4274 1802 4333 Josue
1826 4282 1970 4350 cepit
1999 4298 2139 4338 cun-

556 4371 699 4418 ctam
732 4374 960 4418 terram.
1007 4364 1309 4419 Considera
1358 4378 1539 4421 autem
1575 4368 1791 4453 Domini
1832 4371 1964 4428 Jesu
1994 4376 2141 4444 prio-

558 4469 669 4508 rem
700 4453 922 4522 quidem
956 4461 1116 4509 εει-ναξ
1144 4457 1630 4524 expugnationem,
1664 4450 1885 4530 quando
1909 4466 2137 4521 verbum
2174 4450 2216 4505 Ῐ)

556 4562 716 4602 suum
743 4561 840 4616 per
872 4555 1048 4600 totum
1085 4546 1274 4599 orbem
1319 4550 1545 4617 sparsit.
1592 4549 1651 4605 lu
1682 4567 1750 4607 eo
1793 4556 1937 4610 enim
1988 4561 2137 4629 quod

556 4638 839 4693 dmmoucs
888 4637 946 4691 in
991 4651 1326 4706 unaquaque
1385 4650 1548 4709 gente
1597 4647 1924 4715 superavit,
1961 4650 2141 4721 iisque

556 4730 733 4802 pulsis
768 4730 998 4784 verbum
1050 4745 1213 4785 suum
1259 4747 1355 4801 per
1399 4731 1680 4792 Ecclesias
1715 4740 1939 4808 sparsit,
1973 4745 2137 4800 unica

557 4837 622 4878 ac
654 4823 806 4892 prior
834 4820 967 4879 Jesu
1003 4823 1236 4878 victoria
1268 4827 1547 4881 consistit.
1579 4829 1647 4883 At
1671 4830 1805 4885 mihi
1837 4835 2139 4891 secundam

555 4924 679 4986 post
707 4914 857 4969 illam
890 4915 1035 4981 vide,
1069 4917 1291 4987 quando
1337 4920 1527 4976 multis
1575 4922 1929 4991 portionibus
1958 4926 2140 4983 adhuc

554 5008 768 5064 relictis
809 5016 1012 5064 cuncta
1045 5011 1351 5080 superabit.
1385 5010 1660 5079 Quocirca
1705 5016 1872 5084 priori
1912 5018 2135 5089 quidem

554 5097 715 5161 illud,
746 5109 959 5157 vastata
985 5105 1260 5173 congruit,
1295 5104 1557 5160 secundae
1597 5122 1731 5161 vero
1766 5108 1924 5176 illud,
1967 5110 2139 5165 multa

553 5190 732 5247 valde.
786 5191 1171 5249 Verumtamen
1233 5196 1501 5251 fortunati
1551 5212 1744 5255 omnes
1800 5201 1894 5271 qui
1956 5203 2140 5272 priore

556 5286 851 5354 praesentia
884 5296 1015 5345 sunt
1070 5289 1338 5359 superati.
1377 5288 1531 5345 Hauc
1579 5292 1724 5347 enim
1766 5293 1998 5362 gratiam
2032 5296 2135 5349 ha-

557 5376 710 5445 bent,
764 5379 913 5451 quod
966 5381 1155 5437 multis
1205 5381 1388 5438 adhuc
1437 5385 1844 5443 reluctantibus
1900 5386 2137 5458 imperio

631 5557 674 5589 "
708 5558 871 5613 Num.
905 5573 984 5622 χι,
1018 5557 1105 5612 16.
1183 5558 1227 5589 ¹³
1255 5557 1362 5613 lsa.
1391 5575 1472 5627 ιιι,
1510 5561 1598 5614 lt.
1678 5561 1722 5593 “
1744 5560 1913 5619 Josuc
1940 5579 2019 5631 XI,
2057 5562 2147 5620 l6.

2243 3179 2334 3249 ξαι
2355 3180 2568 3255 σεαυτῷ
2610 3184 2719 3238 ἀπὸ
2747 3185 2950 3249 παντὸς
2970 3185 3064 3239 τοῦ
3109 3185 3240 3240 λαοῦ
3279 3184 3706 3256 πρεσϐυτέρους.
3734 3183 3830 3250 οὓς

2241 3273 2404 3338 αὐτὸς
2445 3275 2510 3328 σὺ
2540 3270 2710 3342 οἶδας,
2741 3276 2822 3331 ὅτι
2866 3275 3232 3349 πρεσϐύτεροί
3273 3278 3433 3331 εἰσιν.
3467 3295 3487 3329 s
3516 3277 3582 3330 El
3611 3276 3673 3331 δέ
3724 3294 3830 3333 mu

2240 3364 2390 3432 λέγοι
2420 3363 2581 3420 τοῦτο
2620 3368 2750 3433 περὶ
2788 3367 3118 3439 ἁμαρτωλοῦ
3159 3370 3192 3440 ἡ
3229 3368 3443 3440 Γραφὴ,
3494 3368 3615 3438 μεθ’
3645 3370 3832 3425 ὑποτι-

2244 3455 2466 3526 μήσεώς
2503 3474 2707 3528 φησιν·
2763 3477 2783 3511 ι
2817 3453 2966 3525 Οἷον,
3017 3460 3178 3525 αὐτὸς
3221 3462 3250 3516 δ
3297 3461 3503 3531 Κύριος
3532 3462 3614 3526 είς
3646 3463 3829 3532 κρίσιν

2239 3546 2359 3619 ἥξει
2408 3548 2548 3619 μετὰ
2578 3549 2689 3603 τῶν
2719 3549 3135 3620 πρεσϐυτέρων,
3179 3550 3276 3604 καὶ⁵
3321 3549 3460 3621 μετὰ
3485 3550 3597 3603 τῶν
3627 3550 3828 3620 ἀρχόν-

2239 3655 2350 3693 των
2406 3639 2503 3693 τοῦ
2556 3640 2710 3696 λαοῦ.
2745 3660 2766 3695 s
2820 3640 3053 3711 Ὁμοίως
3086 3640 3145 3696 δὲ
3185 3641 3282 3696 καὶ
3325 3641 3389 3695 τδ
3420 3640 3826 3713 προϐεϐηκέναι

2241 3734 2363 3796 ταῖς
2391 3733 2632 3805 ἡμέραις
2670 3734 2766 3787 ἐπὶ
2799 3734 2973 3802 ἁγίων
3011 3734 3423 3805 φησίνοούδεὶς
3454 3734 3567 3806 γὰρ
3596 3734 3829 3807 στρεφό-

2245 3841 2406 3895 μενος
2452 3826 2534 3890 είς
2578 3824 2647 3879 τὰ
2690 3825 2892 3893 ὀπίσω,
2938 3827 3317 3899 προϐέϐηκεν·
3362 3825 3480 3882 ἀλλ’
3507 3826 3565 3879 εἴ
3598 3843 3686 3909 τις
3715 3829 3829 3890 τοῖς

2241 3916 2554 3988 ἔμπροσθεν
2605 3917 3002 3984 ἐπεκτείνεται,
3057 3918 3169 3973 τῶν
3216 3916 3445 3972 δπισθεν
3476 3916 3837 3972 ἐπιλανθανό-

2286 4025 2426 4073 esse.

2244 4027 2420 4154 μεέἆὶ
2444 4100 2483 4167 ἡ
2515 4099 2590 4169 τῆ
2619 4100 3057 4156 ὑπολέλειπται
3081 4101 3287 4169 πολλὴ
3337 4099 3597 4170 σφόδρα.
3632 4100 3838 4154 Καίτοι

2243 4195 2495 4264 προεῖπε,
2518 4212 2536 4245 ι
2560 4194 2670 4245 Καὶ
2690 4195 2723 4265 ὴ
2749 4193 2818 4263 γῆ
2836 4194 3152 4248 κατέπαυσε
3166 4194 3296 4248 πολε
3307 4210 3407 4264 μου
3416 4194 3577 4264 μένη,
3603 4212 3625 4246 ι
3643 4194 3829 4247 καὶὸτι

2240 4286 2270 4339 δ
2298 4284 2505 4357 Ἰησοῦς
2530 4284 2692 4338 ἔλαϐε
2725 4287 2909 4341 πᾶσαν
2937 4285 3037 4358 τὴν
3065 4287 3190 4357 γῆν.
3220 4287 3352 4340 Νόει
3384 4286 3561 4341 τοίνυν
3587 4286 3686 4339 τοῦ
3718 4287 3831 4339 Κυα-

2246 4376 2367 4448 ρίου
2416 4376 2595 4447 Ἰησοῦ
2630 4377 2909 4448 προτέραν
2958 4378 3057 4447 μὲν
3115 4378 3385 4449 κράτησιν
3434 4377 3536 4447 τῆς
3566 4378 3691 4448 τῆς,
3738 4379 3827 4431 ὅτε

2246 4469 2471 4539 ἔσπειρε
2504 4468 2596 4523 τὸν
2630 4456 2792 4538 λόγον
2820 4462 2991 4524 αὑτοῦ
3016 4472 3097 4534 είς
3129 4471 3311 4523 πᾶσαν
3345 4470 3447 4540 τὴν
3474 4470 3827 4540 οἰκουμένην.

2246 4563 2337 4634 Τῷ
2365 4562 2474 4632 γὰρ
2504 4561 2915 4633 κεκρατηκέναι
2965 4562 3110 4632 τάχα
3156 4561 3267 4615 τῶν
3305 4563 3364 4615 ὲν
3413 4563 3632 4631 ἑκάστῳ
3683 4562 3829 4616 ἔθνει

2246 4656 2554 4727 Δαιμόνων,
2586 4653 2857 4709 ἀπελάσαι
2884 4671 2943 4708 τε
2980 4653 3237 4717 τούτουςς
3271 4652 3494 4724 ἔσπειρε
3534 4653 3630 4707 τδν
3671 4654 3831 4721 λόγον

2245 4750 2326 4813 είς
2360 4750 2460 4813 τὰς
2497 4747 2848 4819 Ἐκκλησίας,
2874 4746 3022 4817 Αὕτη
3061 4746 3159 4817 μία
3186 4747 3453 4820 κράτησις
3489 4745 3584 4799 τοῦ
3629 4746 3828 4817 Ἰησοῦ.

2248 4841 2357 4894 Ἴδε
2392 4838 2601 4912 μοικαὶ
2627 4840 2713 4892 ἐπ’
2741 4839 2924 4911 ἐκείνῃ
2953 4837 3235 4908 δευτέραν,
3257 4838 3346 4891 ὅτε
3377 4837 3597 4890 πάντων
3625 4838 3830 4909 κρατη-

2243 4950 2345 4999 σει,
2399 4930 2614 4986 πολλῶν
2654 4930 2751 4986 νῦν
2804 4932 3010 5003 μορίων
3062 4928 3511 5000 ὑπολειπομένων
3561 4928 3662 4998 τῆς
3700 4930 3824 4997 γῆς.

2243 5024 2336 5079 Διὸ
2378 5028 2444 5097 τῇ
2493 5024 2591 5095 μὲν
2620 5024 2871 5095 προτέρᾳ
2895 5025 2974 5089 τὸ,
3007 5022 3417 5093 πολεμουμένῃ,
3462 5020 3785 5092 πρόσκειται
3807 5035 3825 5049 ⁸

2241 5119 2308 5189 τῇ
2365 5116 2424 5170 δὲ
2472 5116 2723 5189 δευτέρᾳ,
2776 5117 2856 5182 τὸ,
2916 5115 3087 5188 πολλὴ
3130 5115 3357 5186 σφόδρα.
3385 5113 3530 5183 Πλὴν
3564 5113 3828 5184 μακάριοι

2244 5208 2447 5273 πάντες
2491 5209 2541 5262 oi
2596 5210 2655 5261 ἐν
2709 5211 2777 5280 τῇ
2831 5206 3023 5279 πρώτῃ
3078 5206 3353 5277 παρουσίᾳ
3398 5204 3821 5275 κεκρατημένοι.

2242 5297 2420 5368 Χάρις
2451 5298 2560 5370 γὰρ
2594 5298 2798 5364 αὐτοῖς,
2825 5299 2909 5352 ὅτι
2939 5296 3151 5355 πολλῶν
3174 5296 3255 5351 έτι
3281 5294 3666 5365 πολεμούντων
3698 5295 3827 5347 ὑπο-

2242 5388 2561 5445 τάσσονται.
2620 5390 2684 5443 Oi
2713 5390 2824 5463 γὰρ
2871 5389 2965 5443 ἐπὶ
2988 5376 3088 5461 τῆς
3120 5388 3382 5460 δευτέρας
3426 5387 3644 5462 ἀνάγκῃ
3694 5402 3826 5459 κρα·

2050 5671 2285 5729 NOTAE.

630 5766 743 5836 (il)
765 5764 845 5819 Τὰ
866 5765 1126 5821 αὑτὰ-καὶ
1155 5767 1181 5819 ὁ
1206 5764 1447 5837 Προκὸπ.
1473 5767 1529 5818 ὲν
1560 5765 1636 5835 τῷ
1657 5768 1752 5837 τῆς
1806 5769 1941 5837 Δύγ.
2000 5766 2130 5823 κώδ.

2234 5766 2347 5840 (5‘3)
2378 5766 2499 5823 Τῶν
2530 5766 2771 5839 ἡμερῶν.
2798 5764 2862 5821 Ai
2885 5765 3007 5821 αὐτ.
