4036 6214
217 297 358 366 1025

1355 296 1896 361 COMMENTARII
1929 296 2014 359 IN
2049 295 2305 358 JOSUE.
2359 349 2370 362 .

3361 293 3504 358 1026

215 415 458 478 τοῦνται,
489 413 563 479 ὡς
597 413 692 469 καὶ
728 415 818 468 τὸν
848 413 1078 486 ἔσχατον
1110 411 1304 484 ἐχθρὸν
1340 411 1570 468 θάνατον
1595 425 1804 481 καταρ-
1835 461 1837 468 .

1943 409 2130 463 tomini
2158 407 2272 477 jam
2307 405 2590 462 fruuntur.
2625 405 2732 460 Alii
2761 405 2908 460 enim
2946 417 3089 476 quos
3119 405 3360 460 secn'nda
3405 417 3498 461 ue-

217 508 478 579 γηθῆναι.
505 508 690 562 Πάντα
728 507 784 562 δὲ
817 507 1034 580 πρῶτον
1060 506 1131 560 τά
1161 505 1314 576 ἔθνη,
1344 504 1487 559 καθά
1519 504 1672 557 δοκεῖ·
1694 504 1807 566 τοῖς

220 600 558 672 προφήταις.
589 599 694 654 ἀπὶ.
728 600 983 672 περάτων
1011 597 1119 664 ἕως
1147 597 1404 670 περάτων
1428 597 1529 667 τῆς
1555 595 1813 666 οἰκουμέ-

220 708 322 764 νης
349 691 778 762 ὑποταγήσεται.

297 953 521 1008 Πολλῶν
551 954 658 1009 τῶν
696 957 1156 1030 ὑποτασσομένων
1181 957 1591 1029 ὀνομασθέντων
1618 957 1812 1024 ἐθνῶν,

230 1047 324 1102 ἐπὶ
353 1049 532 1118 μόνων
573 1049 680 1103 τῶν
712 1052 982 1106 Σιδωνίων
1028 1054 1215 1125 φησὶν,
1249 1053 1324 1116 ὡς
1360 1071 1378 1104 ι
1420 1052 1818 1124 Ἐξολοθρεύσω

233 1143 432 1206 αὐτοὺς
466 1133 574 1197 ἀπὸ
603 1145 904 1215 προσώπου
948 1147 1060 1200 τῶν
1088 1148 1221 1200 υἱῶν
1263 1145 1500 1218 Ἰσραήλ.
1547 1165 1566 1198 ι
1619 1147 1691 1199 Ἢ
1714 1163 1822 1200 ιιοι⁹

233 1233 323 1288 νὸν
359 1233 524 1287 τοῦτο
555 1237 698 1290 κατά
738 1237 958 1292 πάντων
990 1238 1286 1310 λαμϐάνων
1306 1257 1320 1272 ·
1368 1238 1402 1310 ἢ
1440 1240 1627 1312 ἐπειδὴ
1656 1238 1822 1294 Σιδώ-

233 1343 338 1380 νιοι
394 1327 813 1397 ὲρμηνεύονται,
862 1333 1162 1400 θηρευταί.
1217 1332 1407 1384 Πᾶσαν
1436 1331 1544 1402 γὰρ
1592 1331 1822 1402 δύναμιν

237 1419 577 1492 θηρεύουσαν
607 1421 788 1492 ψυχὰς
811 1423 1118 1492 ἀνθρώπων
1144 1423 1538 1494 ὲξολοθρεύσει.
1569 1425 1680 1478 Καὶ
1701 1425 1824 1477 τότε

241 1512 470 1584 μηδενὸς
531 1512 683 1576 δντος
755 1513 1110 1585 θηρεύοντος,
1166 1515 1542 1571 ἀναπαύσεται
1594 1517 1825 1581 ἕκαστος

240 1605 630 1676 ὑποκάτιο’τῆς
659 1607 909 1676 ἀμπέλου
955 1607 1144 1675 αὐτοῦ,
1182 1609 1280 1662 καὶ
1309 1608 1568 1663 ὑποκάτω
1609 1611 1710 1681 τῆς
1741 1627 1829 1663 συ-

239 1695 343 1766 κῆς
365 1695 555 1750 αὑτοῦ.

311 1787 454 1840 Δότε
481 1787 552 1852 ἐξ
576 1785 748 1858 ἡμῶν
781 1790 940 1858 τρεῖς
965 1788 1189 1859 ἄνδρας
1219 1793 1370 1846 κατὰ
1395 1793 1622 1862 φυλήν.
1661 1793 1826 1865 Δῆλον

241 1879 324 1932 ὃτι
359 1882 742 1952 γεωμετρικῆς
769 1885 1160 1954 ἐπιστήμονας,
1191 1885 1284 1938 καὶ
1313 1886 1536 1950 ἱκανοὺς
1565 1887 1828 1957 ποιότητα

241 1973 346 2043 γῆς
383 1974 684 2028 ἀντιθεῖναι
719 1978 1000 2046 ποσότητι.
1032 1977 1142 2031 Καὶ
1177 1979 1316 2032 κατά
1347 1979 1408 2032 τὸ
1441 1979 1674 2049 μέγεθος
1699 1981 1830 2034 ἐκά-

245 2081 376 2134 στης
409 2066 583 2136 φυλῆς
627 2067 876 2140 ἀφώρισε
917 2069 1044 2133 τοὺς
1077 2071 1314 2142 κλήρους
1351 2072 1380 2123 ὁ
1425 2070 1654 2140 Ἰησοῦς.
1709 2072 1830 2137 Ἐξ-

241 2155 400 2210 έσται
429 2157 486 2210 δὲ
520 2159 596 2228 τῷ
623 2157 933 2231 βουλομένῳ
951 2161 1083 2232 παρ’
1109 2163 1372 2232 Ἰωσήπου
1400 2162 1588 2216 λαϐεῖν
1606 2163 1714 2216 ἀπὸ
1735 2163 1830 2216 τοῦ

247 2247 502 2318 πέμπτου
543 2249 702 2319 λόγου
755 2250 849 2304 τοῦ
901 2245 1030 2322 περὶ
1075 2253 1465 2322 ἀρχαιολογίας
1513 2255 1568 2306 εί
1605 2271 1657 2307 τι
1703 2253 1830 2326 περὶ

246 2340 346 2412 τῆς
375 2343 700 2413 ἐκφράσεως
734 2342 844 2396 τῶν
877 2342 1099 2413 κλήρων
1127 2345 1274 2412 λέγει
1309 2345 1666 2416 σαφέστερον.

319 2431 672 2501 Χειμάρρουν
697 2431 754 2484 δὲ
782 2432 1060 2500 Αἰγύπτου
1116 2431 1210 2506 τδν
1258 2432 1687 2504 Ῥινοκορούρων
1725 2451 1832 2504 φη-

251 2520 326 2575 σί.
355 2522 494 2574 Καθ’
535 2521 731 2593 ἑτέραν
754 2523 812 2576 δὲ
850 2524 1004 2589 τάξιν
1033 2524 1163 2587 τοὺς
1215 2525 1456 2596 κλήρους
1503 2526 1832 2597 ἠρίθμησεν.

265 2612 458 2666 Ἰστέον
480 2611 559 2676 δὲ,
587 2613 665 2678 ὠς
699 2613 769 2666 τὰ
795 2617 926 2684 περὶ
955 2615 1182 2679 Σιδῶνα,
1204 2616 1299 2669 καὶ
1347 2616 1692 2686 Ἀρυκαίους,
1743 2620 1838 2672 καὶ

265 2701 742 2772 Ἀμαθαίους,καὶ
787 2703 1070 2777 Ἀραδίους
1123 2707 1502 2780 ἀδιακόσμητα
1551 2705 1640 2780 ἦν,
1708 2711 1838 2774 ἴσως

252 2791 358 2846 ὑπὸ
386 2795 571 2864 γήρως
600 2794 1022 2864 ὲμποδισθέντος
1059 2797 1258 2867 Ἰησοῦ,
1287 2799 1383 2852 καὶ
1421 2800 1532 2854 τῶν
1581 2801 1698 2870 μετ’
1741 2800 1842 2855 αὐ-

255 2887 346 2940 τὸν
387 2889 488 2957 ήγε
498 2886 678 2957 μόνων
703 2886 1168 2959 ρᾳθυμησάντων.

324 2975 572 3030 Καθόλου
610 2976 667 3030 δὲ
699 2976 905 3047 νοητῶς
949 2978 1080 3048 περὶ
1113 2977 1223 3030 τῶν
1269 2977 1580 3050 εἰρημένων
1631 2981 1836 3035 εἰπεῖν’

253 3067 616 3139 ὑποδείγματι
644 3070 737 3122 καὶ
767 3070 896 3139 σκιᾷ
918 3068 1026 3122 τῶν
1058 3069 1403 3142 ἐπουρανίων
1424 3071 1472 3124 οί
1503 3071 1644 3125 κοιτά
1675 3071 1840 3142 νόμον

256 3159 570 3233 ἑλάτρευον.
631 3163 742 3215 Καλ⁵
794 3163 872 3226 ὡς
917 3163 1091 3225 τύπος
1141 3159 1211 3234 ἦν
1259 3163 1640 3235 Ἰερουσαλὴμ,
1677 3166 1772 3219 καὶ
1813 3166 1842 3219 ὁ

256 3255 401 3320 ναὸς,
437 3257 535 3309 καὶ
569 3254 631 3308 τὸ
670 3255 1082 3327 θυσιαστήριον,
1117 3256 1410 3328 ἀρχιερεύς
1435 3275 1495 3310 τε
1523 3259 1619 3312 καὶ
1653 3260 1839 3330 ἱερεῖς’

255 3345 401 3400 οὕτω
444 3348 542 3400 καλ⁵
588 3347 644 3399 αί
675 3347 860 3411 πόλεις
893 3348 988 3402 καὶ
1017 3347 1206 3418 κῶμαι
1250 3350 1352 3421 τῆς
1393 3350 1688 3416 Ἰουδαίας’
1725 3350 1842 3404 ἀλλ’

254 3439 606 3510 ἐπεδήμησεν
657 3439 687 3490 ὁ
740 3441 1036 3510 καταργῶν
1084 3441 1214 3504 τοὺς
1259 3442 1484 3508 τύπους,
1531 3443 1632 3514 τὴν
1661 3443 1844 3517 ἀληθῆ

254 3533 518 3603 παρέχων
553 3530 926 3602 προσκύνησιν
957 3549 1019 3585 τε
1047 3533 1144 3586 καὶ
1172 3534 1552 3605 κληροδοσίαν.

253 3821 260 3828 α
329 3787 452 3842 Τῶν
475 3787 853 3858 κληρονομιῶν
883 3789 938 3843 αἱ
973 3789 1070 3860 μὲν
1101 3789 1208 3844 ὑπὸ
1235 3789 1540 3855 Μωῦσέως,
1571 3791 1628 3844 αί
1657 3792 1716 3844 δὲ
1741 3793 1847 3845 ὑπὸ

271 3879 450 3952 Ἰησοῦ
472 3879 812 3951 διεδόθησαν.
831 3881 1128 3949 Οὑδέτερος
1148 3883 1208 3940 δὲ
1225 3886 1344 3946 τοῖς
1364 3883 1620 3947 Λευῖταις
1641 3883 1846 3938 δέδωκε

259 3979 648 4054 κληρονομίαν.
685 3980 890 4051 Κύριος
933 3979 1042 4052 γὰρ
1074 3983 1102 4034 ὁ
1130 3981 1260 4044 Θεὸς
1293 3980 1629 4052 κληρονομία
1666 3979 1848 4035 αὐτῶν

260 4075 398 4127 ἔστι.
444 4069 596 4143 Πλὴν
630 4069 747 4123 ἔστι
793 4069 1051 4142 διαφορά.
1094 4069 1152 4124 '0
1189 4070 1290 4142 μὲν
1321 4069 1432 4141 γάρ
1466 4070 1708 4142 Μωῦσῆς
1748 4070 1847 4142 τὴν

259 4167 368 4238 πρὸ
397 4164 494 4218 τοῦ
530 4164 799 4236 Ἰορδάνου
829 4163 934 4234 γῆν
978 4163 1285 4234 διανείμας,
1313 4163 1374 4216 τὸ
1405 4162 1701 4216 ὲπιὸἀλλον
1731 4165 1850 4218 ἐκεῖ

263 4257 428 4329 μέρος
453 4259 564 4321 τοῖς
588 4257 844 4321 Λευίταις
867 4256 970 4309 οὐκ
995 4255 1194 4310 ἔδωκεν
1215 4271 1228 4285 ·
1252 4255 1368 4310 ἀλλ’
1407 4255 1618 4326 Ἰησοῦς
1647 4259 1767 4311 ἐκεῖ
1788 4275 1848 4310 τε

260 4351 355 4404 καὶ
383 4349 524 4422 μετὰ
551 4351 642 4402 τὸν
671 4351 947 4421 Ἰορδάνην
977 4351 1304 4420 παρέσχετο.
1336 4349 1509 4420 Δῆλον
1544 4351 1654 4421 γὰρ
1681 4351 1763 4404 ὅτι
1787 4349 1850 4403 τὸ

1911 499 2236 570 prehendet,
2272 499 2626 554 necessitatis
2681 498 2948 554 violentia
2981 498 3326 566 subiguntur.
3354 495 3508 552 Adeo

1913 601 1976 647 ut
2015 607 2116 647 uec
2148 601 2438 648 extremus
2483 592 2656 647 hostis
2707 607 2858 644 mors
2895 607 3014 648 eam
3059 594 3234 661 possit
3271 591 3502 644 evitare.

1912 677 2078 734 Prius
2125 694 2261 734 vero
2289 679 2454 749 juxta
2501 681 2899 750 prophetarum
2945 680 3278 735 sententiam
3315 688 3508 748 gentes

1915 781 2132 826 cuncta:
2166 771 2232 826 ab
2273 772 2532 828 omnibus
2563 783 2726 828 terra:
2767 771 2972 827 linibus
3005 771 3240 827 Domino
3277 769 3506 840 subjun-

1917 869 2140 932 gentur.

1989 954 2282 1010 Multarum
2317 969 2450 1010 vero
2497 956 2746 1025 gentium
2801 954 3148 1009 subditarum
3186 952 3507 1010 nominibus

1919 1047 2198 1113 adductis,
2251 1048 2320 1103 de
2376 1049 2512 1103 solis
2571 1049 2813 1102 Sidoniis
2860 1047 3082 1118 inquit:
3115 1067 3135 1100 ι
3173 1047 3506 1103 Exscindam

1920 1157 2016 1198 eos
2067 1151 2196 1198 ante
2251 1142 2394 1198 ﬁlios
2435 1141 2626 1205 Israel,
2665 1161 2683 1193 ι
2738 1142 2852 1196 sive
2885 1142 3030 1210 quod
3077 1143 3131 1195 in
3175 1157 3376 1210 genere
3411 1156 3510 1210 pro

1921 1235 2181 1291 omnibus
2211 1245 2464 1304 usurpat,
2510 1237 2628 1290 sive
2659 1235 2802 1304 quod
2836 1234 3101 1289 Sidonios
3142 1236 3305 1304 vulgo
3337 1237 3511 1288 inter-

1923 1339 2211 1398 pretantur
2263 1339 2560 1382 venatores.
2595 1327 2864 1382 Cunctnm
2914 1328 3060 1382 enim
3115 1343 3336 1380 manum
3389 1341 3513 1397 qua!

1925 1430 2158 1476 venatur
2213 1422 2430 1476 animas
2477 1423 2748 1475 humanas
2781 1420 3086 1476 exscindel.
3135 1420 3292 1474 Nullo
3327 1421 3514 1489 itaque

1928 1521 2190 1565 venatore
2243 1511 2558 1578 superstite,
2613 1511 2996 1582 unusquisque
3045 1511 3150 1566 sub
3190 1511 3354 1566 vinea
3387 1525 3511 1576 sua,

1929 1600 2148 1672 ﬁcuque
2177 1615 2279 1656 sua
2311 1603 2624 1672 requiescet
2646 1602 2710 1654 ".

1858 1757 1904 1814 Β
2005 1776 2148 1832 Date
2177 1793 2204 1831 ε
2239 1778 2382 1832 vobis
2416 1787 2520 1831 tres
2553 1778 2694 1832 viros
2737 1778 3003 1844 tributim,
3039 1787 3148 1834 etc.
3191 1775 3403 1849 [XVIIL
3433 1775 3518 1850 ι.]

1931 1867 2204 1925 Nimirum
2237 1871 2377 1926 artis
2410 1872 2760 1942 geometrica:
2809 1887 3035 1941 gnaros,
3085 1870 3521 1940 qualitatemque

1934 1971 2094 2016 terra;
2149 1979 2274 2018 cum
2329 1967 2640 2034 quantitate
2693 1965 3015 2019 conferendi
3063 1961 3249 2034 aptos.
3283 1963 3420 2020 Nam
3463 1963 3520 2017 in

1933 2054 2328 2111 distributione
2359 2059 2672 2126 portionum
2707 2057 2978 2128 cujusque
3027 2057 3208 2112 tribus
3241 2057 3522 2125 magnitu-

1933 2147 2122 2203 dinem
2175 2151 2442 2219 respexit.
2498 2149 2651 2205 Licet
2687 2165 2817 2204 vero
2847 2152 2941 2220 qui
2989 2151 3134 2204 volet
3179 2165 3244 2203 ex
3291 2148 3522 2218 Josephi

1933 2242 2134 2308 quinto
2171 2241 2562 2310 Antiquitatum
2605 2243 2747 2297 libro
2780 2251 2969 2310 petere
2999 2241 3148 2310 quod
3179 2240 3248 2295 de
3295 2240 3523 2309 exposi-

1935 2331 2086 2386 tione
2114 2333 2346 2386 sortium
2386 2335 2591 2387 clarius
2631 2335 2811 2388 habet.

2007 2423 2185 2478 Porro
2214 2437 2512 2480 torrentem
2547 2425 2770 2497 Egypti
2817 2427 3083 2490 nominat,
3121 2440 3245 2496 quae
3283 2425 3526 2481 Rinoco-

1937 2531 2068 2570 rura
2105 2528 2210 2572 est.
2259 2517 2529 2572 Caeterum
2568 2521 2681 2574 alio
2725 2519 2921 2575 ordine
2965 2529 3144 2596 sortes
3181 2519 3523 2589 supputavit.

1943 2605 2240 2663 Sciendum
2299 2626 2402 2665 nec
2452 2627 2562 2665 non
2623 2613 2768 2683 quod
2793 2627 2856 2666 ea
2890 2627 3012 2681 quae
3041 2612 3188 2666 circa
3237 2611 3522 2672 Sidouem.

1941 2700 2241 2772 Arycaeos,
2303 2702 2655 2770 Amathteos,
2709 2705 3054 2772 Aradiosque
3111 2712 3260 2768 sunt,
3321 2703 3526 2756 int-ulta

1941 2807 2123 2850 erant.
2157 2794 2418 2851 Fortasse
2452 2797 2598 2868 quod
2621 2797 2791 2851 Josue
2814 2797 2968 2851 senio
2995 2797 3290 2866 impeditus
3322 2794 3524 2860 fuerat,

1942 2886 2236 2954 exterique
2261 2897 2380 2955 post
2415 2887 2590 2955 ipsum
2621 2887 2790 2942 duces
2810 2891 3035 2955 segnius
3058 2889 3323 2955 egissent.

2014 2975 2074 3031 1n
2108 2992 2322 3032 summa
2355 2993 2486 3032 vero
2523 2990 2582 3033 ut
2615 2993 2645 3032 a
2684 2981 2850 3034 rebus
2877 2995 3040 3048 supra
3071 2979 3238 3034 dictis
3271 2977 3336 3032 ad
3367 2976 3532 3047 spiri-

1947 3075 2062 3123 tum
2080 3085 2301 3140 quoque
2321 3070 2715 3140 digrediamur,
2738 3071 2791 3124 in
2814 3069 2984 3141 ﬁgura
3005 3085 3070 3126 ac
3108 3072 3299 3124 mnhra
3345 3085 3527 3124 rerum

1949 3162 2256 3216 caelestium
2301 3163 2485 3217 cultus
2513 3165 2618 3232 legi
2641 3162 2800 3234 491
2821 3173 3239 3234 attemperatus,
3257 3165 3527 3219 constitit.

1945 3252 2422 3318 Quemadmodum
2469 3255 2657 3324 itaque
2701 3256 2832 3310 urbs
2876 3253 3208 3320 Jerusalem,
3244 3257 3530 3326 templum,

1946 3347 2142 3411 altare,
2179 3361 2428 3402 summus
2461 3347 2731 3417 pontifex,
2767 3355 2820 3402 et
2858 3349 3179 3403 sacerdotes
3213 3359 3398 3419 typum
3434 3363 3532 3402 seu

1949 3437 2178 3510 ﬁguram
2212 3453 2324 3508 pra:
2354 3454 2414 3494 se
2444 3441 2709 3502 tulerunt,
2747 3443 2823 3494 ita
2858 3441 3056 3510 Oppida
3089 3456 3308 3511 quoque
3339 3455 3404 3494 ac
3427 3441 3534 3494 vici

1945 3528 2170 3584 Judzeae.
2241 3529 2438 3586 Verum
2499 3530 2546 3586 is
2598 3532 2692 3600 qui
2745 3531 2952 3602 ﬁguras
2998 3533 3194 3596 elevat,
3239 3547 3535 3602 veramque

1947 3617 2352 3686 adorationem,
2403 3626 2460 3674 et
2505 3623 2857 3676 sortitionem
2905 3623 3134 3677 exhibet
3177 3623 3234 3676 in
3267 3623 3532 3677 mundum

1943 3705 2055 3776 jam
2089 3708 2427 3763 adventavit.

2019 3799 2290 3853 Caeterum
2346 3800 2702 3856 sortitionum
2764 3801 2884 3857 alite
2939 3801 3160 3872 quidem
3212 3805 3314 3858 sub
3359 3797 3532 3867 Mose,

1949 3890 2069 3944 aliae
2103 3905 2233 3946 vero
2267 3893 2372 3947 sub
2396 3889 2564 3947 Josue
2592 3893 2752 3948 facta:
2785 3903 2945 3961 sunt;
2981 3907 3176 3949 llt'lllel‘
3207 3911 3338 3950 vero
3373 3895 3534 3950 Levi-

1951 3983 2022 4039 tis
2051 3991 2257 4039 sortem
2283 3985 2524 4054 aliquam
2563 3985 2778 4052 detulit,
2811 3987 3083 4046 Dominus
3107 3991 3251 4042 enim
3285 3989 3534 4058 ipsorum

1949 4091 2073 4132 sors
2103 4085 2191 4132 est
2212 4077 2276 4130 “.
2305 4075 2402 4132 Est
2425 4085 2610 4133 tamen
2643 4079 2826 4148 aliqua
2850 4082 3017 4135 etiam
3055 4083 3166 4136 illic
3187 4075 3536 4137 differentia:

1949 4167 2130 4224 Moses
2162 4170 2369 4224 etenim
2399 4185 2526 4224 cum
2563 4179 2762 4226 terram
2800 4171 2880 4230 cis
2911 4171 3204 4228 Iordanem
3227 4175 3536 4242 divisisset,

1949 4261 2158 4319 Levitis
2194 4265 2616 4318 convenientem
2652 4265 2766 4320 illic
2813 4275 3028 4336 partem
3063 4283 3172 4322 non
3219 4269 3394 4323 dedit.
3427 4267 3536 4323 Ve-

1951 4368 2073 4408 rum
2101 4352 2268 4409 Jusue
2295 4369 2420 4409 cum
2459 4354 2572 4408 illic
2604 4367 2716 4410 tum
2753 4363 2906 4411 trans
2940 4354 3230 4412 Iordanem
3263 4357 3316 4410 id
3355 4359 3536 4429 ipsum

265 4443 540 4518 ἱερατικὸν
565 4441 782 4511 ἀληθῶς
805 4442 998 4512 τάγμα
1022 4442 1085 4494 τὸ
1105 4442 1583 4512 ὲπισπειρόμενον,
1610 4441 1704 4494 καὶ
1733 4444 1837 4506 τοῖς

1951 4447 2210 4518 praebuit.
2261 4447 2494 4505 Constat
2526 4452 2673 4503 enim
2711 4450 2858 4520 quod
2894 4450 3034 4504 ordo
3064 4453 3427 4508 sacerdotalis
3453 4455 3538 4507 in-

264 4533 524 4604 πρώτοις,
571 4533 647 4597 ὡς
686 4533 753 4586 ἂν
780 4533 1108 4608 ἀγιοισθῶσι,
1156 4533 1252 4586 καὶ
1291 4536 1404 4596 τοῖς
1431 4533 1724 4604 δευτέροις,
1761 4535 1847 4588 ἵνα

265 4625 706 4699 μακαρισθῶσιν,
747 4625 852 4679 ὑπὸ
881 4625 1057 4696 Ἰησοῦ
1083 4611 1326 4697 ’Χριστοῦ
1360 4625 1697 4696 διανέμεται.
1726 4625 1846 4680 Τῶν

262 4720 321 4774 δὲ
365 4721 443 4791 μὴ
483 4717 971 4790 κληρονομούντων
1001 4721 1052 4771 οἱ
1097 4719 1196 4790 μὲν
1229 4719 1304 4782 ὡς
1332 4719 1566 4784 ἀνάξιοι,
1615 4721 1664 4773 ot
1689 4719 1744 4773 δὲ
1773 4720 1849 4784 ὡς

263 4811 573 4881 κρείττονος
619 4807 760 4874 ἄξιοι
807 4808 1176 4878 κληρονομίας
1215 4810 1276 4862 οὐ
1321 4811 1650 4880 τυγχάνουσι
1678 4811 1848 4865 τῶνδε

261 4903 372 4956 τῶν
404 4903 642 4972 κλήρων.
679 4901 777 4964 Τίς
807 4901 862 4955 δὲ
888 4903 919 4970 ή
952 4902 1219 4972 κρείττων
1248 4904 1341 4956 καὶ
1362 4903 1606 4956 Δευῖτῶν
1640 4905 1734 4957 καὶ
1767 4907 1848 4958 is-

266 4997 407 5068 ρέων
437 4995 594 5060 ἀξία;
631 4994 792 5059 αὐτὸς
837 4995 866 5047 ὀ
907 4995 1134 5064 Κύριος,
1165 4993 1222 5057 ὃς
1255 4994 1488 5066 ἐγενήθη
1519 4997 1653 5066 ἡμῖν
1685 4996 1851 5066 σοφία

265 5088 363 5144 καὶ
390 5087 704 5159 δικαιοσύνη
736 5088 830 5142 καὶ⁹
851 5087 1148 5158 ἁγιασμὸς,
1174 5089 1367 5160 εἰρήνη
1389 5106 1448 5142 τε
1477 5091 1572 5144 καὶ
1599 5089 1846 5160 ἀλήθεια.

265 5183 413 5255 Πλὴν
443 5184 472 5236 ὁ
507 5181 864 5256 κληρονομῶν
910 5181 1084 5236 ταῦτα
1124 5184 1381 5254 παροικεῖ
1424 5186 1540 5248 τοῖς
1585 5183 1850 5256 κληρονο-

266 5279 430 5349 μοῦσι
455 5278 555 5350 τήν
587 5277 711 5348 γῆν,
747 5277 823 5340 ὡς
853 5277 919 5330 ἂν
946 5277 1041 5332 καὶ
1071 5278 1227 5331 αὐτοὶ⁸
1250 5276 1354 5348 τῆς
1382 5278 1692 5350 κρείττονος
1722 5280 1849 5351 κλη-

263 5369 524 5444 ρονομίας
572 5371 872 5442 μετέχοιεν,
909 5369 958 5422 εί
991 5371 1088 5423 καὶ
1136 5370 1212 5441 μὴ
1247 5371 1700 5442 προηγουμένως,
1733 5373 1850 5426 ἀλλ’

266 5463 354 5516 ἵνα
379 5463 631 5534 γένηται,
655 5479 674 5514 ι
699 5461 758 5515 ’0
773 5461 836 5514 τὸ
853 5459 1009 5526 πολὺ,
1025 5461 1128 5515 οὐκ
1149 5461 1446 5516 ἐπλεόνασε
1467 5477 1480 5490 ·
1505 5463 1599 5516 καὶ
1613 5463 1717 5518 ὁτδ
1739 5464 1854 5518 ὀλί-

266 5569 384 5622 γον.
412 5554 513 5608 οὐκ
541 5553 892 5625 ὲλαττόνησε.
931 5572 951 5607 ι
986 5552 1128 5625 Φησὶ
1171 5552 1228 5606 δὲ
1274 5555 1372 5607 καὶ
1415 5552 1629 5621 Παῦλος
1658 5572 1672 5584 ·
1720 5573 1745 5612 ε
1780 5555 1855 5610 Τὸ

1957 4550 2040 4595 ter
2093 4541 2231 4595 alios
2277 4541 2584 4610 dispersus,
2623 4543 2900 4612 prioribus
2931 4543 3150 4612 quidem
3198 4544 3538 4608 hominibus.

1957 4642 2016 4686 ut
2061 4648 2156 4702 per
2208 4648 2306 4687 eos
2364 4633 2802 4698 sanctiﬁcemur,
2865 4635 3126 4690 secundis
3183 4650 3312 4690 vero
3351 4643 3410 4688 ut
3447 4651 3542 4705 per

1955 4723 2240 4781 Christum
2285 4722 2476 4780 Jesum
2532 4723 2857 4780 felicitatem
2913 4735 3348 4796 consequantur,
3381 4728 3542 4780 attri-

1957 4817 2167 4872 buitur.
2203 4816 2282 4872 Ex
2316 4820 2386 4874 iis
2433 4834 2566 4873 vero
2597 4821 2690 4889 qui
2743 4819 2952 4873 nullam
2991 4809 3390 4874 nanciscuntur
3423 4835 3544 4876 sor-

1959 4919 2066 4965 tem
2101 4909 2226 4964 aliis
2263 4909 2490 4980 quidem
2525 4927 2626 4966 cett
2682 4911 2926 4981 indignis
2979 4910 3077 4975 ﬁt,
3116 4911 3208 4965 alii
3264 4927 3398 4968 vero
3441 4929 3544 4968 ceu

1959 5005 2344 5074 praestantiore
2370 5015 2520 5060 sorte
2551 5005 2726 5073 digni,
2757 5007 2856 5060 has
2881 5013 3060 5059 sortes
3093 5021 3200 5060 non
3225 5007 3544 5076 adipiscun-

1959 5105 2070 5152 tur.
2106 5097 2238 5164 Qute
2271 5113 2406 5154 vero
2442 5100 2796 5168 praestantior
2825 5099 2917 5153 illa
2946 5109 3052 5166 est,
3098 5109 3194 5153 aut
3237 5099 3541 5155 sacerdoti-

1957 5191 2062 5245 bus
2111 5205 2178 5245 ac
2210 5189 2420 5248 Levitis
2469 5201 2680 5246 tantum
2730 5192 2934 5263 digna?
2968 5193 3086 5262 Ipse
3127 5193 3418 5258 Dominus,
3447 5191 3543 5263 qui

1959 5291 2122 5338 natus
2177 5295 2262 5338 est
2306 5285 2466 5340 nobis
2515 5285 2810 5355 sapientia,
2858 5286 3100 5355 justitia,
3154 5287 3541 5350 sanctiﬁcatio,

1961 5390 2070 5445 pax
2104 5375 2346 5447 denique
2380 5385 2434 5431 et
2460 5377 2665 5433 veritas
2686 5377 2750 5430 ".
2777 5375 3168 5432 Verumtamen
3193 5379 3288 5448 qui
3315 5379 3542 5434 sortitur

1959 5483 2022 5523 ea
2050 5468 2314 5524 advenam
2347 5470 2496 5541 apud
2532 5479 2692 5526 teme
2743 5470 2988 5528 latet-edes
3023 5471 3157 5542 agit,
3189 5485 3300 5542 quo
3341 5479 3396 5525 et
3439 5470 3542 5540 ipsi

1963 5560 2372 5632 praestantioris
2403 5561 2572 5636 hujus
2605 5564 2772 5622 sortis
2801 5565 3054 5636 quamvis
3081 5561 3228 5619 haud
3257 5563 3312 5618 in
3351 5559 3544 5633 primis

301 5721 312 5728 l
348 5743 396 5846 ξ’
423 5743 584 5805 Μίειι.
622 5764 696 5819 ιν,
721 5749 774 5806 ι.
857 5751 901 5785 ¹⁶
933 5749 1096 5812 Num.
1129 5767 1284 5820 xvut,
1313 5755 1420 5824 20;
1449 5755 1612 5814 Josue
1659 5771 1780 5830 xm,
1819 5755 1836 5809 Ι

1985 5755 2022 5785 ¹τ
2064 5757 2080 5810 l
2114 5753 2236 5809 Cor.
2270 5767 2311 5821 ι,
2351 5755 2438 5809 50.
