4036 6214
563 271 694 334 1027
1877 282 2235 346 PBOCOPII
2268 287 2514 351 eam
3690 309 3803 377 1023

558 383 692 435 fiant
726 382 1053 454 participes.
1108 383 1313 440 Verum
1347 383 1482 442 illud
1516 387 1768 454 eveniat,
1820 394 1980 463 copia
2031 408 2137 449 non

2253 398 2405 488 ὑμῶν
2444 401 2793 474 περίσσευμα
2827 406 2910 472 είς
2937 408 3000 463 τὸ
3028 411 3254 467 ἐκείνων
3281 412 3588 488 ὑστέρημα.
3624 420 3704 475 ινα
3727 423 3806 477 καὶ

555 475 883 542 abundavit,
922 479 1107 550 inopia
1137 495 1248 535 non
1275 478 1501 536 defecit.
1550 481 1740 553 lnquit
1772 498 1908 540 vero
1937 484 2137 543 Paulus

2253 486 2315 541 τδ
2350 488 2533 544 αὐτῶν
2579 494 2926 566 περίσσευμα
2970 500 3195 569 γενηται
3239 501 3322 566 είς
3673 475 3803 563 ὑπὲξ

555 572 755 625 etiam:
814 589 834 624 ι
876 570 1068 627 Vestra
1108 571 1276 641 copia
1334 572 1559 628 illorum
1612 578 1894 631 succurrit
1946 578 2137 647 inopia

2254 594 2430 649 ρημα.
2469 598 2490 634 ι
2532 582 2644 637 Καὶ
2675 588 2980 656 παροικεῖό
3008 590 3188 660 ἱερεὺς
3210 594 3313 664 τῆς
3341 570 3801 670 φυλῆς-λαμϐάνων

554 677 665 731 quo
688 670 747 717 et
776 663 1024 733 ipsorum
1048 665 1209 734 copia
1238 673 1441 720 vestra
1469 674 1766 722 succurrat
1794 668 2000 740 inopiae
2023 670 2089 725 “.
2119 690 2137 725 ι

2253 672 2357 741 γῆν
2387 674 2454 743 ἢν
2487 675 2587 728 οὐκ
2621 675 2759 747 ἔχει,
2789 679 2881 732 καὶ
2913 680 3091 746 διδοὺς
3123 663 3333 758 Κύριον
3354 663 3800 763 itote-phileas;

557 752 691 844 biam
721 756 984 812 sacerdos
1011 772 1235 828 quoque
1270 757 1482 813 advena
1514 774 1613 814 seu
1656 760 1838 816 incola
1870 762 2018 819 inter
2049 764 2137 819 tri-

2253 765 2547 836 γινομένης
2578 769 2789 840 ἀγαθῆς
2819 773 3195 844 ἀνακράσεως.

558 838 662 947 bus
717 857 822 910 est,
878 856 1198 947 terramque
1243 850 1446 947 accipit
1486 866 1658 947 quam
1708 868 1821 909 non
1869 853 2057 921 habet,
2114 869 2184 913 ac
2220 855 2506 913 dominum
2557 838 2775 918 confert
2827 838 3048 936 quoque
3116 838 3228 923 non
3270 868 3618 935 habentibus,
3659 872 3808 947 ﬁtque

548 937 700 993 bona
737 940 1097 995 commutatio
1125 955 1221 996 seu
1250 942 1556 1010 permistio.

630 1030 822 1100 itaque
846 1029 1025 1086 Moses
1050 1033 1275 1102 quidem
1302 1047 1487 1090 sortes
1513 1035 1821 1104 distribuit,
1841 1052 2031 1093 verum
2061 1038 2137 1096 cis

2322 1041 2659 1114 κληροδοτεῖ
2698 1045 3144 1117 Μωῦσῆς,,ἁλλὰ
3193 1049 3371 1123 πέραν
3411 1050 3509 1105 τοῦ
3541 1052 3807 1124 Ἰορδάνου.

552 1120 874 1179 Iordanem.
899 1122 1192 1179 Distribuit
1216 1140 1347 1179 vero
1366 1124 1538 1182 Iosue
1562 1142 1691 1182 cum
1721 1129 1964 1184 tribuum
1987 1134 2137 1202 prin-

2253 1135 2585 1207 Κληροδοτεῖ
2610 1135 2669 1190 δὲ
2701 1137 2911 1209 Ἰησοῦς
2938 1140 3078 1210 μετὰ
3109 1142 3217 1195 τῶν
3256 1120 3572 1214 ἀρχιφύλων
3600 1120 3690 1200 τοῦ
3718 1148 3812 1202 ἰσ-

466 1244 479 1254 -
556 1215 777 1284 eipibus
813 1230 829 1269 :
858 1215 934 1269 ita
963 1213 1127 1270 Jesus
1158 1214 1423 1273 Christus
1454 1218 1549 1288 qui
1587 1234 1746 1274 veras
1774 1229 1956 1277 sortes
1983 1223 2137 1278 nobis

2253 1230 2409 1301 ριήλ.
2439 1228 2629 1293 Οὕτως
2654 1230 2866 1300 Ἰησοῦς
2893 1232 2922 1285 6
2950 1233 3189 1304 Χριστὸς
3227 1234 3327 1305 τὴν
3354 1213 3536 1305 γωηθῆ
3563 1238 3812 1309 κληροδο-

554 1306 862 1372 distribuit,
895 1308 1204 1377 spiritualis
1234 1309 1402 1364 Israel
1440 1311 1722 1382 principes
1751 1314 1983 1369 asciscit
2010 1330 2137 1385 apo-

2253 1321 2373 1373 σίαν
2404 1319 2603 1384 διδοὺς.
2634 1320 3055 1392 παραλαμϐάνει
3074 1324 3203 1388 τοὺς
3239 1325 3510 1396 ἄρχοντας
3541 1327 3637 1381 τοῦ
3651 1306 3815 1383 ⁷’λινε-υ-

554 1400 753 1463 stolos,
804 1398 872 1453 ad
906 1412 1043 1469 quos
1068 1400 1210 1455 dixit
1264 1418 1281 1456 :
1346 1419 1366 1454 ι
1421 1400 1696 1460 Sedcbitis
1723 1420 1893 1475 super
1922 1407 2137 1463 thronis

2253 1410 2480 1481 ματικοῦ
2513 1411 2756 1483 Ἰσραὴλ,
2776 1412 2907 1477 τοὺς
2932 1414 3285 1480 ἀποστόλους,
3313 1417 3449 1487 πρὸς
3473 1414 3569 1479 οὓς
3591 1416 3814 1487 ἔφησεν,

555 1488 935 1553 duodecim,et
958 1490 1281 1559 judicabitis
1309 1490 1601 1549 duodecim
1626 1495 1805 1551 tribus
1836 1497 2006 1563 Israel
2032 1499 2134 1552 ".a

2253 1502 2327 1556 ἇτι
2354 1522 2376 1556 ι
2411 1503 2737 1573 Καθήσεσθε
2771 1506 2865 1559 ἐπὶ
2892 1506 3120 1576 θρόνους
3163 1507 3251 1577 ιβ’,
3299 1508 3578 1579 κρίνοντες
3610 1511 3709 1573 τὰς
3755 1511 3817 1581 ιβ’

554 1582 875 1636 Assumitur
925 1584 1054 1637 item
1114 1581 1340 1638 Eleazar
1376 1599 1472 1639 cor
1520 1586 1696 1655 ipsius
1754 1587 1960 1654 Josue,
1992 1606 2136 1661 quo-

2253 1594 2420 1663 φυλὰς
2447 1596 2542 1651 τοῦ
2573 1597 2811 1669 Ἰσραήλ.
2842 1617 2863 1651 ι
2896 1599 3400 1671 Παραλαμϐάνεται
3435 1603 3494 1657 δὲ
3522 1603 3619 1656 καὶ
3645 1604 3821 1658 Ἑλεαο

558 1690 676 1727 rum
723 1682 956 1743 uterque
990 1675 1217 1746 figuram
1253 1677 1511 1745 sustinet,
1548 1679 1848 1748 pontificis,
1879 1696 1944 1738 ac
1982 1684 2137 1755 prin-

2253 1685 2352 1759 ῐαρ
2402 1686 2603 1741 συνιὼν
2628 1688 2833 1758 Ἰησοῦ,
2877 1690 3067 1744 τυπῶν
3094 1693 3360 1764 ἑκάτερος
3404 1693 3496 1747 τὸν
3529 1694 3682 1767 ίερέα
3728 1699 3823 1751 καὶ

555 1766 696 1836 cipis
727 1765 821 1819 filii
860 1763 977 1819 Dei.

2253 1778 2506 1851 ιρχοντα,
2535 1779 2629 1834 τὸν
2652 1781 2782 1836 Υίδν
2808 1781 2902 1835 τοῦ
2925 1782 3082 1839 Θεοῦ.

627 1858 847 1913 Primus
878 1872 1007 1913 vero
1034 1855 1204 1913 Caleb
1235 1858 1433 1915 merito
1466 1866 1672 1916 sortem
1700 1874 1859 1915 suam
1888 1868 1976 1917 est
2011 1862 2137 1919 ade-

2567 1874 2625 1929 δὶ
2660 1876 2689 1928 6
2719 1875 2901 1930 Χάλεϐ
2948 1828 3176 1943 είκότως
3218 1877 3380 1950 ἔτυχε
3423 1878 3653 1952 κλήρου.
3700 1879 3823 1951 Ἐρ-

554 1958 707 2019 ptus.
738 1950 897 2015 Quod
937 1964 1138 2004 nomen
1172 1950 1219 2004 si
1261 1952 1666 2021 interpreteris,
1703 1950 1851 2006 sicut
1892 1966 1995 2007 cor
2034 1962 2137 2010 est.

2253 1968 2547 2039 μηνεύεται
2601 1967 2682 2034 δὲ,
2710 1968 2793 2035 ὡς
2824 1968 3068 2036 καρδίαν
3124 1968 3203 2024 ἔτι
3253 1970 3333 2035 δὲ,
3374 1950 3542 2036 οὗτος
3577 1974 3607 2025 6
3648 1972 3831 2026 πάντα

556 2042 653 2097 Est
676 2056 804 2096 vero
841 2043 889 2096 is
911 2042 1004 2109 qui
1036 2042 1294 2096 omnibus
1316 2043 1370 2096 in
1396 2043 1562 2099 rebus
1592 2043 1896 2114 prudentiae
1924 2044 2137 2113 studet;

2253 2059 2536 2131 προσέχων
2557 2060 2672 2124 τοῖς
2696 2060 2983 2132 νοήμασιν,
3013 2063 3042 2116 6
3073 2062 3225 2133 παρὰ
3254 2063 3433 2117 πάντα
3460 2063 3529 2117 τὰ
3561 2062 3719 2135 μέλη,
3742 2057 3826 2127 οἷς

553 2135 649 2205 qui
674 2150 790 2204 pra:
822 2135 1050 2188 caeteris
1090 2134 1354 2191 membris
1383 2151 1503 2215 quae
1523 2128 1727 2191 valere.
1735 2136 1905 2205 jussit
1925 2152 1956 2190 a
1977 2136 2137 2193 corde

2253 2128 2573 2216 ξέτετάξατο,
2624 2128 3076 2224 χρηματίζωνὼς
3114 2128 3331 2224 καρδία,
3370 2155 3466 2209 καὶ
3511 2128 3651 2217 ὅλως
3685 2128 3825 2208 ανα-

556 2242 760 2282 nomen
794 2226 981 2290 habet,
1013 2226 1091 2282 Ac
1120 2226 1353 2297 proinde
1382 2235 1534 2284 totus
1569 2227 1624 2282 in
1658 2228 1963 2297 principem
1993 2228 2145 2284 ordi—

558 2334 678 2372 nem
740 2326 826 2372 est
883 2318 1114 2373 relatus.
1152 2319 1286 2388 Ejus
1322 2334 1455 2375 vero
1502 2328 1659 2389 pater
1705 2317 1994 2391 Jephonne
2032 2327 2142 2381 est.

554 2410 700 2477 quod
753 2418 859 2475 est,
911 2411 958 2464 si
1014 2411 1421 2482 interpreteris,
1457 2412 1604 2481 filius
1658 2427 1824 2468 curre.
1873 2411 1972 2468 Est
2012 2427 2144 2469 vero

555 2503 820 2571 magister
845 2501 1036 2566 Hosis,
1064 2502 1264 2558 deinde
1296 2513 1349 2558 et
1378 2500 1570 2569 Iosue,
1594 2504 1683 2558 cui
1721 2503 1903 2573 inquit
1930 2523 1945 2559 :
1981 2521 2003 2557 ι
2030 2504 2141 2558 Διι-

555 2606 666 2645 non
695 2602 751 2647 tu
808 2592 956 2646 nosti
988 2592 1214 2648 verbum
1243 2593 1641 2664 quodJocutus
1670 2604 1755 2649 est
1788 2592 2053 2650 Dominus
2071 2593 2143 2648 ad

554 2682 785 2737 ηοξ,ρηῖ
812 2702 832 2735 ι
867 2683 1005 2750 Quis
1031 2685 1178 2739 enim
1206 2685 1378 2755 legem
1417 2699 1572 2756 aeque
1598 2699 1664 2740 ac
1692 2682 1857 2740 Jesus
1886 2683 2145 2740 Christus

555 2775 752 2831 novit?
776 2777 873 2845 qui
905 2783 1099 2830 exacte
1129 2776 1294 2832 nobis
1321 2790 1443 2832 eam
1475 2776 1745 2847 implevit.
1786 2773 2032 2831 Locutus
2057 2782 2145 2832 est

554 2879 727 2920 vero:
768 2883 788 2918 ι
831 2864 980 2920 Dixit
1027 2864 1296 2921 Dominus
1336 2865 1406 2921 ad
1452 2863 1642 2921 Ilosen
1688 2866 1759 2921 de
1802 2880 1889 2921 me
1917 2872 1975 2921 et
2003 2872 2079 2921 te.
2117 2883 2137 2917 ι

558 2955 904 3012 Vaticinatur
952 2954 1102 3009 enim
1153 2955 1335 3010 Moses
1380 2953 1448 3010 de
1478 2951 1652 3009 Josuo
1697 2960 1756 3010 et
1798 2952 1990 3019 Caleh,
2038 2954 2145 3011 hoc

547 3053 659 3108 est,
687 3044 759 3100 de
787 3044 971 3099 cordis
1001 3044 1201 3098 instar.

627 3134 773 3190 Dicit
804 3137 957 3193 item.
985 3149 1096 3189 non
1130 3132 1442 3188 minoribus
1473 3134 1687 3191 viribus
1719 3134 1885 3192 hodie
1921 3149 1983 3191 se
2017 3149 2141 3193 esse

546 3243 718 3298 quam
751 3236 864 3281 tum
902 3225 1172 3295 temporis
1211 3223 1399 3281 fuerit.
1434 3225 1496 3280 In
1531 3226 1802 3282 ambobus
1845 3226 1996 3283 enim
2023 3227 2136 3285 vim

546 3332 712 3371 suam
745 3322 976 3371 sanctus
1009 3315 1175 3370 habet
1202 3316 1554 3371 sermonibus
1584 3330 1683 3372 seu
1717 3315 1901 3382 libris,
1937 3326 2051 3372 tam
2080 3320 2135 3373 in

550 3408 724 3464 veteri
758 3422 921 3477 quam
953 3406 1008 3461 in
1036 3420 1200 3471 novo,
1234 3414 1347 3460 tam
1386 3407 1442 3461 in
1475 3406 1625 3463 Mose
1653 3423 1820 3479 quam
1848 3409 1902 3464 in
1940 3395 2133 3467 Josu'e.

622 3498 879 3555 Postulat
908 3513 1038 3554 vero
1066 3505 1307 3554 montem
1340 3499 1684 3554 submissum
1718 3499 1966 3570 nihilque
1985 3501 2135 3573 quod

548 3592 721 3650 urbes
774 3606 1006 3663 magnas
1063 3598 1119 3647 et
1168 3590 1414 3647 munitas
1463 3592 1651 3656 habet,
1712 3592 1851 3648 vult.
1894 3592 2137 3648 Noverat

546 3684 697 3740 enim
729 3683 833 3739 sibi
867 3681 1219 3754 pugnandum
1247 3696 1370 3737 esse
1401 3690 1594 3737 contra
1620 3681 1878 3740 Anakim.
1909 3682 1984 3739 De
2009 3683 2135 3754 qui-

550 3775 659 3831 bus
714 3772 1003 3845 Scriptura
1056 3774 1284 3840 indicat,
1339 3774 1486 3844 quod
1518 3773 1686 3830 urbes
1720 3774 1965 3830 munitas
1996 3790 2135 3830 con-

551 3866 832 3924 scenderit
879 3867 1125 3936 sapiens,
1182 3867 1549 3923 munitionem
1597 3866 1730 3922 item
1768 3868 1822 3921 in
1853 3881 1963 3938 qua
1995 3866 2138 3922 fidu-

549 3960 691 4016 ciam
720 3974 879 4016 suam
910 3960 1261 4015 collocarunt
1302 3959 1479 4031 impii.
1524 3956 1661 4014 Nam
1693 3956 1959 4015 Salomon
1998 3973 2138 4030 quo-

548 4068 660 4125 que
691 4054 767 4107 ait
803 4052 1104 4123 :tSapiens
1160 4052 1326 4107 urbes
1379 4050 1637 4117 munivit,
1689 4058 1747 4106 et
1798 4050 2137 4106 munitiones

546 4143 913 4201 destruxit".
947 4160 967 4194 ι
1009 4140 1280 4197 Nimirum
1314 4154 1604 4197 sermones
1630 4138 1726 4210 qui
1755 4138 2135 4208 persuasionis

550 4236 657 4290 vim
687 4236 976 4299 habentes,
1013 4232 1081 4287 ad
1108 4231 1497 4302 decipiendum
1530 4237 1663 4286 sunt
1702 4229 1966 4301 appositi,
1995 4242 2137 4298 quos

546 4330 754 4384 montis
784 4327 1010 4383 nomine
1034 4324 1216 4379 innuit
1241 4340 1258 4392 ;
1288 4324 1546 4391 quoniam
1581 4320 1928 4392 fastigiorum
1960 4321 2138 4376 instar

2244 2241 2615 2313 στοιχειωθεὶς
2659 2244 2741 2306 είς
2790 2243 3140 2314 ἡγεμονικόν.
3193 2244 3254 2299 '0
3300 2244 3358 2298 δὲ
3401 2244 3593 2299 τούτου
3642 2246 3826 2317 πατὴρ

2254 2333 2517 2404 Ἰεφοννή.
2572 2333 2965 2405 Ἑρμηνεύεται
3000 2334 3080 2399 at.
3112 2336 3242 2402 υίὸς
3270 2335 3827 2407 ἐπιστροφῆς,Ἔστι

2240 2422 2301 2479 δὲ
2336 2423 2614 2495 παίδευμα
2650 2424 2963 2488 Μωῦσέως,
3010 2425 3105 2479 καὶ
3134 2424 3390 2497 δεύτερον
3429 2426 3629 2497 Ἰησοῦ.
3672 2427 3740 2480 Τί
3768 2426 3825 2480 δέ

2243 2530 2410 2585 mat;
2440 2532 2461 2566 ε
2497 2515 2570 2568 Σὺ
2597 2515 2793 2587 ἐπίστῃ
2820 2514 2883 2568 τὸ
2909 2514 3085 2587 ῥῆμα,
3112 2515 3144 2569 δ
3173 2516 3403 2587 ὲλάλησε
3441 2517 3650 2590 Κύριος
3691 2519 3827 2587 πρὸς

2241 2605 2505 2676 Μωῦσῆν.
2534 2623 2556 2656 ι
2589 2605 2684 2668 Τίς
2711 2604 2823 2678 γὰρ
2841 2601 2950 2659 οἶδε
2973 2607 3066 2659 τὸν
3090 2606 3277 2677 νόμον,
3296 2607 3373 2672 ὡς
3409 2607 3613 2679 Ἰησοῦς
3638 2609 3671 2659 6
3688 2608 3825 2678 Χρι-

2245 2696 2398 2763 στόςς
2415 2695 2475 2761 ὃς
2495 2698 2591 2751 καὶ
2607 2697 2849 2768 ἀκριϐῶς
2870 2699 3005 2769 ἡμῖν
3034 2696 3226 2752 τοῦτον
3249 2699 3590 2771 ἁνήπλωσεν.
3616 2718 3638 2751 ι
3670 2698 3827 2753 Ἐλάρ

2240 2788 2373 2859 λησε
2402 2787 2478 2853 δὲ,
2507 2789 2663 2859 φησὶ,
2696 2787 2901 2859 Κύριος
2942 2789 3078 2855 πρὸς
3108 2789 3348 2844 Mmoria
3372 2791 3499 2862 περὶ
3547 2787 3689 2859 ἐμοῦ
3732 2790 3827 2844 καὶ

2243 2878 2362 2933 σοῦ.
2400 2897 2421 2932 ι
2460 2878 2799 2950 Προφητεύει
2827 2879 2938 2951 γὰρ
2965 2880 3209 2952 Μωῠσῆς
3238 2881 3368 2955 περί
3394 2899 3452 2935 τε
3495 2880 3702 2954 Ἰησοῦ,
3731 2882 3828 2935 καὶ

2240 2972 2335 3025 τοῦ
2361 2970 2565 3039 Χάλεϐ,
2597 2972 2737 3043 ἦτοι,
2780 2971 2870 3037 Ὦς
2902 2972 3121 3043 καρδία.

2312 3142 2451 3208 Φησὶ
2505 3143 2747 3212 σήμερον
2775 3141 3004 3213 -ίσχύειν
3031 3183 3046 3205 .
3080 3143 3157 3206 ὡς
3205 3142 3356 3212 ῐσχυε
3405 3141 3550 3197 τότε.
3586 3144 3681 3198 Ἐν
3723 3144 3830 3216 ἀμ·

2245 3233 2497 3305 φοτέροις
2538 3232 2649 3305 γὰρ
2696 3231 2870 3303 ίσχύει
2902 3234 3014 3296 τοῖς
3046 3232 3229 3303 λόγοις
3270 3235 3300 3288 6
3331 3233 3505 3303 ἅγιος.
3540 3233 3599 3288 ιν
3628 3251 3693 3289 τε
3723 3251 3829 3289 παν

2243 3323 2381 3395 λαιῷ
2414 3325 2508 3379 καὶ
2540 3324 2738 3394 καινῷ,
2763 3325 2858 3380 ἐπὶ
2875 3324 3157 3389 Μωῦσὲως
3183 3325 3279 3380 καὶ
3319 3324 3517 3397 Ἰησοῦ.

2313 3500 2470 3554 Alte!
2490 3500 2618 3573 ὅρος
2646 3502 3008 3573 χαμαιπετὲς,
3032 3503 3236 3559 ἐθέλων
3272 3503 3449 3568 οὐδὲν,
3480 3505 3540 3558 ιν
3569 3498 3619 3574 ᾧ
3640 3507 3827 3571 πόλεις

2244 3590 2482 3662 μεγάλαι
2530 3593 2625 3647 καὶ
2674 3595 2888 3666 ὀχυραὶ,
2929 3595 3007 3659 ὡς
3034 3594 3191 3659 είδὼς
3232 3596 3488 3667 πολεμεῖν
3534 3598 3674 3669 πρὸς
3702 3601 3826 3661 τοὺς

2252 3682 2532 3756 Ἐνακείμ.
2558 3685 2747 3748 Πόλεις
2774 3685 2883 3757 γὰρ
2902 3686 3105 3757 ὀχυρὰς
3127 3686 3296 3757 ἐπέϐη
3319 3686 3500 3755 σοφὸς,
3526 3688 3625 3740 καὶ
3649 3688 3824 3758 ἐπέϐη

2240 3774 2303 3829 τὸ
2328 3775 2614 3847 ὀχύρωμα,
2645 3775 2730 3845 ἐφ’
2751 3770 2799 3845 ᾧ
2821 3777 3183 3831 ἐπεποίθεσαν
3206 3779 3257 3831 οἱ
3286 3777 3521 3842 ἀσεϐεῖς.
3552 3777 3701 3848 Φησὶ
3715 3777 3823 3850 γὰρ

2240 3866 2518 3937 Σολομὼν.
2559 3884 2580 3920 ι
2618 3867 2788 3936 Σοφὸς
2812 3868 3000 3933 πόλεις
3030 3868 3319 3940 ὠχύρωσε,
3349 3871 3445 3922 καὶ
3504 3852 3730 3922 καθεῖλε
3753 3867 3822 3922 τὰ

2239 3954 2597 4027 ὀχυρώματα,
2634 3976 2655 4009 ι
2688 3956 2892 4028 δηλαδὴ
2937 3959 3064 4022 τοὺς
3102 3959 3241 4030 μετὰ
3269 3958 3632 4029 πιθανότητος
3660 3957 3821 4025 λόγου

2239 4045 2458 4118 ἀπατᾷν
2506 4046 2838 4119 δυναμένους
2873 4064 2889 4081 ·
2926 4046 3019 4112 οὒς
3067 4052 3127 4103 ὲν
3173 4048 3290 4121 ὄρει
3340 4050 3545 4121 φησιν,
3590 4050 3822 4120 ἐπείπερ

2242 4138 2512 4210 ὑψώματα
2543 4142 2680 4194 εἰσιν
2730 4141 3076 4212 ὲπαιρὸμενα
3119 4142 3260 4195 κατὰ
3307 4143 3407 4212 τῆς
3442 4139 3702 4209 γνὼσεωέ
3729 4139 3823 4195 τοῦ

2232 4228 2392 4284 Θεοῦ.
2420 4229 2608 4284 Ταῦτα
2632 4231 2818 4287 Χάλεϐ
2849 4233 3031 4296 ἱκανὸς
3061 4228 3201 4288 εἶναι
3225 4233 3512 4305 καθαιρεῖν
3541 4236 3820 4307 ἐπαγγέλ-

2232 4319 2405 4376 λεται.
2454 4322 2571 4391 Ἐφ’
2608 4316 2762 4396 ᾧπερ
2793 4326 2957 4380 αὑτὸν
2986 4326 3281 4396 εὐλόγησεν
3320 4327 3550 4398 Ἰησοῦς.

547 4425 915 4478 excitatorum
947 4427 1141 4475 contra
1188 4418 1283 4474 Dei
1317 4417 1716 4488 cngnitionem,
1752 4423 1887 4472 sunt
1905 4415 1971 4471 “.
2002 4413 2218 4482 Quibus
2268 4431 2404 4475 sane
2462 4418 2829 4476 demoliendis
2893 4421 3097 4478 Calebo
3162 4424 3501 4493 promittitur
3562 4421 3819 4487 facultas,

544 4519 652 4573 hoc
677 4518 797 4586 ipso
820 4513 967 4586 quod
996 4513 1047 4568 ei
1078 4510 1356 4566 benedixit
1391 4508 1581 4566 Josue.

618 4607 792 4663 Porro
839 4606 1097 4663 Chebron
1142 4616 1367 4670 compar
1411 4600 1766 4671 interpretari
1808 4600 1957 4665 licet,
1991 4614 2130 4671 quo-
2162 4607 2206 4662 ι)

2303 4598 2321 4618 ⁹
2358 4595 2589 4668 Χεϐρὼν
2619 4595 3006 4668 ἑρμηνεύεται,
3028 4599 3067 4668 ἠ
3087 4594 3378 4668 συζυγία.
3404 4600 3543 4653 Φασὶ
3561 4600 3621 4654 δὲ
3640 4602 3728 4657 ὅτι
3754 4604 3820 4659 τὰ

540 4701 697 4755 niam
748 4713 876 4754 ossa
921 4707 1143 4767 patrum
1188 4692 1470 4762 comparia
1517 4705 1616 4747 seu
1667 4690 1981 4764 coniugalia
2020 4693 2134 4749 illic

2253 4690 2365 4742 ιστᾶ
2395 4687 2504 4742 τῶν
2534 4688 2789 4758 πατέρων
2816 4688 2934 4741 ἐκεῖ
2954 4690 3093 4755 ἐστι,
3130 4689 3274 4744 κατὰ
3296 4690 3562 4759 συζυγίαν
3588 4694 3819 4747 ἀποκεί-

541 4797 679 4847 sunt
702 4788 974 4859 deposita,
1008 4785 1247 4843 Abrahae
1267 4792 1320 4842 et
1346 4781 1535 4850 Sara};
1570 4782 1726 4838 Isaac
1754 4790 1808 4839 et
1835 4780 2130 4851 Rebeccae;

539 4881 734 4937 Jacobi
765 4890 820 4938 ct
848 4879 991 4937 hac.
2070 4872 2079 4879 ’

2234 4795 2393 4851 μενα,
2438 4776 2693 4848 Ἀϐραὰμ
2724 4776 2820 4830 καὶ
2848 4777 3082 4849 Σάρρας,
3131 4779 3317 4833 Ἰσαὰκ
3356 4780 3449 4833 καὶ
3490 4779 3819 4847 Ῥεϐέκκας,

2244 4868 2440 4925 Ἰακὼϐ
2463 4870 2562 4925 καὶ
2588 4870 2774 4934 Λείας.

614 4997 843 5055 Patrum
878 4999 1063 5069 itaque
1106 4996 1329 5054 nomine
1358 5009 1423 5051 ac
1453 4994 1666 5050 honore
1709 5004 1871 5050 ornat
1921 4994 2222 5051 Chalebum
2251 5005 2375 5047 eum
2408 4989 2503 5061 qui
2531 5000 2755 5047 exteros
2787 4988 3041 5047 homines
3068 4989 3354 5046 deleturus
3387 4998 3527 5045 erat.

618 5084 685 5139 Et
721 5096 864 5141 terra
891 5090 1118 5158 quietem
1157 5085 1342 5140 habuit
1375 5100 1407 5138 a
1439 5083 1609 5138 bellis.
1638 5081 1757 5155 [ΧΙ.
1798 5083 1919 5158 95.]
1951 5084 2125 5154 Ecqui

541 5180 690 5234 enim
732 5180 914 5235 locum
966 5195 994 5235 ε
1034 5177 1201 5235 Iosue
1231 5177 1527 5236 sortiretur
1559 5177 1782 5248 aliquis,
1814 5194 1982 5249 quem
2014 5192 2125 5233 non

542 5268 706 5325 bellis
735 5270 1021 5327 solvisset?

618 5362 755 5419 Cum
788 5376 922 5418 vero
954 5369 1193 5433 quatuor
1222 5364 1514 5447 generales
1553 5371 1832 5420 terrarum
1875 5362 2131 5434 regiones

542 5471 640 5514 seu
670 5452 1065 5528 tractusm
1093 5454 1228 5515 sint.
1248 5469 1375 5511 cum
1404 5455 1464 5511 'm
1492 5454 1700 5512 ﬁnibus
1724 5454 1867 5511 Juda
1887 5456 2125 5512 duaru-

542 5548 876 5607 mentt'oucm
922 5547 1154 5604 fecisset
1183 5544 1433 5602 meridiei
1462 5556 1518 5602 et
1545 5547 1798 5613 orientis,
1830 5546 1970 5604 duas
1997 5548 2125 5603 reli-

2304 5080 2415 5135 Kal
2448 5081 2488 5149 ἠ
2526 5079 2605 5151 τῆ
2634 5081 2903 5135 ἐκόπασε
2929 5079 3039 5135 τοῦ
3074 5080 3363 5152 πολέμου.
3397 5081 3509 5136 Καὶ
3551 5081 3672 5147 πῶς
3707 5085 3822 5155 γὰρ

2233 5175 2299 5230 ἄν
2330 5191 2415 5237 τις
2454 5173 2844 5246 κληρονομήσῃ
2898 5175 3029 5246 παρ’
3084 5174 3282 5247 Ἰησοῦ,
3326 5176 3403 5246 μὴ
3449 5176 3546 5229 τδν
3576 5177 3822 5248 πόλεμον

2230 5267 2541 5334 καταλύσας
2564 5266 2656 5322 τὸν
2693 5269 2752 5321 ιν
2780 5266 2964 5338 αύτῷς

2302 5361 2601 5433 Τεσσάρων
2630 5361 2802 5415 ὄντων
2826 5360 3063 5431 γενικῶν
3092 5361 3375 5429 κλιμάτων
3397 5362 3489 5415 ἐπὶ
3515 5361 3628 5415 τῶν
3652 5362 3824 5434 ὁρίων

2241 5454 2435 5522 Ἰούδα,
2452 5455 2522 5509 τὰ
2540 5453 2653 5509 δύω
2679 5453 2876 5522 λέγων,
2891 5454 3032 5508 Λίϐα
3050 5469 3108 5506 τε
3130 5453 3227 5507 καὶ
3249 5452 3533 5518 ἀνατολὰς,
3556 5452 3631 5507 τὰ
3648 5453 3817 5507 λοιπὰ

2230 5546 2568 5618 σεσιώπηκε.
2607 5547 2765 5601 Μετὰ
2788 5546 2898 5618 γὰρ
2941 5547 3011 5603 τὰ
3052 5546 3290 5611 Λιϐυκὰ,
3316 5546 3473 5618 φησὶ,
3508 5544 3607 5600 τοῦ
3642 5541 3816 5600 Ἰούδα

616 5705 659 5739 ⁸⁸
691 5705 736 5761 ll
763 5705 866 5760 Cor
927 5720 1044 5771 rm,
1069 5644 1187 5760 M.‘
1238 5705 1280 5739 ¹⁹
1306 5703 1501 5760 Matth.
1539 5719 1652 5772 six,
1682 5704 1776 5759 28.
1872 5704 1918 5737 "
1943 5703 2106 5761 Prov.
2152 5704 2377 5771 “1,22.
2454 5707 2498 5738 ²¹
2532 5704 2577 5759 ll
2601 5703 2730 5761 Cor.
2765 5702 2853 5770 l0,
2885 5705 2936 5759 5.
