4036 6214
239 209 374 275 1029

1373 200 1915 268 COMMENTARII
1953 195 2038 262 IN
2083 198 2340 260 VOSUE.

3381 195 3516 262 1030

235 319 357 392 ὅρια
385 317 715 388 διαδέχεται.
743 317 923 388 “An-rp
964 318 1082 372 ἐστὶ
1108 315 1338 389 πλησίον
1359 317 1462 387 τῆς
1488 314 1816 386 Ἰδουμαίας,
1851 347 1863 374 4

1955 323 2070 379 [uas
2095 307 2350 364 reticuit.
2378 307 2419 360 Δ
2447 303 2826 376 septentrione
2851 315 3000 362 enim
3021 303 3177 361 Iudae
3203 305 3338 362 ﬁnes
3359 315 3514 372 ειίιι,

236 413 359 482 ἣτις
387 409 755 482 ἑρμηνεύεται
794 411 992 479 γήϊνα,
1035 409 1174 482 μετὰ
1202 411 1270 466 τά
1305 411 1430 480 ὅρια
1471 406 1663 462 Ἰούδα..
1695 403 1836 476 Φησὶ

227 483 293 558 ’δὲ
321 502 416 556 καὶ
446 501 556 555 ἀπὸ
585 501 682 572 τῆς
713 501 920 572 ἐρήμου
955 501 1076 555 Σίν*
1118 501 1484 573 ἑρμηνεύεται
1519 499 1576 552 δὲ
1628 512 1834 566 πειρα-

239 596 404 666 σμοί.
450 595 590 650 Μεθ’
628 593 724 660 οὒς
767 594 934 650 Ἰούδα
969 595 1322 666 κληρονομία.
1377 594 1488 649 Καὶ
1535 592 1630 646 ἐπὶ
1665 589 1835 645 τῶνδε

240 689 379 742 κατά
401 687 543 742 Λίϐα
569 687 670 758 τῆς
703 687 878 757 φυλῆς
909 688 1076 760 ὁρίων
1113 687 1266 741 οὐδὲν
1295 687 1611 756 ὠνόμασται
1641 683 1831 753 κλίμα,

241 777 420 848 ἀλλ’ἢ
472 776 602 848 Λὶψ,
655 777 688 849 ἢ
743 778 982 848 δυσμαὶ,
1036 777 1070 847 ἢ
1123 777 1344 848 φάραγξ
1382 775 1686 842 Αἰγύπτου.
1716 774 1836 828 Ἵνα

243 867 414 922 ταῦτα
467 869 564 922 καὶ
620 869 748 932 τοὺς
804 869 1150 939 πειρασμοὺς
1195 867 1529 938 διαπορευθῇ
1579 882 1687 929 τις,
1739 863 1836 918 καὶ

243 957 443 1027 δυνηθῇ
473 956 660 1009 λαϐεῖν
695 958 820 1028 ὅρια
863 959 922 1010 ἐν
957 959 1025 1028 τῇ
1073 957 1215 1028 φυλῇ
1263 960 1332 1028 τῇ
1371 955 1658 1026 βασιλικῇ’
1706 953 1836 1022 περὶ

245 1042 312 1120 ἧς
339 1048 654 1118 γέγραπται
675 1061 687 1074 ’
743 1048 1010 1120 πρόδηλον
1059 1049 1189 1119 γάρ,
1223 1048 1296 1111 ὡς
1327 1049 1385 1115 ἐξ
1428 1046 1600 1100 Ἰούδα
1633 1042 1834 1098 ἀνατὲ-

247 1142 441 1196 ταλκεν
470 1142 499 1194 ὁ
528 1140 755 1211 Κύριος.

321 1322 432 1376 Καὶ
461 1319 878 1391 προσαναϐῆναι
905 1319 1004 1392 τὴν
1039 1317 1306 1373 ἀνάϐασιν
1354 1319 1648 1393 ’Δκραϐίμ.
1694 1321 1820 1393 Ἐρ-

259 1410 634 1484 μηνεύεταιδὲ
659 1413 963 1480 σκορπίοι,
1017 1413 1140 1467 καθ’
1187 1408 1264 1470 ὧν
1326 1417 1517 1467 πατεῖν
1575 1413 1670 1467 καὶ
1725 1411 1834 1465 τῶν

257 1501 432 1570 ὄφεων
469 1499 738 1570 ἐλάϐομεν
775 1503 924 1572 παρὰ
957 1503 1052 1554 τοῦ
1087 1501 1350 1574 Χριστοῦ.
1422 1503 1718 1571 Ἀναϐῆναι
1777 1499 1835 1554 δέ

1937 414 2106 470 prope
2133 399 2428 454 ldumaaam
2453 396 2910 466 videlicet,quam
2945 395 3394 465 interpretabitur
3417 399 3518 452 ati-

1936 492 2082 563 quis,
2119 500 2404 556 terrenam,
2445 504 2610 561 quam
2649 489 2806 546 Judae
2837 487 3056 544 termini
3085 488 3365 558 excipiunt
3425 491 3518 546 lu-

1935 583 2217 654 quit'item
2257 596 2290 636 a
2335 583 2556 640 deserto
2611 581 2734 650 Sin,
2783 580 2930 651 quod
2965 579 3320 648 interpretari
3369 581 3517 648 licet,

1939 677 2278 736 tentationes,
2305 686 2434 745 post
2462 689 2600 744 quas
2627 689 2750 730 sors
2779 673 2811 728 J
2819 673 2924 728 uda
2947 681 3052 728 est.
3079 673 3324 743 Denique
3355 674 3520 728 etiam

1939 769 1994 823 in
2029 768 2226 822 finibus
2252 767 2375 837 ejus
2413 767 2596 822 tribus
2627 767 2722 837 qui
2749 781 2782 820 a
2813 766 3041 822 meridie
3073 775 3219 828 sunt.
3255 767 3402 822 nulla
3442 780 3524 822 re-

1937 861 2026 933 gio
2047 869 2133 917 est
2159 861 2350 925 citata,
2383 875 2546 930 quam
2583 860 2864 925 meridies,
2893 867 2949 914 ct
2977 873 3232 922 occasus,
3263 867 3320 914 et
3364 857 3522 914 vallis

1937 953 2183 1025 Egypti,
2217 963 2276 1008 ut
2303 954 2351 1008 si
2395 955 2521 1024 quis
2568 955 2705 1018 haec,
2735 961 2792 1008 et
2845 952 3181 1008 tentationrs
3225 951 3520 1019 superarit,

1939 1047 2230 1116 acquirere
2261 1047 2440 1116 possit
2475 1045 2612 1101 ﬂues
2663 1045 2718 1099 in
2751 1045 2900 1114 regia
2933 1047 3101 1106 tribu,
3135 1044 3202 1098 de
3245 1059 3350 1113 qua
3382 1045 3522 1099 scri-

1937 1149 2089 1213 ptum
2119 1149 2235 1209 est;
2295 1151 2516 1198 constat
2568 1141 2716 1196 enim
2751 1139 2897 1210 quod
2937 1153 3005 1193 ex
3055 1137 3198 1193 Iuda
3239 1147 3398 1192 ortus
3437 1143 3524 1192 est

1941 1233 2230 1288 Dominus.

2008 1323 2240 1396 Ορυιιρι
2295 1323 2524 1392 insuper
2611 1320 2994 1376 conscendere
3057 1317 3190 1388 juga
3235 1315 3522 1380 Acrabim,

1939 1415 2087 1483 quod
2119 1416 2560 1484 interpretantur
2595 1414 2921 1475 scorpiones,
2953 1425 3099 1479 quos
3153 1405 3522 1464 COHCUIcandi

1944 1507 2092 1562 sicut
2120 1513 2176 1560 et
2212 1513 2522 1574 serpentes,
2557 1513 2887 1574 potestatem
2941 1503 3258 1572 accepimus
3295 1515 3326 1553 a
3363 1499 3525 1554 Chri-

259 1609 318 1644 σε
341 1591 443 1658 δεῖ,
471 1591 750 1645 τουτέστιν
775 1592 1192 1663 ὑπεραναϐῆναι
1223 1595 1348 1655 τοὺς
1383 1593 1678 1662 σκορπίους
1709 1589 1836 1654 τοὺς

1955 1607 2050 1652 sto.
2083 1591 2474 1653 Conscendere
2507 1612 2636 1650 vero
2672 1604 2724 1652 te
2753 1605 2996 1666 oportet,
3033 1598 3138 1651 hoc
3192 1605 3299 1657 est,
3355 1607 3524 1662 supe-

259 1682 628 1753 πολεμοῦντας
663 1685 721 1736 ὲν
763 1683 954 1754 Ἰούδᾳ,
1013 1685 1422 1755 κληρονομῆσαι
1489 1681 1832 1754 βουλόμενον.

1955 1702 2066 1742 rare
2091 1689 2446 1756 scorpiones,
2471 1687 2570 1757 qui
2597 1701 2656 1740 se
2688 1687 2964 1741 hostiliter
2993 1693 3157 1740 terra:
3187 1682 3341 1737 Jud:e
3403 1697 3525 1736 sor-

271 1775 532 1846 Ἰεζεκιῆλ
565 1775 622 1828 δέ
649 1791 814 1846 φησιν
840 1791 855 1808 ·
888 1792 906 1826 ι
953 1775 1010 1828 '0
1045 1775 1102 1828 δὲ
1121 1775 1332 1839 δίκαιος
1382 1777 1438 1828 ὲν
1470 1776 1623 1844 μέσῳ
1679 1789 1840 1844 σκορ-

259 1869 400 1924 πίων
430 1869 694 1922 κατοικεῖ.
727 1885 744 1918 ι
776 1867 857 1920 Τὰ
873 1867 930 1919 δὲ
957 1867 1081 1937 ὅρια
1107 1866 1212 1930 ἕως
1243 1867 1448 1938 Κάδης.
1469 1867 1646 1938 Ὅπερ
1669 1865 1840 1935 ἅγιον

260 1963 356 2014 καὶ
383 1957 680 2028 ἁγιασμὸς
713 1958 1098 2030 ἑρμηνεύεται.
1417 1993 1424 2000 -

338 2138 568 2205 ἰδωμεν
599 2135 694 2190 καὶ
725 2136 794 2189 τὰ
823 2135 916 2189 ἐπὶ
943 2134 1054 2191 τῶν
1069 2135 1410 2190 ἀνατολικῶν
1438 2135 1602 2206 ὁρίων
1635 2135 1842 2207 μυστή-

264 2247 378 2298 ρια,
412 2229 487 2298 μὴ
505 2227 658 2296 ψιλὸν
688 2225 938 2291 νοοῦντες
971 2225 1257 2297 ὀνομάτων
1291 2225 1618 2294 κατάλογον.
1672 2225 1844 2290 Λέγε-

262 2336 356 2374 ται
387 2319 564 2372 τοίνυν
591 2319 650 2372 ὲν
681 2315 897 2380 τούτοις
925 2318 1080 2388 πηγὴ
1127 2316 1493 2380 Ἦλιούπολις,
1555 2313 1842 2368 Ἡλιούπο-

263 2413 348 2476 λις
375 2410 746 2482 γραμμάτων,
777 2411 843 2479 ἣν
873 2411 902 2462 ὁ
931 2407 1112 2462 λαϐὼν
1177 2410 1238 2462 ὲν
1272 2407 1550 2476 εὐλογίαις
1611 2404 1840 2474 γίνεται.

277 2501 438 2557 Ἀλλὰ
465 2503 548 2564 τίς
607 2503 664 2556 ὲν
709 2500 884 2570 Ἰούδᾳ
931 2499 1026 2553 τοῦ
1079 2499 1231 2570 ἡλίου
1291 2501 1485 2569 πηγῆς
1533 2495 1630 2550 καὶ
1689 2493 1844 2547 ποίου

265 2595 450 2666 ἡλίου;
491 2593 680 2664 Δῆλον,
705 2592 780 2656 ὡς
809 2609 876 2644 πε
888 2591 941 2662 pl.
965 2581 1028 2643 οὗ
1055 2590 1404 2659 γέγραπται·
1445 2607 1464 2640 ι
1507 2587 1634 2649 Τοῖς
1664 2583 1721 2638 δὲ
1751 2598 1847 2650 φο-

265 2681 551 2753 ϐουμένοις
577 2683 636 2736 τὸ
651 2680 826 2750 δνομά
855 2697 960 2750 μου
990 2679 1241 2732 άνατελεῖ
1268 2677 1418 2748 ἥλιος
1437 2674 1840 2744 δικαιοσύνης.»

265 2777 484 2848 Ταύτην
532 2777 632 2850 τὴν
679 2775 863 2847 πηγὴν
899 2773 1186 2845 χαρίζεται
1239 2775 1352 2834 τοῖς
1413 2770 1704 2843 μαθηταῖς,
1762 2771 1849 2828 ῐνα

265 2873 417 2944 πηγὴ
457 2871 650 2936 ὓδατος
694 2869 990 2942 ἁλλομένου
1023 2870 1104 2932 είς
1139 2867 1286 2938 ζωὴν
1316 2861 1592 2940 αἰώνιονῇ
1637 2867 1698 2920 ὲν
1750 2864 1850 2918 αὐ-

263 2965 566 3028 τοῖς.Ἐστι
593 2965 649 3017 δὲ
673 2964 770 3018 καὶ
802 2963 958 3026 πόλις
985 2960 1138 3032 ἡλίου
1163 2959 1286 3015 κατ’
1306 2959 1604 3027 Αἴγυπτον,
1637 2957 1705 3012 τὰ
1727 2959 1848 3012 ὲπι-

268 3059 412 3130 φανῆ
453 3073 550 3112 και
589 3056 774 3124 ἔνδοξα
798 3055 894 3111 τοῦ
925 3057 1134 3127 κόσμου
1169 3053 1534 3127 σημαίνουσα.
1595 3051 1676 3108 Τὰ
1734 3050 1844 3122 γὰρ

266 3153 408 3208 κατά
435 3153 568 3206 Θεὸν
600 3151 786 3216 ἔνδοξα
817 3151 918 3222 τῆς
949 3149 1306 3223 κληροδοσίας
1350 3145 1524 3202 Ἰούδα
1555 3144 1846 3215 βασιλικῆς

267 3261 326 3300 τι
365 3243 560 3314 φυλῆς,
595 3244 689 3298 καὶ
713 3245 773 3296 ὲν
805 3245 876 3313 γῇ
905 3243 1059 3313 ἁγίᾳ.
1409 3233 1422 3246 ’

337 3335 452 3404 Πρὸ
473 3333 572 3405 τῆς
607 3333 824 3403 μερίδος
849 3333 916 3403 ἣν
951 3331 1143 3385 ἐλαϐεν
1195 3332 1230 3400 ἡ
1265 3330 1408 3402 φυλὴ
1459 3326 1642 3384 Χάλεϐ
1680 3326 1852 3398 ἀκλη-

271 3427 406 3496 ρωτλ⁵
435 3427 598 3496 μέρος
625 3423 894 3494 λαμϐάνει
939 3424 1028 3476 διὰ
1078 3423 1503 3493 προστάγματος
1561 3419 1656 3474 τοῦ
1689 3417 1846 3473 Θεοῦ.

271 3518 406 3571 Τίνα
433 3517 490 3570 δὲ
521 3515 677 3570 πόλιν
725 3515 832 3567 ἔδει
861 3513 953 3566 τὸν
987 3514 1149 3582 μόνον
1177 3513 1420 3566 σωθέντα
1488 3512 1607 3582 μετ’
1672 3509 1851 3579 Ἰησοῦ

276 3607 428 3674 παρὰ
463 3605 561 3667 τὰς
601 3603 648 3674 χ’
701 3603 952 3672 χιλιάδας
1013 3603 1290 3673 λαϐεῖν,ῆ
1353 3600 1692 3672 μητρόπολιν
1753 3599 1852 3669 τὴν

289 3697 474 3758 Ἐνὰκ,
500 3696 598 3766 τὴν
623 3693 850 3766 Χεϐρών
875 3710 892 3760 ;
919 3694 986 3763 ἢν
1013 3694 1078 3764 δὴ
1104 3691 1306 3756 λαϐὼν,
1356 3690 1526 3760 ἀνέϐη
1575 3690 1672 3742 ἐπὶ
1729 3691 1856 3751 τοὺς

277 3787 665 3850 κατοικοῦντας
711 3786 950 3857 Δαϐείρο
1013 3785 1048 3856 ἢ
1105 3783 1370 3854 πρότερον
1426 3781 1646 3848 ἐλέγετο
1701 3781 1858 3844 πόλις

279 3883 318 3936 Γ
321 3879 628 3954 ραμμάτων
645 3859 784 3944 ’Χκαὶ
815 3876 1098 3948 κηρύττει,
1117 3873 1198 3945 τῷ
1213 3873 1418 3944 ταύτην
1446 3873 1620 3926 ἑλόντι
1660 3872 1857 3942 ’Δσχὰν

275 3974 474 4029 διδόναι
509 3971 608 4042 τὴν
633 3969 934 4040 θυγατέρα,
967 3969 1034 4039 ἢν
1069 3963 1183 4020 εἷλε
1216 3964 1475 4036 Γοθονιὴλ
1504 3964 1620 4028 υίὸς
1653 3963 1849 4028 Κενὲζ,

277 4062 505 4132 ἁδελφὸς
523 4061 708 4115 Χάλεϐ
743 4062 773 4115 ό
801 4058 1062 4128 νεώτερος
1091 4072 1105 4084 ’
1133 4056 1296 4126 δῆλον
1323 4055 1400 4118 ὡς
1421 4056 1478 4121 ἐξ
1537 4053 1728 4126 ἑτέρου
1757 4071 1862 4107 πα-

278 4157 428 4228 τρὸς,
476 4155 622 4210 κατά
646 4171 710 4224 γε
749 4152 840 4206 τὸν
869 4151 964 4204 τοῦ
995 4149 1329 4222 γράμματος
1356 4147 1536 4216 λόγον.
1573 4146 1860 4214 Δαμϐάνει

279 4250 337 4302 δὲ
369 4248 491 4302 κατ’
518 4245 792 4316 αίτησινή
837 4243 1036 4314 Ἀσχὰν
1070 4239 1225 4312 παρὰ
1251 4237 1347 4291 τοῦ
1391 4237 1602 4309 πατρὸς
1624 4238 1727 4308 τὴν
1759 4238 1861 4290 Γο-

1943 1785 2050 1834 tein
2072 1780 2427 1848 captantibus
2456 1787 2764 1848 opponunt.
2795 1778 2928 1832 Nam
2947 1785 3002 1832 et
3035 1776 3284 1831 Ezechiel
3304 1777 3482 1845 inquit
3507 1792 3522 1828 :

1947 1887 1966 1920 ι
2003 1867 2195 1924 Justus
2254 1885 2384 1925 vero
2445 1871 2501 1924 in
2570 1869 2750 1924 medio
2807 1869 3161 1938 scorpionum
3217 1870 3372 1924 sedet
3422 1870 3520 1920 η.»

1943 1957 2108 2016 Fines
2140 1961 2268 2016 item
2303 1963 2425 2030 ejus
2451 1960 2520 2015 ad
2549 1959 2727 2015 Cades
2749 1960 2964 2015 Barnea
3000 1975 3176 2030 usque
3209 1961 3529 2030 pertingunt

1943 2050 2092 2122 quod
2119 2059 2374 2104 sanetum
2433 2059 2488 2105 et
2515 2051 2788 2104 sanctitas
2815 2049 3170 2118 interpretari
3206 2049 3358 2102 licet.

2017 2139 2124 2195 Sed
2157 2140 2421 2210 mysteria
2451 2139 2894 2208 quoquetlnium
2957 2140 3026 2193 ab
3083 2125 3318 2199 oriente,
3375 2133 3526 2190 nuda

1948 2234 2237 2288 nominum
2293 2233 2620 2286 recensione
2659 2231 2894 2295 omissa,
2951 2242 3380 2300 cognoscamus.
3435 2225 3527 2280 Di-

1946 2325 2091 2378 citur
2121 2324 2306 2388 itaque
2334 2323 2478 2375 intra
2513 2321 2614 2376 hos
2645 2337 2772 2379 esse
2813 2322 3016 2376 fontem
3073 2319 3398 2388 lleIiOpolis,
3445 2318 3528 2373 di-

1947 2417 2034 2464 cta
2065 2408 2368 2480 Heliopolis
2405 2409 2644 2480 Sepher,
2675 2425 2840 2481 quem
2877 2410 2974 2480 qui
3029 2411 3250 2480 accepit
3297 2409 3426 2463 felix
3472 2417 3528 2462 et

1945 2500 2141 2557 beatus
2172 2501 2252 2556 ﬁt.
2281 2503 2350 2554 At
2377 2502 2506 2572 quis
2543 2504 2600 2558 in
2637 2501 2781 2558 Juda
2817 2503 2955 2559 solis
2983 2501 3110 2557 fons
3139 2513 3222 2557 est
3245 2501 3269 2556 i
3295 2504 3402 2554 Aut
3430 2515 3528 2555 cu-

1943 2593 2035 2664 jus
2063 2593 2198 2650 solis
2227 2594 2349 2650 est?
2377 2595 2512 2666 Ejus
2563 2595 2850 2663 nimirum,
2887 2595 2956 2650 de
2987 2609 3100 2665 quo
3117 2595 3382 2662 scriptum
3401 2600 3524 2648 est:

1953 2705 1971 2738 ι
1991 2683 2200 2740 Nomen
2221 2701 2400 2741 meum
2417 2688 2800 2742 reverentibus
2831 2689 2912 2742 sol
2932 2687 3164 2755 justitiae
3187 2687 3398 2741 orietur
3413 2685 3478 2738 ³³.
3501 2699 3522 2735 ι

1951 2777 2110 2833 Hunc
2149 2777 2358 2833 fontem
2391 2780 2685 2834 Dominum
2711 2781 3004 2850 discipulis
3034 2779 3242 2845 donat,
3277 2788 3336 2832 ut
3364 2791 3524 2847 aqua

1949 2871 2206 2926 salientis
2241 2871 2298 2925 in
2325 2871 2494 2925 vitam
2519 2881 2783 2926 sternam
2809 2871 2862 2906 ’δ
2895 2871 2970 2928 sit
2999 2874 3052 2928 in
3093 2872 3274 2926 vobis.
3311 2871 3408 2926 Est
3437 2883 3532 2926 ve-

1949 2981 2014 3020 ro
2047 2963 2353 3035 Heliopolis
2386 2965 2585 3020 civitas
2616 2964 2840 3036 ΕΒΗ)ιὶ
2861 2979 2996 3036 qum
3056 2963 3406 3036 splendorem
3467 2976 3532 3017 ac

1947 3055 2176 3127 gloriam
2217 3056 2384 3126 hujus
2439 3057 2626 3111 mundi
2677 3057 2924 3111 denotat.
2985 3057 3129 3112 Deus
3155 3057 3340 3126 itaque
3371 3069 3531 3110 suam

1949 3151 2187 3220 gloriam
2229 3151 2285 3204 in
2315 3157 2523 3205 sortem
2557 3149 2699 3204 Juda
2729 3151 2936 3206 tribum
2995 3152 3228 3223 regiam,
3283 3150 3536 3218 adeoque

1953 3249 2158 3297 terram
2191 3253 2444 3296 sanctam
2483 3241 2753 3310 reposuit.

2023 3331 2094 3386 Et
2119 3343 2462 3388 accesserunt
2498 3333 2602 3401 ﬁlii
2627 3331 2775 3387 Juda
2804 3333 2874 3388 ad
2894 3332 3254 3408 Joaue.[XlV,
3284 3331 3368 3408 6.]
3397 3333 3537 3390 Ante

1951 3435 2158 3481 sortem
2191 3440 2360 3496 quam
2391 3439 2456 3481 ea
2483 3425 2664 3480 tribus
2699 3427 2933 3496 alcepit,
2985 3425 3156 3481 Caleb
3223 3441 3356 3481 vero
3413 3441 3542 3497 por-

1953 3515 2160 3569 tionem
2203 3530 2361 3569 suam
2393 3513 2532 3568 citra
2559 3523 2764 3569 sortem
2807 3514 2928 3585 (sed
2975 3523 3037 3568 ut
3079 3515 3350 3585 scriptum
3380 3515 3540 3570 habet

1955 3620 2119 3674 quam
2149 3607 2384 3660 calcavit
2413 3621 2508 3676 pes
2544 3605 2745 3676 ipsius)
2779 3607 3003 3676 accipit.
3031 3607 3206 3672 Quam
3257 3621 3386 3662 vero
3441 3623 3539 3660 ur-

1957 3697 2079 3750 bem
2139 3697 2305 3750 aliam
2335 3699 2382 3752 is
2438 3697 2534 3767 qui
2597 3698 2750 3754 solus
2807 3706 3061 3754 servatus
3081 3707 3166 3754 est
3197 3713 3321 3753 cum
3353 3697 3542 3770 Josue,

1957 3789 2308 3857 septuaginta
2385 3787 2633 3844 millibus
2696 3789 2989 3846 exstinctis
3062 3803 3272 3861 capere
3313 3789 3544 3854 debuit,

1959 3895 2128 3950 quam
2165 3879 2513 3950 metropolim
2547 3879 2807 3948 Anakim,
2846 3881 3198 3938 llebronem?
3243 3883 3362 3949 Qua
3411 3897 3550 3938 sane

1961 3974 2233 4035 occupata
2265 3967 2332 4022 ad
2371 3967 2586 4023 incolas
2623 3968 2811 4035 Dabir,
2845 3985 2968 4040 qua:
2993 3973 3150 4040 prius
3205 3973 3337 4028 urbs
3371 3973 3550 4026 libro-

1963 4071 2087 4111 rum
2129 4057 2443 4124 dicebatur,
2479 4059 2752 4124 ascendit,
2803 4075 2867 4116 ac
2925 4063 3262 4133 promulgat,
3309 4067 3546 4133 quicun-

1965 4163 2070 4218 que
2093 4163 2212 4203 eam
2241 4151 2471 4219 ceperit,
2509 4150 2768 4206 daturum
2801 4151 2850 4206 ei
2879 4153 3045 4206 tiliam
3079 4169 3236 4208 suam
3275 4153 3498 4210 Aschan
3531 4174 3544 4210 :

1965 4256 2130 4312 quam
2165 4243 2314 4310 cepit
2359 4241 2658 4299 Gothoniel
2703 4244 2851 4301 lilins
2903 4245 3106 4313 Cenez,
3158 4246 3332 4303 frater
3380 4247 3552 4303 Caleb

282 4339 476 4394 νέθλαν
513 4337 610 4409 τὴν
639 4336 752 4390 ᾶνω
795 4333 1030 4412 καὶμτὴν
1078 4329 1346 4385 Γονέθλαν
1411 4328 1512 4400 τὴν
1559 4329 1711 4383 κάτω
1763 4330 1863 4400 τῆς

1965 4331 2175 4400 junior,
2211 4331 2481 4386 nimirum
2515 4333 2586 4389 ab
2611 4333 2721 4387 alio
2749 4343 2926 4404 patre.
2961 4333 3226 4406 lmpctrat
3261 4321 3417 4392 vero,
3445 4340 3548 4392 As-

281 4407 648 4504 κληρονομίας
695 4427 888 4481 Ἰούδα.
909 4407 1094 4490 [una
1126 4423 1210 4486 τίς
1245 4423 1277 4494 ἡ
1309 4421 1642 4494 μητρόπολις
1671 4437 1686 4488 ;
1727 4419 1865 4475 Πολ-

281 4523 390 4578 λῶν
415 4521 596 4576 τοίνυν
617 4521 796 4574 οὐσῶν
835 4518 1046 4571 πόλεων
1087 4518 1146 4568 ὲν
1191 4516 1258 4586 τῇ
1319 4513 1452 4584 ἁγίᾳ
1511 4513 1862 4585 κληροδοσίᾳ,

284 4622 382 4676 καὶ
405 4619 704 4689 ταγμάτων
741 4613 1129 4684 διαφερόντων,
1157 4611 1238 4664 δεῖ
1285 4611 1379 4664 καὶ
1411 4611 1601 4680 τάγμα
1646 4609 1865 4678 ταγμά-

285 4732 394 4769 των
422 4714 691 4782 ὑπάρχειν
729 4705 1080 4780 περιεκτικόν
1105 4721 1164 4758 τε
1198 4705 1292 4757 καὶ
1354 4702 1566 4774 κύριον,
1629 4702 1722 4756 καὶ
1753 4695 1867 4754 οἷον

291 4805 664 4879 μητρόπολιν,
715 4802 781 4874 ἢν
827 4803 874 4854 οί
921 4800 1139 4870 διαφερ.
1171 4797 1284 4869 (45)
1347 4796 1717 4868 λαμϐάνουσι,
1774 4795 1871 4848 καὶ

287 4901 456 4971 ἄλλην
502 4897 671 4952 ἄλλοι.
737 4893 947 4955 Πολλὰς
998 4891 1106 4962 γάρ
1181 4889 1544 4960 μητροπόλεις
1605 4888 1772 4958 φησὶν
1833 4887 1868 4958 ἡ

289 4991 502 5067 Γραφὴ,
537 4991 612 5052 ὡς
635 4987 767 5058 παρ’
795 4984 1026 5055 Ἡσαΐᾳ·
1059 5001 1077 5034 ι
1105 4981 1450 5053 Μητρόπολις
1471 4981 1637 5052 πιστὴ
1657 4979 1816 5034 Σιών.
1845 4995 1864 5030 ι

288 5082 391 5138 Ὠν
416 5077 800 5152 λαμϐάνειτὴν
843 5075 1072 5148 πρώτην
1093 5076 1122 5128 ό
1168 5071 1355 5127 Χάλεϐ
1391 5069 1558 5127 οὖσαν
1589 5071 1698 5124 τῶν
1714 5071 1872 5124 Ἐνα-

289 5176 443 5247 κεὶμ,
477 5175 616 5244 ὅπερ
679 5170 1043 5230 ταπείνωσις
1101 5164 1249 5234 κενὴ
1279 5206 1293 5230 ,
1325 5165 1492 5234 ῆγουν
1552 5163 1872 5232 ἀπόκρισις

292 5267 463 5334 κενὴ,
491 5259 872 5335 ἑρμηνεύεται.
905 5255 1254 5327 Μητρόπολιν
1283 5251 1378 5310 οὖν
1412 5253 1680 5325 λαμϐάνει
1711 5254 1872 5324 κενῆς

363 5449 408 5478 ’³
450 5445 643 5504 Bacch.
677 5459 741 5506 ιι,
773 5441 826 5497 6.

1971 4423 2114 4478 chan
2146 4437 2176 4476 a
2209 4433 2364 4492 patre
2407 4423 2618 4495 irrigua
2642 4427 2934 4495 superiora
2966 4437 3022 4483 et
3057 4429 3328 4486 inferiora
3355 4431 3409 4485 in
3435 4431 3550 4485 bre-

1971 4515 2204 4570 reditate
2233 4513 2398 4570 Juda.
2431 4513 2634 4572 Verum
2689 4535 2810 4590 quae
2866 4529 2952 4576 est
3013 4521 3128 4598 haec
3183 4523 3555 4594 metropolis?

1971 4603 2152 4660 Multae
2189 4621 2324 4661 sane
2369 4622 2490 4661 cum
2527 4608 2692 4665 urbes
2734 4609 2790 4663 in
2833 4609 3154 4668 haereditate
3186 4623 3399 4680 sancta,
3453 4629 3550 4669 or-

1968 4697 2242 4768 dinesque
2283 4697 2492 4755 diversi
2526 4700 2659 4762 sint.
2693 4702 2944 4758 ordinem
2973 4719 3197 4774 quoque
3233 4721 3552 4775 supremum

1969 4791 2291 4846 distinctum
2329 4830 2344 4854 ,
2379 4805 2444 4845 ac
2499 4794 2790 4863 proprium
2848 4810 2950 4849 ceu
3021 4798 3368 4867 metropolim
3430 4813 3556 4854 esse

1965 4891 2204 4952 oportet.
2257 4883 2435 4949 Quam
2491 4885 2916 4942 excellentiores
2963 4889 3288 4958 accipiunt,
3345 4899 3400 4946 et
3458 4891 3554 4946 alii

1967 4975 2192 5046 quidem
2229 4976 2416 5029 aliam.
2449 4975 2745 5034 Multarum
2769 4981 2918 5035 enim
2951 4984 3342 5055 metropolium
3405 4983 3554 5039 Scri—

1974 5077 2139 5140 ptura
2207 5067 2480 5134 meminit,
2557 5072 3026 5141 quemadmodum
3101 5077 3246 5147 apud
3301 5077 3552 5132 Isaiam:

1981 5179 2000 5212 ι
2039 5157 2358 5229 Metropolis
2401 5159 2581 5218 ﬁdelis
2613 5161 2746 5218 Sion
2781 5167 2848 5219 ".
2880 5187 2900 5219 ι
2933 5167 3176 5234 Quarum
3229 5167 3398 5224 Caleb
3433 5171 3556 5239 qui-

1974 5253 2096 5308 dcm
2121 5251 2450 5324 principem,
2487 5256 2719 5314 Enacim
2773 5259 3068 5328 videlicet,
3099 5271 3378 5334 occupat,
3407 5262 3554 5333 quod

903 5441 947 5472 "
975 5433 1211 5493 Malach.
1245 5449 1318 5496 Iv,
1353 5431 1410 5486 2.
1485 5431 1532 5462 ’δ
1563 5427 1700 5484 Joan
1772 5443 1848 5495 iv,
1889 5429 1980 5489 M.
2058 5431 2104 5464 "
2145 5431 2252 5488 lsa.
2288 5450 2346 5498 ιι,
2385 5431 2438 5488 3.

1797 5541 2034 5601 NOTAE.

373 5653 483 5723 (ΒΞ)
512 5649 632 5705 Ἵσ.
665 5649 1010 5720 διαφέροντες
1031 5641 1132 5714 τὴν
1160 5638 1380 5712 ἀρετήν.
