  <div class='ocr_page' id='page_1' title='image "/cluster/home/n/w/nwhite01/storage/ocr_20150623/87:1/hvd.32044073502353/522.png"; bbox 0 0 4006 6210; ppageno 0'>
   <div class='ocr_carea' id='block_1_1' title="bbox 323 275 462 344">
    <p class='ocr_par' dir='ltr' id='par_1_1' title="bbox 323 275 462 344">
     <span class='ocr_line' id='line_1_1' title="bbox 323 275 462 344; baseline 0 -2"><span class='ocrx_word' id='word_1_1' title='bbox 323 275 462 344; x_wconf 82' lang='grc'><strong>1033</strong></span> 
     </span>
    </p>
   </div>
   <div class='ocr_carea' id='block_1_2' title="bbox 321 383 2720 468">
    <p class='ocr_par' dir='ltr' id='par_1_2' title="bbox 321 383 2720 468">
     <span class='ocr_line' id='line_1_2' title="bbox 321 383 2720 468; baseline -0.005 -17"><span class='ocrx_word' id='word_1_2' title='bbox 321 409 424 453; x_wconf 89' lang='lat' dir='ltr'><strong>cuc</strong></span> <span class='ocrx_word' id='word_1_3' title='bbox 479 403 643 464; x_wconf 86' lang='lat' dir='ltr'><strong>porro</strong></span> <span class='ocrx_word' id='word_1_4' title='bbox 695 389 821 444; x_wconf 89' lang='lat' dir='ltr'><strong>hinc</strong></span> <span class='ocrx_word' id='word_1_5' title='bbox 856 395 1146 445; x_wconf 86' lang='lat' dir='ltr'><strong>venturum</strong></span> <span class='ocrx_word' id='word_1_6' title='bbox 1212 388 1412 459; x_wconf 91' lang='lat' dir='ltr'><strong>inquit,</strong></span> <span class='ocrx_word' id='word_1_7' title='bbox 1473 387 1664 451; x_wconf 89' lang='lat' dir='ltr'><strong>Deum,</strong></span> <span class='ocrx_word' id='word_1_8' title='bbox 1727 387 2186 468; x_wconf 75' lang='lat' dir='ltr'><strong>quemadmodum</strong></span> <span class='ocrx_word' id='word_1_9' title='bbox 2248 387 2340 442; x_wconf 79' lang='lat' dir='ltr'><strong>lux</strong></span> <span class='ocrx_word' id='word_1_10' title='bbox 2373 401 2402 440; x_wconf 90' lang='lat' dir='ltr'><strong>a</strong></span> <span class='ocrx_word' id='word_1_11' title='bbox 2457 383 2720 440; x_wconf 81' lang='lat' dir='ltr'><strong>meridie.</strong></span> 
     </span>
    </p>
   </div>
   <div class='ocr_carea' id='block_1_3' title="bbox 321 475 1991 551">
    <p class='ocr_par' dir='ltr' id='par_1_3' title="bbox 321 475 1991 551">
     <span class='ocr_line' id='line_1_3' title="bbox 321 475 1991 551; baseline -0.006 -9"><span class='ocrx_word' id='word_1_12' title='bbox 321 480 585 542; x_wconf 77' lang='lat' dir='ltr'><strong>Thomam</strong></span> <span class='ocrx_word' id='word_1_13' title='bbox 620 485 827 544; x_wconf 82' lang='lat' dir='ltr'><strong>veniet,</strong></span> <span class='ocrx_word' id='word_1_14' title='bbox 871 501 890 533; x_wconf 71' lang='grc' dir='ltr'><strong>ο</strong></span> <span class='ocrx_word' id='word_1_15' title='bbox 928 479 1127 551; x_wconf 81' lang='lat' dir='ltr'><strong>reliqui</strong></span> <span class='ocrx_word' id='word_1_16' title='bbox 1152 479 1215 533; x_wconf 88' lang='lat' dir='ltr'><strong>ab</strong></span> <span class='ocrx_word' id='word_1_17' title='bbox 1245 489 1429 534; x_wconf 82' lang='lat' dir='ltr'><strong>austro</strong></span> <span class='ocrx_word' id='word_1_18' title='bbox 1465 488 1593 535; x_wconf 88' lang='lat' dir='ltr'><strong>sunt</strong></span> <span class='ocrx_word' id='word_1_19' title='bbox 1627 475 1991 548; x_wconf 83' lang='lat' dir='ltr'><strong>interpretati.</strong></span> 
     </span>
    </p>
   </div>
   <div class='ocr_carea' id='block_1_4' title="bbox 1445 267 2405 338">
    <p class='ocr_par' dir='ltr' id='par_1_4' title="bbox 1445 267 2405 338">
     <span class='ocr_line' id='line_1_4' title="bbox 1445 267 2405 338; baseline -0.006 0"><span class='ocrx_word' id='word_1_20' title='bbox 1445 269 1982 338; x_wconf 78' lang='lat' dir='ltr'><strong>COMMENTARlI</strong></span> <span class='ocrx_word' id='word_1_21' title='bbox 2028 274 2108 334; x_wconf 76' lang='lat' dir='ltr'><strong>IN</strong></span> <span class='ocrx_word' id='word_1_22' title='bbox 2149 267 2405 334; x_wconf 84' lang='lat' dir='ltr'><strong>.IOSUE.</strong></span> 
     </span>
    </p>
   </div>
   <div class='ocr_carea' id='block_1_5' title="bbox 3460 262 3594 328">
    <p class='ocr_par' dir='ltr' id='par_1_5' title="bbox 3460 262 3594 328">
     <span class='ocr_line' id='line_1_5' title="bbox 3460 262 3594 328; baseline -0.015 0"><span class='ocrx_word' id='word_1_23' title='bbox 3460 262 3594 328; x_wconf 71' lang='grc'><strong>1034</strong></span> 
     </span>
    </p>
   </div>
   <div class='ocr_carea' id='block_1_6' title="bbox 2814 377 3593 440">
    <p class='ocr_par' dir='ltr' id='par_1_6' title="bbox 2814 377 3593 440">
     <span class='ocr_line' id='line_1_6' title="bbox 2814 377 3593 440; baseline 0.003 -2"><span class='ocrx_word' id='word_1_24' title='bbox 2814 381 2950 438; x_wconf 85' lang='lat' dir='ltr'><strong>Illud</strong></span> <span class='ocrx_word' id='word_1_25' title='bbox 3003 381 3200 436; x_wconf 88' lang='lat' dir='ltr'><strong>enim:</strong></span> <span class='ocrx_word' id='word_1_26' title='bbox 3273 377 3507 438; x_wconf 76' lang='lat' dir='ltr'><strong>t&quot;I‘eus</strong></span> <span class='ocrx_word' id='word_1_27' title='bbox 3561 395 3593 440; x_wconf 63' lang='grc' dir='ltr'><strong>ε</strong></span> 
     </span>
    </p>
   </div>
   <div class='ocr_carea' id='block_1_7' title="bbox 391 555 1909 640">
    <p class='ocr_par' dir='ltr' id='par_1_7' title="bbox 391 569 1896 640">
     <span class='ocr_line' id='line_1_7' title="bbox 391 569 1896 640; baseline -0.004 -8"><span class='ocrx_word' id='word_1_28' title='bbox 391 576 496 632; x_wconf 81' lang='lat' dir='ltr'><strong>Kal</strong></span> <span class='ocrx_word' id='word_1_29' title='bbox 527 579 559 630; x_wconf 85' lang='grc' dir='ltr'><em>ὁ</em></span> <span class='ocrx_word' id='word_1_30' title='bbox 602 572 956 637; x_wconf 78' lang='grc' dir='ltr'><strong>’1εὸοϋσαῖος</strong></span> <span class='ocrx_word' id='word_1_31' title='bbox 1002 571 1316 638; x_wconf 76' lang='grc' dir='ltr'><strong>κατῴκησε</strong></span> <span class='ocrx_word' id='word_1_32' title='bbox 1354 573 1424 625; x_wconf 82' lang='grc' dir='ltr'><strong>ἐν</strong></span> <span class='ocrx_word' id='word_1_33' title='bbox 1465 569 1896 640; x_wconf 75' lang='grc' dir='ltr'>Ἰερουσαλὴμ.</span> 
     </span>
    </p>
   </div>
   <div class='ocr_carea' id='block_1_8' title="bbox 2019 555 3594 640">
    <p class='ocr_par' dir='ltr' id='par_1_8' title="bbox 2077 555 3594 626">
     <span class='ocr_line' id='line_1_8' title="bbox 2077 555 3594 626; baseline -0.002 -11"><span class='ocrx_word' id='word_1_34' title='bbox 2077 561 2144 615; x_wconf 86' lang='lat' dir='ltr'><strong>Et</strong></span> <span class='ocrx_word' id='word_1_35' title='bbox 2171 561 2448 615; x_wconf 71' lang='lat' dir='ltr'><strong>Jebusa&#39;tts</strong></span> <span class='ocrx_word' id='word_1_36' title='bbox 2485 558 2746 612; x_wconf 81' lang='lat' dir='ltr'><strong>habitavit</strong></span> <span class='ocrx_word' id='word_1_37' title='bbox 2792 558 2844 610; x_wconf 87' lang='lat' dir='ltr'><strong>iu</strong></span> <span class='ocrx_word' id='word_1_38' title='bbox 2871 555 3196 621; x_wconf 76' lang='lat' dir='ltr'><strong>Jerusalem,</strong></span> <span class='ocrx_word' id='word_1_39' title='bbox 3260 573 3356 611; x_wconf 69' lang='lat' dir='ltr'><strong>nec</strong></span> <span class='ocrx_word' id='word_1_40' title='bbox 3404 564 3594 626; x_wconf 83' lang='lat' dir='ltr'><strong>potue-</strong></span> 
     </span>
    </p>
   </div>
   <div class='ocr_carea' id='block_1_9' title="bbox 321 661 1910 734">
    <p class='ocr_par' dir='ltr' id='par_1_9' title="bbox 321 661 1910 734">
     <span class='ocr_line' id='line_1_9' title="bbox 321 661 1910 734; baseline -0.004 -12"><span class='ocrx_word' id='word_1_41' title='bbox 321 668 418 724; x_wconf 77' lang='grc' dir='ltr'>καὶ</span> <span class='ocrx_word' id='word_1_42' title='bbox 451 669 564 720; x_wconf 83' lang='grc' dir='ltr'>οὐκ</span> <span class='ocrx_word' id='word_1_43' title='bbox 595 663 1038 734; x_wconf 69' lang='grc' dir='ltr'>ήδυιοάσθησαν</span> <span class='ocrx_word' id='word_1_44' title='bbox 1065 663 1182 717; x_wconf 78' lang='grc' dir='ltr'>υἱοὶ</span> <span class='ocrx_word' id='word_1_45' title='bbox 1227 661 1425 718; x_wconf 82' lang='grc' dir='ltr'><strong>Ἰούδα</strong></span> <span class='ocrx_word' id='word_1_46' title='bbox 1457 661 1764 717; x_wconf 76' lang='grc' dir='ltr'><strong>ἀπολέσαι</strong></span> <span class='ocrx_word' id='word_1_47' title='bbox 1797 665 1910 716; x_wconf 86' lang='grc' dir='ltr'><strong>αὑ-</strong></span> 
     </span>
    </p>
   </div>
   <div class='ocr_carea' id='block_1_10' title="bbox 320 754 1914 826">
    <p class='ocr_par' dir='ltr' id='par_1_10' title="bbox 320 754 1914 826">
     <span class='ocr_line' id='line_1_10' title="bbox 320 754 1914 826; baseline -0.003 -13"><span class='ocrx_word' id='word_1_48' title='bbox 320 761 465 826; x_wconf 84' lang='grc' dir='ltr'>τούς</span> <span class='ocrx_word' id='word_1_49' title='bbox 484 775 500 790; x_wconf 88' lang='grc'><strong>·</strong></span> <span class='ocrx_word' id='word_1_50' title='bbox 536 758 634 812; x_wconf 79' lang='grc' dir='ltr'>καὶ</span> <span class='ocrx_word' id='word_1_51' title='bbox 663 754 1026 824; x_wconf 76' lang='grc' dir='ltr'>κατῴκησαν</span> <span class='ocrx_word' id='word_1_52' title='bbox 1051 758 1103 810; x_wconf 77' lang='grc' dir='ltr'><strong>οι</strong></span> <span class='ocrx_word' id='word_1_53' title='bbox 1131 754 1475 810; x_wconf 78' lang='grc' dir='ltr'>Ἰεϐουσαῗοι</span> <span class='ocrx_word' id='word_1_54' title='bbox 1502 756 1573 808; x_wconf 80' lang='grc' dir='ltr'><strong>ἐν</strong></span> <span class='ocrx_word' id='word_1_55' title='bbox 1613 754 1914 824; x_wconf 77' lang='grc' dir='ltr'>Ἰερουσα-</span> 
     </span>
    </p>
   </div>
   <div class='ocr_carea' id='block_1_11' title="bbox 317 846 1256 922">
    <p class='ocr_par' dir='ltr' id='par_1_11' title="bbox 317 846 1256 922">
     <span class='ocr_line' id='line_1_11' title="bbox 317 846 1256 922; baseline -0.01 -1"><span class='ocrx_word' id='word_1_56' title='bbox 317 852 444 922; x_wconf 77' lang='grc' dir='ltr'>λὴμ</span> <span class='ocrx_word' id='word_1_57' title='bbox 464 849 576 916; x_wconf 80' lang='grc' dir='ltr'><strong>ἕως</strong></span> <span class='ocrx_word' id='word_1_58' title='bbox 613 847 724 916; x_wconf 80' lang='grc' dir='ltr'>τῆς</span> <span class='ocrx_word' id='word_1_59' title='bbox 755 847 980 916; x_wconf 69' lang='grc' dir='ltr'>ἡμέρας</span> <span class='ocrx_word' id='word_1_60' title='bbox 1008 846 1256 914; x_wconf 73' lang='grc' dir='ltr'><strong>ταύτης⁸</strong></span> 
     </span>
    </p>
   </div>
   <div class='ocr_carea' id='block_1_12' title="bbox 403 933 1912 1010">
    <p class='ocr_par' dir='ltr' id='par_1_12' title="bbox 403 933 1912 1010">
     <span class='ocr_line' id='line_1_12' title="bbox 403 933 1912 1010; baseline -0.004 -16"><span class='ocrx_word' id='word_1_61' title='bbox 403 933 740 1010; x_wconf 84' lang='grc' dir='ltr'>Ἐρωτητέον</span> <span class='ocrx_word' id='word_1_62' title='bbox 769 935 896 1000; x_wconf 77' lang='grc' dir='ltr'>τοὺς</span> <span class='ocrx_word' id='word_1_63' title='bbox 924 937 990 990; x_wconf 83' lang='grc' dir='ltr'>ἐκ</span> <span class='ocrx_word' id='word_1_64' title='bbox 1012 937 1214 1000; x_wconf 80' lang='grc' dir='ltr'>παντὸς</span> <span class='ocrx_word' id='word_1_65' title='bbox 1237 939 1446 1010; x_wconf 83' lang='grc' dir='ltr'><strong>τρόπου</strong></span> <span class='ocrx_word' id='word_1_66' title='bbox 1479 935 1912 1010; x_wconf 75' lang='grc' dir='ltr'><strong>προϊσταμένους</strong></span> 
     </span>
    </p>
   </div>
   <div class='ocr_carea' id='block_1_13' title="bbox 321 1024 1913 1101">
    <p class='ocr_par' dir='ltr' id='par_1_13' title="bbox 321 1024 1913 1101">
     <span class='ocr_line' id='line_1_13' title="bbox 321 1024 1913 1101; baseline -0.005 -13"><span class='ocrx_word' id='word_1_67' title='bbox 321 1031 416 1088; x_wconf 86' lang='grc' dir='ltr'><strong>τοῦ</strong></span> <span class='ocrx_word' id='word_1_68' title='bbox 451 1031 806 1101; x_wconf 80' lang='grc' dir='ltr'><strong>γράμματος,</strong></span> <span class='ocrx_word' id='word_1_69' title='bbox 844 1027 965 1092; x_wconf 81' lang='grc' dir='ltr'><strong>πῶς</strong></span> <span class='ocrx_word' id='word_1_70' title='bbox 999 1024 1107 1091; x_wconf 75' lang='grc' dir='ltr'>ἕως</span> <span class='ocrx_word' id='word_1_71' title='bbox 1145 1029 1245 1098; x_wconf 85' lang='grc' dir='ltr'><strong>τῆς</strong></span> <span class='ocrx_word' id='word_1_72' title='bbox 1278 1030 1517 1098; x_wconf 81' lang='grc' dir='ltr'><strong>σήμερον</strong></span> <span class='ocrx_word' id='word_1_73' title='bbox 1553 1027 1767 1098; x_wconf 77' lang='grc' dir='ltr'>ἡμέρας</span> <span class='ocrx_word' id='word_1_74' title='bbox 1807 1045 1913 1098; x_wconf 81' lang='grc' dir='ltr'><strong>φη-</strong></span> 
     </span>
    </p>
   </div>
   <div class='ocr_carea' id='block_1_14' title="bbox 327 1119 1908 1194">
    <p class='ocr_par' dir='ltr' id='par_1_14' title="bbox 327 1119 1908 1194">
     <span class='ocr_line' id='line_1_14' title="bbox 327 1119 1908 1194; baseline -0.004 -16"><span class='ocrx_word' id='word_1_75' title='bbox 327 1127 449 1190; x_wconf 86' lang='grc' dir='ltr'>σίν;</span> <span class='ocrx_word' id='word_1_76' title='bbox 483 1125 625 1194; x_wconf 82' lang='grc' dir='ltr'>ὅπερ</span> <span class='ocrx_word' id='word_1_77' title='bbox 648 1124 706 1174; x_wconf 79' lang='grc' dir='ltr'>ὲν</span> <span class='ocrx_word' id='word_1_78' title='bbox 735 1121 806 1194; x_wconf 76' lang='grc' dir='ltr'>τῇ</span> <span class='ocrx_word' id='word_1_79' title='bbox 839 1121 1033 1192; x_wconf 82' lang='grc' dir='ltr'>Γραφῇ</span> <span class='ocrx_word' id='word_1_80' title='bbox 1069 1121 1232 1191; x_wconf 82' lang='grc' dir='ltr'>μέχρι</span> <span class='ocrx_word' id='word_1_81' title='bbox 1289 1121 1389 1190; x_wconf 77' lang='grc' dir='ltr'>τῆς</span> <span class='ocrx_word' id='word_1_82' title='bbox 1447 1120 1759 1184; x_wconf 77' lang='grc' dir='ltr'>συντελείας</span> <span class='ocrx_word' id='word_1_83' title='bbox 1813 1119 1908 1172; x_wconf 89' lang='grc' dir='ltr'><strong>τοῦ</strong></span> 
     </span>
    </p>
   </div>
   <div class='ocr_carea' id='block_1_15' title="bbox 329 1206 1912 1286">
    <p class='ocr_par' dir='ltr' id='par_1_15' title="bbox 329 1206 1912 1286">
     <span class='ocr_line' id='line_1_15' title="bbox 329 1206 1912 1286; baseline -0.004 -18"><span class='ocrx_word' id='word_1_84' title='bbox 329 1214 596 1286; x_wconf 78' lang='grc' dir='ltr'><strong>παρόντος</strong></span> <span class='ocrx_word' id='word_1_85' title='bbox 658 1212 858 1276; x_wconf 78' lang='grc' dir='ltr'>αἰῶνος</span> <span class='ocrx_word' id='word_1_86' title='bbox 906 1212 1078 1283; x_wconf 88' lang='grc' dir='ltr'>δηλοῖ,</span> <span class='ocrx_word' id='word_1_87' title='bbox 1119 1211 1262 1266; x_wconf 82' lang='grc' dir='ltr'>κατὰ</span> <span class='ocrx_word' id='word_1_88' title='bbox 1321 1211 1403 1274; x_wconf 79' lang='grc' dir='ltr'><strong>τὸ,</strong></span> <span class='ocrx_word' id='word_1_89' title='bbox 1465 1229 1483 1262; x_wconf 79' lang='grc' dir='ltr'><strong>ι</strong></span> <span class='ocrx_word' id='word_1_90' title='bbox 1517 1206 1682 1274; x_wconf 76' lang='grc' dir='ltr'>Οὗτος</span> <span class='ocrx_word' id='word_1_91' title='bbox 1729 1209 1912 1282; x_wconf 81' lang='grc' dir='ltr'>πατὴρ</span> 
     </span>
    </p>
   </div>
   <div class='ocr_carea' id='block_1_16' title="bbox 329 1299 1908 1374">
    <p class='ocr_par' dir='ltr' id='par_1_16' title="bbox 329 1299 1908 1374">
     <span class='ocr_line' id='line_1_16' title="bbox 329 1299 1908 1374; baseline -0.004 -14"><span class='ocrx_word' id='word_1_92' title='bbox 329 1305 629 1362; x_wconf 72' lang='grc' dir='ltr'>Μωαϐιτῶν</span> <span class='ocrx_word' id='word_1_93' title='bbox 659 1299 766 1368; x_wconf 73' lang='grc' dir='ltr'><strong>ἕως</strong></span> <span class='ocrx_word' id='word_1_94' title='bbox 805 1305 904 1374; x_wconf 79' lang='grc' dir='ltr'>τῆς</span> <span class='ocrx_word' id='word_1_95' title='bbox 939 1305 1182 1374; x_wconf 81' lang='grc' dir='ltr'>σήμερον</span> <span class='ocrx_word' id='word_1_96' title='bbox 1213 1302 1453 1374; x_wconf 81' lang='grc' dir='ltr'>ἡμέρας.</span> <span class='ocrx_word' id='word_1_97' title='bbox 1494 1321 1513 1354; x_wconf 73' lang='grc' dir='ltr'><strong>ι</strong></span> <span class='ocrx_word' id='word_1_98' title='bbox 1573 1304 1682 1356; x_wconf 70' lang='grc' dir='ltr'>Καὶ</span> <span class='ocrx_word' id='word_1_99' title='bbox 1737 1302 1908 1356; x_wconf 82' lang='grc' dir='ltr'>πάλιν</span> 
     </span>
    </p>
   </div>
   <div class='ocr_carea' id='block_1_17' title="bbox 333 1391 1896 1466">
    <p class='ocr_par' dir='ltr' id='par_1_17' title="bbox 333 1391 1896 1466">
     <span class='ocr_line' id='line_1_17' title="bbox 333 1391 1896 1466; baseline -0.001 -17"><span class='ocrx_word' id='word_1_100' title='bbox 333 1417 352 1449; x_wconf 86' lang='grc' dir='ltr'><strong>ι</strong></span> <span class='ocrx_word' id='word_1_101' title='bbox 391 1399 482 1466; x_wconf 79' lang='grc' dir='ltr'><strong>Μὴ</strong></span> <span class='ocrx_word' id='word_1_102' title='bbox 511 1394 784 1464; x_wconf 81' lang='grc' dir='ltr'>ἀπόστητε</span> <span class='ocrx_word' id='word_1_103' title='bbox 817 1393 922 1448; x_wconf 75' lang='grc' dir='ltr'><strong>ἀπὸ</strong></span> <span class='ocrx_word' id='word_1_104' title='bbox 961 1391 1165 1466; x_wconf 78' lang='grc' dir='ltr'>Κυρίου</span> <span class='ocrx_word' id='word_1_105' title='bbox 1196 1395 1254 1447; x_wconf 79' lang='grc' dir='ltr'>ὲν</span> <span class='ocrx_word' id='word_1_106' title='bbox 1277 1396 1399 1456; x_wconf 82' lang='grc' dir='ltr'>ταῖς</span> <span class='ocrx_word' id='word_1_107' title='bbox 1457 1395 1703 1465; x_wconf 84' lang='grc' dir='ltr'>σήμερον</span> <span class='ocrx_word' id='word_1_108' title='bbox 1754 1395 1896 1464; x_wconf 79' lang='grc' dir='ltr'>ήμέ·</span> 
     </span>
    </p>
   </div>
   <div class='ocr_carea' id='block_1_18' title="bbox 331 1467 1908 1559">
    <p class='ocr_par' dir='ltr' id='par_1_18' title="bbox 331 1467 1908 1559">
     <span class='ocr_line' id='line_1_18' title="bbox 331 1467 1908 1559; baseline -0.003 -17"><span class='ocrx_word' id='word_1_109' title='bbox 331 1504 476 1559; x_wconf 71' lang='grc' dir='ltr'>ραις,</span> <span class='ocrx_word' id='word_1_110' title='bbox 511 1506 529 1538; x_wconf 75' lang='grc' dir='ltr'><strong>ι</strong></span> <span class='ocrx_word' id='word_1_111' title='bbox 562 1487 684 1540; x_wconf 72' lang='grc' dir='ltr'>ἀντὶ</span> <span class='ocrx_word' id='word_1_112' title='bbox 715 1482 833 1548; x_wconf 93' lang='grc' dir='ltr'>τοῦ,</span> <span class='ocrx_word' id='word_1_113' title='bbox 868 1485 992 1539; x_wconf 82' lang='grc' dir='ltr'>ὅσον</span> <span class='ocrx_word' id='word_1_114' title='bbox 1017 1484 1080 1538; x_wconf 72' lang='grc' dir='ltr'>τὸ</span> <span class='ocrx_word' id='word_1_115' title='bbox 1113 1485 1357 1556; x_wconf 78' lang='grc' dir='ltr'>σήμερον</span> <span class='ocrx_word' id='word_1_116' title='bbox 1383 1467 1672 1540; x_wconf 52' lang='grc' dir='ltr'>καλεῖταιῗ</span> <span class='ocrx_word' id='word_1_117' title='bbox 1689 1485 1908 1557; x_wconf 78' lang='grc' dir='ltr'><strong>Μηκέτι</strong></span> 
     </span>
    </p>
   </div>
   <div class='ocr_carea' id='block_1_19' title="bbox 327 1575 1908 1648">
    <p class='ocr_par' dir='ltr' id='par_1_19' title="bbox 327 1575 1908 1648">
     <span class='ocr_line' id='line_1_19' title="bbox 327 1575 1908 1648; baseline -0.003 -14"><span class='ocrx_word' id='word_1_118' title='bbox 327 1576 421 1634; x_wconf 75' lang='grc' dir='ltr'>οὗν</span> <span class='ocrx_word' id='word_1_119' title='bbox 444 1579 552 1631; x_wconf 86' lang='grc' dir='ltr'><strong>τῶν</strong></span> <span class='ocrx_word' id='word_1_120' title='bbox 581 1577 714 1630; x_wconf 84' lang='grc' dir='ltr'>υἱῶν</span> <span class='ocrx_word' id='word_1_121' title='bbox 757 1575 926 1629; x_wconf 86' lang='grc' dir='ltr'>Ἰούδα</span> <span class='ocrx_word' id='word_1_122' title='bbox 951 1577 1354 1631; x_wconf 81' lang='grc' dir='ltr'>κατοικούντων</span> <span class='ocrx_word' id='word_1_123' title='bbox 1407 1578 1465 1630; x_wconf 85' lang='grc' dir='ltr'>ὲν</span> <span class='ocrx_word' id='word_1_124' title='bbox 1527 1575 1908 1648; x_wconf 79' lang='grc' dir='ltr'>Ἰερουσαλὴμ,</span> 
     </span>
    </p>
   </div>
   <div class='ocr_carea' id='block_1_20' title="bbox 332 1667 1909 1740">
    <p class='ocr_par' dir='ltr' id='par_1_20' title="bbox 332 1667 1909 1740">
     <span class='ocr_line' id='line_1_20' title="bbox 332 1667 1909 1740; baseline -0.001 -18"><span class='ocrx_word' id='word_1_125' title='bbox 332 1669 450 1732; x_wconf 83' lang='grc' dir='ltr'><strong>πῶς</strong></span> <span class='ocrx_word' id='word_1_126' title='bbox 477 1671 504 1723; x_wconf 98' lang='lat'><strong>6</strong></span> <span class='ocrx_word' id='word_1_127' title='bbox 543 1667 870 1730; x_wconf 76' lang='grc' dir='ltr'>Ἰεϐουσαῖος</span> <span class='ocrx_word' id='word_1_128' title='bbox 896 1669 1038 1721; x_wconf 85' lang='grc' dir='ltr'>οίκεῖ</span> <span class='ocrx_word' id='word_1_129' title='bbox 1061 1671 1181 1739; x_wconf 85' lang='grc' dir='ltr'>μετ’</span> <span class='ocrx_word' id='word_1_130' title='bbox 1219 1667 1385 1723; x_wconf 79' lang='grc' dir='ltr'>αὑτοῦ</span> <span class='ocrx_word' id='word_1_131' title='bbox 1411 1687 1426 1737; x_wconf 93' lang='grc'><strong>;</strong></span> <span class='ocrx_word' id='word_1_132' title='bbox 1481 1668 1772 1740; x_wconf 81' lang='grc' dir='ltr'>τοιγαροῦν</span> <span class='ocrx_word' id='word_1_133' title='bbox 1816 1668 1909 1722; x_wconf 82' lang='grc' dir='ltr'><strong>ὲπί</strong></span> 
     </span>
    </p>
   </div>
   <div class='ocr_carea' id='block_1_21' title="bbox 327 1759 1906 1834">
    <p class='ocr_par' dir='ltr' id='par_1_21' title="bbox 327 1759 1906 1834">
     <span class='ocr_line' id='line_1_21' title="bbox 327 1759 1906 1834; baseline 0 -18"><span class='ocrx_word' id='word_1_134' title='bbox 327 1780 378 1816; x_wconf 90' lang='grc' dir='ltr'><strong>τι</strong></span> <span class='ocrx_word' id='word_1_135' title='bbox 417 1760 609 1830; x_wconf 77' lang='grc' dir='ltr'>νοητὸν</span> <span class='ocrx_word' id='word_1_136' title='bbox 635 1759 1040 1832; x_wconf 81' lang='grc' dir='ltr'>ἀναδράμωμεν</span> <span class='ocrx_word' id='word_1_137' title='bbox 1074 1761 1280 1832; x_wconf 84' lang='grc' dir='ltr'>ὅμοιον,</span> <span class='ocrx_word' id='word_1_138' title='bbox 1305 1763 1405 1830; x_wconf 80' lang='grc' dir='ltr'>τὴν</span> <span class='ocrx_word' id='word_1_139' title='bbox 1444 1763 1708 1834; x_wconf 74' lang='grc' dir='ltr'>περὶτῶν</span> <span class='ocrx_word' id='word_1_140' title='bbox 1747 1761 1906 1827; x_wconf 82' lang='grc' dir='ltr'>ζιζα-</span> 
     </span>
    </p>
   </div>
   <div class='ocr_carea' id='block_1_22' title="bbox 327 1849 1908 1924">
    <p class='ocr_par' dir='ltr' id='par_1_22' title="bbox 327 1849 1908 1924">
     <span class='ocr_line' id='line_1_22' title="bbox 327 1849 1908 1924; baseline -0.002 -16"><span class='ocrx_word' id='word_1_141' title='bbox 327 1855 456 1908; x_wconf 89' lang='grc' dir='ltr'>νίων</span> <span class='ocrx_word' id='word_1_142' title='bbox 506 1851 786 1923; x_wconf 79' lang='grc' dir='ltr'><strong>εἰληφότες</strong></span> <span class='ocrx_word' id='word_1_143' title='bbox 823 1849 1247 1924; x_wconf 75' lang='grc' dir='ltr'>παραϐολήνοᾶ</span> <span class='ocrx_word' id='word_1_144' title='bbox 1298 1851 1377 1924; x_wconf 83' lang='grc' dir='ltr'><strong>τῷ</strong></span> <span class='ocrx_word' id='word_1_145' title='bbox 1425 1853 1559 1924; x_wconf 82' lang='grc' dir='ltr'>σίτῳ</span> <span class='ocrx_word' id='word_1_146' title='bbox 1614 1853 1908 1907; x_wconf 83' lang='grc' dir='ltr'>κατέλειπε</span> 
     </span>
    </p>
   </div>
   <div class='ocr_carea' id='block_1_23' title="bbox 331 1941 1910 2014">
    <p class='ocr_par' dir='ltr' id='par_1_23' title="bbox 331 1941 1910 2014">
     <span class='ocr_line' id='line_1_23' title="bbox 331 1941 1910 2014; baseline 0 -16"><span class='ocrx_word' id='word_1_147' title='bbox 331 1942 781 2009; x_wconf 77' lang='grc' dir='ltr'>συναυξάνεσθαι,</span> <span class='ocrx_word' id='word_1_148' title='bbox 803 1941 879 2012; x_wconf 81' lang='grc' dir='ltr'>μὴ</span> <span class='ocrx_word' id='word_1_149' title='bbox 911 1941 1284 2014; x_wconf 65' lang='grc' dir='ltr'>συνεκριζωθῇ</span> <span class='ocrx_word' id='word_1_150' title='bbox 1315 1941 1527 2007; x_wconf 77' lang='grc' dir='ltr'>τούτοις</span> <span class='ocrx_word' id='word_1_151' title='bbox 1561 1945 1588 1996; x_wconf 90' lang='lat'><strong>6</strong></span> <span class='ocrx_word' id='word_1_152' title='bbox 1611 1945 1776 2006; x_wconf 88' lang='grc' dir='ltr'>σῖτος.</span> <span class='ocrx_word' id='word_1_153' title='bbox 1819 1943 1910 1998; x_wconf 86' lang='grc' dir='ltr'>Ἑν</span> 
     </span>
    </p>
   </div>
   <div class='ocr_carea' id='block_1_24' title="bbox 326 2031 1910 2106">
    <p class='ocr_par' dir='ltr' id='par_1_24' title="bbox 326 2031 1910 2106">
     <span class='ocr_line' id='line_1_24' title="bbox 326 2031 1910 2106; baseline -0.001 -18"><span class='ocrx_word' id='word_1_154' title='bbox 326 2035 528 2106; x_wconf 79' lang='grc' dir='ltr'>γὰρτῇ</span> <span class='ocrx_word' id='word_1_155' title='bbox 583 2032 881 2104; x_wconf 73' lang='grc' dir='ltr'>Ἐκκλησία</span> <span class='ocrx_word' id='word_1_156' title='bbox 907 2033 1044 2086; x_wconf 79' lang='grc' dir='ltr'>είσὶν</span> <span class='ocrx_word' id='word_1_157' title='bbox 1105 2031 1423 2086; x_wconf 80' lang='grc' dir='ltr'>’Ῑεὸουσαίοι</span> <span class='ocrx_word' id='word_1_158' title='bbox 1482 2033 1910 2104; x_wconf 85' lang='grc' dir='ltr'>καταπατούμε-</span> 
     </span>
    </p>
   </div>
   <div class='ocr_carea' id='block_1_25' title="bbox 328 2123 1910 2197">
    <p class='ocr_par' dir='ltr' id='par_1_25' title="bbox 328 2123 1910 2197">
     <span class='ocr_line' id='line_1_25' title="bbox 328 2123 1910 2197; baseline -0.002 -16"><span class='ocrx_word' id='word_1_159' title='bbox 328 2145 429 2190; x_wconf 88' lang='grc' dir='ltr'>νοι,</span> <span class='ocrx_word' id='word_1_160' title='bbox 467 2123 784 2197; x_wconf 81' lang='grc' dir='ltr'>ἁμαρτωλοί</span> <span class='ocrx_word' id='word_1_161' title='bbox 835 2123 1013 2176; x_wconf 75' lang='grc' dir='ltr'>τεκαὶ</span> <span class='ocrx_word' id='word_1_162' title='bbox 1052 2123 1152 2194; x_wconf 78' lang='grc' dir='ltr'>τῆς</span> <span class='ocrx_word' id='word_1_163' title='bbox 1185 2125 1425 2188; x_wconf 84' lang='grc' dir='ltr'>πίστεως</span> <span class='ocrx_word' id='word_1_164' title='bbox 1474 2123 1771 2196; x_wconf 76' lang='grc' dir='ltr'>ἀλλότριοι.</span> <span class='ocrx_word' id='word_1_165' title='bbox 1798 2125 1910 2180; x_wconf 71' lang='grc' dir='ltr'>Καὶ</span> 
     </span>
    </p>
   </div>
   <div class='ocr_carea' id='block_1_26' title="bbox 326 2214 1910 2287">
    <p class='ocr_par' dir='ltr' id='par_1_26' title="bbox 326 2214 1910 2287">
     <span class='ocr_line' id='line_1_26' title="bbox 326 2214 1910 2287; baseline -0.001 -17"><span class='ocrx_word' id='word_1_166' title='bbox 326 2219 429 2272; x_wconf 82' lang='grc' dir='ltr'><strong>οὐκ</strong></span> <span class='ocrx_word' id='word_1_167' title='bbox 458 2217 523 2272; x_wconf 79' lang='grc' dir='ltr'>ἄν</span> <span class='ocrx_word' id='word_1_168' title='bbox 545 2234 627 2278; x_wconf 85' lang='grc' dir='ltr'><strong>τις</strong></span> <span class='ocrx_word' id='word_1_169' title='bbox 648 2217 704 2268; x_wconf 76' lang='grc' dir='ltr'>ὲν</span> <span class='ocrx_word' id='word_1_170' title='bbox 741 2214 820 2285; x_wconf 82' lang='grc' dir='ltr'>τῷ</span> <span class='ocrx_word' id='word_1_171' title='bbox 842 2214 1308 2286; x_wconf 73' lang='grc' dir='ltr'>παρόντιπαύσειε</span> <span class='ocrx_word' id='word_1_172' title='bbox 1331 2215 1432 2287; x_wconf 83' lang='grc' dir='ltr'><strong>βίῳ</strong></span> <span class='ocrx_word' id='word_1_173' title='bbox 1460 2215 1736 2280; x_wconf 84' lang='grc' dir='ltr'>τοιούτους</span> <span class='ocrx_word' id='word_1_174' title='bbox 1762 2215 1910 2286; x_wconf 71' lang='grc' dir='ltr'>ἔχειν</span> 
     </span>
    </p>
   </div>
   <div class='ocr_carea' id='block_1_27' title="bbox 327 2306 1911 2380">
    <p class='ocr_par' dir='ltr' id='par_1_27' title="bbox 327 2306 1911 2380">
     <span class='ocr_line' id='line_1_27' title="bbox 327 2306 1911 2380; baseline -0.002 -18"><span class='ocrx_word' id='word_1_175' title='bbox 327 2309 426 2380; x_wconf 82' lang='grc' dir='ltr'>τὴν</span> <span class='ocrx_word' id='word_1_176' title='bbox 467 2307 814 2377; x_wconf 78' lang='grc' dir='ltr'>Ἐκκλησίαν,</span> <span class='ocrx_word' id='word_1_177' title='bbox 849 2307 942 2361; x_wconf 71' lang='grc' dir='ltr'><strong>καὶ</strong></span> <span class='ocrx_word' id='word_1_178' title='bbox 969 2309 1147 2378; x_wconf 79' lang='grc' dir='ltr'>μόνων</span> <span class='ocrx_word' id='word_1_179' title='bbox 1177 2306 1442 2378; x_wconf 75' lang='grc' dir='ltr'>ὑπάρχειν</span> <span class='ocrx_word' id='word_1_180' title='bbox 1475 2306 1668 2376; x_wconf 82' lang='grc' dir='ltr'>ἁγίων.</span> <span class='ocrx_word' id='word_1_181' title='bbox 1716 2308 1782 2360; x_wconf 91' lang='grc' dir='ltr'><strong>Τί</strong></span> <span class='ocrx_word' id='word_1_182' title='bbox 1801 2310 1911 2380; x_wconf 83' lang='grc' dir='ltr'>γὰρ</span> 
     </span>
    </p>
   </div>
   <div class='ocr_carea' id='block_1_28' title="bbox 331 2398 1912 2470">
    <p class='ocr_par' dir='ltr' id='par_1_28' title="bbox 331 2398 1912 2470">
     <span class='ocr_line' id='line_1_28' title="bbox 331 2398 1912 2470; baseline -0.001 -17"><span class='ocrx_word' id='word_1_183' title='bbox 331 2400 396 2454; x_wconf 76' lang='grc' dir='ltr'>ἄν</span> <span class='ocrx_word' id='word_1_184' title='bbox 425 2417 509 2462; x_wconf 79' lang='grc' dir='ltr'><strong>τις</strong></span> <span class='ocrx_word' id='word_1_185' title='bbox 529 2401 774 2470; x_wconf 85' lang='grc' dir='ltr'>ποιήσειε</span> <span class='ocrx_word' id='word_1_186' title='bbox 813 2398 1072 2470; x_wconf 74' lang='grc' dir='ltr'>περὶτῶν</span> <span class='ocrx_word' id='word_1_187' title='bbox 1102 2398 1419 2468; x_wconf 77' lang='grc' dir='ltr'>ἀμφισόλων</span> <span class='ocrx_word' id='word_1_188' title='bbox 1438 2399 1800 2470; x_wconf 79' lang='grc' dir='ltr'>ἁμαρτωλῶν,</span> <span class='ocrx_word' id='word_1_189' title='bbox 1823 2400 1912 2453; x_wconf 84' lang='grc' dir='ltr'>ὅτε</span> 
     </span>
    </p>
   </div>
   <div class='ocr_carea' id='block_1_29' title="bbox 330 2490 1913 2564">
    <p class='ocr_par' dir='ltr' id='par_1_29' title="bbox 330 2490 1913 2564">
     <span class='ocr_line' id='line_1_29' title="bbox 330 2490 1913 2564; baseline 0 -18"><span class='ocrx_word' id='word_1_190' title='bbox 330 2495 426 2546; x_wconf 75' lang='grc' dir='ltr'>καὶ</span> <span class='ocrx_word' id='word_1_191' title='bbox 454 2493 581 2554; x_wconf 79' lang='grc' dir='ltr'>τοὺς</span> <span class='ocrx_word' id='word_1_192' title='bbox 602 2493 878 2562; x_wconf 74' lang='grc' dir='ltr'>φανεροὺς</span> <span class='ocrx_word' id='word_1_193' title='bbox 911 2490 1238 2558; x_wconf 54' lang='lat' dir='ltr'><strong>(harenosis;</strong></span> <span class='ocrx_word' id='word_1_194' title='bbox 1268 2491 1337 2545; x_wconf 74' lang='grc' dir='ltr'>τὰ</span> <span class='ocrx_word' id='word_1_195' title='bbox 1366 2492 1422 2546; x_wconf 83' lang='grc' dir='ltr'>δὲ</span> <span class='ocrx_word' id='word_1_196' title='bbox 1453 2495 1614 2564; x_wconf 82' lang='grc' dir='ltr'>ὅμοια</span> <span class='ocrx_word' id='word_1_197' title='bbox 1641 2493 1736 2547; x_wconf 73' lang='grc' dir='ltr'>καὶ</span> <span class='ocrx_word' id='word_1_198' title='bbox 1785 2493 1913 2564; x_wconf 73' lang='grc' dir='ltr'>περὶ</span> 
     </span>
    </p>
   </div>
   <div class='ocr_carea' id='block_1_30' title="bbox 326 2581 1912 2654">
    <p class='ocr_par' dir='ltr' id='par_1_30' title="bbox 326 2581 1912 2654">
     <span class='ocr_line' id='line_1_30' title="bbox 326 2581 1912 2654; baseline -0.001 -17"><span class='ocrx_word' id='word_1_199' title='bbox 326 2581 424 2637; x_wconf 83' lang='grc' dir='ltr'><strong>τοῦ</strong></span> <span class='ocrx_word' id='word_1_200' title='bbox 469 2583 707 2654; x_wconf 74' lang='grc' dir='ltr'>Ἐφραίμ</span> <span class='ocrx_word' id='word_1_201' title='bbox 735 2599 896 2652; x_wconf 83' lang='grc' dir='ltr'>φησιν</span> <span class='ocrx_word' id='word_1_202' title='bbox 922 2586 955 2652; x_wconf 86' lang='grc' dir='ltr'><strong>ή</strong></span> <span class='ocrx_word' id='word_1_203' title='bbox 981 2582 1172 2653; x_wconf 78' lang='grc' dir='ltr'>Γραφή</span> <span class='ocrx_word' id='word_1_204' title='bbox 1198 2597 1214 2614; x_wconf 75' lang='grc' dir='ltr'><strong>ο</strong></span> <span class='ocrx_word' id='word_1_205' title='bbox 1243 2601 1263 2634; x_wconf 80' lang='grc' dir='ltr'><strong>ι</strong></span> <span class='ocrx_word' id='word_1_206' title='bbox 1297 2584 1408 2636; x_wconf 75' lang='grc' dir='ltr'><strong>Καὶ</strong></span> <span class='ocrx_word' id='word_1_207' title='bbox 1469 2583 1570 2638; x_wconf 77' lang='grc' dir='ltr'><strong>οὐκ</strong></span> <span class='ocrx_word' id='word_1_208' title='bbox 1627 2583 1912 2638; x_wconf 83' lang='grc' dir='ltr'>ἀπώλεσεν</span> 
     </span>
    </p>
   </div>
   <div class='ocr_carea' id='block_1_31' title="bbox 342 2671 1907 2747">
    <p class='ocr_par' dir='ltr' id='par_1_31' title="bbox 342 2671 1907 2747">
     <span class='ocr_line' id='line_1_31' title="bbox 342 2671 1907 2747; baseline 0 -19"><span class='ocrx_word' id='word_1_209' title='bbox 342 2672 582 2744; x_wconf 77' lang='grc' dir='ltr'>Ἐφραῒμ</span> <span class='ocrx_word' id='word_1_210' title='bbox 607 2673 700 2726; x_wconf 81' lang='grc' dir='ltr'><strong>τὸν</strong></span> <span class='ocrx_word' id='word_1_211' title='bbox 735 2674 1036 2744; x_wconf 84' lang='grc' dir='ltr'>Χαναναῖον</span> <span class='ocrx_word' id='word_1_212' title='bbox 1063 2671 1154 2726; x_wconf 82' lang='grc' dir='ltr'>τὸν</span> <span class='ocrx_word' id='word_1_213' title='bbox 1183 2674 1542 2729; x_wconf 77' lang='grc' dir='ltr'>κατοικοῦντα</span> <span class='ocrx_word' id='word_1_214' title='bbox 1570 2676 1628 2729; x_wconf 78' lang='grc' dir='ltr'>ὲν</span> <span class='ocrx_word' id='word_1_215' title='bbox 1646 2673 1844 2747; x_wconf 78' lang='grc' dir='ltr'>Γαζέρ.</span> <span class='ocrx_word' id='word_1_216' title='bbox 1887 2694 1907 2728; x_wconf 72' lang='grc' dir='ltr'><strong>ι</strong></span> 
     </span>
    </p>
   </div>
   <div class='ocr_carea' id='block_1_32' title="bbox 329 2764 1912 2842">
    <p class='ocr_par' dir='ltr' id='par_1_32' title="bbox 329 2764 1912 2842">
     <span class='ocr_line' id='line_1_32' title="bbox 329 2764 1912 2842; baseline 0.003 -24"><span class='ocrx_word' id='word_1_217' title='bbox 329 2797 415 2842; x_wconf 85' lang='lat'><strong>—_</strong></span> <span class='ocrx_word' id='word_1_218' title='bbox 438 2784 458 2818; x_wconf 80' lang='grc' dir='ltr'><strong>ι</strong></span> <span class='ocrx_word' id='word_1_219' title='bbox 497 2766 606 2819; x_wconf 68' lang='grc' dir='ltr'>Καὶ</span> <span class='ocrx_word' id='word_1_220' title='bbox 637 2764 876 2836; x_wconf 81' lang='grc' dir='ltr'>κατῴκει</span> <span class='ocrx_word' id='word_1_221' title='bbox 906 2767 934 2818; x_wconf 93' lang='lat'><strong>6</strong></span> <span class='ocrx_word' id='word_1_222' title='bbox 962 2765 1265 2828; x_wconf 85' lang='grc' dir='ltr'>Χαναναῖος</span> <span class='ocrx_word' id='word_1_223' title='bbox 1291 2767 1348 2818; x_wconf 78' lang='grc' dir='ltr'>ὲν</span> <span class='ocrx_word' id='word_1_224' title='bbox 1371 2765 1448 2837; x_wconf 84' lang='grc' dir='ltr'>τῷ</span> <span class='ocrx_word' id='word_1_225' title='bbox 1485 2766 1725 2838; x_wconf 80' lang='grc' dir='ltr'>Ἐφραῒμ</span> <span class='ocrx_word' id='word_1_226' title='bbox 1751 2767 1912 2839; x_wconf 82' lang='grc' dir='ltr'>μέχρι</span> 
     </span>
    </p>
   </div>
   <div class='ocr_carea' id='block_1_33' title="bbox 331 2855 1916 2933">
    <p class='ocr_par' dir='ltr' id='par_1_33' title="bbox 331 2855 1916 2933">
     <span class='ocr_line' id='line_1_33' title="bbox 331 2855 1916 2933; baseline 0.003 -23"><span class='ocrx_word' id='word_1_227' title='bbox 331 2859 432 2926; x_wconf 80' lang='grc' dir='ltr'>τῆς</span> <span class='ocrx_word' id='word_1_228' title='bbox 461 2856 678 2928; x_wconf 78' lang='grc' dir='ltr'>ἡμέρας</span> <span class='ocrx_word' id='word_1_229' title='bbox 712 2855 936 2928; x_wconf 85' lang='grc' dir='ltr'>ταύτης.</span> <span class='ocrx_word' id='word_1_230' title='bbox 988 2876 1007 2908; x_wconf 75' lang='grc' dir='ltr'><strong>ι</strong></span> <span class='ocrx_word' id='word_1_231' title='bbox 1051 2856 1295 2929; x_wconf 77' lang='grc' dir='ltr'>Ἐφρατμ</span> <span class='ocrx_word' id='word_1_232' title='bbox 1323 2857 1401 2921; x_wconf 85' lang='grc' dir='ltr'><strong>δὲ,</strong></span> <span class='ocrx_word' id='word_1_233' title='bbox 1432 2861 1808 2929; x_wconf 72' lang='grc' dir='ltr'>καρποφορία</span> <span class='ocrx_word' id='word_1_234' title='bbox 1831 2861 1916 2933; x_wconf 76' lang='grc' dir='ltr'><strong>ἑρ-</strong></span> 
     </span>
    </p>
   </div>
   <div class='ocr_carea' id='block_1_34' title="bbox 337 2945 1914 3018">
    <p class='ocr_par' dir='ltr' id='par_1_34' title="bbox 337 2945 1914 3018">
     <span class='ocr_line' id='line_1_34' title="bbox 337 2945 1914 3018; baseline 0.006 -19"><span class='ocrx_word' id='word_1_235' title='bbox 337 2945 656 3018; x_wconf 81' lang='grc' dir='ltr'>μηνεύεται.</span> <span class='ocrx_word' id='word_1_236' title='bbox 705 2947 764 3000; x_wconf 87' lang='lat'><strong>&#39;0</strong></span> <span class='ocrx_word' id='word_1_237' title='bbox 795 2947 1163 3018; x_wconf 74' lang='grc' dir='ltr'>καρποφορῶν</span> <span class='ocrx_word' id='word_1_238' title='bbox 1196 2945 1290 3002; x_wconf 83' lang='grc' dir='ltr'><strong>οῦν</strong></span> <span class='ocrx_word' id='word_1_239' title='bbox 1315 2949 1376 3005; x_wconf 80' lang='grc' dir='ltr'>οὐ</span> <span class='ocrx_word' id='word_1_240' title='bbox 1407 2949 1628 3006; x_wconf 86' lang='grc' dir='ltr'>δύναται</span> <span class='ocrx_word' id='word_1_241' title='bbox 1657 2952 1747 3006; x_wconf 84' lang='grc' dir='ltr'><strong>τὸν</strong></span> <span class='ocrx_word' id='word_1_242' title='bbox 1798 2953 1914 3008; x_wconf 82' lang='grc' dir='ltr'><strong>Χα-</strong></span> 
     </span>
    </p>
   </div>
   <div class='ocr_carea' id='block_1_35' title="bbox 333 3038 1914 3116">
    <p class='ocr_par' dir='ltr' id='par_1_35' title="bbox 333 3038 1914 3116">
     <span class='ocr_line' id='line_1_35' title="bbox 333 3038 1914 3116; baseline 0.004 -24"><span class='ocrx_word' id='word_1_243' title='bbox 333 3040 572 3102; x_wconf 84' lang='grc' dir='ltr'>ναναῖον,</span> <span class='ocrx_word' id='word_1_244' title='bbox 607 3038 668 3091; x_wconf 83' lang='grc' dir='ltr'><strong>τὸ</strong></span> <span class='ocrx_word' id='word_1_245' title='bbox 701 3039 925 3109; x_wconf 76' lang='grc' dir='ltr'>σπέρμα</span> <span class='ocrx_word' id='word_1_246' title='bbox 981 3039 1040 3092; x_wconf 77' lang='grc' dir='ltr'>τὸ</span> <span class='ocrx_word' id='word_1_247' title='bbox 1097 3039 1378 3110; x_wconf 80' lang='grc' dir='ltr'>ἀλλότριον</span> <span class='ocrx_word' id='word_1_248' title='bbox 1431 3042 1494 3094; x_wconf 81' lang='grc' dir='ltr'><strong>τὸ</strong></span> <span class='ocrx_word' id='word_1_249' title='bbox 1531 3045 1914 3116; x_wconf 82' lang='grc' dir='ltr'>κατηραμένον</span> 
     </span>
    </p>
   </div>
   <div class='ocr_carea' id='block_1_36' title="bbox 333 3131 1914 3206">
    <p class='ocr_par' dir='ltr' id='par_1_36' title="bbox 333 3131 1914 3206">
     <span class='ocr_line' id='line_1_36' title="bbox 333 3131 1914 3206; baseline 0.003 -21"><span class='ocrx_word' id='word_1_250' title='bbox 333 3131 622 3186; x_wconf 77' lang='grc' dir='ltr'>ικσὰλλειν</span> <span class='ocrx_word' id='word_1_251' title='bbox 651 3131 760 3185; x_wconf 80' lang='grc' dir='ltr'><strong>ἀπὸ</strong></span> <span class='ocrx_word' id='word_1_252' title='bbox 813 3133 910 3202; x_wconf 83' lang='grc' dir='ltr'>τῆς</span> <span class='ocrx_word' id='word_1_253' title='bbox 932 3131 1118 3202; x_wconf 82' lang='grc' dir='ltr'>χώρας</span> <span class='ocrx_word' id='word_1_254' title='bbox 1169 3132 1339 3185; x_wconf 76' lang='grc' dir='ltr'>αὐτοῦ</span> <span class='ocrx_word' id='word_1_255' title='bbox 1399 3132 1506 3197; x_wconf 74' lang='grc' dir='ltr'>ἕως</span> <span class='ocrx_word' id='word_1_256' title='bbox 1548 3135 1648 3206; x_wconf 83' lang='grc' dir='ltr'>τῆς</span> <span class='ocrx_word' id='word_1_257' title='bbox 1699 3135 1914 3206; x_wconf 79' lang='grc' dir='ltr'>ήμὲρας</span> 
     </span>
    </p>
   </div>
   <div class='ocr_carea' id='block_1_37' title="bbox 2013 647 3598 722">
    <p class='ocr_par' dir='ltr' id='par_1_37' title="bbox 2013 647 3598 722">
     <span class='ocr_line' id='line_1_37' title="bbox 2013 647 3598 722; baseline -0.003 -14"><span class='ocrx_word' id='word_1_258' title='bbox 2013 663 2140 709; x_wconf 79' lang='lat' dir='ltr'><strong>runt</strong></span> <span class='ocrx_word' id='word_1_259' title='bbox 2177 653 2280 722; x_wconf 79' lang='lat' dir='ltr'><strong>ﬁlii</strong></span> <span class='ocrx_word' id='word_1_260' title='bbox 2308 651 2456 704; x_wconf 82' lang='lat' dir='ltr'><strong>Juda</strong></span> <span class='ocrx_word' id='word_1_261' title='bbox 2492 669 2581 706; x_wconf 85' lang='lat' dir='ltr'><strong>eos</strong></span> <span class='ocrx_word' id='word_1_262' title='bbox 2605 647 2994 716; x_wconf 74' lang='lat' dir='ltr'><strong>exterminare,</strong></span> <span class='ocrx_word' id='word_1_263' title='bbox 3035 648 3125 704; x_wconf 75' lang='lat' dir='ltr'><strong>sed</strong></span> <span class='ocrx_word' id='word_1_264' title='bbox 3189 650 3387 704; x_wconf 82' lang='lat' dir='ltr'><strong>mansit</strong></span> <span class='ocrx_word' id='word_1_265' title='bbox 3431 648 3598 704; x_wconf 70' lang='lat' dir='ltr'><strong>Jebat-</strong></span> 
     </span>
    </p>
   </div>
   <div class='ocr_carea' id='block_1_38' title="bbox 2013 741 3599 812">
    <p class='ocr_par' dir='ltr' id='par_1_38' title="bbox 2013 741 3599 812">
     <span class='ocr_line' id='line_1_38' title="bbox 2013 741 3599 812; baseline -0.003 -12"><span class='ocrx_word' id='word_1_266' title='bbox 2013 762 2152 800; x_wconf 79' lang='lat' dir='ltr'><strong>swus</strong></span> <span class='ocrx_word' id='word_1_267' title='bbox 2184 759 2304 798; x_wconf 84' lang='lat' dir='ltr'><strong>cum</strong></span> <span class='ocrx_word' id='word_1_268' title='bbox 2333 743 2466 812; x_wconf 79' lang='lat' dir='ltr'><strong>filiis</strong></span> <span class='ocrx_word' id='word_1_269' title='bbox 2496 741 2645 795; x_wconf 82' lang='lat' dir='ltr'><strong>Juda</strong></span> <span class='ocrx_word' id='word_1_270' title='bbox 2677 741 3070 812; x_wconf 70' lang='lat' dir='ltr'><strong>Hierosolymis</strong></span> <span class='ocrx_word' id='word_1_271' title='bbox 3103 757 3270 812; x_wconf 79' lang='lat' dir='ltr'><strong>usque</strong></span> <span class='ocrx_word' id='word_1_272' title='bbox 3329 742 3386 795; x_wconf 82' lang='lat' dir='ltr'><strong>in</strong></span> <span class='ocrx_word' id='word_1_273' title='bbox 3456 756 3599 810; x_wconf 73' lang='lat' dir='ltr'><strong>prc~</strong></span> 
     </span>
    </p>
   </div>
   <div class='ocr_carea' id='block_1_39' title="bbox 2012 831 2697 906">
    <p class='ocr_par' dir='ltr' id='par_1_39' title="bbox 2012 831 2697 906">
     <span class='ocr_line' id='line_1_39' title="bbox 2012 831 2697 906; baseline -0.007 -14"><span class='ocrx_word' id='word_1_274' title='bbox 2012 846 2210 892; x_wconf 79' lang='lat' dir='ltr'><strong>sentem</strong></span> <span class='ocrx_word' id='word_1_275' title='bbox 2233 836 2373 888; x_wconf 85' lang='lat' dir='ltr'><strong>diem</strong></span> <span class='ocrx_word' id='word_1_276' title='bbox 2405 831 2546 906; x_wconf 67' lang='grc' dir='ltr'>μιν,</span> <span class='ocrx_word' id='word_1_277' title='bbox 2583 833 2697 906; x_wconf 80' lang='lat'><strong>63].</strong></span> 
     </span>
    </p>
   </div>
   <div class='ocr_carea' id='block_1_40' title="bbox 2083 923 3597 984">
    <p class='ocr_par' dir='ltr' id='par_1_40' title="bbox 2083 923 3597 984">
     <span class='ocr_line' id='line_1_40' title="bbox 2083 923 3597 984; baseline -0.003 -1"><span class='ocrx_word' id='word_1_278' title='bbox 2083 927 2424 984; x_wconf 89' lang='lat' dir='ltr'><strong>Consulendi</strong></span> <span class='ocrx_word' id='word_1_279' title='bbox 2489 927 2798 981; x_wconf 88' lang='lat' dir='ltr'><strong>litterarum</strong></span> <span class='ocrx_word' id='word_1_280' title='bbox 2855 923 3115 979; x_wconf 84' lang='lat' dir='ltr'><strong>omnibus</strong></span> <span class='ocrx_word' id='word_1_281' title='bbox 3172 923 3424 980; x_wconf 82' lang='lat' dir='ltr'><strong>numeris</strong></span> <span class='ocrx_word' id='word_1_282' title='bbox 3478 939 3597 978; x_wconf 84' lang='lat' dir='ltr'><strong>ma-</strong></span> 
     </span>
    </p>
   </div>
   <div class='ocr_carea' id='block_1_41' title="bbox 2013 1016 3600 1094">
    <p class='ocr_par' dir='ltr' id='par_1_41' title="bbox 2013 1016 3600 1094">
     <span class='ocr_line' id='line_1_41' title="bbox 2013 1016 3600 1094; baseline -0.003 -18"><span class='ocrx_word' id='word_1_283' title='bbox 2013 1022 2177 1094; x_wconf 81' lang='lat' dir='ltr'><strong>gistri</strong></span> <span class='ocrx_word' id='word_1_284' title='bbox 2241 1020 2664 1086; x_wconf 87' lang='lat' dir='ltr'><strong>absolutissimi,</strong></span> <span class='ocrx_word' id='word_1_285' title='bbox 2727 1035 2836 1090; x_wconf 88' lang='lat' dir='ltr'><strong>qua</strong></span> <span class='ocrx_word' id='word_1_286' title='bbox 2889 1019 3104 1074; x_wconf 79' lang='lat' dir='ltr'><strong>ratione</strong></span> <span class='ocrx_word' id='word_1_287' title='bbox 3150 1019 3220 1072; x_wconf 86' lang='lat' dir='ltr'><strong>ad</strong></span> <span class='ocrx_word' id='word_1_288' title='bbox 3270 1016 3600 1073; x_wconf 84' lang='lat' dir='ltr'><strong>hodiernum</strong></span> 
     </span>
    </p>
   </div>
   <div class='ocr_carea' id='block_1_42' title="bbox 2013 1108 3334 1182">
    <p class='ocr_par' dir='ltr' id='par_1_42' title="bbox 2013 1108 3334 1182">
     <span class='ocr_line' id='line_1_42' title="bbox 2013 1108 3334 1182; baseline -0.002 -17"><span class='ocrx_word' id='word_1_289' title='bbox 2013 1127 2190 1182; x_wconf 87' lang='lat' dir='ltr'><strong>usque</strong></span> <span class='ocrx_word' id='word_1_290' title='bbox 2239 1112 2380 1166; x_wconf 86' lang='lat' dir='ltr'><strong>diem</strong></span> <span class='ocrx_word' id='word_1_291' title='bbox 2432 1111 2600 1172; x_wconf 76' lang='lat' dir='ltr'><strong>dicat.</strong></span> <span class='ocrx_word' id='word_1_292' title='bbox 2657 1108 2774 1164; x_wconf 78' lang='lat' dir='ltr'><strong>Hac</strong></span> <span class='ocrx_word' id='word_1_293' title='bbox 2838 1109 2986 1164; x_wconf 92' lang='lat' dir='ltr'><strong>enim</strong></span> <span class='ocrx_word' id='word_1_294' title='bbox 3072 1108 3334 1179; x_wconf 84' lang='lat' dir='ltr'><strong>loquendi</strong></span> 
     </span>
    </p>
   </div>
   <div class='ocr_carea' id='block_1_43' title="bbox 2013 1197 3600 1275">
    <p class='ocr_par' dir='ltr' id='par_1_43' title="bbox 2013 1197 3600 1275">
     <span class='ocr_line' id='line_1_43' title="bbox 2013 1197 3600 1275; baseline -0.003 -19"><span class='ocrx_word' id='word_1_295' title='bbox 2013 1201 2546 1257; x_wconf 83' lang='lat' dir='ltr'><strong>consummationem</strong></span> <span class='ocrx_word' id='word_1_296' title='bbox 2615 1199 2782 1269; x_wconf 85' lang='lat' dir='ltr'><strong>hujus</strong></span> <span class='ocrx_word' id='word_1_297' title='bbox 2843 1199 3134 1275; x_wconf 60' lang='lat' dir='ltr'><strong>prasentis</strong></span> <span class='ocrx_word' id='word_1_298' title='bbox 3193 1199 3381 1254; x_wconf 65' lang='lat' dir='ltr'><strong>saeculi</strong></span> <span class='ocrx_word' id='word_1_299' title='bbox 3443 1197 3600 1252; x_wconf 80' lang='lat' dir='ltr'><strong>Scri-</strong></span> 
     </span>
    </p>
   </div>
   <div class='ocr_carea' id='block_1_44' title="bbox 2015 1288 3602 1364">
    <p class='ocr_par' dir='ltr' id='par_1_44' title="bbox 2015 1288 3602 1364">
     <span class='ocr_line' id='line_1_44' title="bbox 2015 1288 3602 1364; baseline -0.003 -18"><span class='ocrx_word' id='word_1_300' title='bbox 2015 1303 2174 1364; x_wconf 80' lang='lat' dir='ltr'><strong>ptura</strong></span> <span class='ocrx_word' id='word_1_301' title='bbox 2245 1291 2523 1364; x_wconf 80' lang='lat' dir='ltr'><strong>signiﬁcat</strong></span> <span class='ocrx_word' id='word_1_302' title='bbox 2573 1291 2731 1362; x_wconf 81' lang='lat' dir='ltr'><strong>juxta</strong></span> <span class='ocrx_word' id='word_1_303' title='bbox 2783 1289 2918 1346; x_wconf 91' lang='lat' dir='ltr'><strong>illud</strong></span> <span class='ocrx_word' id='word_1_304' title='bbox 2965 1289 3126 1346; x_wconf 73' lang='lat' dir='ltr'><strong>:tIIic</strong></span> <span class='ocrx_word' id='word_1_305' title='bbox 3187 1298 3340 1360; x_wconf 85' lang='lat' dir='ltr'><strong>pater</strong></span> <span class='ocrx_word' id='word_1_306' title='bbox 3391 1288 3602 1344; x_wconf 79' lang='lat' dir='ltr'><strong>Moabi-</strong></span> 
     </span>
    </p>
   </div>
   <div class='ocr_carea' id='block_1_45' title="bbox 2013 1377 3603 1448">
    <p class='ocr_par' dir='ltr' id='par_1_45' title="bbox 2013 1377 3603 1448">
     <span class='ocr_line' id='line_1_45' title="bbox 2013 1377 3603 1448; baseline -0.003 -11"><span class='ocrx_word' id='word_1_307' title='bbox 2013 1392 2194 1437; x_wconf 89' lang='lat' dir='ltr'><strong>tarum</strong></span> <span class='ocrx_word' id='word_1_308' title='bbox 2246 1389 2333 1437; x_wconf 88' lang='lat' dir='ltr'><strong>est</strong></span> <span class='ocrx_word' id='word_1_309' title='bbox 2385 1382 2440 1434; x_wconf 93' lang='lat' dir='ltr'><strong>in</strong></span> <span class='ocrx_word' id='word_1_310' title='bbox 2503 1380 2834 1435; x_wconf 89' lang='lat' dir='ltr'><strong>hodiernum</strong></span> <span class='ocrx_word' id='word_1_311' title='bbox 2915 1393 3092 1448; x_wconf 90' lang='lat' dir='ltr'><strong>usque</strong></span> <span class='ocrx_word' id='word_1_312' title='bbox 3164 1379 3311 1434; x_wconf 89' lang='lat' dir='ltr'><strong>diem</strong></span> <span class='ocrx_word' id='word_1_313' title='bbox 3353 1379 3418 1433; x_wconf 83' lang='grc'>⁸³.</span> <span class='ocrx_word' id='word_1_314' title='bbox 3457 1399 3478 1430; x_wconf 71' lang='grc' dir='ltr'><strong>ι</strong></span> <span class='ocrx_word' id='word_1_315' title='bbox 3536 1377 3603 1432; x_wconf 83' lang='lat' dir='ltr'><strong>Et</strong></span> 
     </span>
    </p>
   </div>
   <div class='ocr_carea' id='block_1_46' title="bbox 2013 1469 3605 1528">
    <p class='ocr_par' dir='ltr' id='par_1_46' title="bbox 2013 1469 3605 1528">
     <span class='ocr_line' id='line_1_46' title="bbox 2013 1469 3605 1528; baseline -0.003 0"><span class='ocrx_word' id='word_1_316' title='bbox 2013 1473 2213 1528; x_wconf 84' lang='lat' dir='ltr'><strong>iterum</strong></span> <span class='ocrx_word' id='word_1_317' title='bbox 2247 1490 2260 1526; x_wconf 92' lang='lat'><strong>:</strong></span> <span class='ocrx_word' id='word_1_318' title='bbox 2300 1490 2319 1524; x_wconf 87' lang='grc'><strong><em>‹</em></strong></span> <span class='ocrx_word' id='word_1_319' title='bbox 2363 1469 2440 1526; x_wconf 86' lang='lat' dir='ltr'><strong>Ne</strong></span> <span class='ocrx_word' id='word_1_320' title='bbox 2472 1471 2743 1526; x_wconf 81' lang='lat' dir='ltr'><strong>deliciatis</strong></span> <span class='ocrx_word' id='word_1_321' title='bbox 2796 1485 2827 1524; x_wconf 89' lang='lat' dir='ltr'><strong>a</strong></span> <span class='ocrx_word' id='word_1_322' title='bbox 2877 1470 3113 1524; x_wconf 84' lang='lat' dir='ltr'><strong>Domino</strong></span> <span class='ocrx_word' id='word_1_323' title='bbox 3155 1469 3441 1526; x_wconf 87' lang='lat' dir='ltr'><strong>hodiernis</strong></span> <span class='ocrx_word' id='word_1_324' title='bbox 3485 1469 3605 1525; x_wconf 81' lang='lat' dir='ltr'><strong>die-</strong></span> 
     </span>
    </p>
   </div>
   <div class='ocr_carea' id='block_1_47' title="bbox 2012 1558 3600 1631">
    <p class='ocr_par' dir='ltr' id='par_1_47' title="bbox 2012 1558 3600 1631">
     <span class='ocr_line' id='line_1_47' title="bbox 2012 1558 3600 1631; baseline -0.003 -14"><span class='ocrx_word' id='word_1_325' title='bbox 2012 1563 2138 1618; x_wconf 85' lang='lat' dir='ltr'><strong>bus.</strong></span> <span class='ocrx_word' id='word_1_326' title='bbox 2177 1581 2196 1614; x_wconf 73' lang='grc' dir='ltr'><strong>ι</strong></span> <span class='ocrx_word' id='word_1_327' title='bbox 2230 1561 2336 1616; x_wconf 86' lang='lat' dir='ltr'><strong>Pro</strong></span> <span class='ocrx_word' id='word_1_328' title='bbox 2364 1576 2461 1624; x_wconf 90' lang='lat' dir='ltr'><strong>eo,</strong></span> <span class='ocrx_word' id='word_1_329' title='bbox 2494 1559 2741 1631; x_wconf 87' lang='lat' dir='ltr'><strong>quandiu</strong></span> <span class='ocrx_word' id='word_1_330' title='bbox 2767 1574 2968 1613; x_wconf 90' lang='lat' dir='ltr'><strong>nomen</strong></span> <span class='ocrx_word' id='word_1_331' title='bbox 3021 1559 3186 1616; x_wconf 85' lang='lat' dir='ltr'><strong>hodie</strong></span> <span class='ocrx_word' id='word_1_332' title='bbox 3217 1558 3406 1614; x_wconf 85' lang='lat' dir='ltr'><strong>durat.</strong></span> <span class='ocrx_word' id='word_1_333' title='bbox 3460 1559 3600 1614; x_wconf 83' lang='lat' dir='ltr'><strong>Cum</strong></span> 
     </span>
    </p>
   </div>
   <div class='ocr_carea' id='block_1_48' title="bbox 2011 1651 3602 1734">
    <p class='ocr_par' dir='ltr' id='par_1_48' title="bbox 2011 1651 3602 1734">
     <span class='ocr_line' id='line_1_48' title="bbox 2011 1651 3602 1734; baseline -0.001 -25"><span class='ocrx_word' id='word_1_334' title='bbox 2011 1655 2198 1724; x_wconf 82' lang='lat' dir='ltr'><strong>itaque</strong></span> <span class='ocrx_word' id='word_1_335' title='bbox 2231 1653 2329 1708; x_wconf 77' lang='lat' dir='ltr'><strong>filii</strong></span> <span class='ocrx_word' id='word_1_336' title='bbox 2358 1651 2499 1708; x_wconf 81' lang='lat' dir='ltr'><strong>Juda</strong></span> <span class='ocrx_word' id='word_1_337' title='bbox 2519 1653 2916 1734; x_wconf 67' lang='lat' dir='ltr'><strong>Hierosolyma:</strong></span> <span class='ocrx_word' id='word_1_338' title='bbox 2936 1667 3046 1708; x_wconf 89' lang='lat' dir='ltr'><strong>non</strong></span> <span class='ocrx_word' id='word_1_339' title='bbox 3065 1653 3312 1707; x_wconf 84' lang='lat' dir='ltr'><strong>habitent</strong></span> <span class='ocrx_word' id='word_1_340' title='bbox 3339 1653 3602 1722; x_wconf 84' lang='lat' dir='ltr'><strong>amplius,</strong></span> 
     </span>
    </p>
   </div>
   <div class='ocr_carea' id='block_1_49' title="bbox 2012 1743 3605 1816">
    <p class='ocr_par' dir='ltr' id='par_1_49' title="bbox 2012 1743 3605 1816">
     <span class='ocr_line' id='line_1_49' title="bbox 2012 1743 3605 1816; baseline -0.002 -15"><span class='ocrx_word' id='word_1_341' title='bbox 2012 1745 2293 1816; x_wconf 91' lang='lat' dir='ltr'><strong>quomodo</strong></span> <span class='ocrx_word' id='word_1_342' title='bbox 2323 1745 2538 1800; x_wconf 84' lang='lat' dir='ltr'><strong>habitat</strong></span> <span class='ocrx_word' id='word_1_343' title='bbox 2564 1743 2856 1800; x_wconf 81' lang='lat' dir='ltr'><strong>Jebusaeus</strong></span> <span class='ocrx_word' id='word_1_344' title='bbox 2885 1759 3010 1798; x_wconf 91' lang='lat' dir='ltr'><strong>cum</strong></span> <span class='ocrx_word' id='word_1_345' title='bbox 3069 1745 3151 1800; x_wconf 89' lang='lat' dir='ltr'><strong>eis</strong></span> <span class='ocrx_word' id='word_1_346' title='bbox 3176 1746 3200 1798; x_wconf 65' lang='grc' dir='ltr'><em>Υ</em></span> <span class='ocrx_word' id='word_1_347' title='bbox 3251 1744 3605 1815; x_wconf 82' lang='lat' dir='ltr'><strong>Quapropter</strong></span> 
     </span>
    </p>
   </div>
   <div class='ocr_carea' id='block_1_50' title="bbox 2015 1835 3607 1906">
    <p class='ocr_par' dir='ltr' id='par_1_50' title="bbox 2015 1835 3607 1906">
     <span class='ocr_line' id='line_1_50' title="bbox 2015 1835 3607 1906; baseline -0.004 -12"><span class='ocrx_word' id='word_1_348' title='bbox 2015 1851 2211 1894; x_wconf 83' lang='lat' dir='ltr'><strong>sensus</strong></span> <span class='ocrx_word' id='word_1_349' title='bbox 2263 1835 2690 1893; x_wconf 86' lang='lat' dir='ltr'><strong>similitudinem</strong></span> <span class='ocrx_word' id='word_1_350' title='bbox 2728 1835 3079 1906; x_wconf 77' lang='lat' dir='ltr'><strong>indagemus,</strong></span> <span class='ocrx_word' id='word_1_351' title='bbox 3121 1851 3288 1906; x_wconf 89' lang='lat' dir='ltr'><strong>quam</strong></span> <span class='ocrx_word' id='word_1_352' title='bbox 3353 1837 3422 1891; x_wconf 88' lang='lat' dir='ltr'><strong>de</strong></span> <span class='ocrx_word' id='word_1_353' title='bbox 3457 1837 3607 1890; x_wconf 81' lang='lat' dir='ltr'><strong>ziza-</strong></span> 
     </span>
    </p>
   </div>
   <div class='ocr_carea' id='block_1_51' title="bbox 1942 1907 3606 2000">
    <p class='ocr_par' dir='ltr' id='par_1_51' title="bbox 1942 1907 3606 2000">
     <span class='ocr_line' id='line_1_51' title="bbox 1942 1907 3606 2000; baseline -0.001 -15"><span class='ocrx_word' id='word_1_354' title='bbox 1942 1907 1988 1964; x_wconf 77' lang='grc' dir='ltr'><strong>Β</strong></span> <span class='ocrx_word' id='word_1_355' title='bbox 2016 1929 2128 1985; x_wconf 88' lang='lat' dir='ltr'><strong>niis</strong></span> <span class='ocrx_word' id='word_1_356' title='bbox 2185 1928 2447 2000; x_wconf 88' lang='lat' dir='ltr'><strong>parabola</strong></span> <span class='ocrx_word' id='word_1_357' title='bbox 2469 1928 2869 1999; x_wconf 88' lang='lat' dir='ltr'><strong>suppeditabit.</strong></span> <span class='ocrx_word' id='word_1_358' title='bbox 2901 1927 2974 1982; x_wconf 82' lang='lat' dir='ltr'><strong>Ea</strong></span> <span class='ocrx_word' id='word_1_359' title='bbox 2998 1929 3144 1983; x_wconf 88' lang='lat' dir='ltr'><strong>enim</strong></span> <span class='ocrx_word' id='word_1_360' title='bbox 3171 1944 3298 1984; x_wconf 90' lang='lat' dir='ltr'><strong>cum</strong></span> <span class='ocrx_word' id='word_1_361' title='bbox 3330 1929 3606 1985; x_wconf 80' lang='lat' dir='ltr'><strong>frumento</strong></span> 
     </span>
    </p>
   </div>
   <div class='ocr_carea' id='block_1_52' title="bbox 2021 2020 3604 2090">
    <p class='ocr_par' dir='ltr' id='par_1_52' title="bbox 2021 2020 3604 2090">
     <span class='ocr_line' id='line_1_52' title="bbox 2021 2020 3604 2090; baseline 0 -14"><span class='ocrx_word' id='word_1_362' title='bbox 2021 2035 2280 2076; x_wconf 89' lang='lat' dir='ltr'><strong>crescere</strong></span> <span class='ocrx_word' id='word_1_363' title='bbox 2313 2020 2588 2090; x_wconf 85' lang='lat' dir='ltr'><strong>permisit,</strong></span> <span class='ocrx_word' id='word_1_364' title='bbox 2622 2034 2690 2074; x_wconf 89' lang='lat' dir='ltr'><strong>ne</strong></span> <span class='ocrx_word' id='word_1_365' title='bbox 2751 2020 2918 2074; x_wconf 90' lang='lat' dir='ltr'><strong>simul</strong></span> <span class='ocrx_word' id='word_1_366' title='bbox 2973 2036 3101 2076; x_wconf 84' lang='lat' dir='ltr'><strong>cum</strong></span> <span class='ocrx_word' id='word_1_367' title='bbox 3151 2021 3236 2078; x_wconf 82' lang='lat' dir='ltr'><strong>eis</strong></span> <span class='ocrx_word' id='word_1_368' title='bbox 3264 2021 3604 2076; x_wconf 81' lang='lat' dir='ltr'><strong>frumentum</strong></span> 
     </span>
    </p>
   </div>
   <div class='ocr_carea' id='block_1_53' title="bbox 2016 2109 3604 2168">
    <p class='ocr_par' dir='ltr' id='par_1_53' title="bbox 2016 2109 3604 2168">
     <span class='ocr_line' id='line_1_53' title="bbox 2016 2109 3604 2168; baseline -0.001 -1"><span class='ocrx_word' id='word_1_369' title='bbox 2016 2113 2286 2168; x_wconf 81' lang='lat' dir='ltr'><strong>avellatur</strong></span> <span class='ocrx_word' id='word_1_370' title='bbox 2341 2111 2628 2166; x_wconf 87' lang='lat' dir='ltr'><strong>radicitus.</strong></span> <span class='ocrx_word' id='word_1_371' title='bbox 2695 2109 2756 2164; x_wconf 89' lang='lat' dir='ltr'><strong>In</strong></span> <span class='ocrx_word' id='word_1_372' title='bbox 2793 2109 3038 2166; x_wconf 85' lang='lat' dir='ltr'><strong>Ecclesia</strong></span> <span class='ocrx_word' id='word_1_373' title='bbox 3064 2114 3211 2167; x_wconf 85' lang='lat' dir='ltr'><strong>enim</strong></span> <span class='ocrx_word' id='word_1_374' title='bbox 3269 2113 3604 2167; x_wconf 78' lang='lat' dir='ltr'><strong>conculcan-</strong></span> 
     </span>
    </p>
   </div>
   <div class='ocr_carea' id='block_1_54' title="bbox 2021 2203 3602 2274">
    <p class='ocr_par' dir='ltr' id='par_1_54' title="bbox 2021 2203 3602 2274">
     <span class='ocr_line' id='line_1_54' title="bbox 2021 2203 3602 2274; baseline 0.001 -15"><span class='ocrx_word' id='word_1_375' title='bbox 2021 2214 2107 2260; x_wconf 88' lang='lat' dir='ltr'><strong>tur</strong></span> <span class='ocrx_word' id='word_1_376' title='bbox 2161 2203 2422 2270; x_wconf 82' lang='lat' dir='ltr'><strong>Jebusaei,</strong></span> <span class='ocrx_word' id='word_1_377' title='bbox 2454 2204 2559 2259; x_wconf 88' lang='lat' dir='ltr'><strong>hoc</strong></span> <span class='ocrx_word' id='word_1_378' title='bbox 2597 2211 2700 2270; x_wconf 88' lang='lat' dir='ltr'><strong>est,</strong></span> <span class='ocrx_word' id='word_1_379' title='bbox 2733 2211 3056 2274; x_wconf 84' lang='lat' dir='ltr'><strong>peccatores</strong></span> <span class='ocrx_word' id='word_1_380' title='bbox 3113 2215 3167 2261; x_wconf 89' lang='lat' dir='ltr'><strong>et</strong></span> <span class='ocrx_word' id='word_1_381' title='bbox 3211 2219 3248 2260; x_wconf 84' lang='lat' dir='ltr'><strong>a</strong></span> <span class='ocrx_word' id='word_1_382' title='bbox 3278 2203 3386 2260; x_wconf 64' lang='lat' dir='ltr'><strong>title</strong></span> <span class='ocrx_word' id='word_1_383' title='bbox 3414 2205 3602 2260; x_wconf 86' lang='lat' dir='ltr'><strong>alieni.</strong></span> 
     </span>
    </p>
   </div>
   <div class='ocr_carea' id='block_1_55' title="bbox 2018 2295 3606 2368">
    <p class='ocr_par' dir='ltr' id='par_1_55' title="bbox 2018 2295 3606 2368">
     <span class='ocr_line' id='line_1_55' title="bbox 2018 2295 3606 2368; baseline 0.001 -18"><span class='ocrx_word' id='word_1_384' title='bbox 2018 2296 2134 2352; x_wconf 90' lang='lat' dir='ltr'><strong>Nec</strong></span> <span class='ocrx_word' id='word_1_385' title='bbox 2171 2311 2413 2367; x_wconf 87' lang='lat' dir='ltr'><strong>unquam</strong></span> <span class='ocrx_word' id='word_1_386' title='bbox 2448 2304 2635 2350; x_wconf 87' lang='lat' dir='ltr'><strong>tamen</strong></span> <span class='ocrx_word' id='word_1_387' title='bbox 2684 2295 2741 2350; x_wconf 91' lang='lat' dir='ltr'><strong>in</strong></span> <span class='ocrx_word' id='word_1_388' title='bbox 2809 2297 3067 2366; x_wconf 71' lang='lat' dir='ltr'><strong>praesenti</strong></span> <span class='ocrx_word' id='word_1_389' title='bbox 3110 2297 3221 2352; x_wconf 84' lang='lat' dir='ltr'><strong>vita</strong></span> <span class='ocrx_word' id='word_1_390' title='bbox 3285 2295 3606 2368; x_wconf 78' lang='lat' dir='ltr'><strong>huiusmodi</strong></span> 
     </span>
    </p>
   </div>
   <div class='ocr_carea' id='block_1_56' title="bbox 2020 2389 3606 2459">
    <p class='ocr_par' dir='ltr' id='par_1_56' title="bbox 2020 2389 3606 2459">
     <span class='ocr_line' id='line_1_56' title="bbox 2020 2389 3606 2459; baseline 0.001 -13"><span class='ocrx_word' id='word_1_391' title='bbox 2020 2391 2223 2447; x_wconf 88' lang='lat' dir='ltr'><strong>habere</strong></span> <span class='ocrx_word' id='word_1_392' title='bbox 2251 2390 2468 2447; x_wconf 87' lang='lat' dir='ltr'><strong>desinet</strong></span> <span class='ocrx_word' id='word_1_393' title='bbox 2521 2389 2794 2459; x_wconf 84' lang='lat' dir='ltr'><strong>Ecclesia,</strong></span> <span class='ocrx_word' id='word_1_394' title='bbox 2847 2405 2912 2446; x_wconf 89' lang='lat' dir='ltr'><strong>ac</strong></span> <span class='ocrx_word' id='word_1_395' title='bbox 2965 2406 3032 2446; x_wconf 80' lang='lat' dir='ltr'><strong>ex</strong></span> <span class='ocrx_word' id='word_1_396' title='bbox 3101 2392 3269 2448; x_wconf 89' lang='lat' dir='ltr'><strong>meris</strong></span> <span class='ocrx_word' id='word_1_397' title='bbox 3326 2393 3606 2448; x_wconf 84' lang='lat' dir='ltr'><strong>constabit</strong></span> 
     </span>
    </p>
   </div>
   <div class='ocr_carea' id='block_1_57' title="bbox 2021 2482 3603 2556">
    <p class='ocr_par' dir='ltr' id='par_1_57' title="bbox 2021 2482 3603 2556">
     <span class='ocr_line' id='line_1_57' title="bbox 2021 2482 3603 2556; baseline 0.001 -18"><span class='ocrx_word' id='word_1_398' title='bbox 2021 2483 2249 2538; x_wconf 87' lang='lat' dir='ltr'><strong>sanctis.</strong></span> <span class='ocrx_word' id='word_1_399' title='bbox 2279 2484 2399 2550; x_wconf 80' lang='lat' dir='ltr'><strong>Quo</strong></span> <span class='ocrx_word' id='word_1_400' title='bbox 2429 2483 2576 2539; x_wconf 89' lang='lat' dir='ltr'><strong>enim</strong></span> <span class='ocrx_word' id='word_1_401' title='bbox 2627 2482 2752 2538; x_wconf 93' lang='lat' dir='ltr'><strong>loco</strong></span> <span class='ocrx_word' id='word_1_402' title='bbox 2789 2482 2986 2539; x_wconf 82' lang='lat' dir='ltr'><strong>dubios</strong></span> <span class='ocrx_word' id='word_1_403' title='bbox 3038 2493 3358 2554; x_wconf 84' lang='lat' dir='ltr'><strong>peccatores</strong></span> <span class='ocrx_word' id='word_1_404' title='bbox 3414 2493 3603 2556; x_wconf 87' lang='lat' dir='ltr'><strong>ponet,</strong></span> 
     </span>
    </p>
   </div>
   <div class='ocr_carea' id='block_1_58' title="bbox 2021 2571 3606 2646">
    <p class='ocr_par' dir='ltr' id='par_1_58' title="bbox 2021 2571 3606 2646">
     <span class='ocr_line' id='line_1_58' title="bbox 2021 2571 3606 2646; baseline 0 -16"><span class='ocrx_word' id='word_1_405' title='bbox 2021 2575 2238 2630; x_wconf 88' lang='lat' dir='ltr'><strong>etiamsi</strong></span> <span class='ocrx_word' id='word_1_406' title='bbox 2320 2575 2643 2631; x_wconf 82' lang='lat' dir='ltr'><strong>manifestos</strong></span> <span class='ocrx_word' id='word_1_407' title='bbox 2733 2574 3022 2646; x_wconf 80' lang='lat' dir='ltr'><strong>abegerit?</strong></span> <span class='ocrx_word' id='word_1_408' title='bbox 3079 2571 3280 2630; x_wconf 81' lang='lat' dir='ltr'><strong>Eadem</strong></span> <span class='ocrx_word' id='word_1_409' title='bbox 3351 2591 3487 2632; x_wconf 89' lang='lat' dir='ltr'><strong>vero</strong></span> <span class='ocrx_word' id='word_1_410' title='bbox 3537 2577 3606 2632; x_wconf 90' lang='lat' dir='ltr'><strong>de</strong></span> 
     </span>
    </p>
   </div>
   <div class='ocr_carea' id='block_1_59' title="bbox 2021 2659 3605 2738">
    <p class='ocr_par' dir='ltr' id='par_1_59' title="bbox 2021 2659 3605 2738">
     <span class='ocr_line' id='line_1_59' title="bbox 2021 2659 3605 2738; baseline 0.001 -18"><span class='ocrx_word' id='word_1_411' title='bbox 2021 2665 2280 2736; x_wconf 83' lang='lat' dir='ltr'><strong>Ephraim</strong></span> <span class='ocrx_word' id='word_1_412' title='bbox 2309 2681 2528 2738; x_wconf 89' lang='lat' dir='ltr'><strong>quoque</strong></span> <span class='ocrx_word' id='word_1_413' title='bbox 2568 2665 2858 2736; x_wconf 90' lang='lat' dir='ltr'><strong>Scriptura</strong></span> <span class='ocrx_word' id='word_1_414' title='bbox 2891 2667 3134 2722; x_wconf 86' lang='lat' dir='ltr'><strong>astruit:</strong></span> <span class='ocrx_word' id='word_1_415' title='bbox 3176 2685 3195 2719; x_wconf 74' lang='grc' dir='ltr'><strong>ι</strong></span> <span class='ocrx_word' id='word_1_416' title='bbox 3229 2659 3340 2723; x_wconf 81' lang='lat' dir='ltr'><strong>Nec</strong></span> <span class='ocrx_word' id='word_1_417' title='bbox 3399 2668 3605 2724; x_wconf 83' lang='lat' dir='ltr'><strong>delevit</strong></span> 
     </span>
    </p>
   </div>
   <div class='ocr_carea' id='block_1_60' title="bbox 2021 2757 3606 2830">
    <p class='ocr_par' dir='ltr' id='par_1_60' title="bbox 2021 2757 3606 2830">
     <span class='ocr_line' id='line_1_60' title="bbox 2021 2757 3606 2830; baseline 0.001 -17"><span class='ocrx_word' id='word_1_418' title='bbox 2021 2757 2280 2830; x_wconf 86' lang='lat' dir='ltr'><strong>Ephraim</strong></span> <span class='ocrx_word' id='word_1_419' title='bbox 2306 2759 2677 2815; x_wconf 80' lang='lat' dir='ltr'><strong>Chananaeum</strong></span> <span class='ocrx_word' id='word_1_420' title='bbox 2705 2759 2800 2830; x_wconf 87' lang='lat' dir='ltr'><strong>qui</strong></span> <span class='ocrx_word' id='word_1_421' title='bbox 2836 2759 3050 2814; x_wconf 85' lang='lat' dir='ltr'><strong>habitat</strong></span> <span class='ocrx_word' id='word_1_422' title='bbox 3114 2759 3172 2814; x_wconf 91' lang='lat' dir='ltr'><strong>in</strong></span> <span class='ocrx_word' id='word_1_423' title='bbox 3219 2759 3420 2816; x_wconf 86' lang='lat' dir='ltr'><strong>Gazer.</strong></span> <span class='ocrx_word' id='word_1_424' title='bbox 3463 2779 3482 2812; x_wconf 76' lang='grc' dir='ltr'><strong>ι</strong></span> <span class='ocrx_word' id='word_1_425' title='bbox 3512 2761 3606 2815; x_wconf 86' lang='lat' dir='ltr'><strong>Ait</strong></span> 
     </span>
    </p>
   </div>
   <div class='ocr_carea' id='block_1_61' title="bbox 2021 2851 3604 2921">
    <p class='ocr_par' dir='ltr' id='par_1_61' title="bbox 2021 2851 3604 2921">
     <span class='ocr_line' id='line_1_61' title="bbox 2021 2851 3604 2921; baseline -0.001 -14"><span class='ocrx_word' id='word_1_426' title='bbox 2021 2852 2226 2908; x_wconf 90' lang='lat' dir='ltr'><strong>enim:</strong></span> <span class='ocrx_word' id='word_1_427' title='bbox 2283 2873 2301 2904; x_wconf 84' lang='grc' dir='ltr'><strong>ι</strong></span> <span class='ocrx_word' id='word_1_428' title='bbox 2341 2851 2408 2906; x_wconf 87' lang='lat' dir='ltr'><strong>Et</strong></span> <span class='ocrx_word' id='word_1_429' title='bbox 2460 2853 2734 2908; x_wconf 87' lang='lat' dir='ltr'><strong>habitavit</strong></span> <span class='ocrx_word' id='word_1_430' title='bbox 2793 2851 3144 2908; x_wconf 78' lang='lat' dir='ltr'><strong>Chananaeus</strong></span> <span class='ocrx_word' id='word_1_431' title='bbox 3199 2851 3256 2906; x_wconf 90' lang='lat' dir='ltr'><strong>in</strong></span> <span class='ocrx_word' id='word_1_432' title='bbox 3336 2851 3604 2921; x_wconf 82' lang='lat' dir='ltr'><strong>Ephraim</strong></span> 
     </span>
    </p>
   </div>
   <div class='ocr_carea' id='block_1_62' title="bbox 2023 2943 3603 3016">
    <p class='ocr_par' dir='ltr' id='par_1_62' title="bbox 2023 2943 3603 3016">
     <span class='ocr_line' id='line_1_62' title="bbox 2023 2943 3603 3016; baseline -0.003 -14"><span class='ocrx_word' id='word_1_433' title='bbox 2023 2960 2196 3016; x_wconf 88' lang='lat' dir='ltr'><strong>usque</strong></span> <span class='ocrx_word' id='word_1_434' title='bbox 2222 2943 2291 2998; x_wconf 86' lang='lat' dir='ltr'><strong>ad</strong></span> <span class='ocrx_word' id='word_1_435' title='bbox 2317 2945 2460 3000; x_wconf 83' lang='lat' dir='ltr'><strong>diem</strong></span> <span class='ocrx_word' id='word_1_436' title='bbox 2515 2947 2684 2999; x_wconf 89' lang='lat' dir='ltr'><strong>hunc.</strong></span> <span class='ocrx_word' id='word_1_437' title='bbox 2715 2964 2734 2998; x_wconf 71' lang='grc' dir='ltr'><strong>ο</strong></span> <span class='ocrx_word' id='word_1_438' title='bbox 2771 2943 3031 3015; x_wconf 81' lang='lat' dir='ltr'><strong>Ephraim</strong></span> <span class='ocrx_word' id='word_1_439' title='bbox 3085 2959 3215 2999; x_wconf 85' lang='lat' dir='ltr'><strong>vero</strong></span> <span class='ocrx_word' id='word_1_440' title='bbox 3249 2943 3603 3013; x_wconf 76' lang='lat' dir='ltr'><strong>fructuositas</strong></span> 
     </span>
    </p>
   </div>
   <div class='ocr_carea' id='block_1_63' title="bbox 2021 3031 3606 3106">
    <p class='ocr_par' dir='ltr' id='par_1_63' title="bbox 2021 3031 3606 3106">
     <span class='ocr_line' id='line_1_63' title="bbox 2021 3031 3606 3106; baseline -0.003 -15"><span class='ocrx_word' id='word_1_441' title='bbox 2021 3043 2202 3106; x_wconf 80' lang='lat' dir='ltr'><strong>potest</strong></span> <span class='ocrx_word' id='word_1_442' title='bbox 2235 3034 2408 3090; x_wconf 82' lang='lat' dir='ltr'><strong>reddi.</strong></span> <span class='ocrx_word' id='word_1_443' title='bbox 2441 3032 2786 3089; x_wconf 85' lang='lat' dir='ltr'><strong>Fructuosus</strong></span> <span class='ocrx_word' id='word_1_444' title='bbox 2813 3033 2981 3104; x_wconf 80' lang='lat' dir='ltr'><strong>igitur</strong></span> <span class='ocrx_word' id='word_1_445' title='bbox 3009 3047 3117 3087; x_wconf 87' lang='lat' dir='ltr'><strong>non</strong></span> <span class='ocrx_word' id='word_1_446' title='bbox 3155 3041 3336 3102; x_wconf 90' lang='lat' dir='ltr'><strong>potest</strong></span> <span class='ocrx_word' id='word_1_447' title='bbox 3391 3031 3606 3088; x_wconf 83' lang='lat' dir='ltr'><strong>Chana-</strong></span> 
     </span>
    </p>
   </div>
   <div class='ocr_carea' id='block_1_64' title="bbox 2023 3125 3606 3195">
    <p class='ocr_par' dir='ltr' id='par_1_64' title="bbox 2023 3125 3606 3195">
     <span class='ocr_line' id='line_1_64' title="bbox 2023 3125 3606 3195; baseline -0.003 -12"><span class='ocrx_word' id='word_1_448' title='bbox 2023 3143 2222 3190; x_wconf 74' lang='lat' dir='ltr'><strong>nzeum,</strong></span> <span class='ocrx_word' id='word_1_449' title='bbox 2260 3141 2448 3182; x_wconf 89' lang='lat' dir='ltr'><strong>semen</strong></span> <span class='ocrx_word' id='word_1_450' title='bbox 2495 3125 2738 3180; x_wconf 87' lang='lat' dir='ltr'><strong>alienum</strong></span> <span class='ocrx_word' id='word_1_451' title='bbox 2802 3132 2858 3181; x_wconf 88' lang='lat' dir='ltr'><strong>et</strong></span> <span class='ocrx_word' id='word_1_452' title='bbox 2907 3134 3285 3188; x_wconf 75' lang='lat' dir='ltr'><strong>exsecratum,</strong></span> <span class='ocrx_word' id='word_1_453' title='bbox 3315 3139 3346 3180; x_wconf 89' lang='lat' dir='ltr'><strong>e</strong></span> <span class='ocrx_word' id='word_1_454' title='bbox 3374 3127 3606 3195; x_wconf 70' lang='lat' dir='ltr'><strong>regione</strong></span> 
     </span>
    </p>
   </div>
   <div class='ocr_carea' id='block_1_65' title="bbox 3413 1093 3685 1162">
    <p class='ocr_par' dir='ltr' id='par_1_65' title="bbox 3413 1093 3685 1162">
     <span class='ocr_line' id='line_1_65' title="bbox 3413 1093 3685 1162; baseline -0.007 0"><span class='ocrx_word' id='word_1_455' title='bbox 3413 1107 3595 1162; x_wconf 69' lang='lat' dir='ltr'><strong>fortuna</strong></span> <span class='ocrx_word' id='word_1_456' title='bbox 3675 1093 3685 1114; x_wconf 67' lang='grc'><strong><em>⁸</em></strong></span> 
     </span>
    </p>
   </div>
   <div class='ocr_carea' id='block_1_66' title="bbox 333 3215 1909 3318">
    <p class='ocr_par' dir='ltr' id='par_1_66' title="bbox 333 3223 1909 3298">
     <span class='ocr_line' id='line_1_66' title="bbox 333 3223 1909 3298; baseline 0.004 -22"><span class='ocrx_word' id='word_1_457' title='bbox 333 3223 557 3292; x_wconf 84' lang='grc' dir='ltr'>ταύτης.</span> <span class='ocrx_word' id='word_1_458' title='bbox 597 3224 662 3275; x_wconf 89' lang='grc' dir='ltr'><strong>Ὃ</strong></span> <span class='ocrx_word' id='word_1_459' title='bbox 683 3224 748 3294; x_wconf 84' lang='grc' dir='ltr'>δὴ</span> <span class='ocrx_word' id='word_1_460' title='bbox 801 3225 932 3294; x_wconf 77' lang='grc' dir='ltr'>περὶ</span> <span class='ocrx_word' id='word_1_461' title='bbox 956 3227 1055 3296; x_wconf 78' lang='grc' dir='ltr'>τῆς</span> <span class='ocrx_word' id='word_1_462' title='bbox 1097 3225 1424 3296; x_wconf 83' lang='grc' dir='ltr'>Ἐκκλησίας</span> <span class='ocrx_word' id='word_1_463' title='bbox 1450 3227 1778 3298; x_wconf 81' lang='grc' dir='ltr'>εἰρήκαμεν.</span> <span class='ocrx_word' id='word_1_464' title='bbox 1806 3230 1909 3282; x_wconf 67' lang='grc' dir='ltr'><strong>Καὶ</strong></span> 
     </span>
    </p>
   </div>
   <div class='ocr_carea' id='block_1_67' title="bbox 2019 3215 3606 3318">
    <p class='ocr_par' dir='ltr' id='par_1_67' title="bbox 2026 3215 3606 3288">
     <span class='ocr_line' id='line_1_67' title="bbox 2026 3215 3606 3288; baseline -0.001 -15"><span class='ocrx_word' id='word_1_465' title='bbox 2026 3234 2125 3274; x_wconf 89' lang='lat' dir='ltr'><strong>sua</strong></span> <span class='ocrx_word' id='word_1_466' title='bbox 2151 3217 2371 3288; x_wconf 86' lang='lat' dir='ltr'><strong>ejicere,</strong></span> <span class='ocrx_word' id='word_1_467' title='bbox 2399 3215 2469 3271; x_wconf 86' lang='lat' dir='ltr'><strong>ad</strong></span> <span class='ocrx_word' id='word_1_468' title='bbox 2516 3231 2640 3272; x_wconf 87' lang='lat' dir='ltr'><strong>eum</strong></span> <span class='ocrx_word' id='word_1_469' title='bbox 2681 3230 2856 3286; x_wconf 84' lang='lat' dir='ltr'><strong>usque</strong></span> <span class='ocrx_word' id='word_1_470' title='bbox 2921 3216 3092 3272; x_wconf 90' lang='lat' dir='ltr'><strong>diem.</strong></span> <span class='ocrx_word' id='word_1_471' title='bbox 3140 3215 3297 3283; x_wconf 82' lang='lat' dir='ltr'><strong>Quod</strong></span> <span class='ocrx_word' id='word_1_472' title='bbox 3347 3232 3481 3272; x_wconf 86' lang='lat' dir='ltr'><strong>sane</strong></span> <span class='ocrx_word' id='word_1_473' title='bbox 3537 3217 3606 3272; x_wconf 89' lang='lat' dir='ltr'><strong>de</strong></span> 
     </span>
    </p>
   </div>
   <div class='ocr_carea' id='block_1_68' title="bbox 331 3309 1909 3392">
    <p class='ocr_par' dir='ltr' id='par_1_68' title="bbox 331 3313 1909 3392">
     <span class='ocr_line' id='line_1_68' title="bbox 331 3313 1909 3392; baseline 0.005 -24"><span class='ocrx_word' id='word_1_474' title='bbox 331 3315 510 3378; x_wconf 80' lang='grc' dir='ltr'>ἄλλως</span> <span class='ocrx_word' id='word_1_475' title='bbox 551 3313 608 3368; x_wconf 81' lang='grc' dir='ltr'>δέ</span> <span class='ocrx_word' id='word_1_476' title='bbox 628 3331 641 3344; x_wconf 85' lang='lat'><strong>&#39;</strong></span> <span class='ocrx_word' id='word_1_477' title='bbox 663 3315 737 3368; x_wconf 76' lang='grc' dir='ltr'><strong>Οὐ</strong></span> <span class='ocrx_word' id='word_1_478' title='bbox 759 3313 984 3368; x_wconf 86' lang='grc' dir='ltr'>δύναται</span> <span class='ocrx_word' id='word_1_479' title='bbox 1016 3315 1162 3386; x_wconf 73' lang='grc' dir='ltr'>ψυχὴ</span> <span class='ocrx_word' id='word_1_480' title='bbox 1180 3315 1436 3387; x_wconf 83' lang='grc' dir='ltr'>καθαρῶς</span> <span class='ocrx_word' id='word_1_481' title='bbox 1483 3318 1840 3392; x_wconf 81' lang='grc' dir='ltr'>Ἰερουσαλὴμ</span> <span class='ocrx_word' id='word_1_482' title='bbox 1865 3324 1909 3376; x_wconf 56' lang='grc' dir='ltr'><strong>ἐκ</strong></span> 
     </span>
    </p>
   </div>
   <div class='ocr_carea' id='block_1_69' title="bbox 2019 3309 3607 3392">
    <p class='ocr_par' dir='ltr' id='par_1_69' title="bbox 2026 3309 3607 3380">
     <span class='ocr_line' id='line_1_69' title="bbox 2026 3309 3607 3380; baseline 0 -15"><span class='ocrx_word' id='word_1_483' title='bbox 2026 3311 2272 3366; x_wconf 86' lang='lat' dir='ltr'><strong>Ecclesia</strong></span> <span class='ocrx_word' id='word_1_484' title='bbox 2295 3309 2659 3368; x_wconf 80' lang='lat' dir='ltr'><strong>assentimus.</strong></span> <span class='ocrx_word' id='word_1_485' title='bbox 2691 3309 2838 3376; x_wconf 85' lang='lat' dir='ltr'><strong>Quin</strong></span> <span class='ocrx_word' id='word_1_486' title='bbox 2869 3320 2922 3366; x_wconf 89' lang='lat' dir='ltr'><strong>et</strong></span> <span class='ocrx_word' id='word_1_487' title='bbox 2955 3310 3093 3364; x_wconf 88' lang='lat' dir='ltr'><strong>alias</strong></span> <span class='ocrx_word' id='word_1_488' title='bbox 3125 3312 3307 3364; x_wconf 84' lang='lat' dir='ltr'><strong>anima</strong></span> <span class='ocrx_word' id='word_1_489' title='bbox 3331 3326 3439 3364; x_wconf 86' lang='lat' dir='ltr'><strong>non</strong></span> <span class='ocrx_word' id='word_1_490' title='bbox 3470 3324 3607 3380; x_wconf 84' lang='lat' dir='ltr'><strong>pure</strong></span> 
     </span>
    </p>
   </div>
   <div class='ocr_carea' id='block_1_70' title="bbox 331 3389 1909 3482">
    <p class='ocr_par' dir='ltr' id='par_1_70' title="bbox 331 3389 1909 3482">
     <span class='ocr_line' id='line_1_70' title="bbox 331 3389 1909 3482; baseline 0.005 -24"><span class='ocrx_word' id='word_1_491' title='bbox 331 3404 410 3474; x_wconf 82' lang='grc' dir='ltr'>τῷ</span> <span class='ocrx_word' id='word_1_492' title='bbox 443 3404 668 3475; x_wconf 78' lang='grc' dir='ltr'>παρόντι</span> <span class='ocrx_word' id='word_1_493' title='bbox 695 3404 795 3474; x_wconf 79' lang='grc' dir='ltr'><strong>βίῳ</strong></span> <span class='ocrx_word' id='word_1_494' title='bbox 824 3405 1077 3473; x_wconf 79' lang='grc' dir='ltr'>γενέσθαι</span> <span class='ocrx_word' id='word_1_495' title='bbox 1114 3407 1286 3478; x_wconf 89' lang='grc' dir='ltr'>μόνην</span> <span class='ocrx_word' id='word_1_496' title='bbox 1315 3409 1542 3480; x_wconf 74' lang='grc' dir='ltr'>εἰρήνην</span> <span class='ocrx_word' id='word_1_497' title='bbox 1562 3389 1909 3482; x_wconf 10' lang='grc' dir='ltr'>θόρῶσαξικα</span> 
     </span>
    </p>
   </div>
   <div class='ocr_carea' id='block_1_71' title="bbox 2019 3389 3603 3482">
    <p class='ocr_par' dir='ltr' id='par_1_71' title="bbox 2023 3400 3603 3472">
     <span class='ocr_line' id='line_1_71' title="bbox 2023 3400 3603 3472; baseline -0.001 -16"><span class='ocrx_word' id='word_1_498' title='bbox 2023 3400 2327 3457; x_wconf 74' lang='lat' dir='ltr'><strong>Jerusnlem</strong></span> <span class='ocrx_word' id='word_1_499' title='bbox 2377 3403 2434 3457; x_wconf 91' lang='lat' dir='ltr'><strong>in</strong></span> <span class='ocrx_word' id='word_1_500' title='bbox 2479 3402 2583 3457; x_wconf 80' lang='lat' dir='ltr'><strong>hac</strong></span> <span class='ocrx_word' id='word_1_501' title='bbox 2644 3403 2760 3456; x_wconf 87' lang='lat' dir='ltr'><strong>vita</strong></span> <span class='ocrx_word' id='word_1_502' title='bbox 2808 3403 2925 3457; x_wconf 77' lang='lat' dir='ltr'><strong>ﬁeri</strong></span> <span class='ocrx_word' id='word_1_503' title='bbox 2961 3411 3166 3472; x_wconf 87' lang='lat' dir='ltr'><strong>potest.</strong></span> <span class='ocrx_word' id='word_1_504' title='bbox 3219 3416 3342 3472; x_wconf 82' lang='lat' dir='ltr'><strong>quae</strong></span> <span class='ocrx_word' id='word_1_505' title='bbox 3387 3403 3603 3457; x_wconf 84' lang='lat' dir='ltr'><strong>scilicet</strong></span> 
     </span>
    </p>
   </div>
   <div class='ocr_carea' id='block_1_72' title="bbox 333 3491 1909 3572">
    <p class='ocr_par' dir='ltr' id='par_1_72' title="bbox 333 3496 1909 3572">
     <span class='ocr_line' id='line_1_72' title="bbox 333 3496 1909 3572; baseline 0.006 -25"><span class='ocrx_word' id='word_1_506' title='bbox 333 3496 502 3565; x_wconf 81' lang='grc' dir='ltr'>μηδὲν</span> <span class='ocrx_word' id='word_1_507' title='bbox 532 3496 928 3566; x_wconf 74' lang='grc' dir='ltr'>ἁμαρτάνουσα</span> <span class='ocrx_word' id='word_1_508' title='bbox 958 3513 972 3526; x_wconf 88' lang='grc'><strong>·</strong></span> <span class='ocrx_word' id='word_1_509' title='bbox 1005 3496 1096 3549; x_wconf 86' lang='grc' dir='ltr'><strong>τὸν</strong></span> <span class='ocrx_word' id='word_1_510' title='bbox 1123 3498 1360 3569; x_wconf 82' lang='grc' dir='ltr'>Χριστὸν</span> <span class='ocrx_word' id='word_1_511' title='bbox 1390 3500 1598 3572; x_wconf 85' lang='grc' dir='ltr'>ὁρῶσα,</span> <span class='ocrx_word' id='word_1_512' title='bbox 1645 3502 1740 3554; x_wconf 80' lang='grc' dir='ltr'><strong>τοῦ</strong></span> <span class='ocrx_word' id='word_1_513' title='bbox 1773 3502 1909 3556; x_wconf 82' lang='grc' dir='ltr'>Θεοῦ</span> 
     </span>
    </p>
   </div>
   <div class='ocr_carea' id='block_1_73' title="bbox 2019 3491 3605 3572">
    <p class='ocr_par' dir='ltr' id='par_1_73' title="bbox 2024 3491 3605 3566">
     <span class='ocr_line' id='line_1_73' title="bbox 2024 3491 3605 3566; baseline -0.001 -17"><span class='ocrx_word' id='word_1_514' title='bbox 2024 3495 2198 3549; x_wconf 72' lang='lat' dir='ltr'><strong>solum</strong></span> <span class='ocrx_word' id='word_1_515' title='bbox 2256 3509 2446 3566; x_wconf 86' lang='lat' dir='ltr'><strong>pacem</strong></span> <span class='ocrx_word' id='word_1_516' title='bbox 2489 3503 2742 3566; x_wconf 87' lang='lat' dir='ltr'><strong>spectet,</strong></span> <span class='ocrx_word' id='word_1_517' title='bbox 2813 3495 3062 3566; x_wconf 88' lang='lat' dir='ltr'><strong>nihilque</strong></span> <span class='ocrx_word' id='word_1_518' title='bbox 3097 3491 3424 3566; x_wconf 80' lang='lat' dir='ltr'><strong>delinquat,</strong></span> <span class='ocrx_word' id='word_1_519' title='bbox 3481 3511 3605 3564; x_wconf 55' lang='lat' dir='ltr'><strong>quia</strong></span> 
     </span>
    </p>
   </div>
   <div class='ocr_carea' id='block_1_74' title="bbox 2020 3587 3605 3658">
    <p class='ocr_par' dir='ltr' id='par_1_74' title="bbox 2020 3587 3605 3658">
     <span class='ocr_line' id='line_1_74' title="bbox 2020 3587 3605 3658; baseline 0.002 -18"><span class='ocrx_word' id='word_1_520' title='bbox 2020 3587 2300 3642; x_wconf 87' lang='lat' dir='ltr'><strong>Christum</strong></span> <span class='ocrx_word' id='word_1_521' title='bbox 2346 3587 2438 3642; x_wconf 88' lang='lat' dir='ltr'><strong>Dei</strong></span> <span class='ocrx_word' id='word_1_522' title='bbox 2481 3603 2671 3658; x_wconf 88' lang='lat' dir='ltr'><strong>pacem</strong></span> <span class='ocrx_word' id='word_1_523' title='bbox 2732 3587 3010 3657; x_wconf 68' lang='lat' dir='ltr'><strong>respiciat,</strong></span> <span class='ocrx_word' id='word_1_524' title='bbox 3039 3602 3362 3658; x_wconf 88' lang='lat' dir='ltr'><strong>semperque</strong></span> <span class='ocrx_word' id='word_1_525' title='bbox 3391 3587 3605 3643; x_wconf 81' lang='lat' dir='ltr'><strong>fructus</strong></span> 
     </span>
    </p>
   </div>
   <div class='ocr_carea' id='block_1_75' title="bbox 2021 3679 3603 3750">
    <p class='ocr_par' dir='ltr' id='par_1_75' title="bbox 2021 3679 3603 3750">
     <span class='ocr_line' id='line_1_75' title="bbox 2021 3679 3603 3750; baseline 0 -18"><span class='ocrx_word' id='word_1_526' title='bbox 2021 3679 2214 3743; x_wconf 80' lang='lat' dir='ltr'><strong>ferat;</strong></span> <span class='ocrx_word' id='word_1_527' title='bbox 2257 3694 2418 3733; x_wconf 89' lang='lat' dir='ltr'><strong>nemo</strong></span> <span class='ocrx_word' id='word_1_528' title='bbox 2461 3681 2608 3734; x_wconf 88' lang='lat' dir='ltr'><strong>enim</strong></span> <span class='ocrx_word' id='word_1_529' title='bbox 2655 3695 2828 3750; x_wconf 89' lang='lat' dir='ltr'><strong>purus</strong></span> <span class='ocrx_word' id='word_1_530' title='bbox 2873 3689 2957 3735; x_wconf 86' lang='lat' dir='ltr'><strong>est</strong></span> <span class='ocrx_word' id='word_1_531' title='bbox 2993 3695 3021 3732; x_wconf 90' lang='lat' dir='ltr'><strong>a</strong></span> <span class='ocrx_word' id='word_1_532' title='bbox 3050 3679 3332 3745; x_wconf 88' lang='lat' dir='ltr'><strong>sordibus,</strong></span> <span class='ocrx_word' id='word_1_533' title='bbox 3389 3694 3419 3732; x_wconf 93' lang='lat' dir='ltr'><strong>a</strong></span> <span class='ocrx_word' id='word_1_534' title='bbox 3453 3681 3603 3750; x_wconf 75' lang='lat' dir='ltr'><strong>cogi-</strong></span> 
     </span>
    </p>
   </div>
   <div class='ocr_carea' id='block_1_76' title="bbox 2023 3769 3607 3842">
    <p class='ocr_par' dir='ltr' id='par_1_76' title="bbox 2023 3769 3607 3842">
     <span class='ocr_line' id='line_1_76' title="bbox 2023 3769 3607 3842; baseline 0.001 -17"><span class='ocrx_word' id='word_1_535' title='bbox 2023 3771 2323 3826; x_wconf 75' lang='lat' dir='ltr'><strong>tationibus</strong></span> <span class='ocrx_word' id='word_1_536' title='bbox 2383 3770 2620 3836; x_wconf 85' lang='lat' dir='ltr'><strong>alienis;</strong></span> <span class='ocrx_word' id='word_1_537' title='bbox 2697 3773 2882 3842; x_wconf 88' lang='lat' dir='ltr'><strong>itaque</strong></span> <span class='ocrx_word' id='word_1_538' title='bbox 2941 3783 3159 3842; x_wconf 87' lang='lat' dir='ltr'><strong>semper</strong></span> <span class='ocrx_word' id='word_1_539' title='bbox 3219 3769 3507 3827; x_wconf 64' lang='lat' dir='ltr'><strong>Jebu’saeus</strong></span> <span class='ocrx_word' id='word_1_540' title='bbox 3551 3782 3607 3827; x_wconf 78' lang='lat' dir='ltr'><strong>et</strong></span> 
     </span>
    </p>
   </div>
   <div class='ocr_carea' id='block_1_77' title="bbox 2021 3858 3605 3926">
    <p class='ocr_par' dir='ltr' id='par_1_77' title="bbox 2021 3858 3605 3926">
     <span class='ocr_line' id='line_1_77' title="bbox 2021 3858 3605 3926; baseline -0.001 -12"><span class='ocrx_word' id='word_1_541' title='bbox 2021 3859 2365 3914; x_wconf 67' lang='lat' dir='ltr'><strong>Chananmus</strong></span> <span class='ocrx_word' id='word_1_542' title='bbox 2389 3860 2444 3913; x_wconf 90' lang='lat' dir='ltr'><strong>in</strong></span> <span class='ocrx_word' id='word_1_543' title='bbox 2491 3859 2798 3915; x_wconf 78' lang='lat' dir='ltr'><strong>Jerusalem</strong></span> <span class='ocrx_word' id='word_1_544' title='bbox 2850 3860 3148 3915; x_wconf 84' lang='lat' dir='ltr'><strong>invenitur.</strong></span> <span class='ocrx_word' id='word_1_545' title='bbox 3206 3858 3468 3926; x_wconf 83' lang='lat' dir='ltr'><strong>Quamvis</strong></span> <span class='ocrx_word' id='word_1_546' title='bbox 3519 3861 3605 3914; x_wconf 79' lang='lat' dir='ltr'><strong>(li-</strong></span> 
     </span>
    </p>
   </div>
   <div class='ocr_carea' id='block_1_78' title="bbox 2019 3951 3604 4022">
    <p class='ocr_par' dir='ltr' id='par_1_78' title="bbox 2019 3951 3604 4022">
     <span class='ocr_line' id='line_1_78' title="bbox 2019 3951 3604 4022; baseline 0 -15"><span class='ocrx_word' id='word_1_547' title='bbox 2019 3951 2145 4007; x_wconf 79' lang='lat' dir='ltr'><strong>vina</strong></span> <span class='ocrx_word' id='word_1_548' title='bbox 2180 3967 2303 4022; x_wconf 90' lang='lat' dir='ltr'><strong>ope,</strong></span> <span class='ocrx_word' id='word_1_549' title='bbox 2343 3951 2436 4020; x_wconf 86' lang='lat' dir='ltr'><strong>qui</strong></span> <span class='ocrx_word' id='word_1_550' title='bbox 2473 3953 2626 4007; x_wconf 90' lang='lat' dir='ltr'><strong>solus</strong></span> <span class='ocrx_word' id='word_1_551' title='bbox 2683 3959 2885 4022; x_wconf 89' lang='lat' dir='ltr'><strong>potest,</strong></span> <span class='ocrx_word' id='word_1_552' title='bbox 2934 3952 3250 4022; x_wconf 87' lang='lat' dir='ltr'><strong>implorata,</strong></span> <span class='ocrx_word' id='word_1_553' title='bbox 3286 3961 3347 4007; x_wconf 92' lang='lat' dir='ltr'><strong>ut</strong></span> <span class='ocrx_word' id='word_1_554' title='bbox 3371 3951 3604 4022; x_wconf 77' lang='lat' dir='ltr'><strong>ejicien-</strong></span> 
     </span>
    </p>
   </div>
   <div class='ocr_carea' id='block_1_79' title="bbox 2021 4044 2742 4100">
    <p class='ocr_par' dir='ltr' id='par_1_79' title="bbox 2021 4044 2742 4100">
     <span class='ocr_line' id='line_1_79' title="bbox 2021 4044 2742 4100; baseline 0 0"><span class='ocrx_word' id='word_1_555' title='bbox 2021 4056 2112 4100; x_wconf 91' lang='lat' dir='ltr'><strong>tur</strong></span> <span class='ocrx_word' id='word_1_556' title='bbox 2153 4044 2600 4100; x_wconf 80' lang='lat' dir='ltr'><strong>contendendum</strong></span> <span class='ocrx_word' id='word_1_557' title='bbox 2633 4051 2742 4100; x_wconf 91' lang='lat' dir='ltr'><strong>est.</strong></span> 
     </span>
    </p>
   </div>
   <div class='ocr_carea' id='block_1_80' title="bbox 2090 4136 3602 4196">
    <p class='ocr_par' dir='ltr' id='par_1_80' title="bbox 2090 4136 3602 4196">
     <span class='ocr_line' id='line_1_80' title="bbox 2090 4136 3602 4196; baseline 0.003 -6"><span class='ocrx_word' id='word_1_558' title='bbox 2090 4137 2262 4192; x_wconf 86' lang='lat' dir='ltr'><strong>Porro</strong></span> <span class='ocrx_word' id='word_1_559' title='bbox 2287 4137 2450 4192; x_wconf 90' lang='lat' dir='ltr'><strong>tertio</strong></span> <span class='ocrx_word' id='word_1_560' title='bbox 2476 4136 2848 4193; x_wconf 80' lang='lat' dir='ltr'><strong>Chunanaeum</strong></span> <span class='ocrx_word' id='word_1_561' title='bbox 2873 4153 2998 4193; x_wconf 90' lang='lat' dir='ltr'><strong>cum</strong></span> <span class='ocrx_word' id='word_1_562' title='bbox 3027 4137 3336 4194; x_wconf 82' lang='lat' dir='ltr'><strong>[iliislsrael</strong></span> <span class='ocrx_word' id='word_1_563' title='bbox 3371 4154 3492 4196; x_wconf 86' lang='lat' dir='ltr'><strong>esse</strong></span> <span class='ocrx_word' id='word_1_564' title='bbox 3515 4155 3602 4195; x_wconf 89' lang='lat' dir='ltr'><strong>re-</strong></span> 
     </span>
    </p>
   </div>
   <div class='ocr_carea' id='block_1_81' title="bbox 2017 4226 3592 4304">
    <p class='ocr_par' dir='ltr' id='par_1_81' title="bbox 2017 4226 3592 4304">
     <span class='ocr_line' id='line_1_81' title="bbox 2017 4226 3592 4304; baseline 0.001 -19"><span class='ocrx_word' id='word_1_565' title='bbox 2017 4228 2174 4300; x_wconf 89' lang='lat' dir='ltr'><strong>petit,</strong></span> <span class='ocrx_word' id='word_1_566' title='bbox 2206 4244 2272 4284; x_wconf 88' lang='lat' dir='ltr'><strong>ae</strong></span> <span class='ocrx_word' id='word_1_567' title='bbox 2308 4245 2414 4284; x_wconf 87' lang='lat' dir='ltr'><strong>non</strong></span> <span class='ocrx_word' id='word_1_568' title='bbox 2439 4226 2644 4283; x_wconf 85' lang='lat' dir='ltr'><strong>nudam</strong></span> <span class='ocrx_word' id='word_1_569' title='bbox 2685 4230 3086 4296; x_wconf 87' lang='lat' dir='ltr'><strong>narrationem,</strong></span> <span class='ocrx_word' id='word_1_570' title='bbox 3126 4245 3317 4286; x_wconf 88' lang='lat' dir='ltr'><strong>verum</strong></span> <span class='ocrx_word' id='word_1_571' title='bbox 3389 4242 3592 4304; x_wconf 83' lang='lat' dir='ltr'><strong>myste-</strong></span> 
     </span>
    </p>
   </div>
   <div class='ocr_carea' id='block_1_82' title="bbox 2016 4309 3594 4392">
    <p class='ocr_par' dir='ltr' id='par_1_82' title="bbox 2016 4309 3594 4392">
     <span class='ocr_line' id='line_1_82' title="bbox 2016 4309 3594 4392; baseline 0.003 -16"><span class='ocrx_word' id='word_1_572' title='bbox 2016 4323 2097 4376; x_wconf 79' lang='lat' dir='ltr'><strong>ria</strong></span> <span class='ocrx_word' id='word_1_573' title='bbox 2157 4309 2406 4392; x_wconf 72' lang='lat' dir='ltr'><strong>quaedam</strong></span> <span class='ocrx_word' id='word_1_574' title='bbox 2441 4314 2724 4392; x_wconf 69' lang='lat' dir='ltr'><strong>proponit.</strong></span> <span class='ocrx_word' id='word_1_575' title='bbox 2755 4321 2941 4378; x_wconf 89' lang='lat' dir='ltr'><strong>Semel</strong></span> <span class='ocrx_word' id='word_1_576' title='bbox 3000 4327 3148 4378; x_wconf 87' lang='lat' dir='ltr'><strong>enim</strong></span> <span class='ocrx_word' id='word_1_577' title='bbox 3215 4323 3427 4380; x_wconf 87' lang='lat' dir='ltr'><strong>dictum</strong></span> <span class='ocrx_word' id='word_1_578' title='bbox 3455 4335 3594 4380; x_wconf 90' lang='lat' dir='ltr'><strong>est:</strong></span> 
     </span>
    </p>
   </div>
   <div class='ocr_carea' id='block_1_83' title="bbox 2020 4412 3600 4486">
    <p class='ocr_par' dir='ltr' id='par_1_83' title="bbox 2020 4412 3600 4486">
     <span class='ocr_line' id='line_1_83' title="bbox 2020 4412 3600 4486; baseline 0.004 -20"><span class='ocrx_word' id='word_1_579' title='bbox 2020 4432 2038 4466; x_wconf 80' lang='grc' dir='ltr'><strong>ι</strong></span> <span class='ocrx_word' id='word_1_580' title='bbox 2067 4413 2187 4470; x_wconf 84' lang='lat' dir='ltr'><strong>Non</strong></span> <span class='ocrx_word' id='word_1_581' title='bbox 2233 4413 2474 4485; x_wconf 85' lang='lat' dir='ltr'><strong>perdidit</strong></span> <span class='ocrx_word' id='word_1_582' title='bbox 2531 4412 2794 4485; x_wconf 82' lang='lat' dir='ltr'><strong>Ephraim</strong></span> <span class='ocrx_word' id='word_1_583' title='bbox 2858 4416 3268 4480; x_wconf 71' lang='lat' dir='ltr'><strong>Chananzeum,</strong></span> <span class='ocrx_word' id='word_1_584' title='bbox 3298 4435 3317 4468; x_wconf 74' lang='grc' dir='ltr'><strong>ι</strong></span> <span class='ocrx_word' id='word_1_585' title='bbox 3377 4426 3431 4470; x_wconf 89' lang='lat' dir='ltr'><strong>et</strong></span> <span class='ocrx_word' id='word_1_586' title='bbox 3477 4432 3600 4486; x_wconf 82' lang='lat' dir='ltr'><strong>quae</strong></span> 
     </span>
    </p>
   </div>
   <div class='ocr_carea' id='block_1_84' title="bbox 2014 4505 3594 4586">
    <p class='ocr_par' dir='ltr' id='par_1_84' title="bbox 2014 4505 3594 4586">
     <span class='ocr_line' id='line_1_84' title="bbox 2014 4505 3594 4586; baseline 0 -24"><span class='ocrx_word' id='word_1_587' title='bbox 2014 4507 2292 4586; x_wconf 82' lang='lat' dir='ltr'><strong>deinceps.</strong></span> <span class='ocrx_word' id='word_1_588' title='bbox 2327 4505 2446 4562; x_wconf 81' lang='lat' dir='ltr'><strong>Huc</strong></span> <span class='ocrx_word' id='word_1_589' title='bbox 2478 4523 2652 4579; x_wconf 84' lang='lat' dir='ltr'><strong>usque</strong></span> <span class='ocrx_word' id='word_1_590' title='bbox 2681 4524 2695 4562; x_wconf 92' lang='lat'><strong>:</strong></span> <span class='ocrx_word' id='word_1_591' title='bbox 2729 4525 2748 4560; x_wconf 80' lang='grc' dir='ltr'><strong>ι</strong></span> <span class='ocrx_word' id='word_1_592' title='bbox 2778 4505 2843 4562; x_wconf 85' lang='lat' dir='ltr'><strong>Et</strong></span> <span class='ocrx_word' id='word_1_593' title='bbox 2899 4507 3052 4562; x_wconf 84' lang='lat' dir='ltr'><strong>dedit</strong></span> <span class='ocrx_word' id='word_1_594' title='bbox 3095 4523 3216 4564; x_wconf 88' lang='lat' dir='ltr'><strong>eam</strong></span> <span class='ocrx_word' id='word_1_595' title='bbox 3265 4505 3480 4562; x_wconf 81' lang='lat' dir='ltr'><strong>Pharao</strong></span> <span class='ocrx_word' id='word_1_596' title='bbox 3539 4509 3594 4562; x_wconf 89' lang='lat' dir='ltr'><strong>in</strong></span> 
     </span>
    </p>
   </div>
   <div class='ocr_carea' id='block_1_85' title="bbox 2015 4597 3598 4657">
    <p class='ocr_par' dir='ltr' id='par_1_85' title="bbox 2015 4597 3598 4657">
     <span class='ocr_line' id='line_1_85' title="bbox 2015 4597 3598 4657; baseline 0.001 -2"><span class='ocrx_word' id='word_1_597' title='bbox 2015 4599 2196 4656; x_wconf 89' lang='lat' dir='ltr'><strong>dotem</strong></span> <span class='ocrx_word' id='word_1_598' title='bbox 2233 4601 2358 4655; x_wconf 70' lang='lat' dir='ltr'><strong>tilia:</strong></span> <span class='ocrx_word' id='word_1_599' title='bbox 2379 4617 2492 4657; x_wconf 80' lang='lat' dir='ltr'><strong>suae</strong></span> <span class='ocrx_word' id='word_1_600' title='bbox 2525 4601 2592 4656; x_wconf 72' lang='lat'><strong>&quot;.</strong></span> <span class='ocrx_word' id='word_1_601' title='bbox 2637 4621 2656 4654; x_wconf 67' lang='grc' dir='ltr'><strong>ι</strong></span> <span class='ocrx_word' id='word_1_602' title='bbox 2689 4598 2946 4657; x_wconf 89' lang='lat' dir='ltr'><strong>Secundo</strong></span> <span class='ocrx_word' id='word_1_603' title='bbox 2998 4615 3177 4656; x_wconf 84' lang='lat' dir='ltr'><strong>vero:</strong></span> <span class='ocrx_word' id='word_1_604' title='bbox 3231 4597 3458 4655; x_wconf 84' lang='lat' dir='ltr'><strong>Factum</strong></span> <span class='ocrx_word' id='word_1_605' title='bbox 3513 4613 3598 4656; x_wconf 87' lang='lat' dir='ltr'><strong>est</strong></span> 
     </span>
    </p>
   </div>
   <div class='ocr_carea' id='block_1_86' title="bbox 2017 4689 3597 4757">
    <p class='ocr_par' dir='ltr' id='par_1_86' title="bbox 2017 4689 3597 4757">
     <span class='ocr_line' id='line_1_86' title="bbox 2017 4689 3597 4757; baseline -0.001 -9"><span class='ocrx_word' id='word_1_606' title='bbox 2017 4709 2141 4748; x_wconf 90' lang='lat' dir='ltr'><strong>cum</strong></span> <span class='ocrx_word' id='word_1_607' title='bbox 2175 4692 2539 4749; x_wconf 81' lang='lat' dir='ltr'><strong>invaluissent</strong></span> <span class='ocrx_word' id='word_1_608' title='bbox 2567 4693 2663 4748; x_wconf 83' lang='lat' dir='ltr'><strong>ﬁlii</strong></span> <span class='ocrx_word' id='word_1_609' title='bbox 2706 4689 2898 4757; x_wconf 86' lang='lat' dir='ltr'><strong>Israel,</strong></span> <span class='ocrx_word' id='word_1_610' title='bbox 2964 4702 3018 4748; x_wconf 90' lang='lat' dir='ltr'><strong>et</strong></span> <span class='ocrx_word' id='word_1_611' title='bbox 3081 4692 3331 4748; x_wconf 77' lang='lat' dir='ltr'><strong>fecerunt</strong></span> <span class='ocrx_word' id='word_1_612' title='bbox 3378 4691 3597 4746; x_wconf 82' lang='lat' dir='ltr'><strong>Chana-</strong></span> 
     </span>
    </p>
   </div>
   <div class='ocr_carea' id='block_1_87' title="bbox 2013 4781 3594 4854">
    <p class='ocr_par' dir='ltr' id='par_1_87' title="bbox 2013 4781 3594 4854">
     <span class='ocr_line' id='line_1_87' title="bbox 2013 4781 3594 4854; baseline -0.001 -16"><span class='ocrx_word' id='word_1_613' title='bbox 2013 4799 2162 4839; x_wconf 75' lang='lat' dir='ltr'><strong>nzeos</strong></span> <span class='ocrx_word' id='word_1_614' title='bbox 2191 4781 2462 4840; x_wconf 86' lang='lat' dir='ltr'><strong>subditos.</strong></span> <span class='ocrx_word' id='word_1_615' title='bbox 2493 4783 2686 4840; x_wconf 87' lang='lat' dir='ltr'><strong>Tertio</strong></span> <span class='ocrx_word' id='word_1_616' title='bbox 2741 4783 3000 4854; x_wconf 89' lang='lat' dir='ltr'><strong>denique,</strong></span> <span class='ocrx_word' id='word_1_617' title='bbox 3031 4783 3253 4854; x_wconf 88' lang='lat' dir='ltr'><strong>quando</strong></span> <span class='ocrx_word' id='word_1_618' title='bbox 3292 4783 3594 4854; x_wconf 83' lang='lat' dir='ltr'><strong>Ephraimi—</strong></span> 
     </span>
    </p>
   </div>
   <div class='ocr_carea' id='block_1_88' title="bbox 2009 4873 3595 4948">
    <p class='ocr_par' dir='ltr' id='par_1_88' title="bbox 2009 4873 3595 4948">
     <span class='ocr_line' id='line_1_88' title="bbox 2009 4873 3595 4948; baseline 0.001 -17"><span class='ocrx_word' id='word_1_619' title='bbox 2009 4885 2078 4932; x_wconf 77' lang='lat' dir='ltr'><strong>ta.-</strong></span> <span class='ocrx_word' id='word_1_620' title='bbox 2114 4873 2334 4932; x_wconf 76' lang='lat' dir='ltr'><strong>aJosue</strong></span> <span class='ocrx_word' id='word_1_621' title='bbox 2387 4878 2652 4948; x_wconf 86' lang='lat' dir='ltr'><strong>majorem</strong></span> <span class='ocrx_word' id='word_1_622' title='bbox 2709 4887 2914 4934; x_wconf 88' lang='lat' dir='ltr'><strong>sortem</strong></span> <span class='ocrx_word' id='word_1_623' title='bbox 2977 4883 3190 4948; x_wconf 86' lang='lat' dir='ltr'><strong>petunt,</strong></span> <span class='ocrx_word' id='word_1_624' title='bbox 3242 4891 3307 4932; x_wconf 88' lang='lat' dir='ltr'><strong>ac</strong></span> <span class='ocrx_word' id='word_1_625' title='bbox 3377 4877 3595 4933; x_wconf 84' lang='lat' dir='ltr'><strong>Chana-</strong></span> 
     </span>
    </p>
   </div>
   <div class='ocr_carea' id='block_1_89' title="bbox 2009 4969 3596 5038">
    <p class='ocr_par' dir='ltr' id='par_1_89' title="bbox 2009 4969 3596 5038">
     <span class='ocr_line' id='line_1_89' title="bbox 2009 4969 3596 5038; baseline 0.001 -15"><span class='ocrx_word' id='word_1_626' title='bbox 2009 4985 2187 5023; x_wconf 68' lang='lat' dir='ltr'><strong>nazum</strong></span> <span class='ocrx_word' id='word_1_627' title='bbox 2224 4969 2548 5024; x_wconf 80' lang='lat' dir='ltr'><strong>exscindere</strong></span> <span class='ocrx_word' id='word_1_628' title='bbox 2573 4969 2871 5038; x_wconf 87' lang='lat' dir='ltr'><strong>jubentur,</strong></span> <span class='ocrx_word' id='word_1_629' title='bbox 2896 4977 2956 5022; x_wconf 92' lang='lat' dir='ltr'><strong>ut</strong></span> <span class='ocrx_word' id='word_1_630' title='bbox 2981 4969 3068 5024; x_wconf 91' lang='lat' dir='ltr'><strong>ubi</strong></span> <span class='ocrx_word' id='word_1_631' title='bbox 3102 4970 3154 5022; x_wconf 91' lang='lat' dir='ltr'><strong>in</strong></span> <span class='ocrx_word' id='word_1_632' title='bbox 3186 4971 3379 5025; x_wconf 82' lang='lat' dir='ltr'><strong>silvam</strong></span> <span class='ocrx_word' id='word_1_633' title='bbox 3403 4983 3596 5026; x_wconf 81' lang='lat' dir='ltr'><strong>ascen-</strong></span> 
     </span>
    </p>
   </div>
   <div class='ocr_carea' id='block_1_90' title="bbox 2011 5056 3592 5132">
    <p class='ocr_par' dir='ltr' id='par_1_90' title="bbox 2011 5056 3592 5132">
     <span class='ocr_line' id='line_1_90' title="bbox 2011 5056 3592 5132; baseline 0.001 -20"><span class='ocrx_word' id='word_1_634' title='bbox 2011 5060 2192 5114; x_wconf 85' lang='lat' dir='ltr'><strong>derint</strong></span> <span class='ocrx_word' id='word_1_635' title='bbox 2231 5057 2410 5114; x_wconf 89' lang='lat' dir='ltr'><strong>locum</strong></span> <span class='ocrx_word' id='word_1_636' title='bbox 2470 5056 2576 5114; x_wconf 87' lang='lat' dir='ltr'><strong>sibi</strong></span> <span class='ocrx_word' id='word_1_637' title='bbox 2626 5057 2764 5128; x_wconf 87' lang='lat' dir='ltr'><strong>ipsis</strong></span> <span class='ocrx_word' id='word_1_638' title='bbox 2830 5069 3045 5128; x_wconf 84' lang='lat' dir='ltr'><strong>parent.</strong></span> <span class='ocrx_word' id='word_1_639' title='bbox 3101 5057 3346 5116; x_wconf 84' lang='lat' dir='ltr'><strong>Primum</strong></span> <span class='ocrx_word' id='word_1_640' title='bbox 3405 5061 3592 5132; x_wconf 85' lang='lat' dir='ltr'><strong>itaque</strong></span> 
     </span>
    </p>
   </div>
   <div class='ocr_carea' id='block_1_91' title="bbox 2009 5145 3589 5224">
    <p class='ocr_par' dir='ltr' id='par_1_91' title="bbox 2009 5145 3589 5224">
     <span class='ocr_line' id='line_1_91' title="bbox 2009 5145 3589 5224; baseline 0.001 -19"><span class='ocrx_word' id='word_1_641' title='bbox 2009 5150 2349 5206; x_wconf 80' lang='lat' dir='ltr'><strong>Chauameus</strong></span> <span class='ocrx_word' id='word_1_642' title='bbox 2410 5151 2698 5206; x_wconf 87' lang='lat' dir='ltr'><strong>nobiscum</strong></span> <span class='ocrx_word' id='word_1_643' title='bbox 2753 5162 2859 5218; x_wconf 86' lang='lat' dir='ltr'><strong>est,</strong></span> <span class='ocrx_word' id='word_1_644' title='bbox 2916 5169 2983 5208; x_wconf 90' lang='lat' dir='ltr'><strong>ne</strong></span> <span class='ocrx_word' id='word_1_645' title='bbox 3036 5145 3310 5208; x_wconf 73' lang='lat' dir='ltr'><strong>tantillum</strong></span> <span class='ocrx_word' id='word_1_646' title='bbox 3365 5153 3589 5224; x_wconf 86' lang='lat' dir='ltr'><strong>quidem</strong></span> 
     </span>
    </p>
   </div>
   <div class='ocr_carea' id='block_1_92' title="bbox 2008 5250 3590 5320">
    <p class='ocr_par' dir='ltr' id='par_1_92' title="bbox 2008 5250 3590 5320">
     <span class='ocr_line' id='line_1_92' title="bbox 2008 5250 3590 5320; baseline 0.001 -18"><span class='ocrx_word' id='word_1_647' title='bbox 2008 5254 2204 5302; x_wconf 88' lang='lat' dir='ltr'><strong>contra</strong></span> <span class='ocrx_word' id='word_1_648' title='bbox 2250 5262 2351 5303; x_wconf 86' lang='lat' dir='ltr'><strong>nos</strong></span> <span class='ocrx_word' id='word_1_649' title='bbox 2414 5257 2634 5317; x_wconf 88' lang='lat' dir='ltr'><strong>potens,</strong></span> <span class='ocrx_word' id='word_1_650' title='bbox 2684 5266 2746 5303; x_wconf 88' lang='lat' dir='ltr'><strong>ac</strong></span> <span class='ocrx_word' id='word_1_651' title='bbox 2785 5250 3073 5320; x_wconf 80' lang='lat' dir='ltr'><strong>vectigalis</strong></span> <span class='ocrx_word' id='word_1_652' title='bbox 3097 5250 3316 5320; x_wconf 84' lang='lat' dir='ltr'><strong>quidem</strong></span> <span class='ocrx_word' id='word_1_653' title='bbox 3359 5260 3590 5315; x_wconf 81' lang='lat' dir='ltr'><strong>est,nec</strong></span> 
     </span>
    </p>
   </div>
   <div class='ocr_carea' id='block_1_93' title="bbox 2009 5341 3590 5407">
    <p class='ocr_par' dir='ltr' id='par_1_93' title="bbox 2009 5341 3590 5407">
     <span class='ocr_line' id='line_1_93' title="bbox 2009 5341 3590 5407; baseline 0.001 -13"><span class='ocrx_word' id='word_1_654' title='bbox 2009 5355 2204 5395; x_wconf 78' lang='lat' dir='ltr'><strong>servus</strong></span> <span class='ocrx_word' id='word_1_655' title='bbox 2255 5351 2460 5407; x_wconf 90' lang='lat' dir='ltr'><strong>tamen,</strong></span> <span class='ocrx_word' id='word_1_656' title='bbox 2497 5350 2592 5396; x_wconf 90' lang='lat' dir='ltr'><strong>aut</strong></span> <span class='ocrx_word' id='word_1_657' title='bbox 2635 5342 2910 5399; x_wconf 85' lang='lat' dir='ltr'><strong>subditus.</strong></span> <span class='ocrx_word' id='word_1_658' title='bbox 2941 5344 3018 5398; x_wconf 82' lang='lat' dir='ltr'><strong>Eo</strong></span> <span class='ocrx_word' id='word_1_659' title='bbox 3067 5344 3214 5399; x_wconf 87' lang='lat' dir='ltr'><strong>enim</strong></span> <span class='ocrx_word' id='word_1_660' title='bbox 3242 5343 3484 5401; x_wconf 68' lang='lat' dir='ltr'><strong>secundo</strong></span> <span class='ocrx_word' id='word_1_661' title='bbox 3503 5341 3590 5396; x_wconf 69' lang='lat' dir='ltr'><strong>de«</strong></span> 
     </span>
    </p>
   </div>
   <div class='ocr_carea' id='block_1_94' title="bbox 329 3587 1918 3660">
    <p class='ocr_par' dir='ltr' id='par_1_94' title="bbox 329 3587 1918 3660">
     <span class='ocr_line' id='line_1_94' title="bbox 329 3587 1918 3660; baseline 0.006 -21"><span class='ocrx_word' id='word_1_662' title='bbox 329 3588 427 3658; x_wconf 84' lang='grc' dir='ltr'>τὴν</span> <span class='ocrx_word' id='word_1_663' title='bbox 459 3589 704 3658; x_wconf 69' lang='grc' dir='ltr'>εἰρήνην,</span> <span class='ocrx_word' id='word_1_664' title='bbox 732 3587 828 3641; x_wconf 73' lang='grc' dir='ltr'>καὶ</span> <span class='ocrx_word' id='word_1_665' title='bbox 870 3589 1300 3660; x_wconf 80' lang='grc' dir='ltr'>καρποφοροῦσα</span> <span class='ocrx_word' id='word_1_666' title='bbox 1359 3591 1671 3657; x_wconf 89' lang='grc' dir='ltr'>διαπαντός.</span> <span class='ocrx_word' id='word_1_667' title='bbox 1725 3595 1918 3658; x_wconf 70' lang='grc' dir='ltr'>Οὐδεὶς</span> 
     </span>
    </p>
   </div>
   <div class='ocr_carea' id='block_1_95' title="bbox 331 3679 1910 3757">
    <p class='ocr_par' dir='ltr' id='par_1_95' title="bbox 331 3679 1910 3757">
     <span class='ocr_line' id='line_1_95' title="bbox 331 3679 1910 3757; baseline 0.004 -26"><span class='ocrx_word' id='word_1_668' title='bbox 331 3680 438 3749; x_wconf 79' lang='grc' dir='ltr'><strong>γὰρ</strong></span> <span class='ocrx_word' id='word_1_669' title='bbox 466 3679 836 3750; x_wconf 59' lang='grc' dir='ltr'>καθαρὺςκὰπδ</span> <span class='ocrx_word' id='word_1_670' title='bbox 858 3679 1061 3750; x_wconf 78' lang='grc' dir='ltr'>ῥύπου,</span> <span class='ocrx_word' id='word_1_671' title='bbox 1093 3682 1188 3735; x_wconf 73' lang='grc' dir='ltr'><strong>καὶ</strong></span> <span class='ocrx_word' id='word_1_672' title='bbox 1203 3681 1570 3754; x_wconf 86' lang='grc' dir='ltr'>διαλογισμῶν</span> <span class='ocrx_word' id='word_1_673' title='bbox 1590 3685 1910 3757; x_wconf 85' lang='grc' dir='ltr'>ἀλλοτρίων·</span> 
     </span>
    </p>
   </div>
   <div class='ocr_carea' id='block_1_96' title="bbox 331 3771 1918 3843">
    <p class='ocr_par' dir='ltr' id='par_1_96' title="bbox 331 3771 1918 3843">
     <span class='ocr_line' id='line_1_96' title="bbox 331 3771 1918 3843; baseline 0.006 -20"><span class='ocrx_word' id='word_1_674' title='bbox 331 3773 408 3834; x_wconf 83' lang='grc' dir='ltr'>ὡς</span> <span class='ocrx_word' id='word_1_675' title='bbox 437 3771 796 3843; x_wconf 79' lang='grc' dir='ltr'>εὑρίσκεσθαι</span> <span class='ocrx_word' id='word_1_676' title='bbox 835 3775 1055 3838; x_wconf 87' lang='grc' dir='ltr'>πάντως</span> <span class='ocrx_word' id='word_1_677' title='bbox 1095 3775 1418 3830; x_wconf 79' lang='grc' dir='ltr'>Ἰεϐουσαῖον</span> <span class='ocrx_word' id='word_1_678' title='bbox 1476 3777 1574 3830; x_wconf 75' lang='grc' dir='ltr'><strong>καὶ</strong></span> <span class='ocrx_word' id='word_1_679' title='bbox 1615 3777 1918 3833; x_wconf 75' lang='grc' dir='ltr'>Καναναῖον</span> 
     </span>
    </p>
   </div>
   <div class='ocr_carea' id='block_1_97' title="bbox 331 3865 1918 3942">
    <p class='ocr_par' dir='ltr' id='par_1_97' title="bbox 331 3865 1918 3942">
     <span class='ocr_line' id='line_1_97' title="bbox 331 3865 1918 3942; baseline 0.006 -26"><span class='ocrx_word' id='word_1_680' title='bbox 331 3867 390 3917; x_wconf 78' lang='grc' dir='ltr'>ὲν</span> <span class='ocrx_word' id='word_1_681' title='bbox 442 3865 796 3936; x_wconf 77' lang='grc' dir='ltr'>Ἰερουσαλήμ</span> <span class='ocrx_word' id='word_1_682' title='bbox 823 3882 838 3898; x_wconf 75' lang='grc' dir='ltr'><strong>ο</strong></span> <span class='ocrx_word' id='word_1_683' title='bbox 862 3869 911 3922; x_wconf 78' lang='grc' dir='ltr'><strong>εί</strong></span> <span class='ocrx_word' id='word_1_684' title='bbox 937 3867 1032 3920; x_wconf 74' lang='grc' dir='ltr'><strong>καὶ</strong></span> <span class='ocrx_word' id='word_1_685' title='bbox 1062 3867 1142 3921; x_wconf 86' lang='grc' dir='ltr'><strong>δεῖ</strong></span> <span class='ocrx_word' id='word_1_686' title='bbox 1183 3868 1318 3938; x_wconf 75' lang='grc' dir='ltr'>πρὸς</span> <span class='ocrx_word' id='word_1_687' title='bbox 1340 3867 1440 3940; x_wconf 84' lang='grc' dir='ltr'>τὴν</span> <span class='ocrx_word' id='word_1_688' title='bbox 1455 3868 1660 3922; x_wconf 88' lang='grc' dir='ltr'>τούτων</span> <span class='ocrx_word' id='word_1_689' title='bbox 1687 3869 1918 3942; x_wconf 73' lang='grc' dir='ltr'>ἐκϐολὴν</span> 
     </span>
    </p>
   </div>
   <div class='ocr_carea' id='block_1_98' title="bbox 329 3949 1914 4029">
    <p class='ocr_par' dir='ltr' id='par_1_98' title="bbox 329 3949 1914 4029">
     <span class='ocr_line' id='line_1_98' title="bbox 329 3949 1914 4029; baseline 0.003 -21"><span class='ocrx_word' id='word_1_690' title='bbox 329 3952 716 4020; x_wconf 76' lang='grc' dir='ltr'>ἀγωνίζεσθαι,</span> <span class='ocrx_word' id='word_1_691' title='bbox 781 3953 914 4008; x_wconf 79' lang='grc' dir='ltr'>Θεὸν</span> <span class='ocrx_word' id='word_1_692' title='bbox 958 3949 1258 4020; x_wconf 69' lang='grc' dir='ltr'>καλοῦντας</span> <span class='ocrx_word' id='word_1_693' title='bbox 1283 3956 1375 4010; x_wconf 83' lang='grc' dir='ltr'><strong>τὸν</strong></span> <span class='ocrx_word' id='word_1_694' title='bbox 1413 3955 1572 4027; x_wconf 87' lang='grc' dir='ltr'>μόνον</span> <span class='ocrx_word' id='word_1_695' title='bbox 1593 3957 1914 4029; x_wconf 83' lang='grc' dir='ltr'>δυνάμενον.</span> 
     </span>
    </p>
   </div>
   <div class='ocr_carea' id='block_1_99' title="bbox 397 4133 1910 4216">
    <p class='ocr_par' dir='ltr' id='par_1_99' title="bbox 397 4133 1910 4216">
     <span class='ocr_line' id='line_1_99' title="bbox 397 4133 1910 4216; baseline 0.003 -23"><span class='ocrx_word' id='word_1_696' title='bbox 397 4138 593 4210; x_wconf 78' lang='grc' dir='ltr'>Τρίτον</span> <span class='ocrx_word' id='word_1_697' title='bbox 623 4141 682 4195; x_wconf 82' lang='grc' dir='ltr'>δέ</span> <span class='ocrx_word' id='word_1_698' title='bbox 715 4157 878 4211; x_wconf 82' lang='grc' dir='ltr'>φησιν</span> <span class='ocrx_word' id='word_1_699' title='bbox 900 4143 932 4212; x_wconf 80' lang='grc' dir='ltr'><strong>ἡ</strong></span> <span class='ocrx_word' id='word_1_700' title='bbox 956 4141 1148 4214; x_wconf 81' lang='grc' dir='ltr'>Γραφὴ</span> <span class='ocrx_word' id='word_1_701' title='bbox 1171 4141 1264 4196; x_wconf 79' lang='grc' dir='ltr'><strong>τὸν</strong></span> <span class='ocrx_word' id='word_1_702' title='bbox 1297 4143 1605 4199; x_wconf 85' lang='grc' dir='ltr'>Χαναναϊον</span> <span class='ocrx_word' id='word_1_703' title='bbox 1637 4133 1779 4197; x_wconf 79' lang='grc' dir='ltr'>εἶναι</span> <span class='ocrx_word' id='word_1_704' title='bbox 1813 4162 1910 4216; x_wconf 79' lang='grc' dir='ltr'>με·</span> 
     </span>
    </p>
   </div>
   <div class='ocr_carea' id='block_1_100' title="bbox 323 4228 1910 4304">
    <p class='ocr_par' dir='ltr' id='par_1_100' title="bbox 323 4228 1910 4304">
     <span class='ocr_line' id='line_1_100' title="bbox 323 4228 1910 4304; baseline 0.004 -22"><span class='ocrx_word' id='word_1_705' title='bbox 323 4229 390 4282; x_wconf 87' lang='grc' dir='ltr'>τὰ</span> <span class='ocrx_word' id='word_1_706' title='bbox 429 4228 538 4284; x_wconf 87' lang='grc' dir='ltr'><strong>τῶν</strong></span> <span class='ocrx_word' id='word_1_707' title='bbox 569 4230 704 4284; x_wconf 74' lang='grc' dir='ltr'>υἱῶν</span> <span class='ocrx_word' id='word_1_708' title='bbox 748 4229 1012 4302; x_wconf 76' lang='grc' dir='ltr'>Ἐφραῖμ,</span> <span class='ocrx_word' id='word_1_709' title='bbox 1043 4231 1102 4284; x_wconf 82' lang='grc' dir='ltr'><strong>ού</strong></span> <span class='ocrx_word' id='word_1_710' title='bbox 1129 4229 1292 4300; x_wconf 81' lang='grc' dir='ltr'>ψιλήν</span> <span class='ocrx_word' id='word_1_711' title='bbox 1335 4229 1600 4304; x_wconf 81' lang='grc' dir='ltr'>ἱστορίαν,</span> <span class='ocrx_word' id='word_1_712' title='bbox 1637 4231 1776 4288; x_wconf 77' lang='grc' dir='ltr'>ἀλλά</span> <span class='ocrx_word' id='word_1_713' title='bbox 1827 4251 1910 4288; x_wconf 84' lang='grc' dir='ltr'>τι-</span> 
     </span>
    </p>
   </div>
   <div class='ocr_carea' id='block_1_101' title="bbox 323 4322 1904 4397">
    <p class='ocr_par' dir='ltr' id='par_1_101' title="bbox 323 4322 1904 4397">
     <span class='ocr_line' id='line_1_101' title="bbox 323 4322 1904 4397; baseline 0.004 -24"><span class='ocrx_word' id='word_1_714' title='bbox 323 4337 388 4374; x_wconf 87' lang='grc' dir='ltr'><strong>να</strong></span> <span class='ocrx_word' id='word_1_715' title='bbox 418 4323 657 4389; x_wconf 81' lang='grc' dir='ltr'>δηλοῦσα</span> <span class='ocrx_word' id='word_1_716' title='bbox 692 4325 990 4394; x_wconf 82' lang='grc' dir='ltr'>μυστήρια.</span> <span class='ocrx_word' id='word_1_717' title='bbox 1027 4322 1212 4386; x_wconf 74' lang='grc' dir='ltr'>Ἀπαξ</span> <span class='ocrx_word' id='word_1_718' title='bbox 1239 4323 1338 4394; x_wconf 84' lang='grc' dir='ltr'><strong>μὲν</strong></span> <span class='ocrx_word' id='word_1_719' title='bbox 1371 4323 1482 4394; x_wconf 86' lang='grc' dir='ltr'>γὰρ</span> <span class='ocrx_word' id='word_1_720' title='bbox 1541 4326 1758 4397; x_wconf 78' lang='grc' dir='ltr'>εἴρηται</span> <span class='ocrx_word' id='word_1_721' title='bbox 1821 4326 1904 4391; x_wconf 87' lang='grc' dir='ltr'><strong>τὸ,</strong></span> 
     </span>
    </p>
   </div>
   <div class='ocr_carea' id='block_1_102' title="bbox 331 4413 1906 4486">
    <p class='ocr_par' dir='ltr' id='par_1_102' title="bbox 331 4413 1906 4486">
     <span class='ocr_line' id='line_1_102' title="bbox 331 4413 1906 4486; baseline 0.006 -23"><span class='ocrx_word' id='word_1_722' title='bbox 331 4432 349 4463; x_wconf 82' lang='grc' dir='ltr'><strong>ι</strong></span> <span class='ocrx_word' id='word_1_723' title='bbox 385 4414 499 4466; x_wconf 83' lang='grc' dir='ltr'>Οὐκ</span> <span class='ocrx_word' id='word_1_724' title='bbox 523 4413 807 4466; x_wconf 83' lang='grc' dir='ltr'>ἀπώλεσεν</span> <span class='ocrx_word' id='word_1_725' title='bbox 852 4415 1097 4486; x_wconf 76' lang='grc' dir='ltr'>Ἐφρατμ</span> <span class='ocrx_word' id='word_1_726' title='bbox 1122 4415 1216 4469; x_wconf 73' lang='grc' dir='ltr'><strong>τὸν</strong></span> <span class='ocrx_word' id='word_1_727' title='bbox 1263 4417 1592 4484; x_wconf 77' lang='grc' dir='ltr'>Καναναῖον,</span> <span class='ocrx_word' id='word_1_728' title='bbox 1632 4437 1651 4468; x_wconf 74' lang='grc' dir='ltr'><strong>ι</strong></span> <span class='ocrx_word' id='word_1_729' title='bbox 1713 4419 1906 4472; x_wconf 76' lang='grc' dir='ltr'>καὶτὰ</span> 
     </span>
    </p>
   </div>
   <div class='ocr_carea' id='block_1_103' title="bbox 324 4502 1902 4580">
    <p class='ocr_par' dir='ltr' id='par_1_103' title="bbox 324 4502 1902 4580">
     <span class='ocr_line' id='line_1_103' title="bbox 324 4502 1902 4580; baseline 0.004 -25"><span class='ocrx_word' id='word_1_730' title='bbox 324 4502 452 4573; x_wconf 75' lang='grc' dir='ltr'><strong>ἑξῆς</strong></span> <span class='ocrx_word' id='word_1_731' title='bbox 487 4503 590 4565; x_wconf 73' lang='grc' dir='ltr'>ἓως</span> <span class='ocrx_word' id='word_1_732' title='bbox 615 4503 731 4564; x_wconf 83' lang='grc' dir='ltr'>τοῦ,</span> <span class='ocrx_word' id='word_1_733' title='bbox 769 4522 787 4554; x_wconf 82' lang='grc' dir='ltr'><strong>ι</strong></span> <span class='ocrx_word' id='word_1_734' title='bbox 821 4505 933 4557; x_wconf 76' lang='grc' dir='ltr'><strong>Καὶ</strong></span> <span class='ocrx_word' id='word_1_735' title='bbox 962 4505 1162 4560; x_wconf 78' lang='grc' dir='ltr'>ἔδωκεν</span> <span class='ocrx_word' id='word_1_736' title='bbox 1192 4507 1361 4577; x_wconf 80' lang='grc' dir='ltr'>αὐτὴν</span> <span class='ocrx_word' id='word_1_737' title='bbox 1385 4506 1587 4578; x_wconf 80' lang='grc' dir='ltr'>Φαραὼ</span> <span class='ocrx_word' id='word_1_738' title='bbox 1605 4510 1674 4560; x_wconf 86' lang='grc' dir='ltr'>·ἐν</span> <span class='ocrx_word' id='word_1_739' title='bbox 1732 4512 1902 4580; x_wconf 82' lang='grc' dir='ltr'>φερνῇ</span> 
     </span>
    </p>
   </div>
   <div class='ocr_carea' id='block_1_104' title="bbox 323 4593 1906 4669">
    <p class='ocr_par' dir='ltr' id='par_1_104' title="bbox 323 4593 1906 4669">
     <span class='ocr_line' id='line_1_104' title="bbox 323 4593 1906 4669; baseline 0.004 -22"><span class='ocrx_word' id='word_1_740' title='bbox 323 4596 390 4664; x_wconf 75' lang='grc' dir='ltr'>τῇ</span> <span class='ocrx_word' id='word_1_741' title='bbox 420 4593 656 4666; x_wconf 70' lang='grc' dir='ltr'>θυγατρὶ</span> <span class='ocrx_word' id='word_1_742' title='bbox 680 4594 868 4650; x_wconf 82' lang='grc' dir='ltr'>αὐτοῦ.</span> <span class='ocrx_word' id='word_1_743' title='bbox 891 4614 910 4645; x_wconf 73' lang='grc' dir='ltr'><strong>ι</strong></span> <span class='ocrx_word' id='word_1_744' title='bbox 947 4595 1209 4666; x_wconf 85' lang='grc' dir='ltr'>Δεύτερον</span> <span class='ocrx_word' id='word_1_745' title='bbox 1231 4597 1290 4651; x_wconf 82' lang='grc' dir='ltr'><strong>δὲ</strong></span> <span class='ocrx_word' id='word_1_746' title='bbox 1318 4599 1576 4669; x_wconf 80' lang='grc' dir='ltr'>ἐγενήθη,</span> <span class='ocrx_word' id='word_1_747' title='bbox 1613 4599 1738 4652; x_wconf 78' lang='grc' dir='ltr'>ἐπεὶ</span> <span class='ocrx_word' id='word_1_748' title='bbox 1771 4617 1906 4654; x_wconf 88' lang='grc' dir='ltr'>κατ-</span> 
     </span>
    </p>
   </div>
   <div class='ocr_carea' id='block_1_105' title="bbox 325 4685 1909 4760">
    <p class='ocr_par' dir='ltr' id='par_1_105' title="bbox 325 4685 1909 4760">
     <span class='ocr_line' id='line_1_105' title="bbox 325 4685 1909 4760; baseline 0.004 -22"><span class='ocrx_word' id='word_1_749' title='bbox 325 4689 556 4758; x_wconf 80' lang='grc' dir='ltr'>ίσχυσαν</span> <span class='ocrx_word' id='word_1_750' title='bbox 585 4687 636 4738; x_wconf 84' lang='grc' dir='ltr'>οἱ</span> <span class='ocrx_word' id='word_1_751' title='bbox 659 4687 768 4740; x_wconf 59' lang='grc' dir='ltr'><strong>υίολ¹</strong></span> <span class='ocrx_word' id='word_1_752' title='bbox 808 4685 1048 4759; x_wconf 77' lang='grc' dir='ltr'>Ἰσραήλ,</span> <span class='ocrx_word' id='word_1_753' title='bbox 1069 4689 1165 4744; x_wconf 73' lang='grc' dir='ltr'>καὶ</span> <span class='ocrx_word' id='word_1_754' title='bbox 1193 4689 1458 4760; x_wconf 71' lang='grc' dir='ltr'>ἐποίησαν</span> <span class='ocrx_word' id='word_1_755' title='bbox 1482 4693 1610 4754; x_wconf 79' lang='grc' dir='ltr'>τοὺς</span> <span class='ocrx_word' id='word_1_756' title='bbox 1631 4691 1909 4745; x_wconf 86' lang='grc' dir='ltr'>Χαναναί-</span> 
     </span>
    </p>
   </div>
   <div class='ocr_carea' id='block_1_106' title="bbox 323 4777 1909 4855">
    <p class='ocr_par' dir='ltr' id='par_1_106' title="bbox 323 4777 1909 4855">
     <span class='ocr_line' id='line_1_106' title="bbox 323 4777 1909 4855; baseline 0.005 -26"><span class='ocrx_word' id='word_1_757' title='bbox 323 4795 417 4840; x_wconf 89' lang='grc' dir='ltr'><strong>ους</strong></span> <span class='ocrx_word' id='word_1_758' title='bbox 443 4777 722 4848; x_wconf 82' lang='grc' dir='ltr'>ὑπηκόους</span> <span class='ocrx_word' id='word_1_759' title='bbox 752 4793 770 4807; x_wconf 87' lang='grc'><strong>·</strong></span> <span class='ocrx_word' id='word_1_760' title='bbox 804 4779 866 4831; x_wconf 80' lang='grc' dir='ltr'><strong>τὸ</strong></span> <span class='ocrx_word' id='word_1_761' title='bbox 889 4778 1094 4849; x_wconf 84' lang='grc' dir='ltr'>τρίτον,</span> <span class='ocrx_word' id='word_1_762' title='bbox 1134 4781 1224 4834; x_wconf 78' lang='grc' dir='ltr'>ὅτε</span> <span class='ocrx_word' id='word_1_763' title='bbox 1253 4781 1542 4850; x_wconf 80' lang='grc' dir='ltr'>ζητοῦντες</span> <span class='ocrx_word' id='word_1_764' title='bbox 1571 4785 1620 4835; x_wconf 82' lang='lat' dir='ltr'><strong>oi</strong></span> <span class='ocrx_word' id='word_1_765' title='bbox 1663 4783 1909 4855; x_wconf 78' lang='grc' dir='ltr'><strong>Ἐφραῖμ</strong></span> 
     </span>
    </p>
   </div>
   <div class='ocr_carea' id='block_1_107' title="bbox 325 4869 1913 4946">
    <p class='ocr_par' dir='ltr' id='par_1_107' title="bbox 325 4869 1913 4946">
     <span class='ocr_line' id='line_1_107' title="bbox 325 4869 1913 4946; baseline 0.006 -26"><span class='ocrx_word' id='word_1_766' title='bbox 325 4871 476 4939; x_wconf 84' lang='grc' dir='ltr'>παρὰ.</span> <span class='ocrx_word' id='word_1_767' title='bbox 522 4869 698 4938; x_wconf 79' lang='grc' dir='ltr'>Ἰησοῦ</span> <span class='ocrx_word' id='word_1_768' title='bbox 727 4870 900 4940; x_wconf 79' lang='grc' dir='ltr'>μείζω</span> <span class='ocrx_word' id='word_1_769' title='bbox 933 4871 1155 4944; x_wconf 75' lang='grc' dir='ltr'>κλῆρον,</span> <span class='ocrx_word' id='word_1_770' title='bbox 1193 4872 1508 4928; x_wconf 84' lang='grc' dir='ltr'>κελεύονται</span> <span class='ocrx_word' id='word_1_771' title='bbox 1532 4873 1913 4946; x_wconf 80' lang='grc' dir='ltr'>ἐξολοθρεῦσαι</span> 
     </span>
    </p>
   </div>
   <div class='ocr_carea' id='block_1_108' title="bbox 324 4959 1913 5036">
    <p class='ocr_par' dir='ltr' id='par_1_108' title="bbox 324 4959 1913 5036">
     <span class='ocr_line' id='line_1_108' title="bbox 324 4959 1913 5036; baseline 0.005 -23"><span class='ocrx_word' id='word_1_772' title='bbox 324 4959 417 5013; x_wconf 79' lang='grc' dir='ltr'><strong>τὸν</strong></span> <span class='ocrx_word' id='word_1_773' title='bbox 436 4961 762 5028; x_wconf 88' lang='grc' dir='ltr'>Χαναναῖον,</span> <span class='ocrx_word' id='word_1_774' title='bbox 782 4963 858 5026; x_wconf 84' lang='grc' dir='ltr'>ὡς</span> <span class='ocrx_word' id='word_1_775' title='bbox 882 4961 949 5016; x_wconf 83' lang='grc' dir='ltr'><strong>ἂν</strong></span> <span class='ocrx_word' id='word_1_776' title='bbox 975 4965 1055 5027; x_wconf 85' lang='grc' dir='ltr'><strong>είς</strong></span> <span class='ocrx_word' id='word_1_777' title='bbox 1077 4965 1170 5017; x_wconf 83' lang='grc' dir='ltr'><strong>τὸν</strong></span> <span class='ocrx_word' id='word_1_778' title='bbox 1201 4965 1405 5036; x_wconf 69' lang='grc' dir='ltr'>δρυμὸν</span> <span class='ocrx_word' id='word_1_779' title='bbox 1418 4965 1754 5034; x_wconf 84' lang='grc' dir='ltr'>ἀνελθόντες,</span> <span class='ocrx_word' id='word_1_780' title='bbox 1787 4969 1913 5022; x_wconf 81' lang='grc' dir='ltr'>ἐαυ-</span> 
     </span>
    </p>
   </div>
   <div class='ocr_carea' id='block_1_109' title="bbox 320 5053 1914 5128">
    <p class='ocr_par' dir='ltr' id='par_1_109' title="bbox 320 5053 1914 5128">
     <span class='ocr_line' id='line_1_109' title="bbox 320 5053 1914 5128; baseline 0.006 -24"><span class='ocrx_word' id='word_1_781' title='bbox 320 5054 434 5116; x_wconf 79' lang='grc' dir='ltr'>τοῖς</span> <span class='ocrx_word' id='word_1_782' title='bbox 464 5053 829 5124; x_wconf 78' lang='grc' dir='ltr'>εὐτρεπίσωσι</span> <span class='ocrx_word' id='word_1_783' title='bbox 853 5056 1040 5110; x_wconf 84' lang='grc' dir='ltr'>τόπον.</span> <span class='ocrx_word' id='word_1_784' title='bbox 1065 5055 1280 5111; x_wconf 87' lang='grc' dir='ltr'>Ουκοῦν</span> <span class='ocrx_word' id='word_1_785' title='bbox 1309 5057 1528 5128; x_wconf 83' lang='grc' dir='ltr'>πρῶτον</span> <span class='ocrx_word' id='word_1_786' title='bbox 1555 5061 1582 5112; x_wconf 94' lang='lat'><strong>6</strong></span> <span class='ocrx_word' id='word_1_787' title='bbox 1609 5060 1914 5124; x_wconf 84' lang='grc' dir='ltr'>Χαναναῖος</span> 
     </span>
    </p>
   </div>
   <div class='ocr_carea' id='block_1_110' title="bbox 325 5143 1907 5224">
    <p class='ocr_par' dir='ltr' id='par_1_110' title="bbox 325 5143 1907 5224">
     <span class='ocr_line' id='line_1_110' title="bbox 325 5143 1907 5224; baseline 0.007 -27"><span class='ocrx_word' id='word_1_788' title='bbox 325 5143 444 5215; x_wconf 83' lang='grc' dir='ltr'>μεθ’</span> <span class='ocrx_word' id='word_1_789' title='bbox 476 5146 632 5214; x_wconf 86' lang='grc' dir='ltr'>ἡμῶν</span> <span class='ocrx_word' id='word_1_790' title='bbox 655 5147 826 5210; x_wconf 75' lang='grc' dir='ltr'>ἐστιν,</span> <span class='ocrx_word' id='word_1_791' title='bbox 853 5148 1008 5202; x_wconf 77' lang='grc' dir='ltr'>οὐδὲν</span> <span class='ocrx_word' id='word_1_792' title='bbox 1031 5149 1156 5203; x_wconf 79' lang='grc' dir='ltr'>καθ’</span> <span class='ocrx_word' id='word_1_793' title='bbox 1186 5151 1342 5220; x_wconf 85' lang='grc' dir='ltr'>ήμῶν</span> <span class='ocrx_word' id='word_1_794' title='bbox 1370 5151 1630 5205; x_wconf 88' lang='grc' dir='ltr'>τοσοῦτον.</span> <span class='ocrx_word' id='word_1_795' title='bbox 1673 5153 1907 5224; x_wconf 82' lang='grc' dir='ltr'>δυνάμε-</span> 
     </span>
    </p>
   </div>
   <div class='ocr_carea' id='block_1_111' title="bbox 319 5239 1900 5315">
    <p class='ocr_par' dir='ltr' id='par_1_111' title="bbox 319 5239 1900 5315">
     <span class='ocr_line' id='line_1_111' title="bbox 319 5239 1900 5315; baseline 0.007 -24"><span class='ocrx_word' id='word_1_796' title='bbox 319 5255 410 5300; x_wconf 83' lang='grc' dir='ltr'><strong>νος</strong></span> <span class='ocrx_word' id='word_1_797' title='bbox 434 5256 447 5269; x_wconf 87' lang='grc'><strong>·</strong></span> <span class='ocrx_word' id='word_1_798' title='bbox 479 5239 758 5310; x_wconf 72' lang='grc' dir='ltr'>ὑπόφορος</span> <span class='ocrx_word' id='word_1_799' title='bbox 793 5240 892 5310; x_wconf 81' lang='grc' dir='ltr'>μὲν</span> <span class='ocrx_word' id='word_1_800' title='bbox 914 5239 1012 5304; x_wconf 82' lang='grc' dir='ltr'><strong>ὢν,</strong></span> <span class='ocrx_word' id='word_1_801' title='bbox 1048 5243 1147 5312; x_wconf 84' lang='grc' dir='ltr'><strong>οὐχ</strong></span> <span class='ocrx_word' id='word_1_802' title='bbox 1175 5243 1416 5315; x_wconf 82' lang='grc' dir='ltr'>ὑπήκοος</span> <span class='ocrx_word' id='word_1_803' title='bbox 1439 5244 1518 5308; x_wconf 83' lang='grc' dir='ltr'><strong>δὲ,</strong></span> <span class='ocrx_word' id='word_1_804' title='bbox 1542 5245 1663 5299; x_wconf 68' lang='grc' dir='ltr'>οὐδὲ</span> <span class='ocrx_word' id='word_1_805' title='bbox 1692 5245 1900 5315; x_wconf 83' lang='grc' dir='ltr'>δοῦλος.</span> 
     </span>
    </p>
   </div>
   <div class='ocr_carea' id='block_1_112' title="bbox 317 5331 1904 5415">
    <p class='ocr_par' dir='ltr' id='par_1_112' title="bbox 317 5331 1904 5415">
     <span class='ocr_line' id='line_1_112' title="bbox 317 5331 1904 5415; baseline 0.006 -33"><span class='ocrx_word' id='word_1_806' title='bbox 317 5331 502 5415; x_wconf 59' lang='grc' dir='ltr'><strong>1ξἀῦτα</strong></span> <span class='ocrx_word' id='word_1_807' title='bbox 533 5331 642 5400; x_wconf 79' lang='grc' dir='ltr'><strong>γὰρ</strong></span> <span class='ocrx_word' id='word_1_808' title='bbox 667 5332 726 5384; x_wconf 77' lang='grc' dir='ltr'>τὸ</span> <span class='ocrx_word' id='word_1_809' title='bbox 749 5331 1004 5400; x_wconf 84' lang='grc' dir='ltr'>δεύτερον</span> <span class='ocrx_word' id='word_1_810' title='bbox 1034 5335 1266 5402; x_wconf 83' lang='grc' dir='ltr'>γίνεται.</span> <span class='ocrx_word' id='word_1_811' title='bbox 1322 5337 1491 5391; x_wconf 88' lang='grc' dir='ltr'>Ὅταν</span> <span class='ocrx_word' id='word_1_812' title='bbox 1525 5339 1630 5409; x_wconf 82' lang='grc' dir='ltr'>γὰρ</span> <span class='ocrx_word' id='word_1_813' title='bbox 1676 5338 1746 5392; x_wconf 86' lang='grc' dir='ltr'>τὰ</span> <span class='ocrx_word' id='word_1_814' title='bbox 1799 5356 1904 5392; x_wconf 78' lang='lat' dir='ltr'><strong>om-</strong></span> 
     </span>
    </p>
   </div>
   <div class='ocr_carea' id='block_1_113' title="bbox 319 5423 1904 5501">
    <p class='ocr_par' dir='ltr' id='par_1_113' title="bbox 319 5423 1904 5501">
     <span class='ocr_line' id='line_1_113' title="bbox 319 5423 1904 5501; baseline 0.006 -27"><span class='ocrx_word' id='word_1_815' title='bbox 319 5423 530 5490; x_wconf 71' lang='grc' dir='ltr'>ματικὰ</span> <span class='ocrx_word' id='word_1_816' title='bbox 591 5423 970 5492; x_wconf 80' lang='grc' dir='ltr'>ύποτάσσηται</span> <span class='ocrx_word' id='word_1_817' title='bbox 1004 5427 1070 5495; x_wconf 80' lang='grc' dir='ltr'>τῇ</span> <span class='ocrx_word' id='word_1_818' title='bbox 1097 5425 1267 5497; x_wconf 71' lang='grc' dir='ltr'>ψυχῇ,</span> <span class='ocrx_word' id='word_1_819' title='bbox 1300 5429 1360 5480; x_wconf 85' lang='grc' dir='ltr'><strong>οὐ</strong></span> <span class='ocrx_word' id='word_1_820' title='bbox 1390 5427 1548 5498; x_wconf 82' lang='grc' dir='ltr'>μόνον</span> <span class='ocrx_word' id='word_1_821' title='bbox 1611 5428 1728 5482; x_wconf 74' lang='grc' dir='ltr'>ἐστὶ</span> <span class='ocrx_word' id='word_1_822' title='bbox 1780 5431 1904 5501; x_wconf 83' lang='grc' dir='ltr'>μεθ’</span> 
     </span>
    </p>
   </div>
   <div class='ocr_carea' id='block_1_114' title="bbox 319 5501 1895 5586">
    <p class='ocr_par' dir='ltr' id='par_1_114' title="bbox 319 5501 1895 5586">
     <span class='ocr_line' id='line_1_114' title="bbox 319 5501 1895 5586; baseline 0.006 -25"><span class='ocrx_word' id='word_1_823' title='bbox 319 5501 497 5579; x_wconf 72' lang='grc' dir='ltr'>ἡμῶν,</span> <span class='ocrx_word' id='word_1_824' title='bbox 531 5509 668 5564; x_wconf 79' lang='grc' dir='ltr'>ἀλλὰ</span> <span class='ocrx_word' id='word_1_825' title='bbox 706 5511 803 5562; x_wconf 78' lang='grc' dir='ltr'><strong>καὶ</strong></span> <span class='ocrx_word' id='word_1_826' title='bbox 829 5510 1034 5574; x_wconf 85' lang='grc' dir='ltr'>δοῦλος.</span> <span class='ocrx_word' id='word_1_827' title='bbox 1067 5514 1140 5568; x_wconf 81' lang='grc' dir='ltr'>ἰὀ</span> <span class='ocrx_word' id='word_1_828' title='bbox 1165 5513 1222 5567; x_wconf 84' lang='grc' dir='ltr'>δὲ</span> <span class='ocrx_word' id='word_1_829' title='bbox 1250 5516 1433 5586; x_wconf 81' lang='grc' dir='ltr'>τρίτον</span> <span class='ocrx_word' id='word_1_830' title='bbox 1467 5517 1559 5570; x_wconf 78' lang='grc' dir='ltr'>ἐὰν</span> <span class='ocrx_word' id='word_1_831' title='bbox 1591 5519 1895 5573; x_wconf 78' lang='grc' dir='ltr'>τελειωθῶ-</span> 
     </span>
    </p>
   </div>
   <div class='ocr_carea' id='block_1_115' title="bbox 387 5683 916 5748">
    <p class='ocr_par' dir='ltr' id='par_1_115' title="bbox 387 5683 916 5748">
     <span class='ocr_line' id='line_1_115' title="bbox 387 5683 916 5748; baseline -0.002 -10"><span class='ocrx_word' id='word_1_832' title='bbox 387 5683 432 5717; x_wconf 77' lang='grc'><strong>⁸⁹</strong></span> <span class='ocrx_word' id='word_1_833' title='bbox 479 5683 688 5742; x_wconf 88' lang='lat' dir='ltr'><strong>Ilabac.</strong></span> <span class='ocrx_word' id='word_1_834' title='bbox 747 5701 831 5748; x_wconf 82' lang='grc' dir='ltr'>ιιι,</span> <span class='ocrx_word' id='word_1_835' title='bbox 863 5685 916 5738; x_wconf 78' lang='lat'><strong>3.</strong></span> 
     </span>
    </p>
   </div>
   <div class='ocr_carea' id='block_1_116' title="bbox 539 5780 1481 5858">
    <p class='ocr_par' dir='ltr' id='par_1_116' title="bbox 539 5780 1481 5858">
     <span class='ocr_line' id='line_1_116' title="bbox 539 5780 1481 5858; baseline 0.008 -18"><span class='ocrx_word' id='word_1_836' title='bbox 539 5837 545 5840; x_wconf 92' lang='lat'><em>_</em></span> <span class='ocrx_word' id='word_1_837' title='bbox 616 5780 909 5858; x_wconf 66' lang='grc' dir='ltr'><strong>⁸Ριιιτιιοι..</strong></span> <span class='ocrx_word' id='word_1_838' title='bbox 957 5782 1076 5843; x_wconf 81' lang='lat' dir='ltr'><strong>Gn.</strong></span> <span class='ocrx_word' id='word_1_839' title='bbox 1111 5784 1481 5848; x_wconf 76' lang='lat' dir='ltr'><strong>LXXXVII.</strong></span> 
     </span>
    </p>
   </div>
   <div class='ocr_carea' id='block_1_117' title="bbox 2013 5433 3590 5506">
    <p class='ocr_par' dir='ltr' id='par_1_117' title="bbox 2013 5433 3590 5506">
     <span class='ocr_line' id='line_1_117' title="bbox 2013 5433 3590 5506; baseline 0.001 -22"><span class='ocrx_word' id='word_1_840' title='bbox 2013 5447 2160 5486; x_wconf 90' lang='lat' dir='ltr'><strong>mum</strong></span> <span class='ocrx_word' id='word_1_841' title='bbox 2201 5447 2288 5488; x_wconf 88' lang='lat' dir='ltr'><strong>res</strong></span> <span class='ocrx_word' id='word_1_842' title='bbox 2339 5433 2503 5488; x_wconf 87' lang='lat' dir='ltr'><strong>redit.</strong></span> <span class='ocrx_word' id='word_1_843' title='bbox 2543 5433 2678 5489; x_wconf 86' lang='lat' dir='ltr'><strong>Cum</strong></span> <span class='ocrx_word' id='word_1_844' title='bbox 2717 5437 2866 5489; x_wconf 78' lang='lat' dir='ltr'><strong>enim</strong></span> <span class='ocrx_word' id='word_1_845' title='bbox 2905 5450 3109 5506; x_wconf 86' lang='lat' dir='ltr'><strong>corpus</strong></span> <span class='ocrx_word' id='word_1_846' title='bbox 3138 5435 3332 5490; x_wconf 70' lang='lat' dir='ltr'><strong>animm</strong></span> <span class='ocrx_word' id='word_1_847' title='bbox 3365 5433 3590 5502; x_wconf 84' lang='lat' dir='ltr'><strong>subjun-</strong></span> 
     </span>
    </p>
   </div>
   <div class='ocr_carea' id='block_1_118' title="bbox 2007 5521 3587 5589">
    <p class='ocr_par' dir='ltr' id='par_1_118' title="bbox 2007 5521 3587 5589">
     <span class='ocr_line' id='line_1_118' title="bbox 2007 5521 3587 5589; baseline -0.002 -12"><span class='ocrx_word' id='word_1_848' title='bbox 2007 5533 2156 5577; x_wconf 80' lang='lat' dir='ltr'><strong>cmm</strong></span> <span class='ocrx_word' id='word_1_849' title='bbox 2186 5521 2368 5588; x_wconf 69' lang='lat' dir='ltr'><strong>fuerit,</strong></span> <span class='ocrx_word' id='word_1_850' title='bbox 2406 5539 2512 5579; x_wconf 82' lang='lat' dir='ltr'><strong>non</strong></span> <span class='ocrx_word' id='word_1_851' title='bbox 2541 5527 2718 5580; x_wconf 81' lang='lat' dir='ltr'><strong>solum</strong></span> <span class='ocrx_word' id='word_1_852' title='bbox 2746 5527 3034 5581; x_wconf 66' lang='lat' dir='ltr'><strong>nobiscum</strong></span> <span class='ocrx_word' id='word_1_853' title='bbox 3059 5536 3162 5589; x_wconf 68' lang='lat' dir='ltr'><strong>est,</strong></span> <span class='ocrx_word' id='word_1_854' title='bbox 3187 5538 3587 5578; x_wconf 62' lang='lat' dir='ltr'><strong>\‘eiuniserwus</strong></span> 
     </span>
    </p>
   </div>
   <div class='ocr_carea' id='block_1_119' title="bbox 1007 5686 2144 5756">
    <p class='ocr_par' dir='ltr' id='par_1_119' title="bbox 1007 5686 2144 5756">
     <span class='ocr_line' id='line_1_119' title="bbox 1007 5686 2144 5756; baseline 0.004 -16"><span class='ocrx_word' id='word_1_855' title='bbox 1007 5689 1064 5741; x_wconf 83' lang='grc'><strong>,³³</strong></span> <span class='ocrx_word' id='word_1_856' title='bbox 1105 5686 1241 5741; x_wconf 85' lang='lat' dir='ltr'><strong>Gen.</strong></span> <span class='ocrx_word' id='word_1_857' title='bbox 1276 5705 1387 5754; x_wconf 75' lang='lat' dir='ltr'><strong>xix,</strong></span> <span class='ocrx_word' id='word_1_858' title='bbox 1429 5691 1518 5745; x_wconf 83' lang='grc'><strong>58.</strong></span> <span class='ocrx_word' id='word_1_859' title='bbox 1599 5694 1643 5724; x_wconf 63' lang='grc'><strong>³³</strong></span> <span class='ocrx_word' id='word_1_860' title='bbox 1681 5686 1747 5742; x_wconf 89' lang='lat' dir='ltr'><strong>III</strong></span> <span class='ocrx_word' id='word_1_861' title='bbox 1783 5688 1912 5756; x_wconf 74' lang='lat' dir='ltr'><strong>Reg.</strong></span> <span class='ocrx_word' id='word_1_862' title='bbox 1948 5705 2023 5754; x_wconf 68' lang='lat' dir='ltr'><strong>ts,</strong></span> <span class='ocrx_word' id='word_1_863' title='bbox 2064 5691 2144 5745; x_wconf 86' lang='lat' dir='ltr'><strong>I6.</strong></span> 
     </span>
    </p>
   </div>
   <div class='ocr_carea' id='block_1_120' title="bbox 3107 5793 3192 5858">
    <p class='ocr_par' dir='ltr' id='par_1_120' title="bbox 3107 5793 3192 5858">
     <span class='ocr_line' id='line_1_120' title="bbox 3107 5793 3192 5858; baseline 0.071 -6"><span class='ocrx_word' id='word_1_864' title='bbox 3107 5793 3192 5858; x_wconf 84' lang='lat'><strong>33</strong></span> 
     </span>
    </p>
   </div>
  </div>
