4006 6210
482 166 630 232 1035

1775 177 2130 242 PROCOPII
2168 183 2410 244 GAZIEI

3597 185 3723 253 1036

491 287 707 335 noster.
759 277 950 334 Tertio
972 291 1102 336 vero
1132 279 1226 338 ubi
1259 279 1327 335 ad
1361 280 1757 353 perfectionem
1800 289 2043 360 attigeri-

2161 308 2285 361 μεν,
2323 291 2543 357 τελείως
2573 292 3113 364 ὲξολοθρευθήσεται,
3148 291 3255 347 τῶν
3279 293 3371 346 ἐπὶ
3416 292 3520 363 γῆς
3557 294 3723 361 μελῶν

490 387 638 440 mus,
660 369 905 442 perfecte
925 369 1144 427 demum
1170 374 1544 441 exscindetur,
1584 377 1940 448 membraque
1967 390 2070 435 ter.

488 478 619 519 rcna
643 462 973 517 moriuntur.
1022 461 1103 517 Ita
1167 464 1594 521 catechumenus
1642 475 1918 538 assumpta
1977 484 2066 523 ra-

486 555 639 611 ti0ue
680 553 986 609 Israelitica
1046 554 1200 610 novit
1256 555 1577 626 procedere.
1634 555 1856 613 Habitat
1900 558 2068 632 494

484 647 632 700 enim
658 660 783 699 cum
836 643 1152 701 Chananaeo
1185 661 1354 703 carne
1392 662 1492 702 sua
1512 662 1701 704 secum
1760 648 2065 706 dissidente

482 735 746 807 primum.
784 733 992 791 Deinde
1019 737 1321 802 serviente,
1375 748 1653 808 postremo
1714 755 1835 795 cum
1890 742 2066 797 omni-

482 824 587 879 bus
609 824 724 880 suis
757 823 1041 889 membris,
1088 827 1448 895 scortatione,
1488 828 1778 896 adulterio,
1834 830 2063 900 impuri-

480 925 598 973 tate
641 924 859 971 necata.
897 936 916 969 ι
949 916 1233 974 ilabitavit
1264 935 1417 987 vero,
1485 922 1683 992 inquit,
1755 939 1877 978 cum
1933 926 2014 981 eis
2041 966 2056 991 ,

479 1013 658 1066 donec
727 1009 976 1065 ascendit
1025 1010 1241 1066 Pharao
1299 1028 1394 1066 rex
1446 1012 1709 1084 Egypti.
1753 1032 1772 1066 ι
1828 1012 2059 1081 Quando

478 1104 643 1158 etiam
672 1101 847 1156 Gazer
886 1102 1041 1158 locus
1064 1101 1355 1159 Chanantei
1397 1104 1520 1159 filiae
1547 1087 1855 1162 Pharaonis
1887 1109 1938 1162 in
1958 1110 2057 1165 do-

478 1200 589 1245 tem
642 1190 802 1247 datus
831 1190 1131 1247 est.Porro
1169 1188 1340 1247 Gazer
1378 1192 1726 1264 interpretari
1759 1196 1909 1261 licet,
1932 1214 2056 1253 con-

477 1278 663 1332 tentio.
715 1277 850 1333 Cum
882 1280 1030 1333 enim
1061 1279 1217 1334 unita
1280 1281 1682 1350 quodannnodo
1724 1292 1779 1340 et
1833 1294 2053 1343 extenta

476 1383 609 1424 caro
643 1384 768 1425 cum
800 1371 996 1441 spiritu
1031 1370 1087 1425 in
1144 1372 1306 1428 nobis
1350 1371 1537 1439 fuerit,
1611 1390 1718 1429 una
1766 1375 1822 1430 in
1879 1377 2054 1434 Gazer

475 1476 691 1517 sumus.
730 1458 1208 1519 UbiCliananaaus
1271 1471 1325 1519 et
1373 1462 1518 1520 ﬁlius
1572 1463 1857 1536 Ephraim,
1922 1468 2047 1524 fru-

474 1561 725 1609 ctuosus.
785 1551 934 1608 Talis
1005 1569 1134 1610 vero
1188 1555 1565 1613 benedictusa
1622 1558 1857 1614 Domino
1917 1576 2050 1632 quo-

2171 383 2729 454 νεκρουμένων.υῦτω
2756 383 3084 454 προκόπτειν
3111 379 3291 438 οἷδενό
3304 383 3543 456 κατηχού
3553 401 3720 454 μενος,

2167 475 2259 528 τὸν
2288 473 2632 546 Ἰσραηλίτην
2659 474 2816 545 λόγον
2846 474 3048 530 λαϐών·
3103 477 3243 529 οίκεί
3285 475 3393 546 γάρ
3451 475 3589 546 μετὰ
3636 476 3723 529 τοῦ

2167 564 2500 631 Χαναναίου,
2534 565 2931 637 στασιαζούσης
2961 564 3128 619 αὑτοῦ
3182 565 3284 636 τῆς
3337 567 3559 636 σαρκὸς,
3613 561 3724 621 εἶτα

2165 655 2531 728 νεκρωθείσης
2560 657 2700 711 κατὰ
2757 658 2867 711 πᾶν
2923 656 3103 727 μέλος,
3130 657 3405 726 πορνείαν,
3462 659 3721 728 μοιχείαν,

2164 745 2524 817 ἀκαθαρσίαν.
2547 764 2568 799 t
2597 745 2851 818 Κατῴκει
2881 747 2961 813 δὲ,
2986 747 3143 818 φησὶ,
3176 749 3295 818 μετ’
3310 748 3509 815 αὐτῶν,
3536 750 3638 814 ἕως
3662 750 3722 804 ἂν

2163 837 2289 908 ἔλθῃ
2318 838 2517 908 Φαραὼ
2548 837 2802 908 βασιλεὺς
2831 839 3114 907 Αίγύπτου
3137 854 3150 869 ο
3181 838 3270 892 ὅτε
3328 839 3426 893 καὶ
3486 827 3655 912 Γεζὲρ
3696 842 3722 894 ό

2160 929 2327 993 τόπος
2371 929 2466 983 τοῦ
2515 929 2825 983 Χαναναίου
2883 926 3086 982 δίδοται
3151 928 3321 1002 φερνὴ
3369 933 3434 1002 τῇ
3498 931 3720 1003 θυγατρὶ

2159 1020 2378 1091 Φαραώ.
2410 1019 2589 1089 Γαζὲρ
2615 1019 2694 1084 δὲ,
2718 1019 2990 1086 διάτασίς
3010 1021 3393 1092 ἑρμηνεύεται.
3427 1022 3597 1077 Ἐπὰν
3620 1026 3719 1094 γὰρ

2158 1111 2321 1165 οἱονεὶ
2350 1112 2603 1183 ἡνωμένη
2626 1113 2721 1165 καὶ
2741 1111 3103 1182 διατεταμένη
3116 1110 3253 1182 σὰρξ
3280 1112 3418 1183 μετὰ
3439 1113 3535 1167 τοῦ
3563 1115 3719 1167 πνεύ-

2160 1220 2330 1275 ματος
2363 1204 2421 1257 ὲν
2446 1205 2579 1272 ἡμῖν
2607 1199 2664 1276 ᾗ,
2698 1201 2832 1273 ὁμοῦ
2860 1204 3027 1273 ἐσμεν
3065 1203 3124 1256 ὲν
3157 1206 3224 1274 τῇ
3254 1204 3453 1275 Γαξὲρ,
3480 1205 3509 1258 ὃ
3537 1223 3597 1258 τε
3621 1207 3720 1260 Χα-

2156 1296 2374 1359 ναναῖος
2406 1293 2501 1348 καὶ
2529 1295 2557 1347 ὁ
2585 1293 2699 1357 υίὸς
2731 1292 2974 1365 Ἐφρατμ
3022 1295 3052 1348 ό
3109 1296 3491 1367 καρποφοριῖψ.
3559 1297 3615 1350 Ὁ
3664 1299 3719 1353 δὲ

2154 1384 2392 1449 τοιοῦτος
2422 1386 2516 1438 καὶ
2539 1385 2615 1448 ὡς
2647 1383 3019 1457 ηὐλογημένος
3057 1385 3162 1439 ὑπὸ
3222 1388 3427 1457 Κυρίου
3478 1387 3717 1459 μείζονος

2152 1474 2526 1539 ὲπιδικάζεται
2578 1474 2802 1546 κλήρου,
2851 1473 2946 1529 καὶ⁵
3004 1474 3208 1546 δρυμὸν
3253 1473 3433 1530 λαϐὼν
3457 1477 3716 1550 ἀκάρπων

2150 1565 2406 1637 δένδρων,
2430 1563 2544 1620 καὶ.
2585 1603 2601 1621 .
2645 1606 2659 1620 .
2697 1564 2899 1638 χωρίον
2930 1566 3034 1619 ὑπὸ
3083 1565 3281 1638 Ἰησοῦ,
3330 1566 3556 1637 ἐκκόψει
3608 1571 3717 1631 τοῖς

473 1646 769 1701 dammodo
803 1646 1066 1716 majorem
1091 1646 1219 1717 jure
1244 1656 1446 1703 sortem
1490 1650 1749 1720 appellat,
1801 1653 2043 1723 silvaque

2155 1658 2307 1722 ἰδίοις
2324 1658 2591 1728 καμάτοις
2626 1656 2791 1711 αὐτόν
2810 1672 2823 1687 ·
2850 1656 2937 1710 ἵνα
2968 1655 3199 1726 γένηται
3241 1656 3314 1726 γῆ
3347 1656 3712 1727 καρποφόρος,

472 1738 752 1794 sterilibus
784 1737 1082 1793 arboribus
1116 1739 1354 1805 consita,
1389 1740 1623 1812 locoque
1655 1744 1829 1798 sterili
1878 1759 1906 1797 a
1960 1745 2048 1800 Jo-

473 1846 576 1885 sue
605 1836 829 1898 accepto
861 1828 1083 1898 pr’oprio
1117 1827 1300 1883 labore
1328 1844 1452 1883 eum
1515 1838 1693 1895 eruet,
1735 1847 1843 1898 quo
1900 1842 2043 1890 terra

469 1925 759 1977 fructuosa
804 1921 920 1985 fiat,
950 1918 1338 1992 Pherezaeique
1357 1937 1421 1979 ac
1445 1922 1711 1995 Rephaim
1745 1926 1798 1979 in
1820 1941 1886 1981 eo
1915 1941 2041 1996 pur-

466 2022 687 2086 geritur.
725 2012 1010 2084 Signiﬁcat
1039 2028 1168 2069 vero
1206 2012 1485 2071 Pherezazi
1540 2014 1905 2081 fertilitatem,
1933 2034 2041 2088 qua

470 2106 638 2161 Deum
688 2104 870 2170 cplere
900 2104 1252 2175 incmpimus,
1281 2103 1609 2177 frugemque
1659 2104 1889 2163 ferimus
1946 2108 2046 2162 im-

468 2195 754 2260 mundam,
825 2194 1069 2266 peccatis
1150 2195 1495 2266 permistam,
1570 2196 2045 2275 mundationeque

466 2287 823 2356 indigentem.
854 2284 1120 2358 Rephaim
1159 2301 1308 2351 vero,
1337 2287 1704 2358 quioperitur
1760 2290 2041 2359 matrices,

466 2379 609 2451 quod
660 2378 987 2434 vocabulum
1023 2385 1081 2432 ut
1122 2378 1357 2434 validam
1390 2393 1455 2433 ac
1510 2380 1795 2436 robustam
1843 2382 2042 2438 anima:

467 2469 871 2525 constituamus
933 2468 1188 2537 feturam,
1254 2468 1535 2525 admonet.
1586 2468 1660 2524 Ea
1683 2471 1944 2526 dicuntur
1973 2473 2038 2527 ad

464 2562 606 2618 filios
618 2559 843 2634 Ioseph,
859 2560 1017 2632 cujus
1041 2560 1414 2632 interpretatio
1426 2563 1723 2616 anctarium
1744 2562 1842 2617 Dei
1855 2574 2031 2619 sonat.
2122 2605 2131 2613 .

534 2657 639 2727 Qui
672 2658 840 2713 etiam
872 2655 1089 2723 dicunt,
1123 2655 1407 2727 equitatus
1455 2655 1705 2713 delectus
1732 2666 1786 2713 et
1829 2658 2033 2715 ferrum

448 2750 606 2821 ,apud
635 2762 852 2805 omnem
888 2747 1286 2811 Chanauaaum,
1340 2749 1623 2819 equitatus
1657 2748 1825 2803 fallax
1856 2750 1922 2805 ad
1946 2766 2038 2806 sa-

465 2843 660 2897 lutem.
715 2838 906 2905 Qualis
938 2834 1071 2895 sane
1132 2838 1187 2893 in
1245 2838 1412 2895 Israel
1443 2854 1552 2894 non
1579 2839 1885 2908 invenitur,
1935 2858 2037 2898 nec

464 2946 615 2987 arma
646 2944 882 3002 quoque.

534 3021 616 3077 Ad
647 3036 784 3091 quos
814 3018 961 3075 haud
992 3019 1177 3090 inepte
1191 3017 1398 3075 dictum
1426 3028 1530 3087 est,
1552 3021 1784 3087 Quando
1813 3022 2032 3077 Chana-

2150 1750 2587 1822 καθαρισθὲντων
2608 1752 2668 1804 ὲν
2691 1747 2841 1821 αὐτῷ
2863 1747 3172 1818 Φερεζαίων
3197 1748 3294 1802 καὶ
3333 1749 3581 1818 Ῥαφαῖν.
3608 1751 3713 1820 Δη-

2149 1842 2232 1897 λοῖ
2250 1842 2305 1896 δὲ
2330 1840 2393 1895 τὸ
2433 1841 2531 1911 μὲν
2558 1839 2864 1909 Φερεζαῖοι,
2888 1838 3264 1911 καρποφορίαν
3308 1837 3374 1910 ἥν
3401 1837 3712 1909 άρξαμεν...

2150 1935 2329 1988 σέὸειν
2388 1930 2844 2005 καρποφοροῦμεν
2918 1928 3293 2002 καρποφορίαν
3382 1930 3713 2000 ἀκάθαρτον,

2149 2027 2251 2079 ἀνα
2260 2024 2353 2096 μὶξ
2378 2023 2605 2095 ἔχουσαν
2642 2021 3038 2094 ἁμαρτήματα,
3095 2022 3191 2075 καὶ
3218 2016 3478 2092 δεομένην
3505 2021 3713 2093 καθάρ-

2147 2135 2283 2181 σεως
2319 2117 2415 2169 ’τὸ
2439 2116 2496 2170 δὲ
2538 2113 2786 2184 Ῥαφαῒν,
2840 2114 3131 2185 ἀνειμένας
3166 2113 3401 2185 μήτρας
3460 2112 3548 2167 ίνα
3585 2128 3717 2180 σφο-

2144 2212 2270 2284 δρὸν
2299 2211 2394 2266 καὶ
2421 2208 2638 2264 εῠτονον
2659 2210 2719 2263 τὸ
2746 2208 2845 2280 τῆς
2874 2206 3051 2278 ψυχῆς
3097 2204 3573 2278 καταστησώμεθα
3621 2204 3713 2273 τό-

2148 2321 2324 2375 νιμον.
2356 2302 2540 2357 Ταῦτα
2562 2302 2780 2370 λέγεται
2812 2300 2948 2372 πρὸς
2968 2299 3095 2363 τοὺς
3145 2297 3294 2361 υἱοὺς
3368 2295 3563 2366 Ἰωσὴφ
3584 2336 3599 2362 ,
3654 2293 3720 2357 ὃς

2148 2394 2512 2468 ἑρμηνεύεται
2543 2392 2859 2463 προσθήκη
2888 2391 3128 2460 Κυρίου.

2209 2660 2407 2725 Ἵππος
2437 2660 2687 2725 ἐκλεκτὸς
2726 2658 2821 2713 καὶ
2868 2659 3085 2729 σίδηρος
3116 2658 3173 2711 ὲν
3213 2660 3375 2711 παντὶ
3396 2654 3712 2725 Χαναναίῳ.

2140 2752 2332 2817 Ἵππος
2360 2753 2559 2824 ψευδὴς
2586 2755 2661 2815 είς
2696 2751 2988 2823 σωτηρίαν,
3024 2750 3081 2811 ὃς
3124 2750 3182 2802 ὲν
3233 2747 3447 2819 Ἰσραὴλ
3493 2748 3593 2820 οὐχ
3623 2747 3720 2801 st)-

2144 2845 2409 2916 ρίσκεται,
2442 2847 2536 2899 καὶ
2572 2836 2788 2915 σίδηρος
2819 2841 3133 2913 πολεμικός.

2207 3021 2398 3085 Καλῶς
2421 3021 2633 3093 εἴρηται
2652 3018 2734 3084 τὸ,
2751 3019 2860 3074 Καὶ
2878 3017 3005 3073 ὅταν
3028 3016 3205 3082 ὲξολοθ
3215 3014 3410 3088 ρεύσῃς
3426 3016 3514 3069 τὸν
3532 3016 3720 3070 Χανα-

466 3130 643 3172 nasum
673 3114 1088 3184 exstirpaveris.
1135 3111 1268 3169 Nam
1301 3114 1346 3170 si
1399 3115 1689 3179 manserit,
1724 3114 2028 3172 Israelitam

2149 3116 2302 3168 ναίον.
2329 3113 2525 3167 Μένων
2547 3114 2675 3182 γὰρ,
2707 3113 2803 3165 καὶ
2827 3110 2920 3164 τὸν
2944 3110 3000 3163 ὲν
3016 3110 3148 3179 ἡμῖν
3178 3107 3518 3180 Ἰσραηλίτην
3540 3108 3645 3160 σπέ
3655 3124 3721 3176 ρ-

466 3207 561 3278 qui
616 3206 757 3263 inter
786 3218 888 3260 nos
925 3210 1010 3259 est
1033 3218 1103 3259 ex
1126 3205 1336 3259 semine
1362 3201 1501 3259 Juda
1528 3205 1585 3259 in
1620 3205 2033 3261 Chananaicum

2149 3223 2217 3273 μα
2246 3203 2467 3258 Χαναὰν
2495 3204 2589 3256 καὶ
2609 3181 2709 3256 οὐκ
2758 3201 2953 3261 Ἰούδα,
2983 3202 3144 3254 ποιεῖ.
3202 3198 3343 3272 Πρὸς
3381 3198 3440 3251 όν
3480 3196 3585 3267 ἔφη
3628 3198 3715 3263 τὸ,

466 3294 740 3352 traducet.
779 3292 863 3347 Ad
894 3307 1055 3362 quem
1089 3291 1289 3362 inquit,
1349 3290 1547 3348 Forma
1575 3304 1627 3349 te
1656 3294 1890 3366 decepit.
1923 3295 2042 3351 Cte-

466 3396 643 3442 tcrum
705 3391 883 3440 cesset
936 3382 1061 3450 hoc,
1090 3399 1155 3453 ac
1180 3385 1354 3441 simus
1397 3385 1492 3440 filii
1531 3387 1762 3442 formam
1795 3389 2036 3444 Abrahae

465 3486 521 3533 et
564 3485 778 3548 patrum
829 3473 1153 3542 electorum,
1204 3488 1371 3545 super
1424 3491 1617 3533 omnes
1651 3493 1779 3534 vero
1826 3479 2035 3537 Christi

465 3578 741 3639 gerentes.

536 3657 869 3728 Congregata
899 3664 978 3711 est
997 3656 1243 3712 universa
1298 3659 1481 3714 concio
1509 3657 1689 3714 Israel
1711 3661 1768 3715 in
1793 3660 1933 3728 Silo,
1984 3675 2037 3721 et

463 3763 587 3820 quae
622 3747 904 3819 deinceps.
924 3746 1056 3804 Sors
1083 3747 1154 3804 de
1189 3763 1297 3819 qua
1326 3749 1384 3805 in
1425 3750 1730 3821 Scriptura,
1759 3767 1868 3808 non
1921 3753 2039 3810 for-

466 3842 608 3897 tuita
639 3848 725 3897 est
751 3842 945 3912 quales
978 3839 1142 3913 vulgo
1178 3848 1333 3910 sunt,
1366 3842 1535 3898 veluti
1569 3859 1694 3898 cum
1718 3844 1874 3911 dicit,
1901 3845 2036 3903 Sor-

462 3946 574 3991 tem
637 3933 758 3999 Dei,
810 3942 866 3989 et
915 3940 1121 3990 sortem
1151 3933 1493 4004 depulsionis
1521 3934 1815 3990 malorum.
1847 3935 1980 3993 ltem
2014 3957 2029 3995 :

465 4028 645 4085 Moses
675 4025 923 4084 sortibus
956 4032 1159 4079 terram
1192 4024 1275 4080 eis
1354 4022 1676 4091 Iordanem,
1710 4023 1882 4083 Josue
1934 4044 2035 4083 au-

463 4128 572 4177 tem
599 4128 753 4174 trans
783 4132 909 4173 eum
942 4114 1250 4172 distribuit.
1299 4114 1404 4183 Qui
1440 4115 1571 4170 item
1596 4113 1673 4168 ait
1711 4132 1727 4170 :
1764 4136 1782 4170 ι
1822 4116 2033 4173 Mittam

365 4210 380 4298 ξ
464 4221 700 4279 sortem;
743 4229 763 4263 ι
795 4209 924 4264 item
958 4224 974 4263 :
1012 4226 1031 4260 ι
1094 4206 1380 4264 Proferam
1439 4214 1645 4263 sortem
1679 4223 1865 4263 coram
1929 4208 2033 4264 Do-

463 4306 633 4361 min'o.
674 4321 693 4355 ι
726 4300 849 4357 Non
912 4299 1143 4357 fortuito
1180 4300 1366 4371 itaque
1398 4300 1531 4356 illud
1575 4300 1797 4358 cecidit.
1830 4300 2035 4358 Tribus

462 4400 609 4453 enim
660 4391 951 4465 Benjamin
981 4391 1159 4462 primo
1213 4393 1450 4448 sortitur
1475 4406 1596 4446 eam
1632 4400 1845 4463 partem
1907 4407 2034 4462 qua

2140 3294 2338 3358 Καλῶς
2374 3294 2687 3365 ἐξηπάτησὲ
2736 3310 2817 3349 σε.
2871 3294 3117 3346 ’Δπέστω
3169 3289 3229 3344 δὲ
3292 3289 3470 3356 τοῦτο,
3495 3291 3589 3343 καὶ
3619 3307 3721 3358 γε·

2137 3383 2366 3453 νοίμεθα
2423 3383 2588 3437 τέκνα
2663 3381 3070 3453 μεμορθρωμένα
3156 3380 3405 3450 ’Δὸραάμ
3477 3396 3539 3433 τε
3616 3382 3722 3432 καὶ

2139 3474 2394 3547 πατέρων
2425 3475 2534 3529 τῶν
2582 3472 2875 3539 ἐκλεκτῶν,
2924 3474 3082 3545 ὑπὲρ.
3117 3473 3323 3535 πάντας
3359 3471 3418 3524 δὲ
3450 3470 3545 3525 τοῦ
3578 3472 3722 3542 Χρι-

2138 3584 2286 3621 στου.

2204 3658 2311 3713 Kal
2328 3657 2744 3727 ἐκκλησιὰσθη
2757 3655 2923 3714 πᾶσα
2943 3656 3266 3727 συναγωγὴ
3291 3655 3435 3711 υἱῶν
3461 3654 3671 3724 ’Ῑσραὴ
3686 3658 3720 3709 ,ι

2133 3746 2217 3811 είς
2248 3743 2440 3811 Σηλώ.
2477 3744 2589 3813 Οὐχ
2615 3742 2689 3807 ὡς
2719 3744 2777 3796 ὲν
2802 3744 2867 3814 τῇ
2905 3740 3164 3812 συνηθείᾳ
3194 3740 3509 3811 συντυχικδς
3531 3739 3720 3809 όκλῆ-

2139 3832 2446 3904 ρο;,οὖτως
2480 3834 2537 3887 ὲν
2596 3834 2661 3902 τῇ
2728 3831 2943 3901 Γραφῇ,
2986 3830 3072 3882 ὅτε
3116 3828 3270 3897 λέγει
3318 3828 3519 3896 κλῆρον
3546 3825 3715 3889 Θεοῦ,

2134 3925 2228 3978 καὶ
2288 3924 2487 3996 κλῆρον
2542 3922 2957 3993 ἀποπομπαίου.
3026 3920 3132 3974 Καὶ
3190 3920 3431 3990 Μωῦσῆς
3461 3918 3518 3971 δὲ
3564 3918 3718 3971 κατὰ

2134 4016 2372 4088 κλήρους
2400 4016 2498 4086 τὴν
2527 4015 2634 4087 πρὸ
2675 4013 2939 4085 Ἰορδάνου
2963 4011 3198 4081 ﬁumen.
3230 4010 3430 4081 Ἰησοῦς
3447 4010 3545 4080 τὴν
3568 4012 3718 4080 μετὰ

2133 4108 2320 4162 τοῦτον
2346 4106 2633 4178 διένειμεν.
2668 4108 2764 4169 ’ος
2820 4104 2914 4158 καί
2953 4118 3109 4173 φησι,
3159 4120 3178 4154 ι
3217 4099 3373 4154 Βαλῶ
3420 4100 3647 4170 κλῆρον.
3688 4121 3713 4155 ι

2135 4199 2265 4265 Καὶ,
2299 4217 2318 4251 ι
2354 4197 2582 4265 Ἐξοίσω
2601 4195 2833 4250 ἐνώπιον
2873 4193 3080 4265 Κυρίου
3110 4192 3206 4248 τὸν
3251 4192 3468 4261 κλῆρον.
3508 4210 3528 4242 ι
3559 4192 3718 4244 Οὐκ-

2132 4291 2226 4346 οῦν
2265 4292 2324 4346 οὐ
2346 4288 2706 4361 συντυχικῶς.
2737 4285 3011 4358 Λαγχάνει
3051 4284 3162 4355 γὰρ
3194 4285 3227 4355 ή
3261 4283 3402 4353 φυλὴ
3448 4283 3717 4354 Βενιαμὶν

2135 4382 2326 4454 πρώτη
2369 4382 2506 4436 ὅπου
2531 4376 2600 4452 ἦν
2643 4378 3021 4451 Ἰερουσαλὴμ,
3063 4375 3158 4430 καὶ
3187 4375 3385 4445 ἑφεξῆς
3415 4375 3469 4427 ai
3495 4374 3713 4427 λοιπαί.

462 4464 785 4543 continebat
812 4481 1147 4550 Jerusalem,
1179 4491 1236 4537 et
1263 4481 1531 4553 deinceps
1580 4483 1827 4553 reliquae.
1883 4484 2032 4538 Inter

2149 4473 2236 4527 Ἐν
2261 4469 2349 4536 αἷς
2373 4464 2430 4525 αἱ
2477 4473 2625 4543 τρεῖς
2653 4469 2762 4523 τῶν
2812 4465 3114 4523 παιδισκῶν
3168 4465 3261 4519 τοῦ
3301 4464 3496 4518 Ἰακὼϐ
3524 4465 3716 4518 τελευ-

2206 4565 2230 4575 α
2319 4564 2334 4575 ι
2474 4561 2487 4575 1
2720 4561 2763 4575 θ’
2808 4560 2823 4575 \
2885 4560 2900 4575 ι
2975 4558 3087 4575 0“-
3138 4574 3141 4575 ν
3183 4556 3230 4575 ιι
3277 4555 3371 4575 Δὶγ.
3406 4554 3711 4575 -,Ἷ-.νΑ-’μ-

436 4568 601 4652 quas
629 4588 740 4635 tres
756 4593 821 4635 ex
853 4577 1072 4632 ancillis
1096 4574 1268 4632 Jacob
1309 4577 1473 4632 edita:
1509 4586 1817 4648 postremas
1848 4588 2031 4651 partes

2149 4565 2286 4619 rai'at
2319 4561 2669 4634 λαγχάνουσι.
2720 4560 2832 4615 Καὶ
2883 4560 2941 4612 ὲν
2968 4558 3147 4620 ἄλλοις
3179 4556 3235 4610 δὲ
3267 4555 3375 4609 Δὰν
3400 4554 3714 4619 τελευταῖος

462 4670 771 4728 sortitionis
798 4668 1067 4725 obtinent.
1095 4666 1245 4723 Inter
1260 4667 1396 4724 alias
1434 4685 1564 4725 vero
1597 4685 1664 4724 ex
1688 4658 1879 4726 liberis
1897 4688 2032 4728 uxo-

462 4762 618 4817 ribus
636 4770 788 4816 ortas
818 4757 937 4812 Dan
989 4757 1184 4812 ultimo
1212 4768 1551 4814 recensetur.
1585 4759 1678 4814 Ait
1703 4775 1835 4816 vero
1872 4760 2030 4818 Salo-

461 4868 587 4906 mon
620 4850 676 4905 in
745 4847 1082 4914 Proverbiis,
1139 4846 1562 4904 Contentionem
1616 4850 1764 4905 sistit
1809 4866 1931 4908 sors
1962 4853 2027 4907 ³⁵.

463 4940 566 5006 Qui
619 4954 719 4996 nec
757 4941 812 4994 in
869 4936 1216 5009 principibus
1238 4938 1363 4993 lites
1419 4951 1543 4994 esse
1585 4946 1736 4996 sorte
1764 4951 2033 5011 praesente

463 5031 620 5087 dicit.
674 5029 848 5086 Porro
870 5028 1077 5084 ethnici
1114 5043 1341 5099 quoque
1389 5036 1595 5094 sortes,
1627 5029 1723 5086 sed
1747 5046 1857 5086 non
1913 5032 2030 5103 pari

461 5124 648 5188 modo,
732 5128 1025 5191 usurpant,
1090 5120 1559 5191 quemadmodum
1623 5132 1806 5177 nautae
1866 5136 2032 5194 super

458 5209 622 5267 Jona.
678 5210 739 5266 In
803 5207 954 5266 Novo
1005 5209 1234 5279 insuper
1289 5207 1647 5266 Testamento
1672 5208 1720 5242 ³⁸
1754 5211 2031 5280 apostolos

458 5317 683 5374 quoque
704 5300 953 5358 invenies
1000 5299 1538 5357 sortibusMatthiam
1571 5302 1624 5356 in
1651 5299 1807 5356 Judae
1845 5302 2025 5357 locum

460 5406 702 5461 creasse,
733 5406 796 5449 ac
828 5390 1088 5462 precibus
1134 5404 1301 5462 super
1334 5390 1515 5461 ipsum
1563 5390 1877 5446 devolutam
1905 5404 2026 5446 sor-

527 5570 574 5603 ³⁸
601 5567 759 5622 Prov.
798 5582 953 5631 κνιιι,
982 5565 1063 5620 18.
1101 5564 1282 5622 “Act.
1313 5580 1349 5631 ι,
1372 5561 1458 5621 9.6.

2137 4656 2469 4727 εὑρίσκεται.
2507 4654 2666 4708 Καὶὸ
2698 4649 2949 4721 Σολομὼν
2978 4648 3034 4702 δέ
3054 4664 3217 4718 φησιν
3244 4649 3300 4699 ὲν
3338 4647 3675 4718 Παροιμίαις
3695 4661 3710 4676 °

2148 4746 2480 4814 Ἀντιλογίας
2507 4744 2670 4797 παύει
2705 4742 2906 4812 κλῆρος
2928 4757 2942 4773 ο
2976 4739 3106 4817 οὐδὲ.
3129 4741 3188 4792 ὲν
3238 4738 3526 4799 δυνάσταις
3562 4738 3716 4790 ἀντι-

2133 4839 2322 4908 λογίαν
2351 4832 2492 4891 εῐναί
2531 4852 2683 4906 φησι,
2709 4833 2975 4904 παρόντος
3018 4831 3241 4901 κλήρου.
3281 4830 3391 4883 Ka‘t
3408 4828 3621 4884 ἐθνικοὶ
3652 4829 3713 4882 δι

2134 4929 2372 5002 χρῶνται
2400 4927 2643 4998 κλήροις,
2671 4924 2785 4980 ἀλλ’
2822 4924 2921 4993 οὐχ
2949 4921 3171 4991 ὁμοίως,
3203 4921 3279 4984 ὡς
3308 4922 3400 4974 ἐπὶ
3424 4919 3520 4975 τοῦ
3552 4920 3716 4975 Ἰωνᾶ

2110 5016 2183 5075 ὀί
2216 5020 2599 5092 συμπλέοντες.
2624 5017 2735 5072 Καὶ
2765 5018 2823 5071 ὲν
2847 5018 2914 5086 τῇ
2934 5013 3111 5084 Καινῇ
3131 5013 3188 5066 δὲ
3214 5012 3340 5078 τοὺς
3373 5012 3714 5076 ἀποστόλους

2132 5115 2407 5186 εὑρήσεις,
2438 5112 2665 5183 κλήροις
2693 5110 2813 5165 ἀντὶ
2849 5108 3018 5162 Ἰούδα
3068 5107 3160 5159 τὸν
3187 5105 3437 5160 Ματθίαν
3463 5105 3716 5177 προϐάλ-

2131 5206 2342 5269 λοντας,
2361 5203 2460 5273 τῆς
2490 5202 2656 5272 εὐχῆς
2676 5198 2770 5253 ἐπὶ
2784 5198 2977 5253 τοῦτον
2998 5193 3333 5264 ἐνεγκούσης
3364 5194 3455 5247 τὸν
3478 5193 3714 5263 κλῆρον.

2131 5295 2402 5369 Εύρήσεις
2424 5294 2480 5349 δὲ
2508 5293 2696 5349 τοῦτον
2724 5291 2817 5345 καὶ
2840 5290 2936 5345 ἐπὶ
2949 5285 3192 5363 Χριστοῦ
3214 5280 3506 5356 φθάνοντα,
3523 5285 3625 5337 καὶ
3642 5283 3722 5337 τὰ

2132 5388 2232 5460 τῆς
2274 5386 2600 5459 Ἐκκλησίας
2628 5383 2723 5440 ἐπὶ
2746 5382 2856 5439 τῶν
2885 5378 3208 5451 σωζομένων
3256 5376 3560 5449 μυστήρια.
3608 5373 3725 5429 Δι-
