  <div class='ocr_page' id='page_1' title='image "/cluster/home/n/w/nwhite01/storage/ocr_20150623/87:1/hvd.32044073502353/524.png"; bbox 0 0 3986 6218; ppageno 0'>
   <div class='ocr_carea' id='block_1_1' title="bbox 400 237 538 305">
    <p class='ocr_par' dir='ltr' id='par_1_1' title="bbox 400 237 538 305">
     <span class='ocr_line' id='line_1_1' title="bbox 400 237 538 305; baseline 0 -1"><span class='ocrx_word' id='word_1_1' title='bbox 400 237 538 305; x_wconf 82' lang='grc'><strong>1037</strong></span> 
     </span>
    </p>
   </div>
   <div class='ocr_carea' id='block_1_2' title="bbox 1525 226 2502 302">
    <p class='ocr_par' dir='ltr' id='par_1_2' title="bbox 1525 226 2502 302">
     <span class='ocr_line' id='line_1_2' title="bbox 1525 226 2502 302; baseline 0.001 -1"><span class='ocrx_word' id='word_1_2' title='bbox 1525 226 2075 301; x_wconf 70' lang='grc' dir='ltr'><strong>ΟΟΜΜΕΧΤᾺΠΠ</strong></span> <span class='ocrx_word' id='word_1_3' title='bbox 2112 239 2194 299; x_wconf 76' lang='lat' dir='ltr'><strong>1N</strong></span> <span class='ocrx_word' id='word_1_4' title='bbox 2237 240 2502 302; x_wconf 87' lang='lat' dir='ltr'><strong>JOSUE.</strong></span> 
     </span>
    </p>
   </div>
   <div class='ocr_carea' id='block_1_3' title="bbox 3512 244 3652 308">
    <p class='ocr_par' dir='ltr' id='par_1_3' title="bbox 3512 244 3652 308">
     <span class='ocr_line' id='line_1_3' title="bbox 3512 244 3652 308; baseline 0.007 -1"><span class='ocrx_word' id='word_1_5' title='bbox 3512 244 3652 308; x_wconf 80' lang='lat'><strong>1038</strong></span> 
     </span>
    </p>
   </div>
   <div class='ocr_carea' id='block_1_4' title="bbox 400 321 1985 400">
    <p class='ocr_par' dir='ltr' id='par_1_4' title="bbox 400 321 1978 400">
     <span class='ocr_line' id='line_1_4' title="bbox 400 321 1978 400; baseline -0.003 -17"><span class='ocrx_word' id='word_1_6' title='bbox 400 344 552 399; x_wconf 81' lang='grc' dir='ltr'>γεται</span> <span class='ocrx_word' id='word_1_7' title='bbox 579 327 688 400; x_wconf 83' lang='grc' dir='ltr'>γὰρ</span> <span class='ocrx_word' id='word_1_8' title='bbox 703 326 838 399; x_wconf 78' lang='grc' dir='ltr'>πρὸς</span> <span class='ocrx_word' id='word_1_9' title='bbox 877 325 1152 396; x_wconf 82' lang='grc' dir='ltr'>Ἐφεσίους</span> <span class='ocrx_word' id='word_1_10' title='bbox 1177 325 1306 397; x_wconf 78' lang='grc' dir='ltr'>περὶ</span> <span class='ocrx_word' id='word_1_11' title='bbox 1334 326 1569 399; x_wconf 84' lang='grc' dir='ltr'>Χριστοῦ</span> <span class='ocrx_word' id='word_1_12' title='bbox 1596 343 1609 357; x_wconf 88' lang='grc'><strong>·</strong></span> <span class='ocrx_word' id='word_1_13' title='bbox 1651 345 1671 378; x_wconf 75' lang='grc' dir='ltr'><strong>ι</strong></span> <span class='ocrx_word' id='word_1_14' title='bbox 1693 329 1783 381; x_wconf 85' lang='grc' dir='ltr'>Ἐν</span> <span class='ocrx_word' id='word_1_15' title='bbox 1811 321 1855 395; x_wconf 79' lang='grc' dir='ltr'>ᾧ</span> <span class='ocrx_word' id='word_1_16' title='bbox 1882 326 1978 379; x_wconf 74' lang='grc' dir='ltr'>καὶ</span> 
     </span>
    </p>
   </div>
   <div class='ocr_carea' id='block_1_5' title="bbox 2096 321 3649 400">
    <p class='ocr_par' dir='ltr' id='par_1_5' title="bbox 2096 326 3649 399">
     <span class='ocr_line' id='line_1_5' title="bbox 2096 326 3649 399; baseline 0.006 -21"><span class='ocrx_word' id='word_1_17' title='bbox 2096 341 2188 379; x_wconf 88' lang='lat' dir='ltr'><strong>.em</strong></span> <span class='ocrx_word' id='word_1_18' title='bbox 2221 342 2364 383; x_wconf 85' lang='lat' dir='ltr'><strong>esse.</strong></span> <span class='ocrx_word' id='word_1_19' title='bbox 2399 326 2649 384; x_wconf 89' lang='lat' dir='ltr'><strong>Invenies</strong></span> <span class='ocrx_word' id='word_1_20' title='bbox 2681 342 2845 398; x_wconf 90' lang='lat' dir='ltr'><strong>porro</strong></span> <span class='ocrx_word' id='word_1_21' title='bbox 2871 328 3009 384; x_wconf 88' lang='lat' dir='ltr'><strong>hanc</strong></span> <span class='ocrx_word' id='word_1_22' title='bbox 3044 342 3210 399; x_wconf 85' lang='lat' dir='ltr'><strong>super</strong></span> <span class='ocrx_word' id='word_1_23' title='bbox 3246 328 3527 386; x_wconf 76' lang='lat' dir='ltr'><strong>Christum</strong></span> <span class='ocrx_word' id='word_1_24' title='bbox 3556 350 3649 388; x_wconf 82' lang='lat' dir='ltr'><strong>ve-</strong></span> 
     </span>
    </p>
   </div>
   <div class='ocr_carea' id='block_1_6' title="bbox 396 417 1983 491">
    <p class='ocr_par' dir='ltr' id='par_1_6' title="bbox 396 417 1983 491">
     <span class='ocr_line' id='line_1_6' title="bbox 396 417 1983 491; baseline -0.002 -18"><span class='ocrx_word' id='word_1_25' title='bbox 396 418 816 491; x_wconf 72' lang='grc' dir='ltr'>ἐκληρώθημεν,</span> <span class='ocrx_word' id='word_1_26' title='bbox 866 418 1285 488; x_wconf 78' lang='grc' dir='ltr'><strong>προορισθέντες</strong></span> <span class='ocrx_word' id='word_1_27' title='bbox 1322 418 1465 471; x_wconf 75' lang='grc' dir='ltr'>κατὰ</span> <span class='ocrx_word' id='word_1_28' title='bbox 1507 420 1764 491; x_wconf 79' lang='grc' dir='ltr'><strong>πρόθεσιν</strong></span> <span class='ocrx_word' id='word_1_29' title='bbox 1795 419 1888 473; x_wconf 83' lang='grc' dir='ltr'><strong>τοῦ</strong></span> <span class='ocrx_word' id='word_1_30' title='bbox 1914 417 1983 470; x_wconf 71' lang='grc' dir='ltr'><strong>τά</strong></span> 
     </span>
    </p>
   </div>
   <div class='ocr_carea' id='block_1_7' title="bbox 398 509 1982 583">
    <p class='ocr_par' dir='ltr' id='par_1_7' title="bbox 398 509 1982 583">
     <span class='ocr_line' id='line_1_7' title="bbox 398 509 1982 583; baseline -0.002 -17"><span class='ocrx_word' id='word_1_31' title='bbox 398 512 579 566; x_wconf 85' lang='grc' dir='ltr'>πάντα</span> <span class='ocrx_word' id='word_1_32' title='bbox 607 510 962 580; x_wconf 76' lang='grc' dir='ltr'><strong>ἐνεργοῦντος</strong></span> <span class='ocrx_word' id='word_1_33' title='bbox 983 511 1126 563; x_wconf 80' lang='grc' dir='ltr'>κατὰ</span> <span class='ocrx_word' id='word_1_34' title='bbox 1156 510 1258 581; x_wconf 79' lang='grc' dir='ltr'>τὴν</span> <span class='ocrx_word' id='word_1_35' title='bbox 1298 509 1553 583; x_wconf 84' lang='grc' dir='ltr'>βούλησιν</span> <span class='ocrx_word' id='word_1_36' title='bbox 1585 510 1681 565; x_wconf 86' lang='grc' dir='ltr'><strong>τοῦ</strong></span> <span class='ocrx_word' id='word_1_37' title='bbox 1709 510 1982 581; x_wconf 85' lang='grc' dir='ltr'>ὀνόματος</span> 
     </span>
    </p>
   </div>
   <div class='ocr_carea' id='block_1_8' title="bbox 397 600 1979 674">
    <p class='ocr_par' dir='ltr' id='par_1_8' title="bbox 397 600 1979 674">
     <span class='ocr_line' id='line_1_8' title="bbox 397 600 1979 674; baseline 0.001 -16"><span class='ocrx_word' id='word_1_38' title='bbox 397 603 565 658; x_wconf 84' lang='grc' dir='ltr'>αὐτοῦ</span> <span class='ocrx_word' id='word_1_39' title='bbox 593 620 607 634; x_wconf 89' lang='grc'><strong>·</strong></span> <span class='ocrx_word' id='word_1_40' title='bbox 640 604 721 666; x_wconf 79' lang='lat' dir='ltr'><strong>si;</strong></span> <span class='ocrx_word' id='word_1_41' title='bbox 755 604 816 657; x_wconf 82' lang='grc' dir='ltr'>τὸ</span> <span class='ocrx_word' id='word_1_42' title='bbox 861 600 998 656; x_wconf 77' lang='grc' dir='ltr'>εἶναι</span> <span class='ocrx_word' id='word_1_43' title='bbox 1059 603 1207 672; x_wconf 81' lang='grc' dir='ltr'>ἡμᾶς</span> <span class='ocrx_word' id='word_1_44' title='bbox 1238 605 1317 665; x_wconf 84' lang='grc' dir='ltr'><strong>είς</strong></span> <span class='ocrx_word' id='word_1_45' title='bbox 1366 601 1587 656; x_wconf 75' lang='grc' dir='ltr'>ἔπαινον</span> <span class='ocrx_word' id='word_1_46' title='bbox 1614 602 1772 674; x_wconf 79' lang='grc' dir='ltr'>δόξης</span> <span class='ocrx_word' id='word_1_47' title='bbox 1787 604 1979 667; x_wconf 82' lang='grc' dir='ltr'>αὑτοῦ,</span> 
     </span>
    </p>
   </div>
   <div class='ocr_carea' id='block_1_9' title="bbox 396 692 1984 766">
    <p class='ocr_par' dir='ltr' id='par_1_9' title="bbox 396 692 1984 766">
     <span class='ocr_line' id='line_1_9' title="bbox 396 692 1984 766; baseline 0.001 -19"><span class='ocrx_word' id='word_1_48' title='bbox 396 696 523 759; x_wconf 76' lang='grc' dir='ltr'>τοὺς</span> <span class='ocrx_word' id='word_1_49' title='bbox 567 693 980 766; x_wconf 79' lang='grc' dir='ltr'><strong>προηλπικότας</strong></span> <span class='ocrx_word' id='word_1_50' title='bbox 1038 694 1098 747; x_wconf 86' lang='grc' dir='ltr'><strong>ἐν</strong></span> <span class='ocrx_word' id='word_1_51' title='bbox 1138 692 1217 763; x_wconf 84' lang='grc' dir='ltr'><strong>τῷ</strong></span> <span class='ocrx_word' id='word_1_52' title='bbox 1237 692 1480 764; x_wconf 82' lang='grc' dir='ltr'>Χριστῷ.</span> <span class='ocrx_word' id='word_1_53' title='bbox 1514 711 1533 746; x_wconf 71' lang='grc' dir='ltr'><strong>ι</strong></span> <span class='ocrx_word' id='word_1_54' title='bbox 1559 694 1671 748; x_wconf 85' lang='lat' dir='ltr'><strong>Kal</strong></span> <span class='ocrx_word' id='word_1_55' title='bbox 1696 693 1848 766; x_wconf 82' lang='grc' dir='ltr'>πρὸς·</span> <span class='ocrx_word' id='word_1_56' title='bbox 1871 697 1984 748; x_wconf 86' lang='grc' dir='ltr'><strong>Κο-</strong></span> 
     </span>
    </p>
   </div>
   <div class='ocr_carea' id='block_1_10' title="bbox 395 782 1983 858">
    <p class='ocr_par' dir='ltr' id='par_1_10' title="bbox 395 782 1983 858">
     <span class='ocr_line' id='line_1_10' title="bbox 395 782 1983 858; baseline -0.002 -18"><span class='ocrx_word' id='word_1_57' title='bbox 395 787 659 848; x_wconf 84' lang='grc' dir='ltr'>λασσαεῖς</span> <span class='ocrx_word' id='word_1_58' title='bbox 682 802 697 816; x_wconf 91' lang='grc'><strong>·</strong></span> <span class='ocrx_word' id='word_1_59' title='bbox 723 805 741 838; x_wconf 78' lang='grc' dir='ltr'><strong>ι</strong></span> <span class='ocrx_word' id='word_1_60' title='bbox 772 782 1236 858; x_wconf 81' lang='grc' dir='ltr'>Εὐχαριστοῦντες</span> <span class='ocrx_word' id='word_1_61' title='bbox 1249 783 1326 855; x_wconf 83' lang='grc' dir='ltr'>τῷ</span> <span class='ocrx_word' id='word_1_62' title='bbox 1346 786 1524 858; x_wconf 77' lang='grc' dir='ltr'>Πατρὶ</span> <span class='ocrx_word' id='word_1_63' title='bbox 1540 785 1619 855; x_wconf 83' lang='grc' dir='ltr'>τῷ</span> <span class='ocrx_word' id='word_1_64' title='bbox 1651 784 1983 840; x_wconf 80' lang='grc' dir='ltr'><strong>ἱκανώσαντι</strong></span> 
     </span>
    </p>
   </div>
   <div class='ocr_carea' id='block_1_11' title="bbox 398 875 1985 949">
    <p class='ocr_par' dir='ltr' id='par_1_11' title="bbox 398 875 1985 949">
     <span class='ocr_line' id='line_1_11' title="bbox 398 875 1985 949; baseline 0 -19"><span class='ocrx_word' id='word_1_65' title='bbox 398 880 547 949; x_wconf 80' lang='grc' dir='ltr'>ἡμᾶς</span> <span class='ocrx_word' id='word_1_66' title='bbox 585 880 666 945; x_wconf 60' lang='grc' dir='ltr'><strong>εἰς</strong></span> <span class='ocrx_word' id='word_1_67' title='bbox 697 879 798 947; x_wconf 76' lang='grc' dir='ltr'><strong>τὴν</strong></span> <span class='ocrx_word' id='word_1_68' title='bbox 869 878 1067 949; x_wconf 82' lang='grc' dir='ltr'><strong>μερίδα</strong></span> <span class='ocrx_word' id='word_1_69' title='bbox 1105 877 1199 931; x_wconf 87' lang='grc' dir='ltr'><strong>τοῦ</strong></span> <span class='ocrx_word' id='word_1_70' title='bbox 1241 877 1450 948; x_wconf 83' lang='grc' dir='ltr'>κλήρου</span> <span class='ocrx_word' id='word_1_71' title='bbox 1481 877 1590 930; x_wconf 84' lang='grc' dir='ltr'>τῶν</span> <span class='ocrx_word' id='word_1_72' title='bbox 1615 878 1786 947; x_wconf 79' lang='grc' dir='ltr'>ἁγίων</span> <span class='ocrx_word' id='word_1_73' title='bbox 1811 879 1868 931; x_wconf 88' lang='grc' dir='ltr'><strong>ἐν</strong></span> <span class='ocrx_word' id='word_1_74' title='bbox 1898 875 1985 947; x_wconf 82' lang='grc' dir='ltr'><strong>τῷ</strong></span> 
     </span>
    </p>
   </div>
   <div class='ocr_carea' id='block_1_12' title="bbox 398 965 1983 1044">
    <p class='ocr_par' dir='ltr' id='par_1_12' title="bbox 398 965 1983 1044">
     <span class='ocr_line' id='line_1_12' title="bbox 398 965 1983 1044; baseline -0.004 -20"><span class='ocrx_word' id='word_1_75' title='bbox 398 970 559 1040; x_wconf 81' lang='grc' dir='ltr'>φωτί.</span> <span class='ocrx_word' id='word_1_76' title='bbox 589 988 609 1040; x_wconf 68' lang='lat' dir='ltr'><strong>p</strong></span> <span class='ocrx_word' id='word_1_77' title='bbox 641 970 869 1040; x_wconf 82' lang='grc' dir='ltr'>Μήποτε</span> <span class='ocrx_word' id='word_1_78' title='bbox 898 966 993 1022; x_wconf 82' lang='grc' dir='ltr'><strong>οὖν</strong></span> <span class='ocrx_word' id='word_1_79' title='bbox 1014 986 1198 1037; x_wconf 85' lang='grc' dir='ltr'>φασιν,</span> <span class='ocrx_word' id='word_1_80' title='bbox 1222 967 1297 1032; x_wconf 82' lang='grc' dir='ltr'>ὼς</span> <span class='ocrx_word' id='word_1_81' title='bbox 1345 969 1404 1044; x_wconf 58' lang='grc' dir='ltr'>ἐν</span> <span class='ocrx_word' id='word_1_82' title='bbox 1430 965 1740 1038; x_wconf 80' lang='grc' dir='ltr'>ἀνθρώποις</span> <span class='ocrx_word' id='word_1_83' title='bbox 1784 968 1983 1039; x_wconf 81' lang='grc' dir='ltr'>κλῆροι</span> 
     </span>
    </p>
   </div>
   <div class='ocr_carea' id='block_1_13' title="bbox 396 1055 1982 1131">
    <p class='ocr_par' dir='ltr' id='par_1_13' title="bbox 396 1055 1982 1131">
     <span class='ocr_line' id='line_1_13' title="bbox 396 1055 1982 1131; baseline 0 -18"><span class='ocrx_word' id='word_1_84' title='bbox 396 1063 661 1129; x_wconf 84' lang='grc' dir='ltr'>γίνονται,</span> <span class='ocrx_word' id='word_1_85' title='bbox 729 1060 874 1114; x_wconf 74' lang='grc' dir='ltr'>οὕτω</span> <span class='ocrx_word' id='word_1_86' title='bbox 935 1061 1028 1115; x_wconf 75' lang='grc' dir='ltr'><strong>καὶ</strong></span> <span class='ocrx_word' id='word_1_87' title='bbox 1082 1062 1140 1114; x_wconf 86' lang='grc' dir='ltr'><strong>ἐν</strong></span> <span class='ocrx_word' id='word_1_88' title='bbox 1167 1060 1501 1131; x_wconf 74' lang='grc' dir='ltr'>δυνάμεσινς</span> <span class='ocrx_word' id='word_1_89' title='bbox 1550 1060 1637 1123; x_wconf 80' lang='grc' dir='ltr'>Ὠς</span> <span class='ocrx_word' id='word_1_90' title='bbox 1666 1059 1734 1113; x_wconf 86' lang='grc' dir='ltr'><strong>ἂν</strong></span> <span class='ocrx_word' id='word_1_91' title='bbox 1773 1055 1868 1114; x_wconf 79' lang='grc' dir='ltr'>οὖν</span> <span class='ocrx_word' id='word_1_92' title='bbox 1900 1058 1982 1129; x_wconf 82' lang='grc' dir='ltr'>μὴ</span> 
     </span>
    </p>
   </div>
   <div class='ocr_carea' id='block_1_14' title="bbox 400 1150 1983 1223">
    <p class='ocr_par' dir='ltr' id='par_1_14' title="bbox 400 1150 1983 1223">
     <span class='ocr_line' id='line_1_14' title="bbox 400 1150 1983 1223; baseline -0.003 -17"><span class='ocrx_word' id='word_1_93' title='bbox 400 1154 536 1223; x_wconf 75' lang='grc' dir='ltr'>πρὸς</span> <span class='ocrx_word' id='word_1_94' title='bbox 565 1153 726 1223; x_wconf 83' lang='grc' dir='ltr'>χάριν</span> <span class='ocrx_word' id='word_1_95' title='bbox 759 1153 793 1223; x_wconf 80' lang='grc' dir='ltr'>ἡ</span> <span class='ocrx_word' id='word_1_96' title='bbox 833 1151 930 1222; x_wconf 84' lang='grc' dir='ltr'>τῆς</span> <span class='ocrx_word' id='word_1_97' title='bbox 959 1152 1059 1222; x_wconf 81' lang='grc' dir='ltr'><strong>γῆς</strong></span> <span class='ocrx_word' id='word_1_98' title='bbox 1111 1150 1291 1215; x_wconf 76' lang='grc' dir='ltr'>ἔξεστι</span> <span class='ocrx_word' id='word_1_99' title='bbox 1338 1151 1679 1223; x_wconf 75' lang='grc' dir='ltr'>διανέμησις,</span> <span class='ocrx_word' id='word_1_100' title='bbox 1726 1151 1983 1221; x_wconf 87' lang='grc' dir='ltr'>γίνεσθαι</span> 
     </span>
    </p>
   </div>
   <div class='ocr_carea' id='block_1_15' title="bbox 399 1240 1984 1315">
    <p class='ocr_par' dir='ltr' id='par_1_15' title="bbox 399 1240 1984 1315">
     <span class='ocr_line' id='line_1_15' title="bbox 399 1240 1984 1315; baseline 0.001 -21"><span class='ocrx_word' id='word_1_101' title='bbox 399 1241 476 1312; x_wconf 80' lang='grc' dir='ltr'>τῷ</span> <span class='ocrx_word' id='word_1_102' title='bbox 510 1240 629 1310; x_wconf 85' lang='grc' dir='ltr'>Θεῷ</span> <span class='ocrx_word' id='word_1_103' title='bbox 659 1240 747 1294; x_wconf 81' lang='grc' dir='ltr'>διὰ</span> <span class='ocrx_word' id='word_1_104' title='bbox 798 1240 1020 1311; x_wconf 78' lang='grc' dir='ltr'>κλήρων</span> <span class='ocrx_word' id='word_1_105' title='bbox 1060 1240 1268 1312; x_wconf 82' lang='grc' dir='ltr'>Ἰησοῦς</span> <span class='ocrx_word' id='word_1_106' title='bbox 1299 1241 1470 1312; x_wconf 80' lang='grc' dir='ltr'>αὐτὴν</span> <span class='ocrx_word' id='word_1_107' title='bbox 1516 1243 1826 1315; x_wconf 80' lang='grc' dir='ltr'>ἐπιτρέπει.</span> <span class='ocrx_word' id='word_1_108' title='bbox 1853 1245 1984 1296; x_wconf 84' lang='grc' dir='ltr'>Τοι-</span> 
     </span>
    </p>
   </div>
   <div class='ocr_carea' id='block_1_16' title="bbox 398 1330 1985 1404">
    <p class='ocr_par' dir='ltr' id='par_1_16' title="bbox 398 1330 1985 1404">
     <span class='ocr_line' id='line_1_16' title="bbox 398 1330 1985 1404; baseline -0.001 -17"><span class='ocrx_word' id='word_1_109' title='bbox 398 1335 587 1394; x_wconf 79' lang='grc' dir='ltr'>ούτους</span> <span class='ocrx_word' id='word_1_110' title='bbox 616 1332 660 1385; x_wconf 76' lang='grc' dir='ltr'>δ’</span> <span class='ocrx_word' id='word_1_111' title='bbox 711 1330 778 1386; x_wconf 83' lang='grc' dir='ltr'><strong>ἂν</strong></span> <span class='ocrx_word' id='word_1_112' title='bbox 839 1331 1091 1394; x_wconf 85' lang='grc' dir='ltr'>εῐποιτις</span> <span class='ocrx_word' id='word_1_113' title='bbox 1127 1332 1408 1400; x_wconf 79' lang='grc' dir='ltr'>γεγονέναι</span> <span class='ocrx_word' id='word_1_114' title='bbox 1463 1333 1701 1404; x_wconf 81' lang='grc' dir='ltr'>κλήρους</span> <span class='ocrx_word' id='word_1_115' title='bbox 1755 1335 1852 1388; x_wconf 77' lang='grc' dir='ltr'><strong>καὶ</strong></span> <span class='ocrx_word' id='word_1_116' title='bbox 1885 1333 1985 1386; x_wconf 76' lang='grc' dir='ltr'>ἐπὶ</span> 
     </span>
    </p>
   </div>
   <div class='ocr_carea' id='block_1_17' title="bbox 402 1421 1986 1497">
    <p class='ocr_par' dir='ltr' id='par_1_17' title="bbox 402 1421 1986 1497">
     <span class='ocr_line' id='line_1_17' title="bbox 402 1421 1986 1497; baseline 0.001 -22"><span class='ocrx_word' id='word_1_117' title='bbox 402 1422 496 1476; x_wconf 85' lang='grc' dir='ltr'><strong>τοῦ</strong></span> <span class='ocrx_word' id='word_1_118' title='bbox 522 1421 885 1492; x_wconf 78' lang='grc' dir='ltr'>διαμερισμοῦ</span> <span class='ocrx_word' id='word_1_119' title='bbox 909 1421 1019 1475; x_wconf 88' lang='grc' dir='ltr'><strong>τῶν</strong></span> <span class='ocrx_word' id='word_1_120' title='bbox 1053 1423 1246 1487; x_wconf 80' lang='grc' dir='ltr'>ἐθνῶν,</span> <span class='ocrx_word' id='word_1_121' title='bbox 1270 1425 1358 1477; x_wconf 81' lang='grc' dir='ltr'>ὅτε</span> <span class='ocrx_word' id='word_1_122' title='bbox 1394 1422 1704 1497; x_wconf 74' lang='grc' dir='ltr'>διεμέριζεν</span> <span class='ocrx_word' id='word_1_123' title='bbox 1744 1427 1773 1479; x_wconf 88' lang='grc' dir='ltr'><strong>ό</strong></span> <span class='ocrx_word' id='word_1_124' title='bbox 1813 1424 1986 1493; x_wconf 73' lang='grc' dir='ltr'>’Υψι-</span> 
     </span>
    </p>
   </div>
   <div class='ocr_carea' id='block_1_18' title="bbox 401 1513 1987 1586">
    <p class='ocr_par' dir='ltr' id='par_1_18' title="bbox 401 1513 1987 1586">
     <span class='ocr_line' id='line_1_18' title="bbox 401 1513 1987 1586; baseline 0 -18"><span class='ocrx_word' id='word_1_125' title='bbox 401 1531 525 1578; x_wconf 89' lang='grc' dir='ltr'>στος</span> <span class='ocrx_word' id='word_1_126' title='bbox 554 1513 703 1584; x_wconf 75' lang='grc' dir='ltr'>ἔθνη.</span> <span class='ocrx_word' id='word_1_127' title='bbox 724 1516 799 1568; x_wconf 84' lang='grc' dir='ltr'><strong>Οὐ</strong></span> <span class='ocrx_word' id='word_1_128' title='bbox 831 1515 939 1586; x_wconf 83' lang='grc' dir='ltr'><strong>γὰρ</strong></span> <span class='ocrx_word' id='word_1_129' title='bbox 963 1517 1299 1586; x_wconf 60' lang='grc' dir='ltr'><strong>συντυχικᾱέις¹</strong></span> <span class='ocrx_word' id='word_1_130' title='bbox 1327 1518 1379 1570; x_wconf 84' lang='grc' dir='ltr'><strong>οί</strong></span> <span class='ocrx_word' id='word_1_131' title='bbox 1395 1517 1620 1586; x_wconf 75' lang='grc' dir='ltr'>ἄγγελοι</span> <span class='ocrx_word' id='word_1_132' title='bbox 1642 1518 1743 1586; x_wconf 84' lang='grc' dir='ltr'><strong>τὴν</strong></span> <span class='ocrx_word' id='word_1_133' title='bbox 1770 1517 1987 1571; x_wconf 79' lang='grc' dir='ltr'>τούτων</span> 
     </span>
    </p>
   </div>
   <div class='ocr_carea' id='block_1_19' title="bbox 399 1606 1983 1681">
    <p class='ocr_par' dir='ltr' id='par_1_19' title="bbox 399 1606 1983 1681">
     <span class='ocr_line' id='line_1_19' title="bbox 399 1606 1983 1681; baseline 0 -21"><span class='ocrx_word' id='word_1_134' title='bbox 399 1606 724 1676; x_wconf 83' lang='grc' dir='ltr'>ἐπιμέλειαν</span> <span class='ocrx_word' id='word_1_135' title='bbox 783 1607 1121 1674; x_wconf 80' lang='grc' dir='ltr'>ἀνεδέξαντο,</span> <span class='ocrx_word' id='word_1_136' title='bbox 1162 1609 1238 1673; x_wconf 84' lang='grc' dir='ltr'>ὡς</span> <span class='ocrx_word' id='word_1_137' title='bbox 1286 1609 1410 1662; x_wconf 71' lang='grc' dir='ltr'>οὐδὲ</span> <span class='ocrx_word' id='word_1_138' title='bbox 1456 1609 1556 1681; x_wconf 77' lang='grc' dir='ltr'><strong>τὴν</strong></span> <span class='ocrx_word' id='word_1_139' title='bbox 1595 1609 1713 1673; x_wconf 80' lang='grc' dir='ltr'>ἐνὸς</span> <span class='ocrx_word' id='word_1_140' title='bbox 1744 1610 1983 1664; x_wconf 77' lang='grc' dir='ltr'><strong>ἑκάστου</strong></span> 
     </span>
    </p>
   </div>
   <div class='ocr_carea' id='block_1_20' title="bbox 2084 417 3653 492">
    <p class='ocr_par' dir='ltr' id='par_1_20' title="bbox 2084 417 3653 492">
     <span class='ocr_line' id='line_1_20' title="bbox 2084 417 3653 492; baseline 0.004 -21"><span class='ocrx_word' id='word_1_141' title='bbox 2084 417 2252 482; x_wconf 86' lang='lat' dir='ltr'><strong>uisse,</strong></span> <span class='ocrx_word' id='word_1_142' title='bbox 2308 427 2363 472; x_wconf 86' lang='lat' dir='ltr'><strong>ct</strong></span> <span class='ocrx_word' id='word_1_143' title='bbox 2424 417 2689 476; x_wconf 65' lang='lat' dir='ltr'><strong>Ecclesia:</strong></span> <span class='ocrx_word' id='word_1_144' title='bbox 2745 420 3008 491; x_wconf 86' lang='lat' dir='ltr'><strong>mysteria</strong></span> <span class='ocrx_word' id='word_1_145' title='bbox 3068 435 3239 490; x_wconf 85' lang='lat' dir='ltr'><strong>super</strong></span> <span class='ocrx_word' id='word_1_146' title='bbox 3288 437 3384 477; x_wconf 90' lang='lat' dir='ltr'><strong>eos</strong></span> <span class='ocrx_word' id='word_1_147' title='bbox 3410 424 3505 492; x_wconf 89' lang='lat' dir='ltr'><strong>qui</strong></span> <span class='ocrx_word' id='word_1_148' title='bbox 3535 439 3653 478; x_wconf 82' lang='lat' dir='ltr'><strong>scr-</strong></span> 
     </span>
    </p>
   </div>
   <div class='ocr_carea' id='block_1_21' title="bbox 2084 510 3653 581">
    <p class='ocr_par' dir='ltr' id='par_1_21' title="bbox 2084 510 3653 581">
     <span class='ocr_line' id='line_1_21' title="bbox 2084 510 3653 581; baseline 0.006 -19"><span class='ocrx_word' id='word_1_149' title='bbox 2084 519 2298 565; x_wconf 84' lang='lat' dir='ltr'><strong>vantur.</strong></span> <span class='ocrx_word' id='word_1_150' title='bbox 2327 510 2408 566; x_wconf 83' lang='lat' dir='ltr'><strong>Ad</strong></span> <span class='ocrx_word' id='word_1_151' title='bbox 2437 511 2703 581; x_wconf 88' lang='lat' dir='ltr'><strong>Ephesios</strong></span> <span class='ocrx_word' id='word_1_152' title='bbox 2728 514 2871 567; x_wconf 90' lang='lat' dir='ltr'><strong>enim</strong></span> <span class='ocrx_word' id='word_1_153' title='bbox 2894 512 2963 568; x_wconf 88' lang='lat' dir='ltr'><strong>de</strong></span> <span class='ocrx_word' id='word_1_154' title='bbox 2991 512 3211 569; x_wconf 83' lang='lat' dir='ltr'><strong>Christo</strong></span> <span class='ocrx_word' id='word_1_155' title='bbox 3236 515 3436 570; x_wconf 90' lang='lat' dir='ltr'><strong>dicitur</strong></span> <span class='ocrx_word' id='word_1_156' title='bbox 3465 535 3476 569; x_wconf 94' lang='lat'><strong>:</strong></span> <span class='ocrx_word' id='word_1_157' title='bbox 3504 536 3523 569; x_wconf 79' lang='grc' dir='ltr'><strong>ι</strong></span> <span class='ocrx_word' id='word_1_158' title='bbox 3550 517 3653 574; x_wconf 85' lang='lat' dir='ltr'><strong>Per</strong></span> 
     </span>
    </p>
   </div>
   <div class='ocr_carea' id='block_1_22' title="bbox 2084 601 3652 673">
    <p class='ocr_par' dir='ltr' id='par_1_22' title="bbox 2084 601 3652 673">
     <span class='ocr_line' id='line_1_22' title="bbox 2084 601 3652 673; baseline 0.006 -20"><span class='ocrx_word' id='word_1_159' title='bbox 2084 615 2245 669; x_wconf 83' lang='lat' dir='ltr'><strong>quem</strong></span> <span class='ocrx_word' id='word_1_160' title='bbox 2270 609 2322 655; x_wconf 87' lang='lat' dir='ltr'><strong>et</strong></span> <span class='ocrx_word' id='word_1_161' title='bbox 2354 603 2408 654; x_wconf 94' lang='lat' dir='ltr'><strong>in</strong></span> <span class='ocrx_word' id='word_1_162' title='bbox 2436 610 2645 657; x_wconf 79' lang='lat' dir='ltr'><strong>sortem</strong></span> <span class='ocrx_word' id='word_1_163' title='bbox 2678 601 2842 658; x_wconf 88' lang='lat' dir='ltr'><strong>asciti</strong></span> <span class='ocrx_word' id='word_1_164' title='bbox 2884 616 3098 668; x_wconf 86' lang='lat' dir='ltr'><strong>sumus,</strong></span> <span class='ocrx_word' id='word_1_165' title='bbox 3133 604 3505 673; x_wconf 64' lang='lat' dir='ltr'><strong>prtedestinati</strong></span> <span class='ocrx_word' id='word_1_166' title='bbox 3562 624 3652 664; x_wconf 88' lang='lat' dir='ltr'><strong>se-</strong></span> 
     </span>
    </p>
   </div>
   <div class='ocr_carea' id='block_1_23' title="bbox 2084 694 3653 765">
    <p class='ocr_par' dir='ltr' id='par_1_23' title="bbox 2084 694 3653 765">
     <span class='ocr_line' id='line_1_23' title="bbox 2084 694 3653 765; baseline 0.005 -19"><span class='ocrx_word' id='word_1_167' title='bbox 2084 694 2323 746; x_wconf 89' lang='lat' dir='ltr'><strong>cundum</strong></span> <span class='ocrx_word' id='word_1_168' title='bbox 2358 695 2699 763; x_wconf 88' lang='lat' dir='ltr'><strong>propositum</strong></span> <span class='ocrx_word' id='word_1_169' title='bbox 2729 694 2903 764; x_wconf 91' lang='lat' dir='ltr'><strong>ipsius</strong></span> <span class='ocrx_word' id='word_1_170' title='bbox 2953 695 3113 765; x_wconf 91' lang='lat' dir='ltr'><strong>cujus</strong></span> <span class='ocrx_word' id='word_1_171' title='bbox 3141 697 3188 749; x_wconf 92' lang='lat' dir='ltr'><strong>vi</strong></span> <span class='ocrx_word' id='word_1_172' title='bbox 3227 696 3365 751; x_wconf 88' lang='lat' dir='ltr'><strong>liunt</strong></span> <span class='ocrx_word' id='word_1_173' title='bbox 3395 699 3653 755; x_wconf 68' lang='lat' dir='ltr'><strong>universa</strong></span> 
     </span>
    </p>
   </div>
   <div class='ocr_carea' id='block_1_24' title="bbox 2080 783 3656 852">
    <p class='ocr_par' dir='ltr' id='par_1_24' title="bbox 2080 783 3656 852">
     <span class='ocr_line' id='line_1_24' title="bbox 2080 783 3656 852; baseline 0.005 -16"><span class='ocrx_word' id='word_1_174' title='bbox 2080 783 2235 852; x_wconf 80' lang='lat' dir='ltr'><strong>juxta</strong></span> <span class='ocrx_word' id='word_1_175' title='bbox 2269 784 2548 839; x_wconf 85' lang='lat' dir='ltr'><strong>decretum</strong></span> <span class='ocrx_word' id='word_1_176' title='bbox 2598 786 2841 841; x_wconf 86' lang='lat' dir='ltr'><strong>nominis</strong></span> <span class='ocrx_word' id='word_1_177' title='bbox 2874 787 2982 851; x_wconf 90' lang='lat' dir='ltr'><strong>sui,</strong></span> <span class='ocrx_word' id='word_1_178' title='bbox 3011 797 3070 839; x_wconf 89' lang='lat' dir='ltr'><strong>ut</strong></span> <span class='ocrx_word' id='word_1_179' title='bbox 3103 788 3279 841; x_wconf 87' lang='lat' dir='ltr'><strong>simus</strong></span> <span class='ocrx_word' id='word_1_180' title='bbox 3304 803 3404 842; x_wconf 90' lang='lat' dir='ltr'><strong>uos</strong></span> <span class='ocrx_word' id='word_1_181' title='bbox 3436 790 3488 843; x_wconf 91' lang='lat' dir='ltr'><strong>in</strong></span> <span class='ocrx_word' id='word_1_182' title='bbox 3538 790 3656 843; x_wconf 84' lang='lat' dir='ltr'><strong>Iau-</strong></span> 
     </span>
    </p>
   </div>
   <div class='ocr_carea' id='block_1_25' title="bbox 2084 871 3654 946">
    <p class='ocr_par' dir='ltr' id='par_1_25' title="bbox 2084 871 3654 946">
     <span class='ocr_line' id='line_1_25' title="bbox 2084 871 3654 946; baseline 0.006 -22"><span class='ocrx_word' id='word_1_183' title='bbox 2084 872 2207 926; x_wconf 91' lang='lat' dir='ltr'><strong>dem</strong></span> <span class='ocrx_word' id='word_1_184' title='bbox 2267 871 2456 942; x_wconf 76' lang='lat' dir='ltr'><strong>gloriae</strong></span> <span class='ocrx_word' id='word_1_185' title='bbox 2518 874 2714 942; x_wconf 89' lang='lat' dir='ltr'><strong>ipsius,</strong></span> <span class='ocrx_word' id='word_1_186' title='bbox 2769 875 2864 943; x_wconf 90' lang='lat' dir='ltr'><strong>qui</strong></span> <span class='ocrx_word' id='word_1_187' title='bbox 2938 877 3150 944; x_wconf 85' lang='lat' dir='ltr'><strong>priores</strong></span> <span class='ocrx_word' id='word_1_188' title='bbox 3201 879 3547 946; x_wconf 88' lang='lat' dir='ltr'><strong>speravimus</strong></span> <span class='ocrx_word' id='word_1_189' title='bbox 3599 879 3654 933; x_wconf 90' lang='lat' dir='ltr'><strong>in</strong></span> 
     </span>
    </p>
   </div>
   <div class='ocr_carea' id='block_1_26' title="bbox 2084 952 3656 1025">
    <p class='ocr_par' dir='ltr' id='par_1_26' title="bbox 2084 952 3656 1025">
     <span class='ocr_line' id='line_1_26' title="bbox 2084 952 3656 1025; baseline 0.006 -9"><span class='ocrx_word' id='word_1_190' title='bbox 2084 952 2394 1017; x_wconf 66' lang='lat' dir='ltr'><strong>Christo&quot;.</strong></span> <span class='ocrx_word' id='word_1_191' title='bbox 2449 981 2468 1014; x_wconf 72' lang='grc' dir='ltr'><strong>ι</strong></span> <span class='ocrx_word' id='word_1_192' title='bbox 2544 964 2624 1017; x_wconf 83' lang='lat' dir='ltr'><strong>Ad</strong></span> <span class='ocrx_word' id='word_1_193' title='bbox 2680 962 3037 1022; x_wconf 83' lang='lat' dir='ltr'><strong>Colossenses</strong></span> <span class='ocrx_word' id='word_1_194' title='bbox 3102 971 3230 1022; x_wconf 87' lang='lat' dir='ltr'><strong>item</strong></span> <span class='ocrx_word' id='word_1_195' title='bbox 3288 983 3302 1021; x_wconf 91' lang='lat'>:</span> <span class='ocrx_word' id='word_1_196' title='bbox 3363 988 3380 1020; x_wconf 86' lang='grc' dir='ltr'><strong>ι</strong></span> <span class='ocrx_word' id='word_1_197' title='bbox 3436 969 3656 1025; x_wconf 81' lang='lat' dir='ltr'><strong>Gratias</strong></span> 
     </span>
    </p>
   </div>
   <div class='ocr_carea' id='block_1_27' title="bbox 2087 1053 3675 1131">
    <p class='ocr_par' dir='ltr' id='par_1_27' title="bbox 2087 1053 3675 1131">
     <span class='ocr_line' id='line_1_27' title="bbox 2087 1053 3675 1131; baseline 0.008 -27"><span class='ocrx_word' id='word_1_198' title='bbox 2087 1059 2313 1120; x_wconf 74' lang='lat' dir='ltr'><strong>agentes</strong></span> <span class='ocrx_word' id='word_1_199' title='bbox 2344 1053 2518 1115; x_wconf 82' lang='lat' dir='ltr'><strong>Patri,</strong></span> <span class='ocrx_word' id='word_1_200' title='bbox 2551 1053 2646 1122; x_wconf 86' lang='lat' dir='ltr'><strong>qui</strong></span> <span class='ocrx_word' id='word_1_201' title='bbox 2677 1054 2909 1109; x_wconf 82' lang='lat' dir='ltr'><strong>idoneos</strong></span> <span class='ocrx_word' id='word_1_202' title='bbox 2938 1071 3041 1112; x_wconf 86' lang='lat' dir='ltr'><strong>nos</strong></span> <span class='ocrx_word' id='word_1_203' title='bbox 3072 1056 3200 1112; x_wconf 81' lang='lat' dir='ltr'><strong>fecit</strong></span> <span class='ocrx_word' id='word_1_204' title='bbox 3259 1058 3326 1113; x_wconf 90' lang='lat' dir='ltr'><strong>ad</strong></span> <span class='ocrx_word' id='word_1_205' title='bbox 3361 1053 3675 1131; x_wconf 12' lang='lat' dir='ltr'><strong>participa-A</strong></span> 
     </span>
    </p>
   </div>
   <div class='ocr_carea' id='block_1_28' title="bbox 2086 1142 3656 1223">
    <p class='ocr_par' dir='ltr' id='par_1_28' title="bbox 2086 1142 3656 1223">
     <span class='ocr_line' id='line_1_28' title="bbox 2086 1142 3656 1223; baseline 0.008 -29"><span class='ocrx_word' id='word_1_206' title='bbox 2086 1142 2291 1198; x_wconf 87' lang='lat' dir='ltr'><strong>tionem</strong></span> <span class='ocrx_word' id='word_1_207' title='bbox 2322 1144 2490 1199; x_wconf 86' lang='lat' dir='ltr'><strong>sortis</strong></span> <span class='ocrx_word' id='word_1_208' title='bbox 2517 1153 2846 1200; x_wconf 88' lang='lat' dir='ltr'><strong>sanctorum</strong></span> <span class='ocrx_word' id='word_1_209' title='bbox 2901 1147 2956 1201; x_wconf 91' lang='lat' dir='ltr'><strong>in</strong></span> <span class='ocrx_word' id='word_1_210' title='bbox 2988 1149 3193 1204; x_wconf 82' lang='lat' dir='ltr'><strong>lumine</strong></span> <span class='ocrx_word' id='word_1_211' title='bbox 3217 1149 3284 1203; x_wconf 77' lang='grc'>³⁸.</span> <span class='ocrx_word' id='word_1_212' title='bbox 3310 1168 3330 1200; x_wconf 74' lang='grc' dir='ltr'><strong>ι</strong></span> <span class='ocrx_word' id='word_1_213' title='bbox 3362 1151 3656 1223; x_wconf 82' lang='lat' dir='ltr'><strong>Nunquam</strong></span> 
     </span>
    </p>
   </div>
   <div class='ocr_carea' id='block_1_29' title="bbox 2085 1233 3661 1307">
    <p class='ocr_par' dir='ltr' id='par_1_29' title="bbox 2085 1233 3661 1307">
     <span class='ocr_line' id='line_1_29' title="bbox 2085 1233 3661 1307; baseline 0.007 -21"><span class='ocrx_word' id='word_1_214' title='bbox 2085 1233 2253 1304; x_wconf 79' lang='lat' dir='ltr'><strong>igitur</strong></span> <span class='ocrx_word' id='word_1_215' title='bbox 2273 1234 2450 1297; x_wconf 89' lang='lat' dir='ltr'><strong>aiunt,</strong></span> <span class='ocrx_word' id='word_1_216' title='bbox 2488 1236 2634 1305; x_wconf 85' lang='lat' dir='ltr'><strong>quod</strong></span> <span class='ocrx_word' id='word_1_217' title='bbox 2660 1251 2827 1307; x_wconf 89' lang='lat' dir='ltr'><strong>penes</strong></span> <span class='ocrx_word' id='word_1_218' title='bbox 2860 1237 3111 1293; x_wconf 89' lang='lat' dir='ltr'><strong>homines</strong></span> <span class='ocrx_word' id='word_1_219' title='bbox 3133 1243 3365 1295; x_wconf 90' lang='lat' dir='ltr'><strong>sortium</strong></span> <span class='ocrx_word' id='word_1_220' title='bbox 3402 1246 3474 1297; x_wconf 89' lang='lat' dir='ltr'><strong>sit</strong></span> <span class='ocrx_word' id='word_1_221' title='bbox 3494 1260 3661 1302; x_wconf 86' lang='lat' dir='ltr'><strong>even-</strong></span> 
     </span>
    </p>
   </div>
   <div class='ocr_carea' id='block_1_30' title="bbox 2088 1325 3661 1396">
    <p class='ocr_par' dir='ltr' id='par_1_30' title="bbox 2088 1325 3661 1396">
     <span class='ocr_line' id='line_1_30' title="bbox 2088 1325 3661 1396; baseline 0.006 -17"><span class='ocrx_word' id='word_1_222' title='bbox 2088 1333 2194 1390; x_wconf 86' lang='lat' dir='ltr'><strong>tus,</strong></span> <span class='ocrx_word' id='word_1_223' title='bbox 2238 1325 2427 1396; x_wconf 86' lang='lat' dir='ltr'><strong>itaque</strong></span> <span class='ocrx_word' id='word_1_224' title='bbox 2456 1340 2560 1381; x_wconf 90' lang='lat' dir='ltr'><strong>nec</strong></span> <span class='ocrx_word' id='word_1_225' title='bbox 2589 1327 3070 1383; x_wconf 89' lang='lat' dir='ltr'><strong>distributionum.</strong></span> <span class='ocrx_word' id='word_1_226' title='bbox 3105 1330 3240 1385; x_wconf 90' lang='lat' dir='ltr'><strong>Cum</strong></span> <span class='ocrx_word' id='word_1_227' title='bbox 3270 1348 3403 1389; x_wconf 80' lang='lat' dir='ltr'><strong>vero</strong></span> <span class='ocrx_word' id='word_1_228' title='bbox 3427 1335 3482 1388; x_wconf 91' lang='lat' dir='ltr'><strong>in</strong></span> <span class='ocrx_word' id='word_1_229' title='bbox 3517 1334 3661 1389; x_wconf 85' lang='lat' dir='ltr'><strong>divi-</strong></span> 
     </span>
    </p>
   </div>
   <div class='ocr_carea' id='block_1_31' title="bbox 2087 1416 3661 1496">
    <p class='ocr_par' dir='ltr' id='par_1_31' title="bbox 2087 1416 3661 1496">
     <span class='ocr_line' id='line_1_31' title="bbox 2087 1416 3661 1496; baseline 0.006 -25"><span class='ocrx_word' id='word_1_230' title='bbox 2087 1416 2243 1472; x_wconf 86' lang='lat' dir='ltr'><strong>sione</strong></span> <span class='ocrx_word' id='word_1_231' title='bbox 2298 1430 2459 1472; x_wconf 78' lang='lat' dir='ltr'><strong>terra:</strong></span> <span class='ocrx_word' id='word_1_232' title='bbox 2488 1418 2682 1486; x_wconf 65' lang='lat' dir='ltr'><strong>gratiae</strong></span> <span class='ocrx_word' id='word_1_233' title='bbox 2729 1419 2870 1473; x_wconf 86' lang='lat' dir='ltr'><strong>nihil</strong></span> <span class='ocrx_word' id='word_1_234' title='bbox 2918 1419 3163 1476; x_wconf 88' lang='lat' dir='ltr'><strong>tribuere</strong></span> <span class='ocrx_word' id='word_1_235' title='bbox 3202 1422 3354 1487; x_wconf 90' lang='lat' dir='ltr'><strong>licet,</strong></span> <span class='ocrx_word' id='word_1_236' title='bbox 3395 1424 3506 1479; x_wconf 83' lang='lat' dir='ltr'><strong>Deo</strong></span> <span class='ocrx_word' id='word_1_237' title='bbox 3562 1441 3661 1496; x_wconf 90' lang='lat' dir='ltr'><strong>per</strong></span> 
     </span>
    </p>
   </div>
   <div class='ocr_carea' id='block_1_32' title="bbox 2087 1507 3660 1587">
    <p class='ocr_par' dir='ltr' id='par_1_32' title="bbox 2087 1507 3660 1587">
     <span class='ocr_line' id='line_1_32' title="bbox 2087 1507 3660 1587; baseline 0.006 -25"><span class='ocrx_word' id='word_1_238' title='bbox 2087 1515 2268 1563; x_wconf 89' lang='lat' dir='ltr'><strong>sortes</strong></span> <span class='ocrx_word' id='word_1_239' title='bbox 2295 1507 2473 1577; x_wconf 82' lang='lat' dir='ltr'><strong>ipsam</strong></span> <span class='ocrx_word' id='word_1_240' title='bbox 2506 1507 2696 1562; x_wconf 83' lang='lat' dir='ltr'><strong>tradit.</strong></span> <span class='ocrx_word' id='word_1_241' title='bbox 2729 1507 2873 1574; x_wconf 85' lang='lat' dir='ltr'><strong>Quid</strong></span> <span class='ocrx_word' id='word_1_242' title='bbox 2913 1524 3058 1575; x_wconf 73' lang='grc' dir='ltr'>,νει-ο</span> <span class='ocrx_word' id='word_1_243' title='bbox 3112 1512 3385 1581; x_wconf 85' lang='lat' dir='ltr'><strong>ejusmodi</strong></span> <span class='ocrx_word' id='word_1_244' title='bbox 3440 1530 3660 1587; x_wconf 88' lang='lat' dir='ltr'><strong>quoque</strong></span> 
     </span>
    </p>
   </div>
   <div class='ocr_carea' id='block_1_33' title="bbox 2089 1598 3663 1674">
    <p class='ocr_par' dir='ltr' id='par_1_33' title="bbox 2089 1598 3663 1674">
     <span class='ocr_line' id='line_1_33' title="bbox 2089 1598 3663 1674; baseline 0.006 -23"><span class='ocrx_word' id='word_1_245' title='bbox 2089 1607 2269 1653; x_wconf 86' lang='lat' dir='ltr'><strong>sortes</strong></span> <span class='ocrx_word' id='word_1_246' title='bbox 2334 1598 2392 1651; x_wconf 88' lang='lat' dir='ltr'><strong>in</strong></span> <span class='ocrx_word' id='word_1_247' title='bbox 2429 1598 2677 1668; x_wconf 78' lang='lat' dir='ltr'><strong>gentium</strong></span> <span class='ocrx_word' id='word_1_248' title='bbox 2729 1599 3023 1666; x_wconf 81' lang='lat' dir='ltr'><strong>divisione,</strong></span> <span class='ocrx_word' id='word_1_249' title='bbox 3075 1603 3298 1671; x_wconf 83' lang='lat' dir='ltr'><strong>quando</strong></span> <span class='ocrx_word' id='word_1_250' title='bbox 3336 1605 3663 1674; x_wconf 61' lang='lat' dir='ltr'><strong>Altissimus</strong></span> 
     </span>
    </p>
   </div>
   <div class='ocr_carea' id='block_1_34' title="bbox 399 1678 1985 1774">
    <p class='ocr_par' dir='ltr' id='par_1_34' title="bbox 399 1678 1982 1774">
     <span class='ocr_line' id='line_1_34' title="bbox 399 1678 1982 1774; baseline 0.002 -23"><span class='ocrx_word' id='word_1_251' title='bbox 399 1698 598 1770; x_wconf 79' lang='grc' dir='ltr'>ψυχὴν,</span> <span class='ocrx_word' id='word_1_252' title='bbox 624 1697 883 1770; x_wconf 74' lang='grc' dir='ltr'>θειοτέρῳ</span> <span class='ocrx_word' id='word_1_253' title='bbox 912 1699 969 1753; x_wconf 85' lang='grc' dir='ltr'><strong>δέ</strong></span> <span class='ocrx_word' id='word_1_254' title='bbox 1002 1700 1209 1771; x_wconf 85' lang='grc' dir='ltr'>κλήρῳ,</span> <span class='ocrx_word' id='word_1_255' title='bbox 1245 1702 1339 1755; x_wconf 71' lang='grc' dir='ltr'><strong>καὶ</strong></span> <span class='ocrx_word' id='word_1_256' title='bbox 1368 1678 1521 1772; x_wconf 28' lang='grc' dir='ltr'>ὑπὲρ*</span> <span class='ocrx_word' id='word_1_257' title='bbox 1569 1701 1883 1774; x_wconf 74' lang='grc' dir='ltr'>ἄνθρωπον.</span> <span class='ocrx_word' id='word_1_258' title='bbox 1918 1700 1982 1753; x_wconf 90' lang='grc' dir='ltr'><strong>Οἱ</strong></span> 
     </span>
    </p>
   </div>
   <div class='ocr_carea' id='block_1_35' title="bbox 2096 1678 3660 1774">
    <p class='ocr_par' dir='ltr' id='par_1_35' title="bbox 2096 1688 3660 1757">
     <span class='ocr_line' id='line_1_35' title="bbox 2096 1688 3660 1757; baseline 0.005 -14"><span class='ocrx_word' id='word_1_259' title='bbox 2096 1699 2276 1757; x_wconf 77' lang='lat' dir='ltr'><strong>gentes</strong></span> <span class='ocrx_word' id='word_1_260' title='bbox 2300 1688 2584 1753; x_wconf 78' lang='lat' dir='ltr'><strong>divisit”,</strong></span> <span class='ocrx_word' id='word_1_261' title='bbox 2612 1688 2787 1744; x_wconf 81' lang='lat' dir='ltr'><strong>laetas</strong></span> <span class='ocrx_word' id='word_1_262' title='bbox 2837 1705 2960 1746; x_wconf 88' lang='lat' dir='ltr'><strong>esse</strong></span> <span class='ocrx_word' id='word_1_263' title='bbox 3008 1692 3250 1749; x_wconf 92' lang='lat' dir='ltr'><strong>obstabit</strong></span> <span class='ocrx_word' id='word_1_264' title='bbox 3278 1694 3660 1753; x_wconf 72' lang='lat' dir='ltr'><strong>dicere?“Non</strong></span> 
     </span>
    </p>
   </div>
   <div class='ocr_carea' id='block_1_36' title="bbox 401 1788 1983 1863">
    <p class='ocr_par' dir='ltr' id='par_1_36' title="bbox 401 1788 1983 1863">
     <span class='ocr_line' id='line_1_36' title="bbox 401 1788 1983 1863; baseline -0.002 -19"><span class='ocrx_word' id='word_1_265' title='bbox 401 1790 458 1844; x_wconf 88' lang='grc' dir='ltr'><strong>δέ</strong></span> <span class='ocrx_word' id='word_1_266' title='bbox 489 1791 618 1860; x_wconf 64' lang='grc' dir='ltr'>περὶ</span> <span class='ocrx_word' id='word_1_267' title='bbox 642 1790 743 1859; x_wconf 84' lang='grc' dir='ltr'>τῆς</span> <span class='ocrx_word' id='word_1_268' title='bbox 761 1792 864 1860; x_wconf 85' lang='grc' dir='ltr'><strong>γῆς</strong></span> <span class='ocrx_word' id='word_1_269' title='bbox 881 1789 1072 1861; x_wconf 88' lang='grc' dir='ltr'>κλῆροι</span> <span class='ocrx_word' id='word_1_270' title='bbox 1103 1792 1204 1861; x_wconf 83' lang='grc' dir='ltr'>τῆς</span> <span class='ocrx_word' id='word_1_271' title='bbox 1230 1791 1585 1863; x_wconf 79' lang='grc' dir='ltr'><strong>κληροδοσίας</strong></span> <span class='ocrx_word' id='word_1_272' title='bbox 1613 1792 1714 1863; x_wconf 83' lang='grc' dir='ltr'>τῆς</span> <span class='ocrx_word' id='word_1_273' title='bbox 1751 1788 1983 1863; x_wconf 78' lang='grc' dir='ltr'>μελλού-</span> 
     </span>
    </p>
   </div>
   <div class='ocr_carea' id='block_1_37' title="bbox 404 1880 1984 1954">
    <p class='ocr_par' dir='ltr' id='par_1_37' title="bbox 404 1880 1984 1954">
     <span class='ocr_line' id='line_1_37' title="bbox 404 1880 1984 1954; baseline -0.001 -19"><span class='ocrx_word' id='word_1_274' title='bbox 404 1898 503 1953; x_wconf 81' lang='grc' dir='ltr'><strong>σης</strong></span> <span class='ocrx_word' id='word_1_275' title='bbox 526 1881 621 1951; x_wconf 75' lang='grc' dir='ltr'><strong>τὴν</strong></span> <span class='ocrx_word' id='word_1_276' title='bbox 642 1882 952 1952; x_wconf 78' lang='grc' dir='ltr'>οἰκονομίαν</span> <span class='ocrx_word' id='word_1_277' title='bbox 988 1882 1333 1952; x_wconf 83' lang='grc' dir='ltr'>σημαίνουσι.</span> <span class='ocrx_word' id='word_1_278' title='bbox 1368 1882 1535 1936; x_wconf 85' lang='grc' dir='ltr'>Σκιὰν</span> <span class='ocrx_word' id='word_1_279' title='bbox 1587 1883 1695 1953; x_wconf 87' lang='grc' dir='ltr'><strong>γὰρ</strong></span> <span class='ocrx_word' id='word_1_280' title='bbox 1733 1880 1984 1954; x_wconf 78' lang='grc' dir='ltr'>περιέχει</span> 
     </span>
    </p>
   </div>
   <div class='ocr_carea' id='block_1_38' title="bbox 400 1970 1983 2045">
    <p class='ocr_par' dir='ltr' id='par_1_38' title="bbox 400 1970 1983 2045">
     <span class='ocr_line' id='line_1_38' title="bbox 400 1970 1983 2045; baseline -0.002 -19"><span class='ocrx_word' id='word_1_281' title='bbox 400 1972 471 2026; x_wconf 72' lang='grc' dir='ltr'>τὰ</span> <span class='ocrx_word' id='word_1_282' title='bbox 499 1970 702 2025; x_wconf 81' lang='grc' dir='ltr'>παλαιὰ</span> <span class='ocrx_word' id='word_1_283' title='bbox 720 1972 828 2027; x_wconf 84' lang='grc' dir='ltr'><strong>τῶν</strong></span> <span class='ocrx_word' id='word_1_284' title='bbox 862 1972 1169 2043; x_wconf 81' lang='grc' dir='ltr'>μελλόντων</span> <span class='ocrx_word' id='word_1_285' title='bbox 1220 1972 1465 2042; x_wconf 79' lang='grc' dir='ltr'><strong>ἀγαθῶν.</strong></span> <span class='ocrx_word' id='word_1_286' title='bbox 1521 1975 1634 2027; x_wconf 89' lang='lat' dir='ltr'><strong>Kal</strong></span> <span class='ocrx_word' id='word_1_287' title='bbox 1665 1971 1827 2045; x_wconf 83' lang='grc' dir='ltr'>είπερ</span> <span class='ocrx_word' id='word_1_288' title='bbox 1861 1972 1983 2024; x_wconf 77' lang='grc' dir='ltr'>ἐστι</span> 
     </span>
    </p>
   </div>
   <div class='ocr_carea' id='block_1_39' title="bbox 404 2061 1979 2135">
    <p class='ocr_par' dir='ltr' id='par_1_39' title="bbox 404 2061 1979 2135">
     <span class='ocr_line' id='line_1_39' title="bbox 404 2061 1979 2135; baseline 0.001 -20"><span class='ocrx_word' id='word_1_289' title='bbox 404 2062 863 2132; x_wconf 80' lang='grc' dir='ltr'>προσεληλυθέναι</span> <span class='ocrx_word' id='word_1_290' title='bbox 910 2061 1050 2117; x_wconf 88' lang='grc' dir='ltr'>Σιὼν</span> <span class='ocrx_word' id='word_1_291' title='bbox 1107 2064 1244 2135; x_wconf 82' lang='grc' dir='ltr'>δρει,</span> <span class='ocrx_word' id='word_1_292' title='bbox 1281 2064 1377 2118; x_wconf 78' lang='grc' dir='ltr'>καὶ</span> <span class='ocrx_word' id='word_1_293' title='bbox 1406 2065 1562 2119; x_wconf 86' lang='grc' dir='ltr'>πόλει</span> <span class='ocrx_word' id='word_1_294' title='bbox 1589 2064 1726 2119; x_wconf 88' lang='grc' dir='ltr'>Θεοῦ</span> <span class='ocrx_word' id='word_1_295' title='bbox 1749 2064 1979 2131; x_wconf 79' lang='grc' dir='ltr'>ζῶντος,</span> 
     </span>
    </p>
   </div>
   <div class='ocr_carea' id='block_1_40' title="bbox 416 2154 1984 2229">
    <p class='ocr_par' dir='ltr' id='par_1_40' title="bbox 416 2154 1984 2229">
     <span class='ocr_line' id='line_1_40' title="bbox 416 2154 1984 2229; baseline 0 -21"><span class='ocrx_word' id='word_1_296' title='bbox 416 2154 771 2226; x_wconf 77' lang='grc' dir='ltr'>Ἰερουσαλὴμ</span> <span class='ocrx_word' id='word_1_297' title='bbox 802 2155 1132 2227; x_wconf 83' lang='grc' dir='ltr'>ἐπουρανίῳ,</span> <span class='ocrx_word' id='word_1_298' title='bbox 1162 2155 1304 2210; x_wconf 88' lang='grc' dir='ltr'>διατί</span> <span class='ocrx_word' id='word_1_299' title='bbox 1347 2157 1423 2227; x_wconf 87' lang='grc' dir='ltr'>μὴ</span> <span class='ocrx_word' id='word_1_300' title='bbox 1475 2157 1664 2229; x_wconf 78' lang='grc' dir='ltr'>ὥσπερ</span> <span class='ocrx_word' id='word_1_301' title='bbox 1702 2157 1984 2227; x_wconf 80' lang='grc' dir='ltr'>Ἰερουσα-</span> 
     </span>
    </p>
   </div>
   <div class='ocr_carea' id='block_1_41' title="bbox 403 2243 1987 2318">
    <p class='ocr_par' dir='ltr' id='par_1_41' title="bbox 403 2243 1987 2318">
     <span class='ocr_line' id='line_1_41' title="bbox 403 2243 1987 2318; baseline 0.003 -22"><span class='ocrx_word' id='word_1_302' title='bbox 403 2243 516 2315; x_wconf 76' lang='grc' dir='ltr'>λὴμ</span> <span class='ocrx_word' id='word_1_303' title='bbox 540 2245 597 2298; x_wconf 89' lang='grc' dir='ltr'><strong>ἐν</strong></span> <span class='ocrx_word' id='word_1_304' title='bbox 630 2243 816 2317; x_wconf 82' lang='grc' dir='ltr'>κλήρῳ</span> <span class='ocrx_word' id='word_1_305' title='bbox 843 2246 1034 2315; x_wconf 81' lang='grc' dir='ltr'>γέγονε</span> <span class='ocrx_word' id='word_1_306' title='bbox 1061 2246 1156 2301; x_wconf 88' lang='grc' dir='ltr'><strong>τοῦ</strong></span> <span class='ocrx_word' id='word_1_307' title='bbox 1181 2247 1465 2318; x_wconf 81' lang='grc' dir='ltr'>Βενιαμὶν,</span> <span class='ocrx_word' id='word_1_308' title='bbox 1509 2246 1603 2301; x_wconf 75' lang='grc' dir='ltr'><strong>καὶ</strong></span> <span class='ocrx_word' id='word_1_309' title='bbox 1628 2248 1714 2315; x_wconf 84' lang='grc' dir='ltr'><strong>ἐφ’</strong></span> <span class='ocrx_word' id='word_1_310' title='bbox 1741 2248 1987 2315; x_wconf 78' lang='grc' dir='ltr'>ἑκάστης</span> 
     </span>
    </p>
   </div>
   <div class='ocr_carea' id='block_1_42' title="bbox 404 2333 1988 2410">
    <p class='ocr_par' dir='ltr' id='par_1_42' title="bbox 404 2333 1988 2410">
     <span class='ocr_line' id='line_1_42' title="bbox 404 2333 1988 2410; baseline 0.001 -21"><span class='ocrx_word' id='word_1_311' title='bbox 404 2336 595 2407; x_wconf 80' lang='grc' dir='ltr'>φυλῆς,</span> <span class='ocrx_word' id='word_1_312' title='bbox 621 2333 732 2390; x_wconf 80' lang='grc' dir='ltr'>εἷεν</span> <span class='ocrx_word' id='word_1_313' title='bbox 761 2336 826 2391; x_wconf 76' lang='grc' dir='ltr'>ἄν</span> <span class='ocrx_word' id='word_1_314' title='bbox 845 2355 990 2403; x_wconf 88' lang='grc' dir='ltr'>τινες</span> <span class='ocrx_word' id='word_1_315' title='bbox 1022 2338 1279 2410; x_wconf 77' lang='grc' dir='ltr'>ἀνάλογοι</span> <span class='ocrx_word' id='word_1_316' title='bbox 1313 2340 1489 2401; x_wconf 88' lang='grc' dir='ltr'>τόποι,</span> <span class='ocrx_word' id='word_1_317' title='bbox 1519 2338 1771 2410; x_wconf 81' lang='grc' dir='ltr'>Βηθλεέμ</span> <span class='ocrx_word' id='word_1_318' title='bbox 1819 2337 1988 2408; x_wconf 69' lang='grc' dir='ltr'>τυχὸν</span> 
     </span>
    </p>
   </div>
   <div class='ocr_carea' id='block_1_43' title="bbox 404 2426 1985 2499">
    <p class='ocr_par' dir='ltr' id='par_1_43' title="bbox 404 2426 1985 2499">
     <span class='ocr_line' id='line_1_43' title="bbox 404 2426 1985 2499; baseline -0.001 -19"><span class='ocrx_word' id='word_1_319' title='bbox 404 2427 500 2481; x_wconf 77' lang='grc' dir='ltr'><strong>καὶ</strong></span> <span class='ocrx_word' id='word_1_320' title='bbox 534 2426 760 2498; x_wconf 83' lang='grc' dir='ltr'>Χεϐρὼν</span> <span class='ocrx_word' id='word_1_321' title='bbox 787 2428 1123 2499; x_wconf 83' lang='grc' dir='ltr'>ἐπουράνιοι,</span> <span class='ocrx_word' id='word_1_322' title='bbox 1156 2429 1297 2484; x_wconf 87' lang='grc' dir='ltr'>κατὰ</span> <span class='ocrx_word' id='word_1_323' title='bbox 1331 2430 1428 2499; x_wconf 81' lang='grc' dir='ltr'><strong>τὴν</strong></span> <span class='ocrx_word' id='word_1_324' title='bbox 1452 2429 1555 2498; x_wconf 82' lang='grc' dir='ltr'><strong>γῆν</strong></span> <span class='ocrx_word' id='word_1_325' title='bbox 1587 2427 1697 2481; x_wconf 86' lang='grc' dir='ltr'>τῶν</span> <span class='ocrx_word' id='word_1_326' title='bbox 1731 2429 1985 2499; x_wconf 83' lang='grc' dir='ltr'>πραέων;</span> 
     </span>
    </p>
   </div>
   <div class='ocr_carea' id='block_1_44' title="bbox 2085 1777 3662 1855">
    <p class='ocr_par' dir='ltr' id='par_1_44' title="bbox 2085 1777 3662 1855">
     <span class='ocr_line' id='line_1_44' title="bbox 2085 1777 3662 1855; baseline 0.004 -22"><span class='ocrx_word' id='word_1_327' title='bbox 2085 1777 2227 1833; x_wconf 83' lang='lat' dir='ltr'><strong>enim</strong></span> <span class='ocrx_word' id='word_1_328' title='bbox 2242 1786 2445 1833; x_wconf 88' lang='lat' dir='ltr'><strong>temere</strong></span> <span class='ocrx_word' id='word_1_329' title='bbox 2458 1793 2649 1834; x_wconf 88' lang='lat' dir='ltr'><strong>eorum</strong></span> <span class='ocrx_word' id='word_1_330' title='bbox 2672 1793 2862 1833; x_wconf 89' lang='lat' dir='ltr'><strong>curam</strong></span> <span class='ocrx_word' id='word_1_331' title='bbox 2876 1792 3239 1851; x_wconf 87' lang='lat' dir='ltr'><strong>susceperunt</strong></span> <span class='ocrx_word' id='word_1_332' title='bbox 3254 1785 3454 1853; x_wconf 83' lang='lat' dir='ltr'><strong>angeli,</strong></span> <span class='ocrx_word' id='word_1_333' title='bbox 3471 1800 3662 1855; x_wconf 88' lang='lat' dir='ltr'><strong>quem-</strong></span> 
     </span>
    </p>
   </div>
   <div class='ocr_carea' id='block_1_45' title="bbox 2087 1868 3664 1940">
    <p class='ocr_par' dir='ltr' id='par_1_45' title="bbox 2087 1868 3664 1940">
     <span class='ocr_line' id='line_1_45' title="bbox 2087 1868 3664 1940; baseline 0.005 -19"><span class='ocrx_word' id='word_1_334' title='bbox 2087 1868 2381 1924; x_wconf 82' lang='lat' dir='ltr'><strong>admodum</strong></span> <span class='ocrx_word' id='word_1_335' title='bbox 2433 1882 2536 1924; x_wconf 91' lang='lat' dir='ltr'><strong>nec</strong></span> <span class='ocrx_word' id='word_1_336' title='bbox 2563 1869 3005 1940; x_wconf 86' lang='lat' dir='ltr'><strong>uniuscujusque</strong></span> <span class='ocrx_word' id='word_1_337' title='bbox 3066 1873 3331 1939; x_wconf 86' lang='lat' dir='ltr'><strong>animam,</strong></span> <span class='ocrx_word' id='word_1_338' title='bbox 3359 1889 3545 1929; x_wconf 88' lang='lat' dir='ltr'><strong>verum</strong></span> <span class='ocrx_word' id='word_1_339' title='bbox 3577 1875 3664 1929; x_wconf 85' lang='lat' dir='ltr'><strong>di-</strong></span> 
     </span>
    </p>
   </div>
   <div class='ocr_carea' id='block_1_46' title="bbox 2086 1961 3666 2033">
    <p class='ocr_par' dir='ltr' id='par_1_46' title="bbox 2086 1961 3666 2033">
     <span class='ocr_line' id='line_1_46' title="bbox 2086 1961 3666 2033; baseline 0.004 -17"><span class='ocrx_word' id='word_1_340' title='bbox 2086 1965 2272 2017; x_wconf 90' lang='lat' dir='ltr'><strong>vinam</strong></span> <span class='ocrx_word' id='word_1_341' title='bbox 2302 1976 2367 2017; x_wconf 90' lang='lat' dir='ltr'><strong>ac</strong></span> <span class='ocrx_word' id='word_1_342' title='bbox 2399 1962 2523 2033; x_wconf 90' lang='lat' dir='ltr'><strong>plus</strong></span> <span class='ocrx_word' id='word_1_343' title='bbox 2551 1977 2716 2032; x_wconf 80' lang='lat' dir='ltr'><strong>quant</strong></span> <span class='ocrx_word' id='word_1_344' title='bbox 2741 1961 2985 2017; x_wconf 88' lang='lat' dir='ltr'><strong>humana</strong></span> <span class='ocrx_word' id='word_1_345' title='bbox 3012 1973 3184 2020; x_wconf 90' lang='lat' dir='ltr'><strong>sorte.</strong></span> <span class='ocrx_word' id='word_1_346' title='bbox 3216 1965 3485 2021; x_wconf 78' lang='lat' dir='ltr'><strong>Caeterum</strong></span> <span class='ocrx_word' id='word_1_347' title='bbox 3507 1976 3666 2023; x_wconf 84' lang='lat' dir='ltr'><strong>terr-.e</strong></span> 
     </span>
    </p>
   </div>
   <div class='ocr_carea' id='block_1_47' title="bbox 2090 2053 3667 2129">
    <p class='ocr_par' dir='ltr' id='par_1_47' title="bbox 2090 2053 3667 2129">
     <span class='ocr_line' id='line_1_47' title="bbox 2090 2053 3667 2129; baseline 0.003 -20"><span class='ocrx_word' id='word_1_348' title='bbox 2090 2054 2256 2125; x_wconf 90' lang='lat' dir='ltr'><strong>hujus</strong></span> <span class='ocrx_word' id='word_1_349' title='bbox 2293 2060 2471 2110; x_wconf 87' lang='lat' dir='ltr'><strong>sortes</strong></span> <span class='ocrx_word' id='word_1_350' title='bbox 2506 2053 2706 2109; x_wconf 67' lang='lat' dir='ltr'><strong>futurae</strong></span> <span class='ocrx_word' id='word_1_351' title='bbox 2760 2054 3069 2110; x_wconf 89' lang='lat' dir='ltr'><strong>sortitionis</strong></span> <span class='ocrx_word' id='word_1_352' title='bbox 3100 2055 3506 2113; x_wconf 84' lang='lat' dir='ltr'><strong>ordinationem</strong></span> <span class='ocrx_word' id='word_1_353' title='bbox 3556 2074 3667 2129; x_wconf 72' lang='lat' dir='ltr'><strong>prae</strong></span> 
     </span>
    </p>
   </div>
   <div class='ocr_carea' id='block_1_48' title="bbox 2091 2145 3666 2210">
    <p class='ocr_par' dir='ltr' id='par_1_48' title="bbox 2091 2145 3666 2210">
     <span class='ocr_line' id='line_1_48' title="bbox 2091 2145 3666 2210; baseline 0.006 -9"><span class='ocrx_word' id='word_1_354' title='bbox 2091 2161 2149 2201; x_wconf 89' lang='lat' dir='ltr'><strong>se</strong></span> <span class='ocrx_word' id='word_1_355' title='bbox 2177 2145 2377 2201; x_wconf 78' lang='lat' dir='ltr'><strong>ferunt.</strong></span> <span class='ocrx_word' id='word_1_356' title='bbox 2411 2145 2607 2203; x_wconf 82' lang='lat' dir='ltr'><strong>Vetera</strong></span> <span class='ocrx_word' id='word_1_357' title='bbox 2644 2147 2790 2203; x_wconf 91' lang='lat' dir='ltr'><strong>enim</strong></span> <span class='ocrx_word' id='word_1_358' title='bbox 2830 2147 3082 2203; x_wconf 82' lang='lat' dir='ltr'><strong>umbram</strong></span> <span class='ocrx_word' id='word_1_359' title='bbox 3117 2150 3431 2207; x_wconf 83' lang='lat' dir='ltr'><strong>futurorum</strong></span> <span class='ocrx_word' id='word_1_360' title='bbox 3486 2154 3666 2210; x_wconf 85' lang='lat' dir='ltr'><strong>bono-</strong></span> 
     </span>
    </p>
   </div>
   <div class='ocr_carea' id='block_1_49' title="bbox 2088 2238 3667 2311">
    <p class='ocr_par' dir='ltr' id='par_1_49' title="bbox 2088 2238 3667 2311">
     <span class='ocr_line' id='line_1_49' title="bbox 2088 2238 3667 2311; baseline 0.007 -20"><span class='ocrx_word' id='word_1_361' title='bbox 2088 2253 2209 2291; x_wconf 91' lang='lat' dir='ltr'><strong>rum</strong></span> <span class='ocrx_word' id='word_1_362' title='bbox 2234 2239 2541 2294; x_wconf 88' lang='lat' dir='ltr'><strong>continent.</strong></span> <span class='ocrx_word' id='word_1_363' title='bbox 2605 2238 2887 2311; x_wconf 89' lang='lat' dir='ltr'><strong>Siquidem</strong></span> <span class='ocrx_word' id='word_1_364' title='bbox 2931 2250 3114 2297; x_wconf 89' lang='lat' dir='ltr'><strong>autem</strong></span> <span class='ocrx_word' id='word_1_365' title='bbox 3150 2244 3217 2298; x_wconf 86' lang='lat' dir='ltr'><strong>ad</strong></span> <span class='ocrx_word' id='word_1_366' title='bbox 3240 2257 3482 2301; x_wconf 88' lang='lat' dir='ltr'><strong>montem</strong></span> <span class='ocrx_word' id='word_1_367' title='bbox 3532 2245 3667 2302; x_wconf 91' lang='lat' dir='ltr'><strong>Sion</strong></span> 
     </span>
    </p>
   </div>
   <div class='ocr_carea' id='block_1_50' title="bbox 2089 2327 3666 2395">
    <p class='ocr_par' dir='ltr' id='par_1_50' title="bbox 2089 2327 3666 2395">
     <span class='ocr_line' id='line_1_50' title="bbox 2089 2327 3666 2395; baseline 0.008 -13"><span class='ocrx_word' id='word_1_368' title='bbox 2089 2327 2351 2385; x_wconf 85' lang='lat' dir='ltr'><strong>accedere</strong></span> <span class='ocrx_word' id='word_1_369' title='bbox 2382 2330 2558 2394; x_wconf 82' lang='lat' dir='ltr'><strong>licuit,</strong></span> <span class='ocrx_word' id='word_1_370' title='bbox 2594 2331 2665 2393; x_wconf 81' lang='lat' dir='ltr'><strong>ad</strong></span> <span class='ocrx_word' id='word_1_371' title='bbox 2694 2333 2886 2388; x_wconf 85' lang='lat' dir='ltr'><strong>urbem</strong></span> <span class='ocrx_word' id='word_1_372' title='bbox 2920 2334 3049 2388; x_wconf 84' lang='lat' dir='ltr'><strong>item</strong></span> <span class='ocrx_word' id='word_1_373' title='bbox 3109 2335 3201 2391; x_wconf 89' lang='lat' dir='ltr'><strong>Dei</strong></span> <span class='ocrx_word' id='word_1_374' title='bbox 3231 2336 3469 2393; x_wconf 84' lang='lat' dir='ltr'><strong>viventis</strong></span> <span class='ocrx_word' id='word_1_375' title='bbox 3495 2340 3666 2395; x_wconf 66' lang='lat' dir='ltr'><strong>caele-</strong></span> 
     </span>
    </p>
   </div>
   <div class='ocr_carea' id='block_1_51' title="bbox 2091 2408 3666 2505">
    <p class='ocr_par' dir='ltr' id='par_1_51' title="bbox 2091 2408 3666 2505">
     <span class='ocr_line' id='line_1_51' title="bbox 2091 2408 3666 2505; baseline 0.008 -29"><span class='ocrx_word' id='word_1_376' title='bbox 2091 2433 2227 2477; x_wconf 90' lang='lat' dir='ltr'><strong>stem</strong></span> <span class='ocrx_word' id='word_1_377' title='bbox 2251 2421 2555 2479; x_wconf 78' lang='lat' dir='ltr'><strong>Jerusalem</strong></span> <span class='ocrx_word' id='word_1_378' title='bbox 2588 2408 2661 2489; x_wconf 62' lang='grc' dir='ltr'><strong>ιδ,</strong></span> <span class='ocrx_word' id='word_1_379' title='bbox 2688 2441 2788 2481; x_wconf 90' lang='lat' dir='ltr'><strong>cur</strong></span> <span class='ocrx_word' id='word_1_380' title='bbox 2819 2442 2930 2482; x_wconf 87' lang='lat' dir='ltr'><strong>non</strong></span> <span class='ocrx_word' id='word_1_381' title='bbox 2966 2429 3092 2484; x_wconf 84' lang='lat' dir='ltr'><strong>aliis</strong></span> <span class='ocrx_word' id='word_1_382' title='bbox 3129 2444 3350 2501; x_wconf 87' lang='lat' dir='ltr'><strong>quoque</strong></span> <span class='ocrx_word' id='word_1_383' title='bbox 3408 2433 3666 2505; x_wconf 81' lang='lat' dir='ltr'><strong>tribubus</strong></span> 
     </span>
    </p>
   </div>
   <div class='ocr_carea' id='block_1_52' title="bbox 401 2513 3667 2593">
    <p class='ocr_par' dir='ltr' id='par_1_52' title="bbox 401 2513 3667 2593">
     <span class='ocr_line' id='line_1_52' title="bbox 401 2513 3667 2593; baseline 0.002 -21"><span class='ocrx_word' id='word_1_384' title='bbox 401 2516 867 2587; x_wconf 80' lang='lat' dir='ltr'><strong>quemadmodum</strong></span> <span class='ocrx_word' id='word_1_385' title='bbox 917 2519 1083 2573; x_wconf 90' lang='lat' dir='ltr'><strong>tribui</strong></span> <span class='ocrx_word' id='word_1_386' title='bbox 1136 2518 1748 2589; x_wconf 66' lang='lat' dir='ltr'><strong>Benjaminlerusalem</strong></span> <span class='ocrx_word' id='word_1_387' title='bbox 1786 2518 1980 2580; x_wconf 83' lang='lat' dir='ltr'><strong>cessit,</strong></span> <span class='ocrx_word' id='word_1_388' title='bbox 2022 2513 2127 2568; x_wconf 94' lang='lat' dir='ltr'><strong>loci</strong></span> <span class='ocrx_word' id='word_1_389' title='bbox 2162 2513 2380 2583; x_wconf 84' lang='lat' dir='ltr'><strong>quidem</strong></span> <span class='ocrx_word' id='word_1_390' title='bbox 2408 2514 2684 2571; x_wconf 90' lang='lat' dir='ltr'><strong>Bethleem</strong></span> <span class='ocrx_word' id='word_1_391' title='bbox 2719 2516 2864 2574; x_wconf 82' lang='lat' dir='ltr'><strong>forte</strong></span> <span class='ocrx_word' id='word_1_392' title='bbox 2895 2528 2988 2573; x_wconf 90' lang='lat' dir='ltr'><strong>aut</strong></span> <span class='ocrx_word' id='word_1_393' title='bbox 3016 2520 3277 2588; x_wconf 82' lang='lat' dir='ltr'><strong>Hebron,</strong></span> <span class='ocrx_word' id='word_1_394' title='bbox 3340 2524 3432 2593; x_wconf 88' lang='lat' dir='ltr'><strong>qui</strong></span> <span class='ocrx_word' id='word_1_395' title='bbox 3501 2526 3667 2580; x_wconf 78' lang='lat' dir='ltr'><strong>ccele-</strong></span> 
     </span>
    </p>
   </div>
   <div class='ocr_carea' id='block_1_53' title="bbox 404 2606 2708 2673">
    <p class='ocr_par' dir='ltr' id='par_1_53' title="bbox 404 2606 2708 2673">
     <span class='ocr_line' id='line_1_53' title="bbox 404 2606 2708 2673; baseline 0 -11"><span class='ocrx_word' id='word_1_396' title='bbox 404 2608 570 2662; x_wconf 79' lang='lat' dir='ltr'><strong>stium</strong></span> <span class='ocrx_word' id='word_1_397' title='bbox 626 2608 841 2665; x_wconf 90' lang='lat' dir='ltr'><strong>sedium</strong></span> <span class='ocrx_word' id='word_1_398' title='bbox 875 2618 1020 2664; x_wconf 90' lang='lat' dir='ltr'><strong>terra</strong></span> <span class='ocrx_word' id='word_1_399' title='bbox 1082 2612 1493 2667; x_wconf 84' lang='lat' dir='ltr'><strong>mansuetorum</strong></span> <span class='ocrx_word' id='word_1_400' title='bbox 1521 2610 1775 2666; x_wconf 88' lang='lat' dir='ltr'><strong>videlicet</strong></span> <span class='ocrx_word' id='word_1_401' title='bbox 1800 2609 2078 2664; x_wconf 89' lang='lat' dir='ltr'><strong>rationem</strong></span> <span class='ocrx_word' id='word_1_402' title='bbox 2102 2606 2476 2673; x_wconf 88' lang='lat' dir='ltr'><strong>continerent,</strong></span> <span class='ocrx_word' id='word_1_403' title='bbox 2505 2608 2708 2662; x_wconf 76' lang='lat' dir='ltr'><strong>cessit?</strong></span> 
     </span>
    </p>
   </div>
   <div class='ocr_carea' id='block_1_54' title="bbox 477 2699 1978 2773">
    <p class='ocr_par' dir='ltr' id='par_1_54' title="bbox 477 2699 1978 2773">
     <span class='ocr_line' id='line_1_54' title="bbox 477 2699 1978 2773; baseline 0.001 -21"><span class='ocrx_word' id='word_1_404' title='bbox 477 2699 622 2770; x_wconf 87' lang='grc' dir='ltr'>Ὅρα</span> <span class='ocrx_word' id='word_1_405' title='bbox 666 2700 756 2754; x_wconf 78' lang='grc' dir='ltr'>τὸν</span> <span class='ocrx_word' id='word_1_406' title='bbox 799 2699 1006 2772; x_wconf 74' lang='grc' dir='ltr'>Ἰησοῦν</span> <span class='ocrx_word' id='word_1_407' title='bbox 1062 2702 1283 2773; x_wconf 84' lang='grc' dir='ltr'>ἐπιεικῆ</span> <span class='ocrx_word' id='word_1_408' title='bbox 1337 2719 1397 2756; x_wconf 87' lang='grc' dir='ltr'><strong>τε</strong></span> <span class='ocrx_word' id='word_1_409' title='bbox 1449 2700 1595 2769; x_wconf 87' lang='grc' dir='ltr'>λίαν,</span> <span class='ocrx_word' id='word_1_410' title='bbox 1630 2700 1851 2771; x_wconf 74' lang='grc' dir='ltr'>καὶτῆς</span> <span class='ocrx_word' id='word_1_411' title='bbox 1886 2701 1978 2754; x_wconf 83' lang='grc' dir='ltr'><strong>τοῦ</strong></span> 
     </span>
    </p>
   </div>
   <div class='ocr_carea' id='block_1_55' title="bbox 405 2788 1979 2863">
    <p class='ocr_par' dir='ltr' id='par_1_55' title="bbox 405 2788 1979 2863">
     <span class='ocr_line' id='line_1_55' title="bbox 405 2788 1979 2863; baseline 0.003 -21"><span class='ocrx_word' id='word_1_412' title='bbox 405 2788 656 2860; x_wconf 78' lang='grc' dir='ltr'>Σωτῆρος</span> <span class='ocrx_word' id='word_1_413' title='bbox 682 2791 1004 2862; x_wconf 84' lang='grc' dir='ltr'>ἐπωνυμίας</span> <span class='ocrx_word' id='word_1_414' title='bbox 1026 2792 1266 2860; x_wconf 80' lang='grc' dir='ltr'>ἐπάξιον.</span> <span class='ocrx_word' id='word_1_415' title='bbox 1286 2792 1441 2848; x_wconf 78' lang='grc' dir='ltr'>Μετὰ</span> <span class='ocrx_word' id='word_1_416' title='bbox 1469 2793 1679 2857; x_wconf 79' lang='grc' dir='ltr'>πάντας</span> <span class='ocrx_word' id='word_1_417' title='bbox 1704 2793 1813 2863; x_wconf 83' lang='grc' dir='ltr'>γὰρ</span> <span class='ocrx_word' id='word_1_418' title='bbox 1836 2791 1979 2863; x_wconf 78' lang='grc' dir='ltr'>λαμο</span> 
     </span>
    </p>
   </div>
   <div class='ocr_carea' id='block_1_56' title="bbox 407 2880 1979 2955">
    <p class='ocr_par' dir='ltr' id='par_1_56' title="bbox 407 2880 1979 2955">
     <span class='ocr_line' id='line_1_56' title="bbox 407 2880 1979 2955; baseline 0.002 -22"><span class='ocrx_word' id='word_1_419' title='bbox 407 2880 560 2935; x_wconf 87' lang='grc' dir='ltr'>ϐάνει</span> <span class='ocrx_word' id='word_1_420' title='bbox 608 2881 700 2937; x_wconf 82' lang='grc' dir='ltr'><strong>τὸν</strong></span> <span class='ocrx_word' id='word_1_421' title='bbox 757 2881 980 2954; x_wconf 83' lang='grc' dir='ltr'>κλῆρον,</span> <span class='ocrx_word' id='word_1_422' title='bbox 1036 2883 1137 2937; x_wconf 82' lang='grc' dir='ltr'>οὐκ</span> <span class='ocrx_word' id='word_1_423' title='bbox 1193 2885 1357 2949; x_wconf 76' lang='grc' dir='ltr'>αὐτὸς</span> <span class='ocrx_word' id='word_1_424' title='bbox 1404 2884 1677 2955; x_wconf 84' lang='grc' dir='ltr'>ἐλόμενος,</span> <span class='ocrx_word' id='word_1_425' title='bbox 1709 2882 1843 2938; x_wconf 82' lang='grc' dir='ltr'>ἀλλὰ</span> <span class='ocrx_word' id='word_1_426' title='bbox 1870 2883 1979 2936; x_wconf 85' lang='grc' dir='ltr'>τῶν</span> 
     </span>
    </p>
   </div>
   <div class='ocr_carea' id='block_1_57' title="bbox 408 2972 1977 3046">
    <p class='ocr_par' dir='ltr' id='par_1_57' title="bbox 408 2972 1977 3046">
     <span class='ocr_line' id='line_1_57' title="bbox 408 2972 1977 3046; baseline 0.003 -21"><span class='ocrx_word' id='word_1_427' title='bbox 408 2972 543 3027; x_wconf 84' lang='grc' dir='ltr'>υίῶν</span> <span class='ocrx_word' id='word_1_428' title='bbox 584 2973 802 3046; x_wconf 76' lang='grc' dir='ltr'>Ἰσραὴλ</span> <span class='ocrx_word' id='word_1_429' title='bbox 826 2974 1140 3029; x_wconf 86' lang='grc' dir='ltr'>δεδωκότων</span> <span class='ocrx_word' id='word_1_430' title='bbox 1169 2974 1338 3046; x_wconf 82' lang='grc' dir='ltr'>αὐτῷ.</span> <span class='ocrx_word' id='word_1_431' title='bbox 1358 2976 1471 3031; x_wconf 88' lang='lat' dir='ltr'><strong>Kal</strong></span> <span class='ocrx_word' id='word_1_432' title='bbox 1490 2976 1663 3030; x_wconf 89' lang='grc' dir='ltr'>ταῦτα</span> <span class='ocrx_word' id='word_1_433' title='bbox 1683 2976 1864 3031; x_wconf 85' lang='grc' dir='ltr'>Χάλεϐ</span> <span class='ocrx_word' id='word_1_434' title='bbox 1884 2974 1977 3029; x_wconf 88' lang='grc' dir='ltr'><strong>τοῦ</strong></span> 
     </span>
    </p>
   </div>
   <div class='ocr_carea' id='block_1_58' title="bbox 410 3062 1983 3139">
    <p class='ocr_par' dir='ltr' id='par_1_58' title="bbox 410 3062 1983 3139">
     <span class='ocr_line' id='line_1_58' title="bbox 410 3062 1983 3139; baseline 0.001 -22"><span class='ocrx_word' id='word_1_435' title='bbox 410 3064 507 3118; x_wconf 76' lang='grc' dir='ltr'><strong>σὺν</strong></span> <span class='ocrx_word' id='word_1_436' title='bbox 527 3062 676 3136; x_wconf 80' lang='grc' dir='ltr'>αὐτῷ</span> <span class='ocrx_word' id='word_1_437' title='bbox 708 3065 973 3127; x_wconf 83' lang='grc' dir='ltr'>σωθέντος</span> <span class='ocrx_word' id='word_1_438' title='bbox 992 3064 1208 3139; x_wconf 84' lang='grc' dir='ltr'>πρώτου</span> <span class='ocrx_word' id='word_1_439' title='bbox 1234 3066 1491 3131; x_wconf 85' lang='grc' dir='ltr'>λαϐόντος</span> <span class='ocrx_word' id='word_1_440' title='bbox 1514 3066 1605 3120; x_wconf 81' lang='grc' dir='ltr'><strong>τὸν</strong></span> <span class='ocrx_word' id='word_1_441' title='bbox 1630 3065 1852 3135; x_wconf 80' lang='grc' dir='ltr'>κλῆρον.</span> <span class='ocrx_word' id='word_1_442' title='bbox 1871 3066 1983 3119; x_wconf 87' lang='lat' dir='ltr'><strong>Kal</strong></span> 
     </span>
    </p>
   </div>
   <div class='ocr_carea' id='block_1_59' title="bbox 407 3155 1985 3231">
    <p class='ocr_par' dir='ltr' id='par_1_59' title="bbox 407 3155 1985 3231">
     <span class='ocr_line' id='line_1_59' title="bbox 407 3155 1985 3231; baseline 0.001 -19"><span class='ocrx_word' id='word_1_443' title='bbox 407 3159 437 3212; x_wconf 86' lang='grc' dir='ltr'><strong>ὁ</strong></span> <span class='ocrx_word' id='word_1_444' title='bbox 465 3155 771 3226; x_wconf 71' lang='grc' dir='ltr'>εἰσαγαγὼν</span> <span class='ocrx_word' id='word_1_445' title='bbox 793 3156 1012 3222; x_wconf 69' lang='grc' dir='ltr'>αὐτοὺς,</span> <span class='ocrx_word' id='word_1_446' title='bbox 1041 3159 1070 3210; x_wconf 86' lang='grc' dir='ltr'><strong>ὁ</strong></span> <span class='ocrx_word' id='word_1_447' title='bbox 1106 3157 1410 3229; x_wconf 84' lang='grc' dir='ltr'>διανείμας,</span> <span class='ocrx_word' id='word_1_448' title='bbox 1443 3161 1472 3212; x_wconf 86' lang='grc' dir='ltr'>ὁ</span> <span class='ocrx_word' id='word_1_449' title='bbox 1510 3158 1726 3231; x_wconf 85' lang='grc' dir='ltr'>πρῶτος</span> <span class='ocrx_word' id='word_1_450' title='bbox 1752 3160 1810 3213; x_wconf 78' lang='grc' dir='ltr'><strong>ἐν</strong></span> <span class='ocrx_word' id='word_1_451' title='bbox 1843 3157 1985 3214; x_wconf 75' lang='grc' dir='ltr'>ᾶπα-</span> 
     </span>
    </p>
   </div>
   <div class='ocr_carea' id='block_1_60' title="bbox 2162 2700 3665 2769">
    <p class='ocr_par' dir='ltr' id='par_1_60' title="bbox 2162 2700 3665 2769">
     <span class='ocr_line' id='line_1_60' title="bbox 2162 2700 3665 2769; baseline 0.008 -19"><span class='ocrx_word' id='word_1_452' title='bbox 2162 2701 2231 2751; x_wconf 83' lang='lat' dir='ltr'><strong>At</strong></span> <span class='ocrx_word' id='word_1_453' title='bbox 2265 2714 2428 2769; x_wconf 85' lang='lat' dir='ltr'><strong>quam</strong></span> <span class='ocrx_word' id='word_1_454' title='bbox 2461 2708 2784 2755; x_wconf 89' lang='lat' dir='ltr'><strong>mansuetus</strong></span> <span class='ocrx_word' id='word_1_455' title='bbox 2812 2700 3200 2768; x_wconf 85' lang='lat' dir='ltr'><strong>admudum,et</strong></span> <span class='ocrx_word' id='word_1_456' title='bbox 3233 2703 3545 2762; x_wconf 77' lang='lat' dir='ltr'><strong>Servatoris</strong></span> <span class='ocrx_word' id='word_1_457' title='bbox 3562 2722 3665 2762; x_wconf 88' lang='lat' dir='ltr'><strong>no-</strong></span> 
     </span>
    </p>
   </div>
   <div class='ocr_carea' id='block_1_61' title="bbox 2092 2787 3667 2862">
    <p class='ocr_par' dir='ltr' id='par_1_61' title="bbox 2092 2787 3667 2862">
     <span class='ocr_line' id='line_1_61' title="bbox 2092 2787 3667 2862; baseline 0.006 -20"><span class='ocrx_word' id='word_1_458' title='bbox 2092 2787 2239 2844; x_wconf 91' lang='lat' dir='ltr'><strong>mine</strong></span> <span class='ocrx_word' id='word_1_459' title='bbox 2263 2803 2428 2858; x_wconf 89' lang='lat' dir='ltr'><strong>quam</strong></span> <span class='ocrx_word' id='word_1_460' title='bbox 2458 2788 2661 2859; x_wconf 81' lang='lat' dir='ltr'><strong>dignus</strong></span> <span class='ocrx_word' id='word_1_461' title='bbox 2694 2789 2767 2844; x_wconf 88' lang='lat' dir='ltr'><strong>sit</strong></span> <span class='ocrx_word' id='word_1_462' title='bbox 2796 2790 2947 2859; x_wconf 86' lang='lat' dir='ltr'><strong>vide;</strong></span> <span class='ocrx_word' id='word_1_463' title='bbox 2998 2799 3121 2862; x_wconf 89' lang='lat' dir='ltr'><strong>post</strong></span> <span class='ocrx_word' id='word_1_464' title='bbox 3158 2808 3348 2848; x_wconf 84' lang='lat' dir='ltr'><strong>omnes</strong></span> <span class='ocrx_word' id='word_1_465' title='bbox 3369 2797 3513 2849; x_wconf 87' lang='lat' dir='ltr'><strong>enim</strong></span> <span class='ocrx_word' id='word_1_466' title='bbox 3547 2812 3667 2851; x_wconf 80' lang='lat' dir='ltr'><strong>sor-</strong></span> 
     </span>
    </p>
   </div>
   <div class='ocr_carea' id='block_1_62' title="bbox 2093 2879 3664 2958">
    <p class='ocr_par' dir='ltr' id='par_1_62' title="bbox 2093 2879 3664 2958">
     <span class='ocr_line' id='line_1_62' title="bbox 2093 2879 3664 2958; baseline 0.006 -26"><span class='ocrx_word' id='word_1_467' title='bbox 2093 2886 2197 2933; x_wconf 91' lang='lat' dir='ltr'><strong>tem</strong></span> <span class='ocrx_word' id='word_1_468' title='bbox 2224 2894 2379 2935; x_wconf 88' lang='lat' dir='ltr'><strong>suam</strong></span> <span class='ocrx_word' id='word_1_469' title='bbox 2438 2879 2664 2949; x_wconf 85' lang='lat' dir='ltr'><strong>accipit,</strong></span> <span class='ocrx_word' id='word_1_470' title='bbox 2713 2894 2879 2951; x_wconf 88' lang='lat' dir='ltr'><strong>quam</strong></span> <span class='ocrx_word' id='word_1_471' title='bbox 2944 2896 3045 2936; x_wconf 88' lang='lat' dir='ltr'><strong>nec</strong></span> <span class='ocrx_word' id='word_1_472' title='bbox 3103 2882 3221 2952; x_wconf 89' lang='lat' dir='ltr'><strong>ipse</strong></span> <span class='ocrx_word' id='word_1_473' title='bbox 3249 2883 3469 2952; x_wconf 88' lang='lat' dir='ltr'><strong>quidem</strong></span> <span class='ocrx_word' id='word_1_474' title='bbox 3499 2884 3664 2958; x_wconf 60' lang='lat'><strong>495</strong></span> 
     </span>
    </p>
   </div>
   <div class='ocr_carea' id='block_1_63' title="bbox 2093 2969 3666 3035">
    <p class='ocr_par' dir='ltr' id='par_1_63' title="bbox 2093 2969 3666 3035">
     <span class='ocr_line' id='line_1_63' title="bbox 2093 2969 3666 3035; baseline 0.004 -10"><span class='ocrx_word' id='word_1_475' title='bbox 2093 2970 2411 3035; x_wconf 74' lang='lat' dir='ltr'><strong>vindicavit,</strong></span> <span class='ocrx_word' id='word_1_476' title='bbox 2470 2986 2663 3027; x_wconf 85' lang='lat' dir='ltr'><strong>verum</strong></span> <span class='ocrx_word' id='word_1_477' title='bbox 2694 2969 2789 3025; x_wconf 83' lang='lat' dir='ltr'><strong>lilii</strong></span> <span class='ocrx_word' id='word_1_478' title='bbox 2850 2971 3018 3026; x_wconf 84' lang='lat' dir='ltr'><strong>Israel</strong></span> <span class='ocrx_word' id='word_1_479' title='bbox 3049 2973 3101 3028; x_wconf 92' lang='lat' dir='ltr'><strong>ei</strong></span> <span class='ocrx_word' id='word_1_480' title='bbox 3157 2974 3486 3030; x_wconf 90' lang='lat' dir='ltr'><strong>tribuerunt.</strong></span> <span class='ocrx_word' id='word_1_481' title='bbox 3517 2975 3666 3031; x_wconf 76' lang='lat' dir='ltr'><strong>Prae-</strong></span> 
     </span>
    </p>
   </div>
   <div class='ocr_carea' id='block_1_64' title="bbox 2092 3060 3665 3134">
    <p class='ocr_par' dir='ltr' id='par_1_64' title="bbox 2092 3060 3665 3134">
     <span class='ocr_line' id='line_1_64' title="bbox 2092 3060 3665 3134; baseline 0.001 -16"><span class='ocrx_word' id='word_1_482' title='bbox 2092 3063 2281 3118; x_wconf 86' lang='lat' dir='ltr'><strong>sertim</strong></span> <span class='ocrx_word' id='word_1_483' title='bbox 2314 3075 2441 3117; x_wconf 87' lang='lat' dir='ltr'><strong>vero</strong></span> <span class='ocrx_word' id='word_1_484' title='bbox 2464 3075 2587 3116; x_wconf 91' lang='lat' dir='ltr'><strong>cum</strong></span> <span class='ocrx_word' id='word_1_485' title='bbox 2612 3060 2783 3117; x_wconf 80' lang='lat' dir='ltr'><strong>Caleb</strong></span> <span class='ocrx_word' id='word_1_486' title='bbox 2813 3061 2935 3131; x_wconf 86' lang='lat' dir='ltr'><strong>ipso</strong></span> <span class='ocrx_word' id='word_1_487' title='bbox 2958 3076 3083 3117; x_wconf 90' lang='lat' dir='ltr'><strong>cum</strong></span> <span class='ocrx_word' id='word_1_488' title='bbox 3121 3071 3375 3121; x_wconf 84' lang='lat' dir='ltr'><strong>servatus</strong></span> <span class='ocrx_word' id='word_1_489' title='bbox 3396 3066 3665 3134; x_wconf 86' lang='lat' dir='ltr'><strong>imprimis</strong></span> 
     </span>
    </p>
   </div>
   <div class='ocr_carea' id='block_1_65' title="bbox 2093 3154 3668 3226">
    <p class='ocr_par' dir='ltr' id='par_1_65' title="bbox 2093 3154 3668 3226">
     <span class='ocr_line' id='line_1_65' title="bbox 2093 3154 3668 3226; baseline 0.002 -17"><span class='ocrx_word' id='word_1_490' title='bbox 2093 3163 2298 3210; x_wconf 89' lang='lat' dir='ltr'><strong>sortem</strong></span> <span class='ocrx_word' id='word_1_491' title='bbox 2350 3168 2506 3210; x_wconf 88' lang='lat' dir='ltr'><strong>suam</strong></span> <span class='ocrx_word' id='word_1_492' title='bbox 2569 3154 2868 3223; x_wconf 87' lang='lat' dir='ltr'><strong>acceperit.</strong></span> <span class='ocrx_word' id='word_1_493' title='bbox 2928 3154 2979 3211; x_wconf 83' lang='lat' dir='ltr'><strong>Is</strong></span> <span class='ocrx_word' id='word_1_494' title='bbox 3021 3162 3205 3219; x_wconf 83' lang='lat' dir='ltr'><strong>autem</strong></span> <span class='ocrx_word' id='word_1_495' title='bbox 3232 3156 3326 3226; x_wconf 89' lang='lat' dir='ltr'><strong>qui</strong></span> <span class='ocrx_word' id='word_1_496' title='bbox 3372 3172 3470 3213; x_wconf 88' lang='lat' dir='ltr'><strong>eos</strong></span> <span class='ocrx_word' id='word_1_497' title='bbox 3500 3158 3668 3212; x_wconf 90' lang='lat' dir='ltr'><strong>intro-</strong></span> 
     </span>
    </p>
   </div>
   <div class='ocr_carea' id='block_1_66' title="bbox 410 3234 1985 3321">
    <p class='ocr_par' dir='ltr' id='par_1_66' title="bbox 410 3246 1982 3320">
     <span class='ocr_line' id='line_1_66' title="bbox 410 3246 1982 3320; baseline 0.002 -20"><span class='ocrx_word' id='word_1_498' title='bbox 410 3264 515 3317; x_wconf 84' lang='grc' dir='ltr'>σιν,</span> <span class='ocrx_word' id='word_1_499' title='bbox 548 3247 777 3319; x_wconf 74' lang='grc' dir='ltr'>ἔσχατος</span> <span class='ocrx_word' id='word_1_500' title='bbox 804 3246 1074 3318; x_wconf 83' lang='grc' dir='ltr'>λαμϐάνει</span> <span class='ocrx_word' id='word_1_501' title='bbox 1098 3265 1113 3279; x_wconf 76' lang='grc' dir='ltr'><strong>ο</strong></span> <span class='ocrx_word' id='word_1_502' title='bbox 1149 3248 1237 3302; x_wconf 77' lang='grc' dir='ltr'><strong>ῐνα</strong></span> <span class='ocrx_word' id='word_1_503' title='bbox 1280 3248 1451 3313; x_wconf 77' lang='grc' dir='ltr'>ὅντως</span> <span class='ocrx_word' id='word_1_504' title='bbox 1479 3250 1705 3320; x_wconf 81' lang='grc' dir='ltr'>γένηται</span> <span class='ocrx_word' id='word_1_505' title='bbox 1745 3249 1982 3320; x_wconf 85' lang='grc' dir='ltr'>πρῶτος.</span> 
     </span>
    </p>
   </div>
   <div class='ocr_carea' id='block_1_67' title="bbox 2096 3234 3666 3321">
    <p class='ocr_par' dir='ltr' id='par_1_67' title="bbox 2096 3247 3666 3321">
     <span class='ocr_line' id='line_1_67' title="bbox 2096 3247 3666 3321; baseline 0.003 -19"><span class='ocrx_word' id='word_1_506' title='bbox 2096 3247 2273 3316; x_wconf 84' lang='lat' dir='ltr'><strong>duxit,</strong></span> <span class='ocrx_word' id='word_1_507' title='bbox 2323 3247 2419 3319; x_wconf 89' lang='lat' dir='ltr'><strong>qui</strong></span> <span class='ocrx_word' id='word_1_508' title='bbox 2472 3248 2779 3315; x_wconf 87' lang='lat' dir='ltr'><strong>distribuit,</strong></span> <span class='ocrx_word' id='word_1_509' title='bbox 2836 3248 3086 3303; x_wconf 88' lang='lat' dir='ltr'><strong>omnium</strong></span> <span class='ocrx_word' id='word_1_510' title='bbox 3135 3250 3373 3320; x_wconf 87' lang='lat' dir='ltr'><strong>denique</strong></span> <span class='ocrx_word' id='word_1_511' title='bbox 3408 3251 3666 3321; x_wconf 87' lang='lat' dir='ltr'><strong>princeps</strong></span> 
     </span>
    </p>
   </div>
   <div class='ocr_carea' id='block_1_68' title="bbox 409 3339 1986 3413">
    <p class='ocr_par' dir='ltr' id='par_1_68' title="bbox 409 3339 1986 3413">
     <span class='ocr_line' id='line_1_68' title="bbox 409 3339 1986 3413; baseline 0.001 -21"><span class='ocrx_word' id='word_1_512' title='bbox 409 3339 663 3393; x_wconf 85' lang='grc' dir='ltr'>Τοιοῦτον</span> <span class='ocrx_word' id='word_1_513' title='bbox 687 3340 768 3404; x_wconf 76' lang='grc' dir='ltr'><strong>τὸ,</strong></span> <span class='ocrx_word' id='word_1_514' title='bbox 801 3358 819 3391; x_wconf 80' lang='grc' dir='ltr'><strong>ι</strong></span> <span class='ocrx_word' id='word_1_515' title='bbox 855 3340 1127 3394; x_wconf 81' lang='grc' dir='ltr'>Ταπείνου</span> <span class='ocrx_word' id='word_1_516' title='bbox 1170 3341 1396 3397; x_wconf 81' lang='grc' dir='ltr'>σεαυτὸν</span> <span class='ocrx_word' id='word_1_517' title='bbox 1413 3340 1595 3396; x_wconf 76' lang='grc' dir='ltr'>ἔναντι</span> <span class='ocrx_word' id='word_1_518' title='bbox 1627 3341 1857 3413; x_wconf 78' lang='grc' dir='ltr'>Κυρίου,</span> <span class='ocrx_word' id='word_1_519' title='bbox 1890 3341 1986 3396; x_wconf 74' lang='grc' dir='ltr'>καὶ</span> 
     </span>
    </p>
   </div>
   <div class='ocr_carea' id='block_1_69' title="bbox 410 3432 1988 3508">
    <p class='ocr_par' dir='ltr' id='par_1_69' title="bbox 410 3432 1988 3508">
     <span class='ocr_line' id='line_1_69' title="bbox 410 3432 1988 3508; baseline 0.003 -23"><span class='ocrx_word' id='word_1_520' title='bbox 410 3432 663 3504; x_wconf 80' lang='grc' dir='ltr'>εὑρήσεις</span> <span class='ocrx_word' id='word_1_521' title='bbox 692 3433 870 3504; x_wconf 86' lang='grc' dir='ltr'>χάριν.</span> <span class='ocrx_word' id='word_1_522' title='bbox 913 3451 931 3485; x_wconf 74' lang='grc' dir='ltr'><strong>ι</strong></span> <span class='ocrx_word' id='word_1_523' title='bbox 964 3435 1073 3488; x_wconf 75' lang='lat' dir='ltr'><strong>Kal</strong></span> <span class='ocrx_word' id='word_1_524' title='bbox 1093 3434 1173 3499; x_wconf 84' lang='grc' dir='ltr'>τὸ,</span> <span class='ocrx_word' id='word_1_525' title='bbox 1219 3455 1235 3488; x_wconf 91' lang='grc' dir='ltr'><strong>ι</strong></span> <span class='ocrx_word' id='word_1_526' title='bbox 1281 3435 1613 3507; x_wconf 78' lang='grc' dir='ltr'>Ἥγούμενόν</span> <span class='ocrx_word' id='word_1_527' title='bbox 1644 3453 1702 3489; x_wconf 88' lang='grc' dir='ltr'><strong>σε</strong></span> <span class='ocrx_word' id='word_1_528' title='bbox 1733 3437 1988 3508; x_wconf 79' lang='grc' dir='ltr'>κατέστη·</span> 
     </span>
    </p>
   </div>
   <div class='ocr_carea' id='block_1_70' title="bbox 413 3524 1983 3596">
    <p class='ocr_par' dir='ltr' id='par_1_70' title="bbox 413 3524 1983 3596">
     <span class='ocr_line' id='line_1_70' title="bbox 413 3524 1983 3596; baseline 0.001 -17"><span class='ocrx_word' id='word_1_529' title='bbox 413 3540 533 3587; x_wconf 89' lang='grc' dir='ltr'>σαν,</span> <span class='ocrx_word' id='word_1_530' title='bbox 562 3525 637 3596; x_wconf 83' lang='grc' dir='ltr'>μὴ</span> <span class='ocrx_word' id='word_1_531' title='bbox 660 3525 911 3596; x_wconf 80' lang='grc' dir='ltr'>ἐπαίρου.</span> <span class='ocrx_word' id='word_1_532' title='bbox 941 3526 1099 3579; x_wconf 87' lang='grc' dir='ltr'>Γίνου</span> <span class='ocrx_word' id='word_1_533' title='bbox 1124 3528 1182 3579; x_wconf 78' lang='grc' dir='ltr'><strong>ἐν</strong></span> <span class='ocrx_word' id='word_1_534' title='bbox 1213 3527 1419 3592; x_wconf 78' lang='grc' dir='ltr'>αὐτοῖς,</span> <span class='ocrx_word' id='word_1_535' title='bbox 1442 3528 1518 3591; x_wconf 82' lang='grc' dir='ltr'>ὡς</span> <span class='ocrx_word' id='word_1_536' title='bbox 1544 3524 1625 3593; x_wconf 73' lang='grc' dir='ltr'>εἷς</span> <span class='ocrx_word' id='word_1_537' title='bbox 1645 3528 1705 3593; x_wconf 83' lang='grc' dir='ltr'>ἐξ</span> <span class='ocrx_word' id='word_1_538' title='bbox 1730 3529 1935 3583; x_wconf 79' lang='grc' dir='ltr'>αὐτῶν.</span> <span class='ocrx_word' id='word_1_539' title='bbox 1964 3547 1983 3580; x_wconf 73' lang='grc' dir='ltr'><strong>ι</strong></span> 
     </span>
    </p>
   </div>
   <div class='ocr_carea' id='block_1_71' title="bbox 412 3612 1988 3689">
    <p class='ocr_par' dir='ltr' id='par_1_71' title="bbox 412 3612 1988 3689">
     <span class='ocr_line' id='line_1_71' title="bbox 412 3612 1988 3689; baseline 0.004 -24"><span class='ocrx_word' id='word_1_540' title='bbox 412 3612 607 3668; x_wconf 87' lang='grc' dir='ltr'>Λαϐὼν</span> <span class='ocrx_word' id='word_1_541' title='bbox 661 3614 718 3666; x_wconf 81' lang='grc' dir='ltr'>δὲ</span> <span class='ocrx_word' id='word_1_542' title='bbox 779 3616 997 3686; x_wconf 84' lang='grc' dir='ltr'>μερίδα,</span> <span class='ocrx_word' id='word_1_543' title='bbox 1035 3617 1307 3688; x_wconf 70' lang='grc' dir='ltr'>οἰκοδομεί</span> <span class='ocrx_word' id='word_1_544' title='bbox 1344 3619 1437 3673; x_wconf 75' lang='grc' dir='ltr'>τὸν</span> <span class='ocrx_word' id='word_1_545' title='bbox 1466 3619 1653 3680; x_wconf 77' lang='grc' dir='ltr'>τόπον,</span> <span class='ocrx_word' id='word_1_546' title='bbox 1688 3619 1750 3672; x_wconf 81' lang='grc' dir='ltr'><strong>όν</strong></span> <span class='ocrx_word' id='word_1_547' title='bbox 1774 3619 1988 3689; x_wconf 74' lang='grc' dir='ltr'>εἴληφε,</span> 
     </span>
    </p>
   </div>
   <div class='ocr_carea' id='block_1_72' title="bbox 416 3702 1991 3780">
    <p class='ocr_par' dir='ltr' id='par_1_72' title="bbox 416 3702 1991 3780">
     <span class='ocr_line' id='line_1_72' title="bbox 416 3702 1991 3780; baseline 0.006 -27"><span class='ocrx_word' id='word_1_548' title='bbox 416 3702 636 3772; x_wconf 86' lang='grc' dir='ltr'>κοσμῶν</span> <span class='ocrx_word' id='word_1_549' title='bbox 659 3704 844 3770; x_wconf 79' lang='grc' dir='ltr'>αὐτὸν,</span> <span class='ocrx_word' id='word_1_550' title='bbox 868 3704 943 3770; x_wconf 84' lang='grc' dir='ltr'>ὡς</span> <span class='ocrx_word' id='word_1_551' title='bbox 976 3706 1042 3760; x_wconf 83' lang='grc' dir='ltr'>ἂν</span> <span class='ocrx_word' id='word_1_552' title='bbox 1069 3709 1319 3777; x_wconf 82' lang='grc' dir='ltr'>ποιήσειε</span> <span class='ocrx_word' id='word_1_553' title='bbox 1360 3709 1564 3778; x_wconf 79' lang='grc' dir='ltr'>κλῆρον</span> <span class='ocrx_word' id='word_1_554' title='bbox 1595 3708 1747 3773; x_wconf 69' lang='grc' dir='ltr'>ἄξιον</span> <span class='ocrx_word' id='word_1_555' title='bbox 1777 3710 1991 3780; x_wconf 86' lang='grc' dir='ltr'>μερίδος</span> 
     </span>
    </p>
   </div>
   <div class='ocr_carea' id='block_1_73' title="bbox 414 3794 1992 3870">
    <p class='ocr_par' dir='ltr' id='par_1_73' title="bbox 414 3794 1992 3870">
     <span class='ocr_line' id='line_1_73' title="bbox 414 3794 1992 3870; baseline 0.003 -23"><span class='ocrx_word' id='word_1_556' title='bbox 414 3794 573 3848; x_wconf 83' lang='grc' dir='ltr'>Θεοῦ.</span> <span class='ocrx_word' id='word_1_557' title='bbox 608 3796 718 3849; x_wconf 80' lang='grc' dir='ltr'><strong>Καὶ</strong></span> <span class='ocrx_word' id='word_1_558' title='bbox 747 3798 854 3859; x_wconf 76' lang='grc' dir='ltr'>πᾶς</span> <span class='ocrx_word' id='word_1_559' title='bbox 875 3797 932 3850; x_wconf 80' lang='grc' dir='ltr'><strong>δὲ</strong></span> <span class='ocrx_word' id='word_1_560' title='bbox 960 3798 988 3850; x_wconf 89' lang='grc' dir='ltr'><strong>ό</strong></span> <span class='ocrx_word' id='word_1_561' title='bbox 1016 3796 1222 3867; x_wconf 73' lang='grc' dir='ltr'>ἀληθὴς</span> <span class='ocrx_word' id='word_1_562' title='bbox 1255 3797 1381 3862; x_wconf 78' lang='grc' dir='ltr'>λαὸς</span> <span class='ocrx_word' id='word_1_563' title='bbox 1430 3798 1617 3852; x_wconf 87' lang='grc' dir='ltr'>δίδωσι.</span> <span class='ocrx_word' id='word_1_564' title='bbox 1650 3799 1729 3870; x_wconf 78' lang='grc' dir='ltr'><strong>τῷ</strong></span> <span class='ocrx_word' id='word_1_565' title='bbox 1753 3798 1992 3869; x_wconf 79' lang='grc' dir='ltr'>ἀληθινῷ</span> 
     </span>
    </p>
   </div>
   <div class='ocr_carea' id='block_1_74' title="bbox 428 3884 1990 3961">
    <p class='ocr_par' dir='ltr' id='par_1_74' title="bbox 428 3884 1990 3961">
     <span class='ocr_line' id='line_1_74' title="bbox 428 3884 1990 3961; baseline 0.003 -22"><span class='ocrx_word' id='word_1_566' title='bbox 428 3884 604 3956; x_wconf 83' lang='grc' dir='ltr'>Ἰησοῦ</span> <span class='ocrx_word' id='word_1_567' title='bbox 635 3887 798 3942; x_wconf 85' lang='grc' dir='ltr'>τόπον</span> <span class='ocrx_word' id='word_1_568' title='bbox 822 3890 1092 3959; x_wconf 77' lang='grc' dir='ltr'>οἰκήσεως</span> <span class='ocrx_word' id='word_1_569' title='bbox 1115 3889 1231 3958; x_wconf 72' lang='grc' dir='ltr'><strong>ἅμα</strong></span> <span class='ocrx_word' id='word_1_570' title='bbox 1259 3889 1428 3961; x_wconf 73' lang='grc' dir='ltr'>αὐτῷ.</span> <span class='ocrx_word' id='word_1_571' title='bbox 1476 3891 1574 3942; x_wconf 81' lang='grc' dir='ltr'>Ὃν</span> <span class='ocrx_word' id='word_1_572' title='bbox 1606 3889 1809 3955; x_wconf 79' lang='grc' dir='ltr'>λαϐὼν,</span> <span class='ocrx_word' id='word_1_573' title='bbox 1842 3892 1990 3944; x_wconf 78' lang='grc' dir='ltr'>οίκοο</span> 
     </span>
    </p>
   </div>
   <div class='ocr_carea' id='block_1_75' title="bbox 414 3973 1994 4051">
    <p class='ocr_par' dir='ltr' id='par_1_75' title="bbox 414 3973 1994 4051">
     <span class='ocr_line' id='line_1_75' title="bbox 414 3973 1994 4051; baseline 0.002 -24"><span class='ocrx_word' id='word_1_574' title='bbox 414 3973 572 4046; x_wconf 80' lang='grc' dir='ltr'>δομεϊ</span> <span class='ocrx_word' id='word_1_575' title='bbox 616 3976 710 4030; x_wconf 76' lang='grc' dir='ltr'><strong>καὶ</strong></span> <span class='ocrx_word' id='word_1_576' title='bbox 760 3979 990 4048; x_wconf 77' lang='grc' dir='ltr'>κοσμεῖ,</span> <span class='ocrx_word' id='word_1_577' title='bbox 1043 3976 1331 4048; x_wconf 81' lang='grc' dir='ltr'>κρείττονα</span> <span class='ocrx_word' id='word_1_578' title='bbox 1378 3975 1550 4032; x_wconf 85' lang='grc' dir='ltr'>ποιῶν</span> <span class='ocrx_word' id='word_1_579' title='bbox 1594 3978 1629 4051; x_wconf 79' lang='grc' dir='ltr'>ἢ</span> <span class='ocrx_word' id='word_1_580' title='bbox 1684 3977 1994 4050; x_wconf 75' lang='grc' dir='ltr'>παρέλαϐεν</span> 
     </span>
    </p>
   </div>
   <div class='ocr_carea' id='block_1_76' title="bbox 414 4066 1370 4139">
    <p class='ocr_par' dir='ltr' id='par_1_76' title="bbox 414 4066 1370 4139">
     <span class='ocr_line' id='line_1_76' title="bbox 414 4066 1370 4139; baseline 0.003 -18"><span class='ocrx_word' id='word_1_581' title='bbox 414 4066 645 4122; x_wconf 68' lang='grc' dir='ltr'>ἕκαστον</span> <span class='ocrx_word' id='word_1_582' title='bbox 665 4067 832 4123; x_wconf 81' lang='grc' dir='ltr'>αὐτοῦ</span> <span class='ocrx_word' id='word_1_583' title='bbox 863 4067 1030 4122; x_wconf 85' lang='grc' dir='ltr'>τόπον</span> <span class='ocrx_word' id='word_1_584' title='bbox 1055 4067 1370 4139; x_wconf 80' lang='grc' dir='ltr'>γενόμενον.</span> 
     </span>
    </p>
   </div>
   <div class='ocr_carea' id='block_1_77' title="bbox 488 4330 1997 4403">
    <p class='ocr_par' dir='ltr' id='par_1_77' title="bbox 488 4330 1997 4403">
     <span class='ocr_line' id='line_1_77' title="bbox 488 4330 1997 4403; baseline 0.006 -18"><span class='ocrx_word' id='word_1_585' title='bbox 488 4331 597 4385; x_wconf 77' lang='grc' dir='ltr'><strong>Καὶ</strong></span> <span class='ocrx_word' id='word_1_586' title='bbox 650 4332 682 4384; x_wconf 91' lang='grc' dir='ltr'><strong>ό</strong></span> <span class='ocrx_word' id='word_1_587' title='bbox 731 4330 1078 4400; x_wconf 76' lang='grc' dir='ltr'>Ἀμορῤαῖος</span> <span class='ocrx_word' id='word_1_588' title='bbox 1136 4334 1420 4403; x_wconf 75' lang='grc' dir='ltr'>ὑπέμεινε</span> <span class='ocrx_word' id='word_1_589' title='bbox 1468 4337 1575 4392; x_wconf 82' lang='grc' dir='ltr'><strong>τοῦ</strong></span> <span class='ocrx_word' id='word_1_590' title='bbox 1600 4341 1997 4394; x_wconf 76' lang='grc' dir='ltr'>κατοικεῖν-ἐν</span> 
     </span>
    </p>
   </div>
   <div class='ocr_carea' id='block_1_78' title="bbox 417 4420 1995 4500">
    <p class='ocr_par' dir='ltr' id='par_1_78' title="bbox 417 4420 1995 4500">
     <span class='ocr_line' id='line_1_78' title="bbox 417 4420 1995 4500; baseline 0.006 -26"><span class='ocrx_word' id='word_1_591' title='bbox 417 4420 619 4489; x_wconf 56' lang='lat' dir='ltr'><strong>Allia]:</strong></span> <span class='ocrx_word' id='word_1_592' title='bbox 646 4420 781 4490; x_wconf 72' lang='grc'><strong>(45),</strong></span> <span class='ocrx_word' id='word_1_593' title='bbox 806 4422 903 4475; x_wconf 79' lang='grc' dir='ltr'>καὶ</span> <span class='ocrx_word' id='word_1_594' title='bbox 933 4423 1003 4476; x_wconf 81' lang='grc' dir='ltr'>ἐν</span> <span class='ocrx_word' id='word_1_595' title='bbox 1030 4425 1299 4494; x_wconf 73' lang='grc' dir='ltr'>Σαλαμίν</span> <span class='ocrx_word' id='word_1_596' title='bbox 1324 4440 1341 4456; x_wconf 83' lang='grc'><em>’</em></span> <span class='ocrx_word' id='word_1_597' title='bbox 1369 4424 1468 4483; x_wconf 71' lang='grc' dir='ltr'>καὶ</span> <span class='ocrx_word' id='word_1_598' title='bbox 1485 4426 1782 4498; x_wconf 75' lang='grc' dir='ltr'>ἐϐαρύνθη</span> <span class='ocrx_word' id='word_1_599' title='bbox 1809 4430 1848 4499; x_wconf 79' lang='grc' dir='ltr'><strong><em>ή</em></strong></span> <span class='ocrx_word' id='word_1_600' title='bbox 1866 4431 1995 4500; x_wconf 80' lang='grc' dir='ltr'>χεὶρ</span> 
     </span>
    </p>
   </div>
   <div class='ocr_carea' id='block_1_79' title="bbox 418 4511 1205 4581">
    <p class='ocr_par' dir='ltr' id='par_1_79' title="bbox 418 4511 1205 4581">
     <span class='ocr_line' id='line_1_79' title="bbox 418 4511 1205 4581; baseline 0.009 -17"><span class='ocrx_word' id='word_1_601' title='bbox 418 4511 523 4566; x_wconf 78' lang='grc' dir='ltr'><strong>τοῦ</strong></span> <span class='ocrx_word' id='word_1_602' title='bbox 555 4512 803 4581; x_wconf 71' lang='grc' dir='ltr'>Ἑφραῒμ</span> <span class='ocrx_word' id='word_1_603' title='bbox 833 4512 927 4565; x_wconf 79' lang='grc' dir='ltr'><strong>ἐπ’</strong></span> <span class='ocrx_word' id='word_1_604' title='bbox 961 4516 1205 4581; x_wconf 81' lang='grc' dir='ltr'>αὐτούς.</span> 
     </span>
    </p>
   </div>
   <div class='ocr_carea' id='block_1_80' title="bbox 500 4602 1991 4683">
    <p class='ocr_par' dir='ltr' id='par_1_80' title="bbox 500 4602 1991 4683">
     <span class='ocr_line' id='line_1_80' title="bbox 500 4602 1991 4683; baseline 0.011 -31"><span class='ocrx_word' id='word_1_605' title='bbox 500 4602 828 4673; x_wconf 76' lang='grc' dir='ltr'>Ἀμορραῖος</span> <span class='ocrx_word' id='word_1_606' title='bbox 886 4602 1251 4674; x_wconf 77' lang='grc' dir='ltr'>ἑρμηνεύεται</span> <span class='ocrx_word' id='word_1_607' title='bbox 1287 4612 1321 4664; x_wconf 82' lang='grc' dir='ltr'><strong>ό</strong></span> <span class='ocrx_word' id='word_1_608' title='bbox 1372 4611 1728 4683; x_wconf 48' lang='lat' dir='ltr'><strong>summa</strong></span> <span class='ocrx_word' id='word_1_609' title='bbox 1786 4615 1819 4666; x_wconf 81' lang='grc' dir='ltr'><em>ὁ</em></span> <span class='ocrx_word' id='word_1_610' title='bbox 1857 4628 1991 4667; x_wconf 71' lang='lat' dir='ltr'><strong>am-</strong></span> 
     </span>
    </p>
   </div>
   <div class='ocr_carea' id='block_1_81' title="bbox 410 4692 1992 4777">
    <p class='ocr_par' dir='ltr' id='par_1_81' title="bbox 410 4692 1992 4777">
     <span class='ocr_line' id='line_1_81' title="bbox 410 4692 1992 4777; baseline 0.008 -31"><span class='ocrx_word' id='word_1_611' title='bbox 410 4692 657 4761; x_wconf 66' lang='grc' dir='ltr'>βαίνων.</span> <span class='ocrx_word' id='word_1_612' title='bbox 722 4693 890 4763; x_wconf 78' lang='grc' dir='ltr'>Δῆλον</span> <span class='ocrx_word' id='word_1_613' title='bbox 931 4695 1024 4758; x_wconf 86' lang='grc' dir='ltr'>δὲ,</span> <span class='ocrx_word' id='word_1_614' title='bbox 1084 4697 1159 4762; x_wconf 77' lang='grc' dir='ltr'>ὡς</span> <span class='ocrx_word' id='word_1_615' title='bbox 1221 4701 1271 4753; x_wconf 79' lang='grc' dir='ltr'>οἱ</span> <span class='ocrx_word' id='word_1_616' title='bbox 1331 4701 1552 4767; x_wconf 88' lang='grc' dir='ltr'>πλείους</span> <span class='ocrx_word' id='word_1_617' title='bbox 1609 4703 1719 4757; x_wconf 84' lang='grc' dir='ltr'>τῶν</span> <span class='ocrx_word' id='word_1_618' title='bbox 1778 4703 1992 4777; x_wconf 83' lang='grc' dir='ltr'>ἀνθρώ-</span> 
     </span>
    </p>
   </div>
   <div class='ocr_carea' id='block_1_82' title="bbox 420 4782 1993 4864">
    <p class='ocr_par' dir='ltr' id='par_1_82' title="bbox 420 4782 1993 4864">
     <span class='ocr_line' id='line_1_82' title="bbox 420 4782 1993 4864; baseline 0.01 -30"><span class='ocrx_word' id='word_1_619' title='bbox 420 4800 534 4836; x_wconf 88' lang='grc' dir='ltr'><strong>πων</strong></span> <span class='ocrx_word' id='word_1_620' title='bbox 586 4782 810 4837; x_wconf 81' lang='grc' dir='ltr'>λαλοῦσι</span> <span class='ocrx_word' id='word_1_621' title='bbox 866 4787 996 4857; x_wconf 77' lang='grc' dir='ltr'>περὶ</span> <span class='ocrx_word' id='word_1_622' title='bbox 1069 4791 1325 4862; x_wconf 84' lang='grc' dir='ltr'>χειρόνων</span> <span class='ocrx_word' id='word_1_623' title='bbox 1372 4794 1680 4864; x_wconf 83' lang='grc' dir='ltr'>δυνάμεων,</span> <span class='ocrx_word' id='word_1_624' title='bbox 1733 4796 1889 4849; x_wconf 79' lang='grc' dir='ltr'>οὐδὲν</span> <span class='ocrx_word' id='word_1_625' title='bbox 1934 4797 1993 4850; x_wconf 72' lang='grc' dir='ltr'><strong>δὲ</strong></span> 
     </span>
    </p>
   </div>
   <div class='ocr_carea' id='block_1_83' title="bbox 419 4873 1995 4953">
    <p class='ocr_par' dir='ltr' id='par_1_83' title="bbox 419 4873 1995 4953">
     <span class='ocr_line' id='line_1_83' title="bbox 419 4873 1995 4953; baseline 0.01 -28"><span class='ocrx_word' id='word_1_626' title='bbox 419 4874 551 4944; x_wconf 74' lang='grc' dir='ltr'>περὶ</span> <span class='ocrx_word' id='word_1_627' title='bbox 595 4873 752 4928; x_wconf 86' lang='grc' dir='ltr'>Θεοῦ.</span> <span class='ocrx_word' id='word_1_628' title='bbox 805 4876 1013 4941; x_wconf 77' lang='grc' dir='ltr'>Οἴτινες</span> <span class='ocrx_word' id='word_1_629' title='bbox 1044 4880 1137 4933; x_wconf 76' lang='grc' dir='ltr'>καὶ</span> <span class='ocrx_word' id='word_1_630' title='bbox 1192 4884 1575 4953; x_wconf 83' lang='grc' dir='ltr'>πικραίνουσι·</span> <span class='ocrx_word' id='word_1_631' title='bbox 1626 4885 1677 4940; x_wconf 78' lang='grc' dir='ltr'>οἳ</span> <span class='ocrx_word' id='word_1_632' title='bbox 1703 4887 1798 4940; x_wconf 70' lang='grc' dir='ltr'><strong>καὶ</strong></span> <span class='ocrx_word' id='word_1_633' title='bbox 1858 4887 1995 4940; x_wconf 88' lang='grc' dir='ltr'>ὑπο-</span> 
     </span>
    </p>
   </div>
   <div class='ocr_carea' id='block_1_84' title="bbox 422 4966 1993 5049">
    <p class='ocr_par' dir='ltr' id='par_1_84' title="bbox 422 4966 1993 5049">
     <span class='ocr_line' id='line_1_84' title="bbox 422 4966 1993 5049; baseline 0.011 -33"><span class='ocrx_word' id='word_1_634' title='bbox 422 4966 673 5035; x_wconf 82' lang='grc' dir='ltr'>μένουσιν</span> <span class='ocrx_word' id='word_1_635' title='bbox 741 4967 910 5021; x_wconf 86' lang='grc' dir='ltr'>οἰκεῖν</span> <span class='ocrx_word' id='word_1_636' title='bbox 971 4971 1029 5024; x_wconf 92' lang='grc' dir='ltr'><strong>ἐν</strong></span> <span class='ocrx_word' id='word_1_637' title='bbox 1083 4972 1198 5035; x_wconf 81' lang='grc' dir='ltr'>τοῖς</span> <span class='ocrx_word' id='word_1_638' title='bbox 1269 4976 1661 5048; x_wconf 75' lang='grc' dir='ltr'>κεκριωμένοις</span> <span class='ocrx_word' id='word_1_639' title='bbox 1714 4977 1825 5049; x_wconf 69' lang='grc' dir='ltr'><strong>(ιϐ)</strong></span> <span class='ocrx_word' id='word_1_640' title='bbox 1873 4978 1993 5033; x_wconf 68' lang='grc' dir='ltr'>ἐθέ-</span> 
     </span>
    </p>
   </div>
   <div class='ocr_carea' id='block_1_85' title="bbox 418 5055 1989 5140">
    <p class='ocr_par' dir='ltr' id='par_1_85' title="bbox 418 5055 1989 5140">
     <span class='ocr_line' id='line_1_85' title="bbox 418 5055 1989 5140; baseline 0.01 -34"><span class='ocrx_word' id='word_1_641' title='bbox 418 5055 634 5118; x_wconf 80' lang='grc' dir='ltr'><strong>λοντες⁹</strong></span> <span class='ocrx_word' id='word_1_642' title='bbox 675 5055 706 5108; x_wconf 81' lang='grc' dir='ltr'><strong>ὃ</strong></span> <span class='ocrx_word' id='word_1_643' title='bbox 729 5055 881 5127; x_wconf 80' lang='grc' dir='ltr'>δηλοῖ</span> <span class='ocrx_word' id='word_1_644' title='bbox 932 5059 990 5112; x_wconf 88' lang='grc' dir='ltr'>τὸ</span> <span class='ocrx_word' id='word_1_645' title='bbox 1028 5059 1242 5131; x_wconf 79' lang='grc' dir='ltr'><strong>Ἐλώμ’</strong></span> <span class='ocrx_word' id='word_1_646' title='bbox 1277 5065 1372 5116; x_wconf 82' lang='grc' dir='ltr'>καὶ</span> <span class='ocrx_word' id='word_1_647' title='bbox 1400 5067 1457 5120; x_wconf 77' lang='grc' dir='ltr'><strong>ἐν</strong></span> <span class='ocrx_word' id='word_1_648' title='bbox 1502 5069 1615 5131; x_wconf 81' lang='grc' dir='ltr'>τοῖς</span> <span class='ocrx_word' id='word_1_649' title='bbox 1655 5068 1949 5140; x_wconf 74' lang='grc' dir='ltr'>εἰρηνικοῖς</span> <span class='ocrx_word' id='word_1_650' title='bbox 1976 5087 1989 5102; x_wconf 82' lang='grc' dir='ltr'><strong>ο</strong></span> 
     </span>
    </p>
   </div>
   <div class='ocr_carea' id='block_1_86' title="bbox 491 5231 1985 5308">
    <p class='ocr_par' dir='ltr' id='par_1_86' title="bbox 491 5231 1985 5308">
     <span class='ocr_line' id='line_1_86' title="bbox 491 5231 1985 5308; baseline 0.006 -25"><span class='ocrx_word' id='word_1_651' title='bbox 491 5233 535 5264; x_wconf 83' lang='grc'><strong>³⁷</strong></span> <span class='ocrx_word' id='word_1_652' title='bbox 564 5231 767 5308; x_wconf 80' lang='lat' dir='ltr'><strong>L&#39;phes.</strong></span> <span class='ocrx_word' id='word_1_653' title='bbox 798 5232 953 5299; x_wconf 74' lang='grc' dir='ltr'>ι,11,</span> <span class='ocrx_word' id='word_1_654' title='bbox 988 5233 1073 5288; x_wconf 70' lang='grc'><strong>12.</strong></span> <span class='ocrx_word' id='word_1_655' title='bbox 1154 5235 1199 5267; x_wconf 87' lang='grc'><em>³⁸</em></span> <span class='ocrx_word' id='word_1_656' title='bbox 1221 5236 1433 5296; x_wconf 84' lang='lat' dir='ltr'><strong>Coloss.</strong></span> <span class='ocrx_word' id='word_1_657' title='bbox 1468 5255 1509 5304; x_wconf 86' lang='grc' dir='ltr'><strong>ι,</strong></span> <span class='ocrx_word' id='word_1_658' title='bbox 1554 5238 1641 5293; x_wconf 77' lang='lat' dir='ltr'><strong>I2.</strong></span> <span class='ocrx_word' id='word_1_659' title='bbox 1720 5241 1764 5273; x_wconf 81' lang='lat'>&quot;</span> <span class='ocrx_word' id='word_1_660' title='bbox 1797 5243 1950 5296; x_wconf 75' lang='lat' dir='ltr'><strong>Deut.</strong></span> <span class='ocrx_word' id='word_1_661' title='bbox 1983 5259 1985 5292; x_wconf 75' lang='grc' dir='ltr'><strong><em>ς</em></strong></span> 
     </span>
    </p>
   </div>
   <div class='ocr_carea' id='block_1_87' title="bbox 2096 5231 2835 5308">
    <p class='ocr_par' dir='ltr' id='par_1_87' title="bbox 2096 5240 2835 5308">
     <span class='ocr_line' id='line_1_87' title="bbox 2096 5240 2835 5308; baseline 0.009 -13"><span class='ocrx_word' id='word_1_662' title='bbox 2096 5257 2155 5305; x_wconf 86' lang='grc' dir='ltr'><strong>ιι,</strong></span> <span class='ocrx_word' id='word_1_663' title='bbox 2189 5240 2241 5296; x_wconf 91' lang='lat'><strong>8.</strong></span> <span class='ocrx_word' id='word_1_664' title='bbox 2320 5242 2365 5273; x_wconf 74' lang='grc' dir='ltr'><strong>⁸ο</strong></span> <span class='ocrx_word' id='word_1_665' title='bbox 2408 5241 2573 5297; x_wconf 81' lang='lat' dir='ltr'><strong>Hebr.</strong></span> <span class='ocrx_word' id='word_1_666' title='bbox 2619 5259 2718 5308; x_wconf 80' lang='lat' dir='ltr'><strong>xu,</strong></span> <span class='ocrx_word' id='word_1_667' title='bbox 2744 5244 2835 5302; x_wconf 72' lang='grc'><strong>22.</strong></span> 
     </span>
    </p>
   </div>
   <div class='ocr_carea' id='block_1_88' title="bbox 419 5302 771 5366">
    <p class='ocr_par' dir='ltr' id='par_1_88' title="bbox 419 5302 771 5366">
     <span class='ocr_line' id='line_1_88' title="bbox 419 5302 771 5366; baseline -0.009 -9"><span class='ocrx_word' id='word_1_668' title='bbox 419 5302 771 5366; x_wconf 78' lang='lat' dir='ltr'><strong>ch.xxxu,l.</strong></span> 
     </span>
    </p>
   </div>
   <div class='ocr_carea' id='block_1_89' title="bbox 2090 3337 3664 3412">
    <p class='ocr_par' dir='ltr' id='par_1_89' title="bbox 2090 3337 3664 3412">
     <span class='ocr_line' id='line_1_89' title="bbox 2090 3337 3664 3412; baseline -0.001 -16"><span class='ocrx_word' id='word_1_669' title='bbox 2090 3349 2374 3411; x_wconf 87' lang='lat' dir='ltr'><strong>postremo</strong></span> <span class='ocrx_word' id='word_1_670' title='bbox 2421 3339 2684 3412; x_wconf 71' lang='lat' dir='ltr'><strong>accipiat.</strong></span> <span class='ocrx_word' id='word_1_671' title='bbox 2736 3337 2858 3408; x_wconf 86' lang='lat' dir='ltr'><strong>Quo</strong></span> <span class='ocrx_word' id='word_1_672' title='bbox 2917 3339 3177 3396; x_wconf 86' lang='lat' dir='ltr'><strong>videlicet</strong></span> <span class='ocrx_word' id='word_1_673' title='bbox 3209 3356 3398 3396; x_wconf 86' lang='lat' dir='ltr'><strong>revera</strong></span> <span class='ocrx_word' id='word_1_674' title='bbox 3417 3343 3664 3397; x_wconf 88' lang='lat' dir='ltr'><strong>omnium</strong></span> 
     </span>
    </p>
   </div>
   <div class='ocr_carea' id='block_1_90' title="bbox 2091 3432 3663 3506">
    <p class='ocr_par' dir='ltr' id='par_1_90' title="bbox 2091 3432 3663 3506">
     <span class='ocr_line' id='line_1_90' title="bbox 2091 3432 3663 3506; baseline 0.001 -19"><span class='ocrx_word' id='word_1_675' title='bbox 2091 3434 2304 3505; x_wconf 84' lang='lat' dir='ltr'><strong>primus</strong></span> <span class='ocrx_word' id='word_1_676' title='bbox 2352 3432 2527 3489; x_wconf 80' lang='lat' dir='ltr'><strong>ﬂeret.</strong></span> <span class='ocrx_word' id='word_1_677' title='bbox 2590 3434 2715 3489; x_wconf 89' lang='lat' dir='ltr'><strong>Non</strong></span> <span class='ocrx_word' id='word_1_678' title='bbox 2780 3434 2925 3489; x_wconf 90' lang='lat' dir='ltr'><strong>enim</strong></span> <span class='ocrx_word' id='word_1_679' title='bbox 2983 3442 3192 3491; x_wconf 87' lang='lat' dir='ltr'><strong>temere</strong></span> <span class='ocrx_word' id='word_1_680' title='bbox 3246 3436 3663 3506; x_wconf 85' lang='lat' dir='ltr'><strong>pronuntiatum</strong></span> 
     </span>
    </p>
   </div>
   <div class='ocr_carea' id='block_1_91' title="bbox 2090 3522 3667 3597">
    <p class='ocr_par' dir='ltr' id='par_1_91' title="bbox 2090 3522 3667 3597">
     <span class='ocr_line' id='line_1_91' title="bbox 2090 3522 3667 3597; baseline 0.001 -19"><span class='ocrx_word' id='word_1_681' title='bbox 2090 3534 2217 3580; x_wconf 88' lang='lat' dir='ltr'><strong>est:</strong></span> <span class='ocrx_word' id='word_1_682' title='bbox 2252 3541 2271 3575; x_wconf 80' lang='grc' dir='ltr'><strong>ι</strong></span> <span class='ocrx_word' id='word_1_683' title='bbox 2323 3522 2600 3581; x_wconf 87' lang='lat' dir='ltr'><strong>Submitte</strong></span> <span class='ocrx_word' id='word_1_684' title='bbox 2624 3534 2675 3579; x_wconf 91' lang='lat' dir='ltr'><strong>te</strong></span> <span class='ocrx_word' id='word_1_685' title='bbox 2703 3540 2892 3581; x_wconf 80' lang='lat' dir='ltr'><strong>curam</strong></span> <span class='ocrx_word' id='word_1_686' title='bbox 2926 3524 3179 3588; x_wconf 85' lang='lat' dir='ltr'><strong>Domino.</strong></span> <span class='ocrx_word' id='word_1_687' title='bbox 3209 3533 3264 3581; x_wconf 87' lang='lat' dir='ltr'><strong>et</strong></span> <span class='ocrx_word' id='word_1_688' title='bbox 3312 3527 3667 3597; x_wconf 84' lang='lat' dir='ltr'><strong>comparabis</strong></span> 
     </span>
    </p>
   </div>
   <div class='ocr_carea' id='block_1_92' title="bbox 2091 3613 3669 3684">
    <p class='ocr_par' dir='ltr' id='par_1_92' title="bbox 2091 3613 3669 3684">
     <span class='ocr_line' id='line_1_92' title="bbox 2091 3613 3669 3684; baseline 0.003 -17"><span class='ocrx_word' id='word_1_689' title='bbox 2091 3614 2325 3684; x_wconf 76' lang='lat' dir='ltr'><strong>gratiam</strong></span> <span class='ocrx_word' id='word_1_690' title='bbox 2360 3614 2428 3667; x_wconf 70' lang='grc' dir='ltr'><strong>δ’.</strong></span> <span class='ocrx_word' id='word_1_691' title='bbox 2470 3633 2488 3664; x_wconf 71' lang='grc' dir='ltr'><strong>ι</strong></span> <span class='ocrx_word' id='word_1_692' title='bbox 2522 3615 2662 3668; x_wconf 89' lang='lat' dir='ltr'><strong>Illud</strong></span> <span class='ocrx_word' id='word_1_693' title='bbox 2694 3614 2825 3669; x_wconf 88' lang='lat' dir='ltr'><strong>item</strong></span> <span class='ocrx_word' id='word_1_694' title='bbox 2862 3632 2876 3668; x_wconf 90' lang='lat'><strong>:</strong></span> <span class='ocrx_word' id='word_1_695' title='bbox 2926 3631 2947 3666; x_wconf 87' lang='grc' dir='ltr'><strong>ι</strong></span> <span class='ocrx_word' id='word_1_696' title='bbox 3010 3613 3210 3669; x_wconf 89' lang='lat' dir='ltr'><strong>Ducem</strong></span> <span class='ocrx_word' id='word_1_697' title='bbox 3258 3625 3308 3669; x_wconf 91' lang='lat' dir='ltr'><strong>te</strong></span> <span class='ocrx_word' id='word_1_698' title='bbox 3359 3620 3669 3671; x_wconf 76' lang='lat' dir='ltr'><strong>constitue-</strong></span> 
     </span>
    </p>
   </div>
   <div class='ocr_carea' id='block_1_93' title="bbox 2091 3703 3666 3777">
    <p class='ocr_par' dir='ltr' id='par_1_93' title="bbox 2091 3703 3666 3777">
     <span class='ocr_line' id='line_1_93' title="bbox 2091 3703 3666 3777; baseline 0.003 -22"><span class='ocrx_word' id='word_1_699' title='bbox 2091 3712 2244 3767; x_wconf 87' lang='lat' dir='ltr'><strong>runt,</strong></span> <span class='ocrx_word' id='word_1_700' title='bbox 2281 3718 2348 3758; x_wconf 92' lang='lat' dir='ltr'><strong>ne</strong></span> <span class='ocrx_word' id='word_1_701' title='bbox 2364 3703 2647 3759; x_wconf 68' lang='lat' dir='ltr'><strong>elleraris:</strong></span> <span class='ocrx_word' id='word_1_702' title='bbox 2679 3704 2871 3774; x_wconf 75' lang='lat' dir='ltr'><strong>igitur,</strong></span> <span class='ocrx_word' id='word_1_703' title='bbox 2898 3720 3028 3774; x_wconf 76' lang='lat' dir='ltr'><strong>gere</strong></span> <span class='ocrx_word' id='word_1_704' title='bbox 3046 3713 3098 3760; x_wconf 92' lang='lat' dir='ltr'><strong>te</strong></span> <span class='ocrx_word' id='word_1_705' title='bbox 3122 3705 3267 3760; x_wconf 90' lang='lat' dir='ltr'><strong>inter</strong></span> <span class='ocrx_word' id='word_1_706' title='bbox 3285 3720 3383 3760; x_wconf 88' lang='lat' dir='ltr'><strong>eos</strong></span> <span class='ocrx_word' id='word_1_707' title='bbox 3408 3713 3666 3777; x_wconf 67' lang='lat' dir='ltr'><strong>tantulam</strong></span> 
     </span>
    </p>
   </div>
   <div class='ocr_carea' id='block_1_94' title="bbox 2094 3791 3667 3864">
    <p class='ocr_par' dir='ltr' id='par_1_94' title="bbox 2094 3791 3667 3864">
     <span class='ocr_line' id='line_1_94' title="bbox 2094 3791 3667 3864; baseline 0.004 -19"><span class='ocrx_word' id='word_1_708' title='bbox 2094 3791 2189 3845; x_wconf 90' lang='lat' dir='ltr'><strong>uni</strong></span> <span class='ocrx_word' id='word_1_709' title='bbox 2220 3806 2407 3845; x_wconf 89' lang='lat' dir='ltr'><strong>eorum</strong></span> <span class='ocrx_word' id='word_1_710' title='bbox 2429 3792 2663 3847; x_wconf 88' lang='lat' dir='ltr'><strong>similem</strong></span> <span class='ocrx_word' id='word_1_711' title='bbox 2698 3793 2768 3846; x_wconf 68' lang='grc' dir='ltr'><strong>δ’.</strong></span> <span class='ocrx_word' id='word_1_712' title='bbox 2810 3812 2829 3844; x_wconf 71' lang='grc' dir='ltr'><strong>ι</strong></span> <span class='ocrx_word' id='word_1_713' title='bbox 2856 3792 3074 3848; x_wconf 84' lang='lat' dir='ltr'><strong>Partem</strong></span> <span class='ocrx_word' id='word_1_714' title='bbox 3102 3808 3264 3864; x_wconf 87' lang='lat' dir='ltr'><strong>porro</strong></span> <span class='ocrx_word' id='word_1_715' title='bbox 3292 3810 3450 3849; x_wconf 82' lang='lat' dir='ltr'><strong>suam</strong></span> <span class='ocrx_word' id='word_1_716' title='bbox 3471 3803 3667 3851; x_wconf 85' lang='lat' dir='ltr'><strong>nactus</strong></span> 
     </span>
    </p>
   </div>
   <div class='ocr_carea' id='block_1_95' title="bbox 2093 3881 3668 3955">
    <p class='ocr_par' dir='ltr' id='par_1_95' title="bbox 2093 3881 3668 3955">
     <span class='ocr_line' id='line_1_95' title="bbox 2093 3881 3668 3955; baseline 0.001 -19"><span class='ocrx_word' id='word_1_717' title='bbox 2093 3881 2342 3938; x_wconf 82' lang='lat' dir='ltr'><strong>aediliciis</strong></span> <span class='ocrx_word' id='word_1_718' title='bbox 2401 3883 2580 3938; x_wconf 91' lang='lat' dir='ltr'><strong>locum</strong></span> <span class='ocrx_word' id='word_1_719' title='bbox 2641 3899 2804 3952; x_wconf 86' lang='lat' dir='ltr'><strong>quem</strong></span> <span class='ocrx_word' id='word_1_720' title='bbox 2863 3886 3093 3940; x_wconf 88' lang='lat' dir='ltr'><strong>sortitus</strong></span> <span class='ocrx_word' id='word_1_721' title='bbox 3145 3892 3230 3939; x_wconf 83' lang='lat' dir='ltr'><strong>est</strong></span> <span class='ocrx_word' id='word_1_722' title='bbox 3264 3887 3503 3950; x_wconf 81' lang='lat' dir='ltr'><strong>ornavit,</strong></span> <span class='ocrx_word' id='word_1_723' title='bbox 3559 3902 3668 3955; x_wconf 86' lang='lat' dir='ltr'><strong>quo</strong></span> 
     </span>
    </p>
   </div>
   <div class='ocr_carea' id='block_1_96' title="bbox 2094 3971 3669 4044">
    <p class='ocr_par' dir='ltr' id='par_1_96' title="bbox 2094 3971 3669 4044">
     <span class='ocr_line' id='line_1_96' title="bbox 2094 3971 3669 4044; baseline -0.001 -14"><span class='ocrx_word' id='word_1_724' title='bbox 2094 3981 2302 4030; x_wconf 64' lang='lat' dir='ltr'><strong>sortem</strong></span> <span class='ocrx_word' id='word_1_725' title='bbox 2334 3971 2519 4027; x_wconf 90' lang='lat' dir='ltr'><strong>divina</strong></span> <span class='ocrx_word' id='word_1_726' title='bbox 2552 3974 2816 4043; x_wconf 89' lang='lat' dir='ltr'><strong>portione</strong></span> <span class='ocrx_word' id='word_1_727' title='bbox 2853 3976 3076 4044; x_wconf 80' lang='lat' dir='ltr'><strong>dignam</strong></span> <span class='ocrx_word' id='word_1_728' title='bbox 3122 3974 3380 4031; x_wconf 73' lang='lat' dir='ltr'><strong>alliceret.</strong></span> <span class='ocrx_word' id='word_1_729' title='bbox 3415 3976 3559 4041; x_wconf 82' lang='lat' dir='ltr'><strong>Quin</strong></span> <span class='ocrx_word' id='word_1_730' title='bbox 3614 3984 3669 4031; x_wconf 87' lang='lat' dir='ltr'><strong>et</strong></span> 
     </span>
    </p>
   </div>
   <div class='ocr_carea' id='block_1_97' title="bbox 2095 4064 3665 4135">
    <p class='ocr_par' dir='ltr' id='par_1_97' title="bbox 2095 4064 3665 4135">
     <span class='ocr_line' id='line_1_97' title="bbox 2095 4064 3665 4135; baseline 0.003 -16"><span class='ocrx_word' id='word_1_731' title='bbox 2095 4064 2273 4120; x_wconf 87' lang='lat' dir='ltr'><strong>omnis</strong></span> <span class='ocrx_word' id='word_1_732' title='bbox 2297 4079 2463 4120; x_wconf 87' lang='lat' dir='ltr'><strong>verus</strong></span> <span class='ocrx_word' id='word_1_733' title='bbox 2501 4065 2742 4135; x_wconf 86' lang='lat' dir='ltr'><strong>populus</strong></span> <span class='ocrx_word' id='word_1_734' title='bbox 2773 4081 2903 4121; x_wconf 89' lang='lat' dir='ltr'><strong>vero</strong></span> <span class='ocrx_word' id='word_1_735' title='bbox 2922 4064 3103 4127; x_wconf 63' lang='lat' dir='ltr'><strong>Iosue,</strong></span> <span class='ocrx_word' id='word_1_736' title='bbox 3138 4066 3322 4122; x_wconf 85' lang='lat' dir='ltr'><strong>locum</strong></span> <span class='ocrx_word' id='word_1_737' title='bbox 3384 4066 3665 4123; x_wconf 80' lang='lat' dir='ltr'><strong>habitandi</strong></span> 
     </span>
    </p>
   </div>
   <div class='ocr_carea' id='block_1_98' title="bbox 2095 4153 3670 4228">
    <p class='ocr_par' dir='ltr' id='par_1_98' title="bbox 2095 4153 3670 4228">
     <span class='ocr_line' id='line_1_98' title="bbox 2095 4153 3670 4228; baseline 0 -18"><span class='ocrx_word' id='word_1_738' title='bbox 2095 4170 2283 4211; x_wconf 90' lang='lat' dir='ltr'><strong>secum</strong></span> <span class='ocrx_word' id='word_1_739' title='bbox 2334 4154 2607 4211; x_wconf 85' lang='lat' dir='ltr'><strong>concedit.</strong></span> <span class='ocrx_word' id='word_1_740' title='bbox 2649 4153 2823 4221; x_wconf 86' lang='lat' dir='ltr'><strong>Quem</strong></span> <span class='ocrx_word' id='word_1_741' title='bbox 2876 4156 2970 4210; x_wconf 89' lang='lat' dir='ltr'><strong>ubi</strong></span> <span class='ocrx_word' id='word_1_742' title='bbox 3006 4157 3243 4228; x_wconf 84' lang='lat' dir='ltr'><strong>accepit,</strong></span> <span class='ocrx_word' id='word_1_743' title='bbox 3293 4157 3552 4223; x_wconf 64' lang='lat' dir='ltr'><strong>mdiﬁcat,</strong></span> <span class='ocrx_word' id='word_1_744' title='bbox 3616 4167 3670 4212; x_wconf 93' lang='lat' dir='ltr'><strong>et</strong></span> 
     </span>
    </p>
   </div>
   <div class='ocr_carea' id='block_1_99' title="bbox 2094 4244 3005 4317">
    <p class='ocr_par' dir='ltr' id='par_1_99' title="bbox 2094 4244 3005 4317">
     <span class='ocr_line' id='line_1_99' title="bbox 2094 4244 3005 4317; baseline -0.001 -15"><span class='ocrx_word' id='word_1_745' title='bbox 2094 4255 2347 4312; x_wconf 78' lang='lat' dir='ltr'><strong>exornat,</strong></span> <span class='ocrx_word' id='word_1_746' title='bbox 2382 4244 2776 4317; x_wconf 88' lang='lat' dir='ltr'><strong>melioremque</strong></span> <span class='ocrx_word' id='word_1_747' title='bbox 2806 4248 3005 4303; x_wconf 87' lang='lat' dir='ltr'><strong>reddit.</strong></span> 
     </span>
    </p>
   </div>
   <div class='ocr_carea' id='block_1_100' title="bbox 2167 4334 3669 4409">
    <p class='ocr_par' dir='ltr' id='par_1_100' title="bbox 2167 4334 3669 4409">
     <span class='ocr_line' id='line_1_100' title="bbox 2167 4334 3669 4409; baseline 0.004 -18"><span class='ocrx_word' id='word_1_748' title='bbox 2167 4334 2236 4391; x_wconf 86' lang='lat' dir='ltr'><strong>Et</strong></span> <span class='ocrx_word' id='word_1_749' title='bbox 2266 4336 2611 4392; x_wconf 75' lang='lat' dir='ltr'><strong>Amorrhwus</strong></span> <span class='ocrx_word' id='word_1_750' title='bbox 2644 4340 2899 4394; x_wconf 75' lang='lat' dir='ltr'><strong>sustinuit</strong></span> <span class='ocrx_word' id='word_1_751' title='bbox 2946 4340 3188 4397; x_wconf 84' lang='lat' dir='ltr'><strong>habitare</strong></span> <span class='ocrx_word' id='word_1_752' title='bbox 3232 4344 3287 4396; x_wconf 83' lang='lat' dir='ltr'><strong>in</strong></span> <span class='ocrx_word' id='word_1_753' title='bbox 3313 4341 3489 4409; x_wconf 84' lang='lat' dir='ltr'><strong>Elom,</strong></span> <span class='ocrx_word' id='word_1_754' title='bbox 3526 4354 3577 4398; x_wconf 83' lang='lat' dir='ltr'><strong>et</strong></span> <span class='ocrx_word' id='word_1_755' title='bbox 3618 4346 3669 4398; x_wconf 83' lang='lat' dir='ltr'><strong>in</strong></span> 
     </span>
    </p>
   </div>
   <div class='ocr_carea' id='block_1_101' title="bbox 2097 4427 3672 4506">
    <p class='ocr_par' dir='ltr' id='par_1_101' title="bbox 2097 4427 3672 4506">
     <span class='ocr_line' id='line_1_101' title="bbox 2097 4427 3672 4506; baseline 0.003 -21"><span class='ocrx_word' id='word_1_756' title='bbox 2097 4427 2363 4494; x_wconf 81' lang='lat' dir='ltr'><strong>Salamin,</strong></span> <span class='ocrx_word' id='word_1_757' title='bbox 2390 4439 2441 4482; x_wconf 80' lang='lat' dir='ltr'><strong>et</strong></span> <span class='ocrx_word' id='word_1_758' title='bbox 2468 4440 2759 4501; x_wconf 83' lang='lat' dir='ltr'><strong>aggravata</strong></span> <span class='ocrx_word' id='word_1_759' title='bbox 2798 4440 2879 4487; x_wconf 78' lang='lat' dir='ltr'><strong>est</strong></span> <span class='ocrx_word' id='word_1_760' title='bbox 2943 4450 3131 4489; x_wconf 77' lang='lat' dir='ltr'><strong>manus</strong></span> <span class='ocrx_word' id='word_1_761' title='bbox 3192 4433 3451 4504; x_wconf 79' lang='lat' dir='ltr'><strong>Ephraim</strong></span> <span class='ocrx_word' id='word_1_762' title='bbox 3513 4453 3672 4506; x_wconf 81' lang='lat' dir='ltr'><strong>super</strong></span> 
     </span>
    </p>
   </div>
   <div class='ocr_carea' id='block_1_102' title="bbox 2102 4517 2518 4590">
    <p class='ocr_par' dir='ltr' id='par_1_102' title="bbox 2102 4517 2518 4590">
     <span class='ocr_line' id='line_1_102' title="bbox 2102 4517 2518 4590; baseline 0.005 -18"><span class='ocrx_word' id='word_1_763' title='bbox 2102 4535 2190 4573; x_wconf 77' lang='lat' dir='ltr'><strong>eos</strong></span> <span class='ocrx_word' id='word_1_764' title='bbox 2221 4517 2365 4590; x_wconf 75' lang='lat' dir='ltr'><strong>[XX,</strong></span> <span class='ocrx_word' id='word_1_765' title='bbox 2405 4517 2518 4590; x_wconf 72' lang='grc'><strong>47].</strong></span> 
     </span>
    </p>
   </div>
   <div class='ocr_carea' id='block_1_103' title="bbox 2167 4614 3675 4688">
    <p class='ocr_par' dir='ltr' id='par_1_103' title="bbox 2167 4614 3675 4688">
     <span class='ocr_line' id='line_1_103' title="bbox 2167 4614 3675 4688; baseline 0.005 -21"><span class='ocrx_word' id='word_1_766' title='bbox 2167 4614 2521 4669; x_wconf 73' lang='lat' dir='ltr'><strong>Amorrhaeus</strong></span> <span class='ocrx_word' id='word_1_767' title='bbox 2556 4623 2717 4671; x_wconf 85' lang='lat' dir='ltr'><strong>sonat</strong></span> <span class='ocrx_word' id='word_1_768' title='bbox 2747 4617 2966 4688; x_wconf 73' lang='lat' dir='ltr'><strong>loquax,</strong></span> <span class='ocrx_word' id='word_1_769' title='bbox 2993 4627 3086 4672; x_wconf 88' lang='lat' dir='ltr'><strong>aut</strong></span> <span class='ocrx_word' id='word_1_770' title='bbox 3136 4618 3403 4674; x_wconf 79' lang='lat' dir='ltr'><strong>irritator.</strong></span> <span class='ocrx_word' id='word_1_771' title='bbox 3443 4619 3675 4676; x_wconf 84' lang='lat' dir='ltr'><strong>Constat</strong></span> 
     </span>
    </p>
   </div>
   <div class='ocr_carea' id='block_1_104' title="bbox 2099 4707 3673 4783">
    <p class='ocr_par' dir='ltr' id='par_1_104' title="bbox 2099 4707 3673 4783">
     <span class='ocr_line' id='line_1_104' title="bbox 2099 4707 3673 4783; baseline 0.005 -23"><span class='ocrx_word' id='word_1_772' title='bbox 2099 4721 2230 4761; x_wconf 89' lang='lat' dir='ltr'><strong>vero</strong></span> <span class='ocrx_word' id='word_1_773' title='bbox 2259 4709 2447 4775; x_wconf 89' lang='lat' dir='ltr'><strong>plures</strong></span> <span class='ocrx_word' id='word_1_774' title='bbox 2478 4707 2762 4762; x_wconf 85' lang='lat' dir='ltr'><strong>hominum</strong></span> <span class='ocrx_word' id='word_1_775' title='bbox 2826 4708 2894 4763; x_wconf 93' lang='lat' dir='ltr'><strong>de</strong></span> <span class='ocrx_word' id='word_1_776' title='bbox 2925 4709 3278 4764; x_wconf 88' lang='lat' dir='ltr'><strong>tenebrarum</strong></span> <span class='ocrx_word' id='word_1_777' title='bbox 3330 4713 3673 4783; x_wconf 80' lang='lat' dir='ltr'><strong>principibus</strong></span> 
     </span>
    </p>
   </div>
   <div class='ocr_carea' id='block_1_105' title="bbox 2102 4795 3675 4871">
    <p class='ocr_par' dir='ltr' id='par_1_105' title="bbox 2102 4795 3675 4871">
     <span class='ocr_line' id='line_1_105' title="bbox 2102 4795 3675 4871; baseline 0.006 -21"><span class='ocrx_word' id='word_1_778' title='bbox 2102 4795 2269 4852; x_wconf 84' lang='lat' dir='ltr'><strong>verba</strong></span> <span class='ocrx_word' id='word_1_779' title='bbox 2295 4812 2460 4867; x_wconf 90' lang='lat' dir='ltr'><strong>quam</strong></span> <span class='ocrx_word' id='word_1_780' title='bbox 2492 4797 2559 4852; x_wconf 89' lang='lat' dir='ltr'><strong>de</strong></span> <span class='ocrx_word' id='word_1_781' title='bbox 2596 4796 2710 4853; x_wconf 89' lang='lat' dir='ltr'><strong>Deo</strong></span> <span class='ocrx_word' id='word_1_782' title='bbox 2759 4797 2968 4855; x_wconf 86' lang='lat' dir='ltr'><strong>facere.</strong></span> <span class='ocrx_word' id='word_1_783' title='bbox 3001 4799 3104 4865; x_wconf 85' lang='lat' dir='ltr'><strong>Qui</strong></span> <span class='ocrx_word' id='word_1_784' title='bbox 3129 4800 3352 4871; x_wconf 87' lang='lat' dir='ltr'><strong>quidem</strong></span> <span class='ocrx_word' id='word_1_785' title='bbox 3372 4818 3496 4857; x_wconf 88' lang='lat' dir='ltr'><strong>eum</strong></span> <span class='ocrx_word' id='word_1_786' title='bbox 3547 4804 3675 4860; x_wconf 84' lang='lat' dir='ltr'><strong>irri-</strong></span> 
     </span>
    </p>
   </div>
   <div class='ocr_carea' id='block_1_106' title="bbox 2102 4887 3672 4955">
    <p class='ocr_par' dir='ltr' id='par_1_106' title="bbox 2102 4887 3672 4955">
     <span class='ocr_line' id='line_1_106' title="bbox 2102 4887 3672 4955; baseline 0.006 -14"><span class='ocrx_word' id='word_1_787' title='bbox 2102 4896 2218 4942; x_wconf 89' lang='lat' dir='ltr'><strong>tare</strong></span> <span class='ocrx_word' id='word_1_788' title='bbox 2257 4887 2471 4942; x_wconf 86' lang='lat' dir='ltr'><strong>audent.</strong></span> <span class='ocrx_word' id='word_1_789' title='bbox 2506 4889 2692 4944; x_wconf 89' lang='lat' dir='ltr'><strong>etiam.</strong></span> <span class='ocrx_word' id='word_1_790' title='bbox 2744 4889 2848 4955; x_wconf 82' lang='lat' dir='ltr'><strong>Qui</strong></span> <span class='ocrx_word' id='word_1_791' title='bbox 2876 4890 3041 4945; x_wconf 82' lang='lat' dir='ltr'><strong>etiam</strong></span> <span class='ocrx_word' id='word_1_792' title='bbox 3099 4890 3351 4950; x_wconf 86' lang='lat' dir='ltr'><strong>habitare</strong></span> <span class='ocrx_word' id='word_1_793' title='bbox 3379 4895 3571 4949; x_wconf 84' lang='lat' dir='ltr'><strong>volunt</strong></span> <span class='ocrx_word' id='word_1_794' title='bbox 3620 4897 3672 4950; x_wconf 87' lang='lat' dir='ltr'><strong>in</strong></span> 
     </span>
    </p>
   </div>
   <div class='ocr_carea' id='block_1_107' title="bbox 2102 4978 3674 5057">
    <p class='ocr_par' dir='ltr' id='par_1_107' title="bbox 2102 4978 3674 5057">
     <span class='ocr_line' id='line_1_107' title="bbox 2102 4978 3674 5057; baseline 0.006 -26"><span class='ocrx_word' id='word_1_795' title='bbox 2102 4978 2234 5033; x_wconf 91' lang='lat' dir='ltr'><strong>locis</strong></span> <span class='ocrx_word' id='word_1_796' title='bbox 2258 4978 2528 5045; x_wconf 85' lang='lat' dir='ltr'><strong>arictatis,</strong></span> <span class='ocrx_word' id='word_1_797' title='bbox 2569 4979 2714 5047; x_wconf 89' lang='lat' dir='ltr'><strong>quod</strong></span> <span class='ocrx_word' id='word_1_798' title='bbox 2746 4980 2899 5036; x_wconf 83' lang='lat' dir='ltr'><strong>Elom</strong></span> <span class='ocrx_word' id='word_1_799' title='bbox 2929 4982 3208 5053; x_wconf 76' lang='lat' dir='ltr'><strong>signiﬁcat</strong></span> <span class='ocrx_word' id='word_1_800' title='bbox 3239 4983 3378 5056; x_wconf 71' lang='grc'>(47).</span> <span class='ocrx_word' id='word_1_801' title='bbox 3407 4985 3471 5040; x_wconf 76' lang='lat' dir='ltr'><strong>Et</strong></span> <span class='ocrx_word' id='word_1_802' title='bbox 3492 4988 3545 5040; x_wconf 93' lang='lat' dir='ltr'><strong>in</strong></span> <span class='ocrx_word' id='word_1_803' title='bbox 3577 5002 3674 5057; x_wconf 88' lang='lat' dir='ltr'><strong>pa-</strong></span> 
     </span>
    </p>
   </div>
   <div class='ocr_carea' id='block_1_108' title="bbox 2100 5068 3673 5146">
    <p class='ocr_par' dir='ltr' id='par_1_108' title="bbox 2100 5068 3673 5146">
     <span class='ocr_line' id='line_1_108' title="bbox 2100 5068 3673 5146; baseline 0.006 -23"><span class='ocrx_word' id='word_1_804' title='bbox 2100 5068 2242 5124; x_wconf 89' lang='lat' dir='ltr'><strong>catis</strong></span> <span class='ocrx_word' id='word_1_805' title='bbox 2286 5069 2433 5139; x_wconf 87' lang='lat' dir='ltr'><strong>quod</strong></span> <span class='ocrx_word' id='word_1_806' title='bbox 2465 5069 2743 5139; x_wconf 78' lang='lat' dir='ltr'><strong>signiﬁcat</strong></span> <span class='ocrx_word' id='word_1_807' title='bbox 2799 5070 3005 5139; x_wconf 88' lang='lat' dir='ltr'><strong>Salem,</strong></span> <span class='ocrx_word' id='word_1_808' title='bbox 3030 5090 3155 5129; x_wconf 87' lang='lat' dir='ltr'><strong>cum</strong></span> <span class='ocrx_word' id='word_1_809' title='bbox 3198 5091 3294 5146; x_wconf 87' lang='lat' dir='ltr'><strong>per</strong></span> <span class='ocrx_word' id='word_1_810' title='bbox 3323 5078 3673 5133; x_wconf 78' lang='lat' dir='ltr'><strong>Amorrhznos</strong></span> 
     </span>
    </p>
   </div>
   <div class='ocr_carea' id='block_1_109' title="bbox 2914 5248 3675 5318">
    <p class='ocr_par' dir='ltr' id='par_1_109' title="bbox 2914 5248 3675 5318">
     <span class='ocr_line' id='line_1_109' title="bbox 2914 5248 3675 5318; baseline 0.007 -15"><span class='ocrx_word' id='word_1_811' title='bbox 2914 5248 2956 5281; x_wconf 78' lang='lat'>“</span> <span class='ocrx_word' id='word_1_812' title='bbox 2988 5248 3163 5307; x_wconf 82' lang='lat' dir='ltr'><strong>Eccli.</strong></span> <span class='ocrx_word' id='word_1_813' title='bbox 3198 5268 3282 5318; x_wconf 88' lang='grc' dir='ltr'>ιιι,</span> <span class='ocrx_word' id='word_1_814' title='bbox 3318 5248 3410 5307; x_wconf 73' lang='lat'><strong>20.</strong></span> <span class='ocrx_word' id='word_1_815' title='bbox 3489 5254 3534 5287; x_wconf 76' lang='lat'>“</span> <span class='ocrx_word' id='word_1_816' title='bbox 3570 5253 3675 5309; x_wconf 76' lang='lat' dir='ltr'><strong>Ec-</strong></span> 
     </span>
    </p>
   </div>
   <div class='ocr_carea' id='block_1_110' title="bbox 1917 5393 2150 5450">
    <p class='ocr_par' dir='ltr' id='par_1_110' title="bbox 1917 5393 2150 5450">
     <span class='ocr_line' id='line_1_110' title="bbox 1917 5393 2150 5450; baseline 0.004 -3"><span class='ocrx_word' id='word_1_817' title='bbox 1917 5393 2150 5450; x_wconf 66' lang='lat' dir='ltr'><strong>NOTAE.</strong></span> 
     </span>
    </p>
   </div>
   <div class='ocr_carea' id='block_1_111' title="bbox 487 5486 1987 5561">
    <p class='ocr_par' dir='ltr' id='par_1_111' title="bbox 487 5486 1987 5561">
     <span class='ocr_line' id='line_1_111' title="bbox 487 5486 1987 5561; baseline 0 -18"><span class='ocrx_word' id='word_1_818' title='bbox 487 5491 598 5559; x_wconf 52' lang='lat'><strong>(‘5&#39;)</strong></span> <span class='ocrx_word' id='word_1_819' title='bbox 641 5489 838 5559; x_wconf 77' lang='grc' dir='ltr'>Ἐλώμ.</span> <span class='ocrx_word' id='word_1_820' title='bbox 872 5490 933 5542; x_wconf 74' lang='lat' dir='ltr'><strong>Ai</strong></span> <span class='ocrx_word' id='word_1_821' title='bbox 966 5488 1085 5541; x_wconf 74' lang='grc' dir='ltr'>αὐτ.</span> <span class='ocrx_word' id='word_1_822' title='bbox 1118 5486 1213 5540; x_wconf 77' lang='grc' dir='ltr'>καὶ</span> <span class='ocrx_word' id='word_1_823' title='bbox 1259 5488 1286 5539; x_wconf 88' lang='grc' dir='ltr'><strong>ό</strong></span> <span class='ocrx_word' id='word_1_824' title='bbox 1334 5486 1576 5557; x_wconf 86' lang='grc' dir='ltr'>Προκόπ.</span> <span class='ocrx_word' id='word_1_825' title='bbox 1632 5489 1690 5543; x_wconf 66' lang='grc' dir='ltr'>ὲν</span> <span class='ocrx_word' id='word_1_826' title='bbox 1732 5489 1810 5561; x_wconf 82' lang='grc' dir='ltr'>τῷ</span> <span class='ocrx_word' id='word_1_827' title='bbox 1851 5490 1987 5543; x_wconf 77' lang='grc' dir='ltr'>ὑπο-</span> 
     </span>
    </p>
   </div>
   <div class='ocr_carea' id='block_1_112' title="bbox 418 5563 1428 5637">
    <p class='ocr_par' dir='ltr' id='par_1_112' title="bbox 418 5563 1428 5637">
     <span class='ocr_line' id='line_1_112' title="bbox 418 5563 1428 5637; baseline 0 0"><span class='ocrx_word' id='word_1_828' title='bbox 418 5563 592 5637; x_wconf 66' lang='grc' dir='ltr'><strong>μνή.ι·ἒτ</strong></span> <span class='ocrx_word' id='word_1_829' title='bbox 632 5632 677 5637; x_wconf 50' lang='grc' dir='ltr'><strong>μ-</strong></span> <span class='ocrx_word' id='word_1_830' title='bbox 1020 5627 1029 5637; x_wconf 91' lang='grc'><strong>.</strong></span> <span class='ocrx_word' id='word_1_831' title='bbox 1212 5627 1225 5637; x_wconf 88' lang='grc'><strong>.</strong></span> <span class='ocrx_word' id='word_1_832' title='bbox 1283 5626 1295 5637; x_wconf 92' lang='grc'><strong>.</strong></span> <span class='ocrx_word' id='word_1_833' title='bbox 1404 5626 1428 5637; x_wconf 87' lang='grc'><strong>-</strong></span> 
     </span>
    </p>
   </div>
   <div class='ocr_carea' id='block_1_113' title="bbox 487 5626 1670 5699">
    <p class='ocr_par' dir='ltr' id='par_1_113' title="bbox 487 5626 1670 5699">
     <span class='ocr_line' id='line_1_113' title="bbox 487 5626 1670 5699; baseline -0.004 -14"><span class='ocrx_word' id='word_1_834' title='bbox 487 5626 598 5698; x_wconf 63' lang='grc' dir='ltr'>(λϐ)</span> <span class='ocrx_word' id='word_1_835' title='bbox 632 5632 738 5684; x_wconf 83' lang='grc' dir='ltr'>Ἵσ.</span> <span class='ocrx_word' id='word_1_836' title='bbox 765 5627 1167 5699; x_wconf 71' lang='grc' dir='ltr'>κικριγμένοις,</span> <span class='ocrx_word' id='word_1_837' title='bbox 1201 5626 1307 5680; x_wconf 65' lang='grc' dir='ltr'><strong>ἀπὸ</strong></span> <span class='ocrx_word' id='word_1_838' title='bbox 1338 5626 1430 5680; x_wconf 84' lang='grc' dir='ltr'><strong>τοῦ</strong></span> <span class='ocrx_word' id='word_1_839' title='bbox 1476 5627 1670 5699; x_wconf 76' lang='grc' dir='ltr'>κρίζιυ.</span> 
     </span>
    </p>
   </div>
   <div class='ocr_carea' id='block_1_114' title="bbox 2167 5486 3670 5581">
    <p class='ocr_par' dir='ltr' id='par_1_114' title="bbox 2167 5486 3670 5581">
     <span class='ocr_line' id='line_1_114' title="bbox 2167 5486 3670 5581; baseline 0.017 -39"><span class='ocrx_word' id='word_1_840' title='bbox 2167 5489 2554 5581; x_wconf 54' lang='grc' dir='ltr'>μηξηιιςιὶε</span> <span class='ocrx_word' id='word_1_841' title='bbox 2582 5486 2843 5581; x_wconf 80' lang='lat' dir='ltr'><strong>nimirum</strong></span> <span class='ocrx_word' id='word_1_842' title='bbox 2887 5502 3325 5581; x_wconf 43' lang='lat' dir='ltr'><strong>aediliciiscum</strong></span> <span class='ocrx_word' id='word_1_843' title='bbox 3363 5509 3670 5581; x_wconf 79' lang='lat' dir='ltr'><strong>insignibus</strong></span> 
     </span>
    </p>
   </div>
   <div class='ocr_carea' id='block_1_115' title="bbox 2093 5562 3671 5643">
    <p class='ocr_par' dir='ltr' id='par_1_115' title="bbox 2093 5562 3671 5643">
     <span class='ocr_line' id='line_1_115' title="bbox 2093 5562 3671 5643; baseline 0.016 -29"><span class='ocrx_word' id='word_1_844' title='bbox 2093 5562 2388 5643; x_wconf 82' lang='lat' dir='ltr'><strong>columnis.</strong></span> <span class='ocrx_word' id='word_1_845' title='bbox 2420 5567 2601 5637; x_wconf 82' lang='grc' dir='ltr'>Κριὸμ</span> <span class='ocrx_word' id='word_1_846' title='bbox 2634 5574 2780 5627; x_wconf 89' lang='lat' dir='ltr'><strong>enim</strong></span> <span class='ocrx_word' id='word_1_847' title='bbox 2808 5576 3094 5630; x_wconf 83' lang='lat' dir='ltr'><strong>architecti</strong></span> <span class='ocrx_word' id='word_1_848' title='bbox 3129 5562 3428 5636; x_wconf 63' lang='lat' dir='ltr'><strong>Corinthia!</strong></span> 
     </span>
    </p>
   </div>
   <div class='ocr_carea' id='block_1_116' title="bbox 2092 5641 2665 5698">
    <p class='ocr_par' dir='ltr' id='par_1_116' title="bbox 2092 5641 2665 5698">
     <span class='ocr_line' id='line_1_116' title="bbox 2092 5641 2665 5698; baseline 0.017 -15"><span class='ocrx_word' id='word_1_849' title='bbox 2092 5646 2175 5684; x_wconf 69' lang='lat' dir='ltr'><strong>nae</strong></span> <span class='ocrx_word' id='word_1_850' title='bbox 2206 5641 2415 5698; x_wconf 85' lang='lat' dir='ltr'><strong>partem</strong></span> <span class='ocrx_word' id='word_1_851' title='bbox 2449 5649 2665 5693; x_wconf 79' lang='lat' dir='ltr'><strong>vocant.</strong></span> 
     </span>
    </p>
   </div>
  </div>
