3986 6218
466 207 611 272 1039

1760 215 2112 278 PROCOPII
2151 217 2389 278 GAZJEI

3611 229 3741 293 1040

472 321 602 404 mali
642 319 871 394 spiritus
889 319 1274 393 designentur.
1309 322 1577 390 Quoniam
1615 340 1743 380 vero
1767 327 2033 380 vocabulo

2142 327 2170 380 6
2202 328 2352 400 δηλοῖ
2397 330 2607 402 Σαλήμ,
2641 331 2747 385 τῶν
2791 334 3051 404 χειρόνων
3094 333 3182 388 διὰ
3236 336 3355 390 τῶν
3393 339 3742 415 Ἀμορραίων

473 413 732 466 sustinuit
765 429 902 469 usus
933 423 1040 480 est,
1069 413 1218 484 quod
1255 416 1498 469 laborem
1551 415 1755 480 immit,
1815 432 2042 473 causam

474 503 785 565 subintulit,
848 503 1152 574 inquiens:
1225 521 1243 556 ι
1299 503 1671 573 Etingravata
1711 513 1796 560 est
1847 521 2044 562 manus

473 590 732 662 Ephraim
775 591 876 648 eis.
921 611 940 645 ι
992 592 1131 648 Nam
1192 594 1438 650 actiones
1503 593 1748 650 honesta:
1801 598 2044 653 molesta

473 683 768 738 admodum
803 684 964 740 malis
994 693 1124 740 sunt
1149 686 1465 756 spiritibus,
1501 686 1560 742 in
1613 686 1718 742 hoc
1776 696 1836 742 ut
1879 689 2042 744 nobis

473 777 690 831 molesti
727 791 850 832 esse
875 777 1096 846 possint
1146 777 1396 845 intentis,
1419 786 1474 833 et
1516 781 1821 850 vectigales
1868 797 2044 852 quan-

472 867 678 921 tumvis
710 867 929 922 validos
950 867 1194 922 faciunt.

545 978 618 1032 Et
685 989 1019 1034 accesserunt
1075 981 1339 1050 principes
1408 983 1742 1052 familiarum
1810 983 2044 1052 ﬁliorum

473 1071 616 1138 Levi,
642 1082 741 1126 etc.
766 1071 860 1128 Isti
893 1072 985 1128 Dei
1019 1075 1338 1128 haereditate
1369 1075 1782 1141 suntcontenti,
1802 1075 2044 1130 decima-

470 1177 608 1234 sque
628 1171 810 1230 terra),
843 1179 946 1218 nec
976 1181 1085 1218 non
1119 1164 1352 1218 aliorum
1412 1167 1656 1220 omnium
1711 1167 2038 1236 percipiunt.

471 1257 726 1327 Oportuit
759 1272 888 1312 vero
917 1257 1017 1311 hos
1043 1258 1208 1311 etiam
1251 1258 1498 1313 sortibus
1549 1259 1749 1313 collata
1775 1259 2038 1322 dividere,

468 1363 532 1403 ac
558 1347 925 1416 aequalitatem
951 1348 1150 1416 partim
1180 1347 1402 1418 quidem
1429 1349 1674 1403 eamdem
1699 1365 1824 1420 erga
1848 1363 2040 1404 omnes

447 1440 522 1515 'in
556 1439 834 1494 divisione
897 1439 1136 1502 servari,
1194 1441 1392 1509 partim
1429 1456 1558 1494 vero
1583 1456 1682 1510 pro
1747 1442 2036 1512 dignitate,

467 1529 713 1583 sortibus
745 1527 815 1583 ad
845 1527 1093 1582 divinum
1125 1528 1392 1598 judicium
1425 1530 1494 1584 ab
1527 1530 1702 1600 ipsius
1761 1533 2042 1599 magistris

2146 423 2560 493 σημαινομένων
2614 423 2920 496 δυνάμεων.
2989 427 3098 480 Καὶ
3134 430 3259 481 ἐπεὶ
3303 429 3394 494 τὸ,
3432 433 3738 502 ὑπέμεινε.

2147 511 2306 564 πόνον
2329 512 2502 582 δηλοῖ,
2531 513 2630 582 τὴν
2687 514 2870 567 αἰτίαν
2891 517 3163 586 ἐπήνεγκε
3183 535 3197 549 ’
3235 539 3255 570 ε
3299 521 3418 572 Καὶ
3466 522 3740 596 ἐϐαρύνθη

2145 601 2180 670 ή
2222 602 2346 674 χεὶρ
2393 603 2487 656 τοῦ
2561 605 2797 676 Ἐφραῒμ
2837 607 3178 672 ὲπάὐτούς.
3207 628 3227 660 ι
3267 613 3340 662 Ai
3376 611 3491 682 γὰρ
3539 615 3742 682 ἁγαθαὶ

2147 693 2372 762 πράξεις
2398 694 2622 767 βαρεῖαι
2642 700 2760 761 ταῖς
2812 702 3078 770 πονηραῖς
3106 701 3245 768 ἄγαν
3277 703 3584 774 δυνάμεσι,
3621 705 3744 776 βου-

2144 785 2402 855 λομέναις
2430 789 2562 857 ἡμῖν
2601 789 2842 860 ἐνοχλεῖν
2869 806 2882 821 ⁸
2914 792 3009 845 καὶ
3032 793 3352 864 ὑποφόρους
3387 796 3738 866 ἐργάζονται.

2145 877 2410 932 Τοσοῦτον
2439 879 2702 950 ἰσχύουσι.

2213 987 2324 1040 Καὶ
2355 989 2794 1056 προσήλθοσαν
2822 994 2878 1046 οἱ
2929 993 3407 1062 ἀρχιπατριῶται
3447 995 3574 1052 τῶν
3598 998 3740 1054 υίῶιρ

2143 1081 2306 1134 Λευΐ.
2327 1074 2487 1133 Οὗτοι
2507 1085 2848 1156 κληρονομίᾳ
2870 1085 3162 1155 ἀρκοῦνται
3187 1086 3339 1158 Θεῷ,
3375 1089 3477 1139 καὶ
3510 1089 3738 1152 δεκάτας

2143 1171 2478 1240 λαμϐάνουσι
2503 1173 2631 1242 γῆς,
2662 1175 2738 1237 ὡς
2773 1177 2867 1228 καὶ
2893 1175 3001 1231 τῶν
3030 1177 3205 1230 ἄλλων
3256 1178 3556 1233 ἁπάντων.
3593 1182 3735 1234 Ἔδει

2140 1263 2196 1316 δὲ
2222 1265 2314 1316 καὶ
2343 1264 2566 1328 τούτους
2603 1265 2747 1320 κατὰ
2775 1267 3010 1338 κλήρους
3061 1269 3460 1339 διανείμασθαι
3487 1273 3558 1323 τὰ
3601 1272 3732 1324 6.66-

2143 1367 2304 1421 μενα,
2343 1353 2439 1405 καὶ
2483 1354 2546 1405 τὸ
2597 1353 2697 1424 μὲν
2759 1354 2872 1408 ίσον
2927 1357 3060 1409 πᾶσι
3111 1356 3342 1410 διατοῦ
3381 1358 3730 1428 κληρωθῆναι

2143 1441 2532 1510 φυλάττεσθαι·
2561 1445 2622 1498 τὸ
2645 1445 2702 1499 δὲ
2731 1446 2853 1499 κατ’
2881 1446 3141 1512 ἀξίαν,δι’
3164 1443 3238 1502 ὧν
3269 1449 3326 1501 ei
3361 1449 3566 1520 κλῆροι
3596 1455 3731 1502 κατὰ

2142 1532 2292 1587 θείαν
2349 1535 2530 1607 κρίσιν
2580 1537 2845 1606 ἀνήγοντο
2899 1541 3015 1601 τοῖς
3059 1538 3437 1608 πρώτοις·τὰ
3491 1544 3725 1611 πρωτεῖα

471 1619 686 1682 relatis,
733 1617 1062 1688 primatibus
1109 1619 1385 1688 principes
1415 1634 1631 1689 quoque
1661 1629 1846 1690 partes
1883 1621 2033 1675 exhi-

2144 1626 2498 1696 παρέχοντες,
2532 1629 2763 1692 καὶτοῖς
2807 1630 2988 1694 ἄλλοις
3037 1631 3186 1700 ἑξῆς,
3223 1631 3307 1694 ὡς
3363 1632 3466 1685 καὶ
3507 1634 3566 1685 ἐν
3620 1635 3724 1695 τοῖς

473 1713 767 1776 bebantur,
801 1719 965 1781 atque
997 1709 1122 1765 aliis
1167 1710 1448 1782 deinceps.
1483 1709 1952 1776 Quemadmodum
1987 1713 2041 1767 in

477 1801 736 1856 Numeris
777 1802 942 1856 etiam
994 1801 1188 1856 ordine
1254 1801 1490 1870 quodam
1546 1801 1694 1856 circa
1730 1802 2042 1884 .tentorium

473 1901 655 1948 castra
685 1891 1050 1961 dispOnebant
1080 1889 1276 1957 Caatb,
1306 1889 1539 1958 Gerson,
1576 1901 1632 1948 et
1665 1891 1861 1948 Merari
1919 1893 2040 1948 lilii.

528 2031 646 2080 .tam
673 2039 802 2080 vero
833 2039 1011 2095 operae
1033 2023 1266 2092 pretium
1321 2032 1405 2080 est
1428 2026 1768 2096 perpendere
1807 2029 2038 2082 sortium

472 2117 793 2188 inaequalem
817 2115 1187 2186 mqualitatem
1217 2117 1762 2187 proportionemque,
1792 2118 2042 2173 sacerdo.

463 2221 580 2266 tum
613 2209 1128 2280 item,aliorumque
1155 2224 1281 2265 cum
1314 2210 1567 2266 tribubus
1595 2213 2036 2282 permistionem.

459 2303 597 2357 Nam
625 2317 748 2356 eum
803 2308 1041 2370 quatuor
1091 2300 1220 2355 creli
1279 2302 1528 2372 regiones
1581 2301 1716 2368 sint,
1775 2303 2040 2372 juxtaque

460 2412 556 2452 eas
575 2395 756 2450 tribus
783 2395 1088 2455 distinctae,
1110 2393 1414 2450 orientales
1458 2409 1521 2449 ac
1543 2395 1750 2464 primas
1807 2397 2040 2450 sortitur

459 2485 655 2550 Caath,
700 2485 792 2540 ubi
817 2485 1262 2554 primasquoque
1295 2483 1400 2538 fert
1449 2482 1588 2538 Juda
1629 2487 1874 2540 onmium
1931 2487 2034 2541 tri-

455 2580 629 2634 buum
660 2576 1118 2643 lionoratissima,
1143 2591 1376 2648 qumque
1406 2577 1461 2630 in
1492 2587 1638 2632 terra
1669 2586 1864 2634 sancta
1891 2579 2034 2633 citra

460 2676 666 2723 sortem
699 2681 729 2720 a
755 2664 923 2722 Josue
974 2665 1156 2735 primo
1200 2666 1504 2736 portionem
1541 2668 1776 2738 accepit.
1827 2666 2065 2735 Secung

460 2757 585 2812 dam
604 2771 736 2810 vero
758 2755 992 2810 orientis
1018 2761 1228 2823 partem
1268 2754 1480 2810 Gerson
1512 2763 1596 2810 est
1621 2756 1875 2823 sortitus,
1925 2772 2034 2828 quo

461 2848 654 2917 utique
715 2845 890 2900 ‘Caath
959 2860 1068 2899 non
1104 2853 1362 2898 cunctum
1421 2846 2030 2914 ocruparetorientem,

451 2954 646 2995 verum
679 2935 1042 2992 commutatio
1069 2935 1316 3006 quaedam
1337 2934 1595 2990 ordinum
1653 2935 2029 2992 Leviticorum

457 3040 510 3088 et
567 3029 1003 3086 lsraeliticorum
1065 3034 1235 3083 esset.
1295 3026 1431 3081 Nam
1469 3027 1515 3081 si
1559 3036 1736 3082 totum
1760 3028 2028 3084 orientem

458 3126 632 3182 Caath
658 3123 991 3194 accepisset,
1021 3121 1224 3192 injuria
1243 3122 1470 3190 reliquis
1503 3122 1708 3179 fuisset
1741 3122 2036 3179 facta.Ita-

460 3235 569 3290 que
629 3218 810 3273 divina
861 3215 1078 3286 justitia
1127 3223 1309 3271 sortes
1357 3217 1701 3286 gubernante
1743 3218 2038 3274 orientales

463 3311 640 3366 tribus
689 3308 912 3373 Judam,
966 3305 1510 3373 lsacbar,Zabulon,
1543 3309 1739 3374 Caath,
1797 3293 2033 3375 Corson,

455 3402 658 3458 Morari
727 3391 887 3472 primi
919 3399 1048 3454 Levi
1093 3400 1189 3454 lilii
1247 3402 1578 3458 sortiuntur.
1609 3402 1716 3457 Eos
1747 3417 1878 3458 vero
1941 3404 2036 3473 qui

461 3495 528 3548 ab
553 3492 743 3548 Africo
796 3500 924 3547 sunt
985 3489 1200 3554 liuben,
1228 3492 1450 3547 Simeon
1482 3501 1536 3548 et
1567 3492 1683 3548 Gad
1721 3493 2032 3562 ﬁliiCaatb,

461 3601 490 3638 a
551 3581 793 3639 secundo
837 3581 1118 3636 Simeonis
1164 3582 1310 3638 loco.
1346 3584 1392 3636 A
1433 3584 1617 3655 primo
1657 3601 1787 3642 vero
1835 3586 2037 3640 Morari

458 3684 668 3745 partem
729 3673 944 3730 liuben.
999 3671 1215 3728 Rursus
1265 3673 1467 3730 Merari
1542 3677 1762 3732 tertiam
1804 3677 2034 3733 orientis

458 3766 660 3821 tribum
685 3764 952 3830 Zabulon,
981 3767 1446 3835 quemadmodum
1500 3775 1586 3824 est
1635 3768 1690 3822 iu
1744 3767 2027 3826 Numeris.

460 3857 578 3923 Quo
599 3856 786 3912 divina
812 3855 1026 3930 justitia
1078 3859 1308 3928 mystice
1343 3857 1582 3914 futuram
1612 3862 1902 3930 sequentis
1933 3877 2033 3918 sae-

455 3954 564 4008 culi
602 3968 696 4024 per
719 3933 898 4008 sortes
933 3929 1263 4007 divisionem
1285 3953 1518 4010 indicat.
1559 3954 1774 4011 Rursus
1825 3973 1889 4012 ex
1959 3959 2056 4014 iis’

455 4046 546 4114 qui
569 4043 724 4114 juxta
752 4057 904 4098 mare
930 4053 1060 4097 sunt
1085 4040 1369 4113 Ephraim,
1396 4045 1681 4116 Benjamin
1713 4058 1766 4103 et
1785 4047 2032 4106 Manasse

455 4133 754 4190 secundam
785 4132 956 4188 Caath
989 4135 1225 4190 sortitur
1275 4135 1586 4206 Benjamin.
1621 4137 1837 4209 Reliqui
1901 4155 2030 4196 vero

454 4226 629 4282 Caatb
665 4224 873 4280 familia
929 4226 1216 4296 Ephraim.
1252 4227 1460 4284 Deinde
1509 4229 1792 4284 dimidiam
1827 4232 2026 4286 tribum

453 4316 724 4382 Manasse,
759 4316 882 4385 ejus
907 4331 1028 4386 quae
1060 4317 1116 4370 in
1148 4326 1292 4372 terra
1323 4329 1512 4374 sancta
1544 4327 1651 4374 est.
1696 4319 1866 4375 Porro
1892 4319 2030 4376 Ger-

453 4423 555 4464 son
613 4407 888 4477 reliquum
934 4407 1112 4461 tribus
1157 4406 1408 4464 Manasse
1435 4409 2030 4476 dimidium.Quoniam

452 4513 583 4552 vero
629 4497 753 4550 loca
807 4495 1028 4549 lsraelis
1085 4498 1553 4570 septentrionalia
1594 4500 2031 4559 sacerdotalibus

453 4586 742 4640 ordinibus
773 4597 995 4652 quoque
1035 4583 1298 4637 honorari
1347 4583 1616 4656 oportuit,
1653 4603 1721 4642 ne
1761 4591 2030 4659 posterio-

451 4677 606 4731 ribus
629 4672 919 4729 ordinibus
940 4671 1634 4743 septentrionalibus,Dan,
1657 4675 2022 4748 Neplitlialim,

449 4767 590 4822 Azer
615 4763 772 4820 fraus
818 4764 995 4831 ﬂeret,
1030 4763 1226 4834 reliqui
1250 4764 1346 4820 ﬁlii
1378 4765 1568 4833 Caath,
1597 4783 1706 4824 non
1731 4767 1821 4822 lilii
1843 4785 2022 4826 sacer-

451 4857 592 4910 dotis
645 4855 882 4926 primam
918 4862 974 4910 et
997 4855 1306 4926 digniorem
1363 4860 1884 4928 septentrionalium
1923 4862 2020 4916 tri-

449 4948 616 4998 buum
645 4943 758 4998 Dan
783 4944 1391 5014 acceperunt.Alteram
1426 4962 1574 5014 vero,
1601 4950 1759 5015 Aser,
1786 4949 2016 5007 Gerson.

447 5033 554 5099 Qui
577 5032 797 5087 tertiam
822 5033 952 5088 item
987 5032 1298 5106 Nepbtalim
1353 5047 1438 5092 est
1473 5038 1729 5110 adeptus.
1765 5041 1920 5107 Quod
1974 5041 2019 5096 si

447 5137 579 5178 vero
619 5123 954 5180 narrationis
1003 5125 1241 5182 varietas
1290 5135 1528 5182 mentem
1589 5145 1652 5184 ac
1701 5131 2018 5186 memOriam

451 5223 698 5284 superat,
731 5213 860 5283 quid
888 5213 957 5268 de
982 5214 1170 5271 futura
1189 5231 1376 5272 rerum
1409 5217 1780 5287 dispositione
1807 5235 1905 5275 seu
1921 5220 2018 5274 ads

454 5307 861 5362 ministratione
889 5313 974 5362 est
995 5307 1322 5364 dicendum?

523 5418 669 5474 Tunc
686 5419 884 5473 vocarit
922 5416 1088 5473 Josue
1107 5419 1250 5488 ﬁlios
1274 5418 1472 5474 Ruben.
1507 5421 1696 5494 [XXIL
1718 5422 1797 5495 1.]
1828 5422 2018 5476 Dimit-

454 5523 643 5565 tutntur
674 5511 851 5566 tribus
884 5525 1004 5581 quae
1032 5521 1183 5566 trans
1213 5509 1508 5566 Jordanem
1536 5513 1902 5588 limreditatem
1927 5528 2016 5566 ac-

452 5611 738 5674 ceperunt.
763 5603 898 5659 Cum
927 5606 1071 5659 enim
1098 5619 1198 5658 nos
1222 5603 1314 5674 qui
1343 5605 1446 5658 sub
1486 5603 1652 5660 .Iosue
1694 5607 2011 5672 militamus,

2159 1717 2434 1788 Ἀριθμοῐς
2457 1720 2608 1784 τάξει
2638 1722 2744 1776 τινὶ
2767 1721 2897 1791 περὶ⁸
2947 1721 3045 1791 τὴν
3102 1723 3320 1793 σκηνὴν
3385 1726 3719 1793 ἐστρατοπε-

2141 1805 2358 1862 δεύοντο
2387 1810 2436 1861 οί
2473 1811 2537 1863 ἐκ
2554 1810 2649 1864 τοῦ
2679 1812 2964 1881 Καὰθ,καὶ
2980 1813 3218 1883 Γερσὼν,
3250 1817 3350 1868 καὶ
3377 1815 3622 1886 Μεραρί.

2212 2025 2324 2079 Καὶ
2351 2025 2445 2078 νῦν
2492 2027 2546 2081 δὲ
2586 2032 2870 2084 κατανοεῖν
2899 2028 3050 2096 ἄξιον
3097 2031 3195 2101 τὴν
3219 2032 3416 2086 ἄνισον
3475 2032 3710 2102 ἰσότητα,

2140 2115 2235 2167 καὶ
2273 2117 2584 2185 ἀναλογίαν,
2635 2119 2728 2172 καὶ
2756 2120 2854 2189 τὴν
2881 2120 3016 2191 πρὸς
3051 2121 3148 2184 τὰς
3173 2121 3354 2190 φυλὰς
3391 2121 3500 2174 τῶν
3533 2121 3710 2190 ἱερέων

2140 2207 2364 2260 καὶτῶν
2395 2207 2568 2263 ἄλλων
2597 2210 2922 2282 ὰνάκρασιν.
2953 2211 3249 2282 Τεσσάρων
3274 2211 3388 2284 γὰρ
3413 2212 3582 2266 ὄντων
3604 2211 3711 2264 κλιο

2142 2299 2348 2370 μάτων,
2377 2304 2474 2355 καὶ
2501 2303 2608 2356 τῶν
2641 2304 2822 2373 φυλῶν
2849 2307 2990 2360 κατὰ
3019 2305 3189 2360 ταῦτα
3220 2307 3594 2378 διῃρημένων,
3619 2305 3706 2366 τὰς

2138 2391 2464 2459 ἀνατολικὰς
2493 2396 2586 2449 καὶ
2619 2395 2840 2468 πρώτας
2867 2396 3124 2468 λαγχάνει
3151 2399 3316 2452 Καάο
3352 2415 3366 2427 '
3404 2397 3532 2450 ἔνθα
3559 2395 3650 2450 καὶ
3674 2395 3704 2465 ἠ
3736 2408 3742 2419 ¹

2138 2484 2230 2537 τοῦ
2275 2486 2442 2540 Ἰούδα
2467 2487 2536 2541 τὰ
2558 2487 2749 2559 πρῶτα
2772 2490 2926 2560 φέρει
2959 2489 3066 2542 τῶν
3105 2489 3292 2560 φυλῶν
3325 2491 3361 2561 ἡ
3389 2489 3698 2560 τιμιωτάτη,

2097 2577 2230 2630 κκαὶ
2287 2579 2424 2632 κατὰ
2456 2579 2554 2649 τήν
2610 2580 2772 2648 ἁγίαν
2824 2581 2924 2650 γῆν
2972 2581 3287 2650 ἀκληρωτεὶ
3339 2579 3476 2653 παρ’
3538 2575 3698 2647 Ἰησοῦ

2137 2669 2330 2742 πρώτη
2358 2671 2598 2725 λαϐοῦσα
2620 2672 2710 2726 τὸν
2741 2673 2966 2744 κλῆρον.
2997 2675 3098 2726 Τὸν
3123 2675 3178 2726 δὲ
3211 2674 3468 2744 δεύτερον
3495 2676 3552 2726 ὲν
3581 2673 3696 2724 ἀνα-

2133 2763 2315 2826 τολαῖς
2348 2763 2538 2833 ἔλαχεν
2567 2765 2596 2816 6
2643 2764 2897 2834 Γερσὼμ,
2943 2764 3018 2828 ὡς
3070 2763 3136 2818 ἂν
3166 2765 3194 2816 6
3222 2764 3386 2817 Καὰθ
3429 2764 3504 2834 μὴ
3531 2764 3696 2816 πᾶσαν

2133 2854 2274 2928 λάϐῃ
2302 2855 2402 2926 τὴν
2435 2856 2716 2927 ἀνατολὴν,
2739 2857 2870 2910 ἀλλὰ
2892 2857 3088 2926 κρᾶσίς
3113 2875 3198 2921 τις
3291 2855 3584 2910 Λευῖτικῶν
3611 2851 3692 2904 καὶ

2133 2946 2547 3017 ἰτραηλιτικῶν
2593 2947 2910 3018 ταγμάτων.
2958 2948 3018 3000 Εἰ
3071 2949 3182 3018 γὰρ
3231 2951 3415 3001 πᾶσαν
3437 2941 3690 3014 εἷληφενὸ

2140 3036 2295 3090 Καὰθ
2319 3031 2416 3109 τὴν
2465 3039 2754 3110 ἀνατολὴν,
2791 3038 2946 3108 ὕϐρις
2969 3034 3036 3110 ἦν
3072 3040 3184 3103 τοῖς
3213 3037 3446 3100 λοιποῖς.
3477 3033 3604 3088 Νυνὶ
3636 3031 3687 3084 δὲ

2137 3125 2279 3178 κατὰ
2310 3126 2410 3195 τὴν
2438 3128 2500 3180 ὲκ
2533 3125 2668 3180 Θεοῦ
2701 3126 2808 3180 τῶν
2843 3127 3060 3198 κλήρων
3102 3125 3453 3195 δικαιοσύνην
3495 3123 3610 3184 τοὺς
3637 3122 3688 3172 ἐν

2136 3214 2442 3278 ἀνατολαῖς,
2477 3215 2694 3282 Ἰούδαν,
2737 3216 3013 3286 Ἰσσάχαρ,
3045 3215 3356 3281 Ζαϐουλὼν,
3383 3212 3684 3282 λαγχάνουσι

2136 3305 2316 3369 Καὰθ,
2349 3305 2599 3376 Γηρσὼν,
2647 3309 2884 3378 Μεραρὶ,
2923 3307 3207 3377 οἱ.πρῶτοι
3257 3307 3365 3360 υἱοὶ
3409 3303 3499 3358 τοῦ
3535 3299 3680 3355 Λευϊ’

2135 3398 2260 3460 τοὺς
2288 3397 2344 3450 δὲ
2389 3397 2530 3450 κατᾶ
2583 3398 2742 3461 Λίϐα,
2785 3399 3032 3468 Ῥουϐὶμ,
3055 3399 3150 3451 καὶ
3175 3397 3426 3468 Συμεὼν,
3457 3395 3545 3448 καὶ
3570 3388 3678 3454 Γὰδ,

2136 3487 2246 3540 ἀπὸ
2285 3488 2440 3541 Καὰο
2475 3491 2616 3544 κατὰ
2640 3490 2730 3543 τὸν
2757 3490 3010 3560 δεύτερον
3038 3491 3202 3544 τόπον
3222 3491 3316 3544 τὸν
3339 3489 3431 3542 τοῦ
3459 3481 3675 3554 Συμεών.

2136 3575 2294 3628 Κατὰ
2338 3576 2396 3630 δὲ
2437 3577 2534 3631 τὸν
2586 3580 2802 3650 πρῶτον
2845 3581 2872 3632 6
2913 3580 3150 3650 Mspap‘t,
3184 3580 3280 3635 τδν
3310 3577 3406 3632 τοῦ
3461 3571 3674 3639 Ῥουϐίμ.

2135 3667 2304 3721 Πάλιν
2326 3669 2354 3722 6
2382 3669 2597 3740 Μεραρὶ
2625 3671 2714 3724 τὸν
2741 3671 2924 3742 τρίτον
2971 3671 3110 3724 κατὰ
3142 3670 3413 3730 ἀνατολὰς
3450 3669 3502 3718 ἐν
3521 3659 3674 3730 Ἄριοσ

2137 3761 2277 3830 μοῖς,
2307 3759 2399 3814 τὸν
2444 3761 2748 3826 Ζαϐουλὼν,
2789 3763 2886 3829 τῆς
2919 3761 3012 3815 τοῦ
3039 3761 3174 3815 Θεοῦ
3217 3756 3557 3824 δικαιοσύνης
3586 3767 3674 3820 μυ·

2135 3851 2336 3914 στικῶς
2356 3851 2622 3922 δηλούσης
2676 3852 2744 3906 τὰ
2787 3854 3047 3923 μέλλοντα
3086 3853 3188 3922 τῆς
3211 3853 3322 3907 τῶν
3355 3851 3467 3904 ἐκεῖ
3487 3845 3671 3913 κλήρων

2131 3943 2411 4013 διαμονῆς,
2455 3945 2622 3997 Πάλιν
2661 3943 2762 4014 τὴν
2823 3944 2965 3998 κατὰ
3015 3945 3286 4000 θάλατταν
3320 3938 3564 4011 Ἑφραῒμ,
3593 3928 3672 3985 καὶ

2132 4034 2412 4105 Βενιαμὶν,
2439 4038 2534 4090 καὶ
2557 4037 2845 4106 Μανασσῆ,
2885 4037 2912 4090 6
2941 4037 3094 4090 Καὰο
3140 4036 3399 4106 λαγχάνει
3451 4031 3534 4082 τὸν
3571 4019 3669 4077 δεύ-

2131 4139 2288 4192 τερον
2344 4124 2435 4177 τὸν
2485 4124 2766 4196 Βενιαμίν.
2827 4125 2892 4179 Oi
2943 4125 3000 4181 es
3069 4127 3252 4187 λοιποὶ
3296 4122 3388 4177 τοῦ
3415 4115 3556 4174 Καὰο
3592 4110 3666 4164 τὸν

2145 4210 2555 4286 Ἐφρατμ.Εῐτα
2611 4217 2738 4280 τοὺς
2786 4217 2894 4270 ἀπὸ
2938 4217 3166 4287 ἡμίσους
3215 4213 3390 4286 φυλῆς
3431 4199 3662 4267 Μανασσῆ

2132 4303 2225 4357 τοῦ
2261 4308 2316 4358 ὲν
2339 4308 2404 4376 τῇ
2433 4306 2563 4376 ἁγίᾳ
2613 4290 2726 4377 γῇῖ
2758 4303 2890 4360 Εἶτα
2929 4307 3180 4378 ,Γηρσὼμ
3231 4307 3390 4360 πάλιν
3418 4301 3477 4355 τδ
3518 4296 3662 4366 ἥμισυ

2133 4397 2306 4466 φυλῆς
2352 4398 2642 4467 Μανασσῆ.
2684 4397 2842 4450 Ἐπεὶ
2873 4398 2928 4452 δὲ
2969 4398 3075 4452 ἔδει
3103 4398 3196 4451 καὶ
3231 4401 3356 4459 τοὺς
3383 4391 3482 4446 ἀπὸ
3517 4378 3660 4456 βορἴἅ

2127 4487 2424 4558 τιμηθῆναι
2481 4482 2678 4554 τόπους
2718 4491 2816 4544 τοῦ
2881 4488 3095 4560 Ἰσραὴλ
3144 4492 3261 4552 τοῖς
3295 4487 3524 4553 τάγμασι
3567 4473 3658 4532 τοῖς

2129 4576 2424 4647 ἱερατικοῖς
2445 4593 2462 4610 ο
2489 4577 2576 4632 ἴνα
2622 4577 2697 4650 μὴ
2731 4579 3098 4649 πλεονεκτηθῇ
3133 4579 3200 4631 τὰ
3251 4572 3519 4629 τελευταῖα
3545 4563 3652 4650 ﬁt“

2131 4683 2299 4738 ματα,
2329 4667 2500 4723 ὄντων
2529 4667 2669 4722 κατὰ
2687 4648 2922 4740 ἠβορῤᾶν,
2956 4648 3094 4731 Δάν,
3137 4663 3467 4736 Νεφθαλείμ,
3495 4648 3652 4740 ’Ᾱσὴξξν

2129 4759 2284 4812 Καὰθ
2313 4762 2340 4814 6
2367 4761 2507 4814 κατὰ
2554 4761 2682 4824 τοὺς
2737 4738 2959 4824 λοιποὺς
3005 4761 3105 4830 οὐχ
3145 4762 3174 4813 6
3209 4755 3348 4812 κατὰ
3375 4751 3491 4810 τοὺς
3517 4738 3652 4830 ἱερεῖῖ

2127 4849 2392 4922 λαμϐάνει
2431 4852 2522 4906 τὸν
2554 4851 2769 4923 πρῶτον
2793 4853 2888 4906 καὶ
2908 4827 3235 4922 τιμιώτερον
3257 4847 3362 4901 τῶν
3389 4837 3520 4896 κατὰ
3550 4827 3650 4923 βψ·

2127 4920 2250 5012 [δᾶν.
2281 4940 2373 4997 τὸν
2401 4944 2524 4998 Δάν.
2571 4920 2629 4996 ’ὁ
2650 4943 2705 4996 δὲ
2728 4920 3074 5016 Γηρσὼμήτδν
3097 4920 3362 5012 δεύτερον,
3381 4920 3645 5026 cavsae??-

2127 5031 2259 5088 Εἶτα
2291 5034 2453 5088 πάλιν
2504 5037 2531 5088 6
2583 5015 2828 5106 Γηρσὼμ
2863 5035 2953 5086 τὸν
2978 5035 3180 5104 τρίτον,
3213 5032 3302 5085 τὸν
3347 5015 3639 5106 Νεφθαλείμ-

2127 5125 2188 5179 Et
2216 5125 2273 5179 δὲ
2301 5126 2408 5180 τῶν
2444 5127 2566 5180 καθ’
2595 5099 2837 5195 ἱστορίαν
2867 5127 2900 5197 ή
2925 5099 3161 5179 ποικιλία
3184 5125 3276 5177 τὸν
3299 5116 3416 5173 νοῦν
3442 5108 3526 5164 καὶ
3559 5099 3638 5165 τὴν

2129 5219 2349 5288 μνήμην
2379 5220 2526 5289 νικᾷ,
2557 5217 2608 5271 τί
2632 5217 2712 5271 δεῖ
2743 5217 2920 5286 λέγειν
2954 5217 3079 5288 περὶ
3124 5217 3219 5286 τῆς
3248 5213 3352 5266 τῶν
3382 5197 3638 5276 μελλόντων

2125 5310 2434 5380 οἰκονομίας
2461 5328 2476 5374 ;

2203 5425 2340 5477 Τότε
2398 5423 2815 5479 συνεκάλεσεν
2849 5425 3090 5492 Ἰησοῦς
3121 5422 3260 5486 τοὺς
3298 5402 3673 5472 Ῥουϐινίταςο“

2137 5515 2489 5568 Ἀπολύονται
2527 5518 2574 5568 oi
2623 5518 2792 5591 πέραν
2845 5515 3110 5584 Ἰορδάνου
3166 5500 3635 5591 κληρονομήσητείέ

2125 5607 2291 5660 Ὅταν
2354 5608 2461 5677 γὰρ
2499 5609 2861 5679 ἀπολαύωμεν
2908 5610 3004 5672 τὰς
3037 5604 3358 5680 ἐπαγγελίας
3399 5593 3442 5647 οἶ
3469 5583 3556 5642 {mh
3573 5590 3636 5644 τῳ
