3986 6218
364 373 492 438 1041

1434 392 1968 456 COMMENTARII
2016 393 2097 456 IN
2137 397 2467 458 JUDlCES.

3473 404 3614 470 1012

371 477 548 557 Ἰησοῦ
581 492 1020 564 στρατευόμενοι,
1061 499 1154 551 καὶ
1197 497 1555 569 συγκὰμωσιν
1585 502 1718 570 ἡμῖν
1748 502 1802 552 of
1827 499 1930 554 61:6

2044 502 2438 568 promissiones
2459 501 2626 575 496
2681 506 3112 576 perceperimus,
3148 509 3448 565 nobiscum
3479 529 3636 568 vero.

357 579 639 644 Μωῦσέως
669 581 924 648 λαϐόντες
941 588 1040 658 τὴν
1062 589 1449 659 κληρονομίαν,
1474 588 1628 642 οῦπω
1662 590 1716 642 δὲ
1745 609 1930 644 κατοι-

356 670 627 740 κήσαντες
664 675 722 727 ἐν
747 677 904 748 αὐτῇ,
967 679 1293 734 ἀπολύονται
1342 680 1575 745 ἕκαστος
1615 683 1694 739 εἷς
1727 682 1794 735 τὰ
1827 681 1932 735 ἴδια

363 763 502 832 μετὰ
520 761 628 817 τῶν
649 765 819 820 τελῶν
874 769 982 822 τῶν
1015 771 1120 823 ὑπὸ
1160 769 1332 842 Ἰησοῦ
1385 753 1705 843 δεδομένων,
1735 773 1812 836 ὼς
1859 773 1931 838 ἂν

359 853 593 989 Existimo;
624 860 923 932 κατοικήσῃ
938 861 994 914 ἐν
1021 863 1234 935 εἰρήνῃ,
1255 863 1456 928 παντὸς
1477 864 1716 941 πολέμου
1746 863 1934 920 καθαι-

366 952 426 989 οε
464 957 635 989 ..ντοε-

365 952 635 1009 ρευεντος.

432 1023 593 1086 Οὗτοι
624 1035 683 1089 δὲ
713 1039 810 1091 καὶ
845 1039 1018 1109 μέγαν
1048 1043 1391 1113 οἰκοδομοῦσι
1441 1043 1644 1115 βωμὸν,
1672 1047 1766 1099 καὶ
1796 1047 1932 1101 ἀπό-

363 1137 554 1176 στασιν
583 1127 940 1197 ἐγκληθέντες
972 1133 1380 1202 ἀπολογοῦνται,
1409 1135 1484 1198 ώς
1531 1136 1594 1189 τὸ
1643 1137 1934 1210 θυσιαστή-

364 1212 480 1280 ριόν
509 1215 656 1268 ἐστιν
680 1218 814 1272 ὅπου
853 1221 1060 1293 Ἰησοῦς
1094 1225 1272 1294 ἄρχει.
1293 1225 1532 1280 Ἐκείνου
1572 1227 1628 1280 δὲ
1658 1227 1817 1280 τοῦτο
1849 1228 1931 1298 μί-

367 1303 524 1371 μημά
555 1319 611 1356 τε
649 1307 743 1359 καὶ
771 1308 1056 1378 σύμϐολον.
1077 1313 1164 1376 Ὠς
1195 1314 1260 1367 ἂν
1287 1314 1362 1386 μὴ
1390 1317 1520 1379 τοὺς
1547 1317 1705 1380 ἐκτὸς
1738 1318 1936 1388 Ἰορδάο

362 1409 452 1445 νου
484 1394 668 1460 ξένους
705 1399 842 1468 μετὰ
866 1403 1056 1472 χρόνον
1089 1407 1138 1458 οἱ
1175 1407 1322 1470 ἐντὸς
1351 1403 1491 1460 εἶναι
1519 1410 1802 1479 νομίσωσι,
1827 1429 1936 1464 κωο

361 1481 582 1546 λύοντες
625 1488 824 1554 αὐτοὺς
869 1491 968 1561 τῆς
1014 1492 1108 1545 τοῦ
1157 1495 1308 1566 ἱεροῦ
1365 1501 1620 1568 μετοχῆς.
1667 1499 1831 1568 Δηλοῖ
1880 1501 1936 1553 δὲ

361 1573 554 1636 ταῦτα,
583 1575 664 1641 ὼς
697 1579 728 1630 6
754 1579 882 1646 λαὸς
912 1583 1010 1652 τῆς
1040 1587 1346 1656 περιτομῆς
1372 1589 1400 1640 6
1435 1590 1724 1660 πρότερος,
1748 1590 1799 1642 oi
1831 1591 1937 1643 υἱοὶ

372 1661 586 1720 Ῥουϐὶν
614 1668 708 1722 τοῦ
742 1674 1118 1741 πρωτοτόκου,
1149 1678 1200 1729 oi
1254 1677 1361 1730 uici.
1387 1678 1496 1732 Γὰδ
1528 1679 1690 1734 ἄλλου
1721 1697 1936 1750 πρωτο-

360 1753 544 1822 τόκου,
585 1757 634 1810 oi
685 1761 794 1814 uici.
841 1762 1110 1834 Μανασσῆ
1163 1767 1324 1822 ἄλλου
1381 1771 1747 1840 πρωτοτόκου,
1794 1771 1936 1824 κατὰ

361 1847 552 1916 χρόνον
597 1850 860 1918 δηλονότι,
895 1857 1110 1911 ποιοῦσι
1167 1858 1350 1929 βωμὸν
1400 1862 1461 1914 οὐ
1510 1862 1600 1914 τὸν
1651 1861 1930 1932 ἀληθινὸν,
1967 1853 2008 1908 Β

359 1937 496 1992 ἀλλὰ
523 1941 788 2011 σύμϐολον
807 1962 821 1976 ο
849 1947 936 2000 ἵνα
965 1948 1040 2018 μὴ
1067 1949 1332 2020 διέλωμεν
1353 1952 1547 2015 αὐτοὺς
1570 1954 1664 2006 ἀπ’
1685 1953 1931 2011 ἐκείνων.

372 2031 617 2107 ’Λδελφολ
650 2036 757 2106 γὰρ
788 2039 943 2108 ἡμῶν
975 2041 1028 2092 οἱ
1059 2042 1166 2112 πρὸ
1195 2042 1297 2112 τῆς
1333 2031 1630 2115 παρουσίές
1670 2047 1934 2108 Ἰουδαῖοι,

360 2123 541 2176 καὶτὸ
567 2125 816 2196 ἀληθινὸν
851 2131 1150 2203 μυστήριον
1183 2133 1380 2204 ᾔδεσαν
1427 2137 1502 2198 ὡς
1554 2136 1652 2188 οὐκ
1698 2135 1934 2206 ἔχουσιν.

373 2213 515 2266 Ἀλλ’
543 2217 598 2268 αί
647 2217 876 2271 παλαιαὶ
908 2219 1090 2274 θυσίαι
1122 2223 1232 2274 τῶν
1275 2223 1544 2293 ἀληθινῶν
1573 2225 1742 2288 τύπος
1788 2225 1942 2294 ὲτύγ·

361 2322 546 2375 χανον,
579 2308 713 2361 ὅπου
742 2305 810 2380 ἦν
842 2311 1074 2381 Ἰησοῦς.
1093 2313 1418 2384 Ἀμφότεροι
1463 2317 1646 2368 τοίνυν
1673 2316 1940 2385 γινόμεθα

367 2405 466 2473 μία
494 2402 822 2475 ποίμνη,εἷς
849 2409 1081 2478 ποιμήν.
1100 2409 1188 2472 Ὠς
1212 2409 1321 2480 γὰρ
1342 2410 1510 2463 πάλαι
1545 2410 1888 2479 ἀπέθνησκεν
1914 2413 1942 2464 6

362 2495 512 2558 λαὸς,
541 2498 635 2549 καὶ
684 2493 850 2568 ἦλθεν
887 2498 1119 2570 Ἀαρὼν,
1151 2500 1248 2552 καὶ
1298 2499 1432 2570 ἔστη
1471 2499 1673 2571 μεταξὺ
1707 2501 1816 2553 τῶν
1848 2517 1942 2554 τε·

365 2585 642 2657 θνηκότων
671 2588 768 2642 καὶ
795 2587 904 2642 τῶν
933 2588 1150 2652 ζώντων
1175 2629 1190 2656 ,
1221 2591 1316 2644 καὶ
1347 2591 1457 2646 ἀπὸ
1483 2591 1594 2644 τῶν
1623 2591 1826 2646 λοιπῶν
1852 2591 1944 2645 τὸν

365 2679 590 2733 θάνατον
619 2681 882 2752 ἔστησενο
914 2681 1088 2746 οὕτως
1125 2683 1155 2734 6
1199 2678 1453 2753 ἀληθινὸς
1498 2685 1791 2754 ἀρχιερεὺς
1841 2703 1942 2756 με·

363 2767 497 2834 ταξὺ
525 2771 634 2826 τῶν
659 2772 1001 2842 τεθνηκότων
1031 2774 1124 2827 καὶ
1151 2773 1260 2827 τῶν
1291 2774 1511 2839 ζώντων
1536 2774 1646 2828 τῶν
1680 2791 1740 2828 τε
1779 2775 1943 2846 μέχρι

363 2862 463 2930 τῆς
492 2865 796 2934 παρουσίας
825 2867 918 2919 τὸν
951 2867 1282 2931 ἰουδαῖσμὺν
1305 2867 1710 2938 τετηρηκότων,
1729 2868 1824 2920 καὶ
1852 2867 1946 2920 τὸν

366 2953 528 3006 αὐτὸν
557 2955 632 3024 μὴ
665 2955 974 3028 δεξαμένων
993 2997 1006 3021 ,
1041 2957 1138 3010 καὶ
1166 2959 1392 3021 ἑαυτοὺς
1427 2957 1627 3028 μᾶλλον
1651 2957 1812 3029 ἦ.τὸν
1837 2957 1946 3028 Ἰη-

369 3045 496 3097 σοῦν
546 3051 958 3117 νεκρωσάντων,
989 3050 1056 3103 δι’
1077 3045 1154 3104 ὧν
1183 3050 1270 3119 ἐφ’
1299 3052 1529 3115 ἑαυτοὺς
1572 3051 1632 3104 τὸ
1675 3044 1816 3122 αἷμα
1850 3048 1946 3120 φε-

2033 591 2202 648 Mosis
2229 595 2435 650 subditi
2467 595 2865 660 laboraverint,
2886 607 3110 669 accepta
3140 600 3454 655 haereditate
3471 619 3611 659 non-

2034 683 2166 736 dum
2203 696 2385 741 autem
2413 698 2703 756 occupata,
2727 688 2795 742 ad
2833 691 2991 744 sedes
3015 690 3385 760 sempiternas
3407 694 3608 764 singuli

2035 788 2159 826 cum
2195 774 2353 832 bonis
2385 793 2414 828 a
2445 774 2614 832 Josue
2643 777 2790 833 datis
2852 777 3226 846 dimittuntur,
3257 789 3314 836 ut
3373 783 3612 852 quisque

1989 931 1994 936 _
2035 866 2184 919 omni
2205 863 2352 920 bello
2378 868 2598 923 sublato
2650 884 2744 925 seu
2773 881 2998 940 peracto
3031 871 3085 925 in
3117 886 3251 942 pace
3281 873 3464 942 degat.

2105 1045 2378 1100 Caeterum
2428 1043 2509 1098 illi
2543 1059 2765 1115 quoque
2804 1059 3060 1114 magnam
3106 1059 3259 1099 aram
3291 1052 3608 1110 exstruunt,

2036 1139 2472 1204 defectionisque
2506 1137 2770 1206 probrum
2801 1141 2928 1191 cuni
2968 1137 3080 1192 illis
3115 1138 3397 1204 Objectum
3429 1147 3606 1205 esset,

2034 1233 2206 1286 altare
2249 1229 2380 1284 illud
2451 1229 2506 1283 in
2562 1229 2776 1283 ditione
2845 1226 3012 1281 Josue
3065 1242 3188 1282 esse
3252 1229 3608 1297 respondent.

2037 1322 2115 1376 Ac
2147 1321 2296 1374 illius
2341 1319 2562 1391 quidem
2605 1318 2708 1372 hoc
2751 1333 2873 1373 esse
2919 1319 3206 1388 exemplar
3253 1331 3317 1372 ac
3367 1319 3608 1388 signum,

2040 1429 2107 1466 ne
2135 1411 2391 1466 videlicet
2437 1417 2682 1465 vertente
2742 1417 2988 1479 tempore
3045 1410 3298 1466 homines
3338 1410 3434 1480 qui
3467 1411 3609 1465 intra
3648 1433 3656 1440 -

2037 1505 2334 1560 Iordanem
2387 1510 2539 1568 sunt,
2576 1517 2672 1556 eos
2710 1499 2806 1572 (μή
2855 1508 3010 1554 extra
3059 1508 3189 1556 sunt
3231 1515 3331 1570 pro
3363 1501 3614 1571 peregri-

2040 1597 2127 1652 nis
2181 1603 2458 1666 reputent,
2507 1602 2562 1648 et
2608 1609 2639 1646 a
2681 1593 2831 1648 cultu
2881 1605 3042 1646 sacro
3085 1607 3182 1647 eos
3227 1598 3472 1646 arceant.
3518 1589 3614 1646 His

2042 1701 2171 1742 vero
2205 1684 2488 1738 indicatur
2526 1683 2670 1752 quod
2711 1681 2950 1752 populus
2978 1680 3434 1736 circumcisionis
3463 1679 3614 1748 prior

2045 1775 2136 1828 lilii
2182 1773 2436 1828 Manasse
2469 1771 2612 1826 alius
2656 1771 3014 1842 primogeniti
3043 1785 3146 1826 suo
3177 1778 3432 1840 tempore
3463 1784 3613 1826 aram

2039 1865 2294 1920 videlicet
2346 1869 2665 1925 exstruunt,
2723 1877 2832 1916 non
2882 1861 3108 1931 quidem
3145 1876 3333 1916 veram
3368 1861 3464 1916 sed
3493 1877 3615 1916 um-

2039 1955 2311 2019 bratilem,
2348 1971 2414 2008 ne
2445 1969 2541 2008 eos
2572 1954 2642 2008 ab
2675 1954 2788 2008 illis
2827 1967 3174 2023 separemus.
3213 1951 3437 2008 Fratres
3465 1954 3613 2007 enim

2040 2047 2214 2100 nostri
2279 2048 2371 2116 qui
2438 2054 2568 2099 ante
2621 2045 2919 2099 adventum
2993 2043 3212 2098 Domini
3276 2043 3616 2098 exstiterunt

2037 2136 2234 2202 Judzci,
2273 2149 2337 2190 ac
2371 2151 2562 2190 verum
2598 2135 2922 2206 mysterium
2947 2119 3196 2222 venerati
3231 2143 3383 2198 sunt,
3413 2149 3614 2204 quam-

2041 2224 2126 2279 vis
2170 2240 2278 2278 non
2315 2223 2670 2288 habuissent,
2709 2230 2924 2278 veteres
2952 2221 3110 2275 vero
3140 2221 3376 2275 victimae
3410 2222 3614 2274 verita-

2042 2315 2113 2368 tis
2140 2317 2311 2384 ligura
2343 2313 2588 2379 luerunt,
2634 2327 2759 2383 qua
2799 2327 2992 2366 verum
3031 2310 3199 2366 Josue
3245 2319 3615 2381 representa-

2041 2415 2194 2461 runt.
2245 2405 2422 2458 Ambo
2470 2405 2659 2474 itaque
2707 2419 2852 2459 unus
2905 2401 3162 2473 idemque
3213 2418 3344 2472 grex
3397 2416 3612 2464 sumus,

2043 2497 2304 2564 idemque
2332 2502 2542 2564 pastor.
2579 2493 3059 2560 Quemadmodum
3088 2495 3236 2550 enim
3279 2495 3407 2548 olim
3441 2508 3612 2548 oceu-

2043 2589 2164 2645 buit
2210 2587 2467 2658 populus,
2513 2587 2866 2656 accessitque
2913 2585 3097 2640 Aaron
3152 2594 3208 2642 et
3264 2601 3327 2642 se
3373 2585 3615 2640 medium

2043 2681 2190 2735 inter
2245 2688 2494 2734 mortuos
2553 2694 2618 2733 ac
2664 2680 2822 2734 vivos
2875 2679 3094 2744 statuit,
3165 2687 3220 2733 et
3285 2694 3316 2733 a
3387 2677 3614 2748 reliquis

2045 2782 2276 2827 mortem
2333 2772 2587 2842 depulit:
2646 2773 2720 2826 ita
2769 2785 2931 2827 verus
2980 2770 3229 2842 pontifex
3279 2772 3426 2826 inter
3469 2786 3620 2826 mor-

2047 2875 2168 2920 tuos
2202 2880 2265 2919 ac
2293 2866 2470 2930 vivos,
2517 2866 2665 2920 inter
2706 2880 2802 2920 eos
2845 2865 2938 2935 qui
2983 2865 3052 2919 ad
3103 2864 3400 2919 adventum
3442 2863 3618 2934 ipsius

2046 2973 2221 3027 usque
2251 2956 2602 3012 Judaismum
2644 2965 3068 3022 conservarunt,
3119 2971 3329 3028 eosque
3359 2956 3454 3027 qui
3487 2973 3616 3012 eum

2047 3064 2156 3104 non
2190 3059 2541 3120 receperunt,
2573 3065 2744 3120 seque
2795 3051 2946 3120 ipsos
2981 3065 3146 3120 quam
3178 3047 3372 3104 Jesum
3415 3063 3618 3104 necare

371 3152 484 3206 ρειν
535 3139 843 3210 ἐτόλμησαν
879 3141 1074 3213 Ἰησοῦ.
1124 3143 1216 3195 Διὸ
1258 3144 1354 3196 καὶ
1399 3143 1508 3195 πᾶν
1556 3135 1695 3210 αἷμα
1740 3141 1940 3195 δίκαιον

2051 3145 2392 3206 maluerunt,
2421 3158 2486 3198 eo
2515 3144 2664 3214 quod
2706 3143 3037 3214 sanguinem
3077 3141 3210 3198 Jesu
3245 3142 3299 3196 in
3337 3157 3397 3197 se
3431 3149 3618 3197 trans-

367 3225 604 3296 ἔφθασεν
661 3231 748 3282 ἐπ’
772 3231 992 3295 αύτούς.
1020 3233 1243 3300 Μεταξὺ
1289 3234 1471 3289 τοίνυν
1516 3231 1686 3310 ἐλθὼν
1713 3231 1940 3302 ἔστησεν

2050 3232 2197 3288 ferre
2237 3233 2358 3288 ausi
2398 3245 2547 3298 sunt,
2589 3233 2643 3286 in
2687 3248 2825 3302 quos
2877 3232 3090 3286 idcirco
3117 3231 3302 3286 omnis
3336 3231 3618 3301 justorum

367 3319 462 3389 ἀφ’
486 3319 643 3392 ἡμῶν
676 3321 772 3391 τὴν
801 3323 895 3376 τοῦ
931 3323 1163 3378 θανάτου
1199 3325 1389 3398 νομὴν,
1418 3324 1526 3379 τῶν
1555 3324 1765 3396 νεκρῶν
1809 3324 1942 3379 Ἰου-

363 3410 531 3464 δαίων
564 3413 730 3482 μηδὲν
769 3413 850 3466 ἔτι
881 3415 1180 3470 ποιούντων
1211 3417 1465 3489 ἀληθινὸν
1495 3417 1605 3470 τῶν
1636 3419 1742 3470 ὑπὸ
1775 3417 1940 3488 νόμου

363 3502 732 3573 διῃρημένων.
771 3507 907 3576 Παρ’
931 3507 1062 3578 ἡμῖν
1091 3509 1200 3578 γὰρ
1227 3511 1255 3562 6
1280 3509 1536 3579 ἀληθινὸς
1555 3510 1682 3573 ναὸς
1707 3510 1734 3562 6
1765 3511 1829 3562 ἐκ
1855 3509 1940 3562 λί-

367 3589 476 3643 θων
509 3589 748 3656 ζώντων,
778 3595 873 3648 καὶ
906 3595 1114 3667 Ἰησοῦς
1138 3598 1167 3648 6
1193 3595 1470 3668 ἀληθινός.

371 3831 2765 3869 W

2048 3325 2274 3395 sanguis
2321 3325 2538 3379 recidit.
2583 3324 2717 3379 Cum
2771 3325 3182 3380 intercessisset
3227 3323 3436 3392 itaque,
3467 3335 3618 3376 mor-

2051 3425 2158 3472 tem
2191 3432 2221 3471 a
2251 3417 2411 3474 nobis
2444 3418 2710 3474 abstulit:
2745 3433 2872 3472 cum
2909 3418 3112 3472 mortui
3143 3414 3322 3471 Judaei
3359 3416 3464 3471 sub
3502 3415 3620 3484 lege

2049 3507 2292 3576 separati
2352 3507 2566 3561 nullum
2622 3507 2863 3577 amplius
2913 3505 3164 3560 veritatis
3235 3519 3375 3575 opus
3430 3502 3619 3558 edant.

2048 3597 2205 3665 Apud
2245 3611 2349 3652 nos
2399 3597 2548 3650 enim
2605 3612 2794 3650 verum
2849 3604 2934 3650 est
2981 3597 3251 3664 templum
3304 3593 3451 3662 quod
3482 3593 3619 3648 vivis

2050 3687 2325 3756 lapidibus
2351 3695 2591 3752 constat,
2626 3703 2789 3744 verus
2833 3687 2960 3742 item
2994 3685 3176 3740 Josue.

2829 3831 3596 3870 ψ

899 3997 2008 4124 COMMENTARII
2118 3995 2276 4120 IN
2323 3983 2328 3986 ’
2380 3993 3080 4125 JUDICES.
3138 4168 3172 4199 ~

439 4339 564 4402 Τοῖς
593 4337 848 4408 ἀγνοοῦσι
880 4339 976 4394 τοῦ
1009 4341 1275 4413 παρόντος
1309 4339 1517 4412 βιϐλίου
1556 4342 1656 4414 τὴν
1688 4341 1940 4414 δύναμιν,

2122 4345 2179 4400 Si
2213 4344 2339 4416 quis
2389 4341 2554 4412 bujus
2597 4337 2888 4412 praesentis
2927 4334 3100 4392 libelli
3154 4334 3442 4402 virtutem,
3504 4349 3622 4390 om-

371 4430 466 4483 καὶ⁹
515 4430 597 4482 ὅτι
640 4431 792 4484 πᾶσα
836 4431 1029 4504 Γραφὴ
1081 4432 1439 4496 θεόπνευστος
1495 4433 1590 4486 καὶ
1645 4432 1940 4505 ὠφέλιμος,

2050 4451 2286 4508 nemque
2339 4433 2685 4504 Scripturam
2741 4428 3004 4484 divinitus
3059 4425 3386 4496 inspiratam
3431 4423 3623 4480 utilem

373 4521 630 4592 ἀνόνητον
677 4518 815 4574 εἶναι
861 4522 1027 4588 δοκεῖ,
1061 4523 1330 4594 πολέμους
1374 4526 1470 4578 καὶ
1521 4525 1700 4595 μάχας
1751 4525 1827 4590 ὡς
1875 4527 1940 4581 τὰ

2049 4543 2172 4584 esse
2209 4528 2446 4596 ignorat,
2491 4521 2637 4578 bella
2683 4535 2747 4575 ac
2794 4531 3006 4590 pugnas
3039 4515 3244 4586 saepius
3275 4527 3622 4570 commemo-

375 4613 546 4666 πολλὰ
570 4612 1052 4683 διηγούμενον.⁹ού
1097 4615 1207 4685 γὰρ
1247 4615 1564 4679 σκοποῦσιν,
1594 4617 1670 4680 ὡς
1697 4617 1940 4682 τυπικῶς

2049 4627 2262 4674 rantem
2311 4616 2524 4670 [utilem
2564 4628 2688 4668 esse
2729 4611 2918 4665 ducet.
2969 4609 3090 4663 Non
3135 4607 3285 4663 enim
3345 4607 3400 4660 in
3445 4605 3622 4676 ﬁgura

377 4703 478 4774 μὲν
524 4704 755 4768 ἐκείνοις
815 4704 1012 4774 συνέϐη
1040 4747 1055 4772 ,
1102 4706 1316 4780 ἐγράφη
1365 4707 1421 4760 δὲ
1471 4708 1612 4778 πρὸς
1664 4709 1940 4765 νουθεσίαν

2051 4713 2159 4768 illis
2197 4710 2476 4774 evenisse,
2517 4717 2570 4762 et
2601 4705 2668 4761 ad
2711 4714 2960 4759 nostram
2997 4701 3382 4758 eruditionem
3415 4701 3625 4770 scripta

377 4796 555 4866 ἡμῶν,
591 4799 685 4850 καὶ⁹
714 4793 834 4850 κατ’
861 4796 994 4849 αὐτὸ
1031 4797 1090 4850 τὺ
1122 4798 1285 4868 ῥητὸν
1313 4799 1592 4868 ὠφελῆσαι
1636 4799 1756 4854 λίαν
1785 4801 1940 4856 δυνά-

2051 4819 2178 4860 esse
2235 4801 2558 4872 pet-pendet.
2610 4797 2724 4853 Nec
2774 4796 2942 4851 etiam
3007 4793 3154 4864 quod
3203 4793 3317 4846 haec
3379 4792 3627 4846 narratio

382 4903 541 4957 μενον
558 4902 570 4915 ·
602 4887 730 4941 ὃταν
759 4888 975 4958 ὁρῶμεν
1001 4887 1126 4941 ὅσον
1159 4888 1384 4945 δύναται
1409 4891 1544 4945 Θεοῦ
1571 4892 1829 4966 λατρεία,
1856 4895 1940 4950 καὶ

2049 4893 2351 4966 plurimum
2401 4891 2559 4946 nobis
2601 4887 2862 4944 utilitatis
2911 4884 3094 4950 aﬂ'ert,
3156 4900 3281 4939 cum
3319 4885 3389 4939 ob
3435 4885 3628 4938 oculos

376 4977 542 5031 πάλιν
583 4979 904 5042 ἀπόστασις.
971 4979 1084 5033 Καὶ
1125 4980 1200 5044 ὡς
1248 4983 1282 5052 ἡ
1339 4983 1472 5052 μὲν,
1522 4984 1776 5056 καθαιρεῖ
1823 4989 1940 5052 τοὺς

2051 4993 2258 5058 quanta
2313 4983 2482 5038 divini
2541 4981 2752 5046 cultus,
2796 4993 2860 5034 ac
2907 4985 3146 5033 econtra
3185 4975 3516 5032 defectionis
3545 4975 3626 5030 vis

375 5068 626 5138 ἐχθροὺς,
653 5070 758 5123 κᾶν
801 5070 1110 5124 ἀπέλθωσιν
1128 5089 1142 5102 ·
1175 5075 1208 5144 ἡ
1234 5073 1290 5126 δὲ
1308 5115 1324 5142 ,
1356 5074 1570 5140 τούτοις
1598 5075 1940 5149 ὑποχειρίους

2048 5081 2285 5136 exsistat
2317 5076 2490 5146 ponit,
2524 5073 2671 5144 quod
2719 5071 2978 5127 videlicet
2999 5070 3090 5124 ille
3120 5070 3311 5125 hostes
3345 5068 3452 5124 etsi
3491 5083 3628 5122 con-

368 5161 681 5232 ἐργάζεται.
729 5162 1034 5233 Τοιγαροῦν
1086 5165 1114 5217 6
1166 5164 1310 5229 θεῖος
1363 5167 1574 5232 Παῦλος
1624 5171 1689 5222 ὲκ
1737 5170 1940 5226 τούτων

2050 5179 2136 5225 tra
2186 5185 2289 5224 nos
2348 5163 2773 5230 insurrexerint,
2848 5163 3099 5232 reprimit
3155 5179 3182 5215 :.
3217 5175 3282 5216 ea
3334 5175 3464 5215 vero
3526 5159 3628 5214 sub

365 5252 596 5306 πλεῖστα
626 5253 892 5324 λαμϐάνει
924 5255 994 5308 τὰ
1025 5256 1467 5326 παραδείγματα,
1501 5261 1762 5332 γράφων
1819 5265 1944 5317 ἑπι-

364 5343 542 5414 λείψει
571 5346 680 5415 γάρ
737 5363 804 5415 με
832 5345 1190 5418 διηγούμενον
1237 5351 1266 5402 6
1309 5350 1501 5420 χρόνος
1547 5353 1675 5422 περὶ
1714 5352 1941 5420 Γεδεὼν,

366 5437 556 5508 Βαράκ
586 5453 643 5490 τε
673 5437 768 5491 καὶ⁵
797 5437 1035 5508 Σαμψὼν
1055 5479 1070 5504 ,
1103 5440 1198 5493 καὶ
1233 5439 1441 5510 Ἰεφθάε
1462 5459 1475 5473 ·
1509 5441 1560 5496 οἳ
1591 5444 1676 5499 διὰ
1709 5445 1946 5511 πίστεως

367 5529 815 5598 κατηγωνίσαντο
841 5529 1148 5600 βασιλείας,
1179 5531 1275 5588 καὶ
1311 5532 1379 5587 τὰ
1412 5532 1564 5606 ἑξῆς.
1597 5543 1618 5574 \

484 5817 531 5851 “
555 5816 720 5874 Hebr.
756 5836 829 5885 XI,
888 5818 978 5873 5‘2.

2055 5265 2300 5336 ipsorum
2351 5277 2577 5317 manum
2620 5257 2810 5314 mittit.
2859 5257 3045 5323 Quare
3072 5257 3236 5312 divus
3283 5254 3491 5310 Paulus
3515 5241 3626 5308 non

2050 5359 2276 5428 indigne
2312 5371 2382 5410 ex
2415 5355 2502 5409 his
2556 5349 2861 5422 Scripturis
2901 5348 3141 5419 plurima
3184 5350 3321 5404 citat
3345 5345 3622 5415 exempla.

2051 5453 2183 5520 Quae
2220 5449 2402 5518 qualia
2451 5447 2562 5502 sint
2595 5460 2717 5516 qua:
2747 5445 2814 5500 de
2843 5443 3119 5508 Gedeone,
3169 5441 3238 5497 de
3281 5437 3522 5502 Barach,
3553 5435 3617 5496 dt

2050 5545 2377 5616 Sampsone,
2424 5539 2620 5610 Jepltte
2669 5546 2723 5593 et
2782 5536 3033 5606 aliis‘qui
3077 5532 3204 5589 ﬁdei
3227 5531 3431 5588 virtute
3465 5528 3616 5584 devia

2051 5644 2247 5695 cerunt
2288 5651 2454 5704 regn..
2485 5629 3067 5695 commemorantur”,
3095 5627 3143 5683 si
3177 5636 3468 5680 recensere
3503 5619 3613 5677 vel!

2054 5737 2181 5800 lem,
2213 5741 2426 5802 tempus
2454 5743 2541 5782 me
2579 5724 2856 5780 deﬁceret.
