3986 6218
403 355 544 424 1049

1464 365 2006 433 (ΞΟΜΜΕΝΤΑΒΙΙ
2036 373 2116 434 ΙΝ
2153 376 2495 440 JUDICES.

3512 384 3649 452 1050

392 470 666 544 ἔπρησεν·
695 474 924 544 Ἰησοῦς,
977 474 1186 541 ὠςτῶν
1235 476 1443 535 λοιπῶν
1497 481 1967 553 προκαθεζομένηι

2093 485 2200 540 lam
2236 487 2593 543 inﬁammavit
2622 485 2814 554 Josue,
2853 485 3053 560 'utpote
3099 491 3190 560 qui
3242 490 3477 560 primunt
3506 492 3648 551 inter

395 561 710 633 βασιλειῶν,
745 567 836 620 καὶ
864 566 1137 638 ἄρχουσαν
1165 569 1275 624 τῶν
1303 569 1638 642 ἀλλοφύλων.

2087 576 2303 653 reliqua
2335 579 2517 635 locum
2553 588 2784 646 teneret,
2817 590 2871 638 et
2897 582 3104 638 exteris
3143 583 3509 652 imperitaret.

466 674 566 730 Est
591 690 721 731 vero
747 674 899 731 Jabis
929 677 1072 731 ultra
1106 675 1416 734 Jordanem
1448 681 1649 750 posita.
1680 679 1838 736 Nunc
1862 697 1996 740 vero
2013 682 2172 744 vicus
2196 695 2281 743 est
2311 688 2379 744 ad
2419 689 2744 746 vicesimum
2773 692 2993 763 signum
3024 691 3056 745 ξι
3089 691 3232 749 Pella
3261 692 3463 764 oppido
3479 694 3650 753 dissi-

394 770 519 820 tus:
561 766 628 819 ad
654 767 944 836 sexaginta
981 781 1116 822 vero
1153 767 1590 827 ascendentibus
1635 768 1922 826 Gerasam.

460 879 564 946 Εις
605 877 744 945 ὅρος
790 879 1016 949 Βαθώρ.
1073 881 1238 950 Ὄρος
1299 881 1496 952 Βαθὼρ
1540 883 1601 935 ὲν
1650 885 1718 955 τῇ
1761 884 1972 940 πεδιάδι

395 971 573 1023 κεῖται
604 969 713 1022 ἀπὸ
741 971 984 1040 σημείων
1009 977 1040 1024 t'
1065 973 1490 1042 Διοκαισαρείας
1517 974 1659 1028 κατὰ
1683 975 1969 1038 ἀνατολάς.

401 1061 590 1132 Ὅριον
609 1061 668 1114 δὲ
703 1061 860 1116 τοῦτο
906 1063 1080 1133 φυλῆς
1121 1063 1373 1135 Ἰσσάχαρ
1413 1068 1508 1118 καὶ
1547 1066 1721 1134 φυλῆς
1756 1069 1976 1136 Νεφθα-

397 1145 527 1220 λείμ
545 1168 559 1182 ⁸
595 1146 664 1223 ἧς
696 1147 764 1224 ἦν
792 1153 962 1216 Κεδὲς
1050 1153 1203 1218 πόλις
1228 1157 1478 1226 ίερατική
1506 1173 1564 1210 τε
1596 1159 1689 1212 καὶ
1711 1159 1978 1227 φυγαδευ-

397 1243 586 1312 τήριον
615 1243 714 1308 τῆς
748 1242 1060 1308 Γαλιλαίας.

460 1335 564 1400 Εις
588 1334 830 1402 σκηνὴν
859 1334 1020 1406 Ἰαήλ
1049 1337 1332 1406 γυναικὸς
1353 1339 1541 1406 Χαϐὲρ
1573 1339 1680 1393 τοῦ
1709 1341 1970 1395 Κιναίου.

396 1420 588 1494 Χάὸερ
617 1425 710 1478 τοῦ
746 1427 994 1483 Κιναίου.
1042 1427 1248 1492 Υἱωνὸς
1291 1421 1450 1492 οὗτος
1487 1429 1675 1500 ’1οθὼρ
1707 1429 1798 1482 τοῦ
1830 1447 1974 1502 γαμ-

396 1516 528 1588 ϐροῦ
579 1518 882 1583 Μωῡσέως.
940 1520 1036 1582 Ὃς
1065 1520 1186 1573 ἐκεῖ
1223 1518 1416 1592 πρώην
1443 1521 1671 1589 διάγων,
1697 1521 1972 1591 θεασάμε-

394 1623 483 1670 νος
515 1606 610 1660 τοῦ
643 1608 880 1680 πολέμου
913 1607 1008 1679 τὴν
1038 1607 1246 1677 ἔφοδον,
1281 1611 1472 1681 πόρρω
1517 1626 1621 1663 που
1654 1611 1751 1679 τῆς
1791 1611 1975 1681 μάχης

394 1699 629 1766 ἐγένετο,
670 1700 766 1754 καὶ
805 1701 906 1772 τὴν
955 1701 1152 1755 ἑαυτοῦ
1198 1700 1404 1772 σκηνὴν
1458 1700 1626 1771 ἔπηξε
1662 1703 1798 1773 πρὸς
1841 1701 1974 1774 δρῦν

393 1787 826 1858 ἀναπαυομένων
864 1789 1096 1860 πλησίον
1124 1791 1224 1861 τῆς
1252 1790 1439 1854 Κεδές.

461 1878 552 1948 Τῷ
579 1880 787 1952 Σισάρᾳ
809 1879 951 1951 ὕδωρ
983 1880 1224 1934 αἰτοῦντι
1265 1881 1406 1950 γάλα
1433 1883 1762 1956 παρέσχετο,
1795 1885 1872 1948 ὡς
1903 1883 1972 1939 ἂν

391 1971 485 2024 καὶ
518 1970 720 2042 μᾶλλον
748 1971 825 2036 ὡς
848 1971 1112 2044 εὐνοούσῃ
1149 1973 1462 2027 πιστεύσειε
1487 1991 1504 2008 υ
1544 1977 1640 2030 καὶ
1669 1975 1971 2047 καθυγραν-
1999 2005 2044 2065 Β

391 2060 528 2129 θεὶς,
564 2063 660 2116 καὶ
689 2065 801 2127 τοῖς
831 2064 1201 2136 περιϐολαίοις
1229 2065 1588 2136 θαλπόμενος,
1616 2067 1968 2139 κατενεχθείη

390 2154 526 2224 πρὸς
578 2154 764 2211 ῦπνον.
809 2157 1114 2230 Ἐθάρῤησε
1159 2157 1216 2211 δὲ
1261 2158 1362 2228 τὴν
1405 2159 1578 2231 ἀρχὴν
1639 2163 1760 2222 ταῖς
1839 2177 1970 2230 προ-

391 2245 735 2318 ῦπαρξάσαις
766 2247 1023 2313 σπονδαῖς
1048 2247 1198 2320 αὐτῷ
1222 2265 1282 2303 τε
1309 2249 1404 2304 καὶ
1434 2251 1618 2323 Χάϐερ
1644 2251 1737 2304 τοῦ
1758 2251 1962 2321 ταύτης

391 2335 604 2406 ἀνδρός.

463 2513 569 2566 Kal
607 2509 724 2586 ᾖσε
773 2514 1038 2584 Δεὸϐώρα
1085 2517 1186 2572 καὶ
1230 2517 1430 2586 Βαράκ
1484 2517 1614 2584 υίὸς
1663 2517 1973 2587 Ἀμὸινεὲμ

389 2601 458 2655 ἐν
485 2602 559 2669 τῇ
587 2604 773 2672 ἡμέρᾳ
801 2605 1026 2673 ἔχε’νῃ,
1058 2608 1366 2676 λέγοντεςο
1409 2608 1498 2660 Ἐν
1529 2611 1595 2678 τῇ
1623 2607 1742 2680 θείᾳ
1776 2609 1968 2678 Γραφῇ

389 2695 583 2766 πρώτη
613 2696 712 2766 μὲν
737 2694 850 2768 ᾠδὴ
888 2699 922 2768 ἡ
968 2698 1026 2752 ὲν
1066 2702 1129 2770 τῇ
1175 2698 1366 2769 Ἐξὸδῳ
1389 2714 1402 2728 ·
1442 2700 1728 2771 ι”ᾼσωμεν
1754 2699 1831 2771 τῷ
1855 2703 1970 2754 Κυ-

395 2787 515 2858 ρίῳ,
552 2788 778 2853 ἐνδόξως
835 2789 946 2860 γὰρ
989 2789 1321 2856 δεδόξασται.
1366 2809 1384 2841 ι
1421 2789 1660 2859 Δευτέρα
1690 2791 1723 2860 ἡ
1753 2793 1811 2844 ἐν
1858 2793 1971 2854 τοῖς

403 2877 682 2949 Ἀριθμοῖς
729 2879 828 2932 ἐπὶ
854 2879 934 2952 τῷ
980 2881 1177 2952 φρέατι
1199 2897 1213 2910 ο
1245 2881 1405 2952 τρίτη
1437 2881 1496 2934 ὲν
1544 2879 1622 2952 τῷ
1650 2882 1972 2951 Δευτερονο-

393 2971 504 3041 μίῳ
531 2986 544 3001 ⁸
578 2990 597 3022 ι
623 2969 897 3043 Πρόσεχε,
931 2973 1150 3043 ούρανὲ,
1187 2973 1283 3026 καὶ
1312 2972 1550 3043 λαλήσω.
1590 2992 1608 3024 ι
1631 2972 1878 3043 Τετάρτη
1913 2974 1998 3038 ὲν¹

292 3125 303 3130 _
387 3061 504 3124 τοῖς
529 3061 784 3132 κριταῖς.
816 3066 851 3136 ή
883 3065 1157 3136 παροῦσα.
1185 3065 1308 3137 Χρὴ
1333 3065 1389 3119 δὲ
1416 3065 1508 3118 τὸν
1531 3065 1806 3134 ἐφθακότα
1835 3063 1968 3117 ταύ-

387 3169 488 3222 την
516 3153 686 3226 ᾅδειν,
719 3155 838 3227 ἦτοι
881 3156 1144 3227 μέλισσαν
1188 3157 1290 3228 ἤδη
1329 3159 1659 3226 γεγονέναι·
1708 3154 1970 3225 Δεϐϐώρα

388 3244 498 3314 γὰρ
523 3243 698 3308 οὕτως
744 3246 1114 3318 ἑρμηνεύεται
1141 3264 1157 3279 ο
1213 3248 1246 3320 ἢ
1293 3247 1714 3320 ἀναϐεϐηκέναι,
1744 3247 1872 3300 ὥστ’
1900 3245 1967 3300 ἂν

2147 889 2213 944 In
2239 901 2464 947 montem
2481 892 2708 950 Bathor.
2733 893 2847 963 HV,
2863 893 2940 966 6.]
2964 895 3020 949 1η
3033 825 3262 964 planitie
3285 895 3429 951 situs
3455 904 3560 959 est,
3581 895 3649 950 ad

2077 977 2354 1035 decimum
2399 996 2430 1036 a
2481 980 2822 1039 Dioczesarea
2869 984 3102 1052 lapidem
3135 985 3203 1038 ab
3239 984 3471 1040 oriente.
3512 983 3648 1039 Ter-

2085 1073 2268 1127 minus
2284 1088 2414 1127 vero
2438 1073 2528 1127 hic
2559 1083 2642 1130 est
2669 1075 2846 1128 tribus
2889 1074 3145 1130 Issachar
3193 1085 3250 1129 et
3274 1073 3648 1150 Nephlbalim.

2083 1157 2141 1212 lu
2169 1173 2281 1228 qua
2332 1160 2477 1214 tribu
2517 1158 2693 1216 Cedes
2717 1169 2832 1214 erat
2857 1160 2987 1215 urbs
3013 1161 3402 1228 sacerdotalis,
3438 1170 3493 1216 et
3524 1175 3651 1234 asy-

2083 1249 2191 1302 lum
2222 1248 2480 1304 Galliam.
2865 1268 2880 1276 “
3353 1242 3355 1244 ’

2153 1337 2219 1390 In
2252 1339 2533 1391 tentorium
2566 1336 2692 1392 Jael
2723 1339 2906 1392 uxoris
2947 1338 3124 1394 llebor
3153 1338 3348 1395 Cenaei.
3377 1337 3518 1412 [l7.]
3544 1339 3649 1395 Ne-

2078 1440 2177 1494 pos
2211 1423 2495 1482 Jethrouis
2516 1428 2696 1484 soceri
2723 1428 2890 1483 Mosis
2921 1427 3011 1484 hic
3037 1436 3142 1482 cst.
3172 1428 3275 1495 Qui
3315 1444 3440 1484 cum
3473 1427 3647 1484 Paulo

2078 1529 2208 1570 ante
2239 1516 2332 1570 hic
2357 1518 2486 1572 belli
2529 1529 2785 1572 eventum
2831 1525 3181 1588 spectaturus
3214 1527 3420 1596 ageret,
3455 1519 3644 1588 procul

2073 1621 2316 1677 apugna
2372 1608 2606 1662 exstitit.
2649 1607 2817 1679 499
2881 1607 3030 1662 Fixit
3100 1617 3286 1662 autem
3347 1607 3645 1663 tentorium

2073 1713 2234 1754 suum
2291 1699 2361 1754 ad
2408 1714 2676 1770 quercum
2735 1699 3203 1770 requiescentium
3252 1713 3422 1770 prope
3449 1699 3644 1755 Cedes.

2137 1871 2312 1928 Porro
2343 1889 2480 1929 uxor
2505 1873 2626 1944 ejus
2678 1871 2799 1930 Jael
2847 1872 3047 1932 Sisara:
3085 1887 3284 1944 aquam
3328 1874 3534 1946 petenti
3563 1873 3648 1931 lac

2071 1965 2327 2036 praebuit,
2354 1981 2466 2036 quo
2520 1965 2918 2021 benevolentia
2977 1962 3334 2022 simulatione
3381 1966 3646 2036 majorem

2069 2067 2305 2114 mereret
2331 2057 2492 2113 ﬁdem
2519 2075 2533 2112 :
2564 2073 2665 2114 nec
2697 2073 2807 2113 non
2853 2057 3233 2124 ltumectatus,
3269 2058 3645 2128 stragulisque

2068 2149 2370 2206 calefactus
2435 2151 2490 2204 iu
2535 2165 2794 2206 somnum
2848 2149 3219 2205 delaberetur.
3281 2149 3412 2216 Quae
3470 2150 3646 2206 ofﬁcia

2071 2241 2258 2298 Sisara
2287 2242 2493 2312 recepit
2521 2243 2706 2296 statim
2746 2241 2995 2311 pristinis
3022 2241 3322 2296 fmderibus
3349 2255 3470 2310 quae
3503 2243 3646 2296 inter

2069 2335 2252 2405 ipsum
2292 2343 2347 2389 et
2405 2332 2586 2388 [leber
2620 2333 2881 2387 maritum
2914 2331 3036 2401 ejus
3077 2333 3508 2388 intercesserant
3536 2331 3654 2387 fre-

2069 2433 2183 2482 tus.

2142 2517 2559 2584 Cecineruntqtte
2609 2512 2853 2568 Debbora
2883 2523 2931 2568 et
2971 2513 3147 2568 Barac
3192 2512 3338 2582 [ilius
3372 2513 3643 2580 Abiuoem,

2069 2608 2125 2662 in
2150 2606 2244 2661 illo
2265 2607 2350 2660 die
2381 2607 2634 2662 dicentes.
2653 2604 2756 2677 1V,
2791 2603 2870 2675 1.]
2894 2604 3136 2658 Primum
3162 2605 3215 2658 in
3243 2604 3444 2659 divinis
3471 2603 3644 2658 Litte-

2068 2700 2148 2756 ris
2165 2699 2462 2772 epiuicium
2487 2697 2544 2752 in
2596 2695 2783 2750 Exodo
2838 2704 2958 2750 est:
2995 2715 3013 2747 ι
3054 2695 3365 2752 C:mtemus
3406 2695 3648 2750 Domino

2068 2793 2196 2862 quia
2227 2789 2512 2859 magniﬁce
2547 2804 2700 2843 suam
2738 2788 3206 2857 magnificentiam
3234 2785 3486 2842 exseruit
3509 2786 3579 2840 “.
3620 2806 3639 2838 ι

2071 2867 2384 2936 Secundum
2416 2881 2471 2934 in
2503 2877 2783 2940 Nuutcris,
2816 2892 2986 2946 super
3019 2883 3186 2946 puteo
3206 2876 3272 2930 ⁸⁸.
3308 2875 3554 2929 Tertium
3588 2876 3644 2930 itt

2070 2973 2496 3027 Deuterouomio
2531 2990 2544 3026 :
2581 2990 2600 3023 ι
2629 2972 2885 3034 Adverte,
2917 2969 3140 3032 cmlutu,
3162 2983 3287 3022 nam
3331 2969 3524 3037 loquar
3539 2967 3639 3020 “.o

2068 3065 2334 3131 Quartum
2357 3065 2462 3119 hoc
2486 3081 2726 3134 praesens
2745 3065 2799 3118 in
2816 3061 3131 3117 iudicibus.
3157 3059 3381 3130 Oportet
3404 3074 3646 3130 praecen-

2067 3163 2243 3209 torem
2287 3153 2456 3222 hujus
2485 3153 2752 3206 carminis
2785 3152 2868 3206 vel
2910 3163 3069 3220 apem
3098 3148 3292 3216 fuisse,
3320 3163 3442 3218 qua:
3467 3148 3646 3204 nomi-

2067 3249 2152 3304 nis
2176 3247 2436 3302 Debbora:
2465 3245 2845 3316 interpretatio
2888 3253 2992 3309 est,
3033 3251 3130 3298 aut
3163 3258 3288 3298 eum
3323 3243 3417 3312 qui
3449 3257 3647 3298 ascen-

386 3334 738 3411 atbrovAsIvat
787 3339 884 3393 καὶ
921 3341 1212 3410 ἀστραπήν
1237 3356 1252 3372 ο
1289 3339 1318 3391 δ
1360 3340 1426 3408 δὴ
1455 3341 1709 3411 σημαίνει
1736 3339 1959 3410 Βαράκ·

2082 3339 2230 3404 ierit,
2290 3338 2537 3405 adeoque
2596 3337 2690 3406 qui
2743 3335 2928 3404 fulgur
2984 3335 3098 3397 sit,
3155 3331 3304 3403 quod
3367 3329 3646 3402 signiﬁcat

385 3425 530 3497 ᾅδων
558 3408 702 3497 ’ᾦδὴν
727 3408 1400 3492 ὲπινίκιονξὲκλειπόντων
1431 3408 1696 3500 βασιλέων
1723 3408 1833 3484 τῶν
1862 3447 1961 3484 πο-

391 3515 691 3584 ρευθέντων
729 3517 880 3578 ὁδοὺς
901 3518 1362 3588 διεστραμμένας.

458 3603 680 3672 Δηλοϊὴ
715 3605 905 3674 ῥῆσις*
944 3624 963 3656 ι
1004 3607 1094 3660 Ἐν
1123 3608 1202 3677 τῷ
1235 3608 1504 3678 ἄρχοντας
1537 3612 1596 3663 ἐν
1631 3608 1710 3678 τῷ
1746 3607 1960 3680 Ἰσραὴλ

389 3690 804 3759 ἀναφαίνεσθαι,
839 3711 858 3744 ι
897 3694 992 3746 καὶ
1024 3695 1115 3747 τὸν
1145 3696 1270 3749 λαὸν
1309 3699 1494 3760 αὐτοῖς
1539 3699 1782 3752 ὑπείκειν
1805 3700 1962 3753 ἑκόν-

387 3797 476 3845 τα,
499 3781 592 3834 τὸν
618 3782 827 3853 Κύριον
865 3784 1160 3852 εὐλογεῖτε.
1203 3787 1372 3841 Ὅταν
1397 3788 1506 3860 γὰρ
1546 3790 1825 3862 συνδράμῃ
1857 3791 1960 3861 ἄρ-

386 3891 498 3942 χων
525 3891 583 3926 τε
613 3874 842 3944 νόμιμος
873 3875 969 3930 καὶ
992 3875 1119 3940 λαὸς
1160 3877 1438 3948 εὐπειθὴς,
1480 3878 1762 3942 δοξάζεται
1791 3880 1923 3943 Θεός
1943 3897 1960 3915 ο

385 3965 445 4030 ἐξ
492 3960 553 4020 οὗ
592 3965 734 4038 ἀρχή
778 3984 836 4020 τε
889 3968 1040 4022 πᾶσα
1089 3971 1182 4022 καὶ
1227 3969 1381 4038 τάξις
1414 3971 1472 4022 ἐν
1524 3969 1603 4038 τῷ
1633 3970 1960 4025 παντίοίθάο

383 4073 541 4130 τερον
588 4058 698 4130 γὰρ
744 4056 972 4132 θατέρου
1029 4061 1199 4132 χωρὶς
1276 4060 1500 4125 ἀσθενές
1560 4077 1621 4114 τε
1689 4063 1785 4114 καὶ
1837 4061 1966 4116 ἆτα-

385 4167 530 4208 κτον.

467 4333 609 4403 Ἐγώ
632 4337 752 4404 ειμι
796 4333 877 4400 τῷ
925 4335 1125 4402 Κυρίῳ
1167 4332 1283 4404 ἐγώ
1328 4334 1732 4405 ειμι,ᾷσομαι.
1777 4334 1965 4390 Ταῦτα

365 4426 496 4510 ’τοῖς
522 4425 801 4496 βασιλεῦσι
822 4425 932 4480 τῶν
953 4425 1268 4496 ἀλλοφύλων
1297 4427 1394 4480 καὶ
1417 4427 1730 4498 σατράπαις
1749 4427 1918 4498 φησίν
1940 4439 1956 4456 ⁸

382 4514 459 4577 ὡς
486 4515 546 4568 ού
578 4517 645 4585 τῇ
677 4515 784 4584 ἐμῇ
807 4513 1055 4584 δυνάμει,
1090 4515 1226 4568 Θεοῦ
1259 4515 1316 4569 δὲ
1354 4517 1767 4586 συνεργοῦντος,
1798 4517 1964 4588 ὲκράο

2058 3429 2252 3496 Barac,
2281 3429 2376 3498 qui
2411 3442 2634 3482 carmen
2665 3425 2952 3481 victoriale
2981 3425 3151 3480 cauit.

2129 3609 2401 3665 Caeterum
2438 3609 2743 3664 versiculus
2781 3607 2907 3660 ille:
2954 3624 2973 3657 ‹
3005 3605 3144 3660 Cum
3197 3603 3530 3659 defecissent
3564 3617 3646 3658 re.

2059 3715 2154 3771 ges
2174 3699 2268 3769 qui
2296 3700 2349 3752 in
2378 3699 2482 3753 viis
2509 3696 2788 3766 perversis
2845 3695 3084 3765 ingressi
3130 3701 3312 3758 erant,
3349 3711 3367 3745 ι
3415 3693 3647 3774 indicat,

2060 3787 2341 3858 principes
2361 3785 2878 3841 lsraelisindixisse
2925 3785 3143 3840 laudem
3204 3782 3440 3846 Domini,
3475 3799 3651 3853 popu-

2061 3879 2290 3947 lumque
2343 3877 2454 3932 illis
2502 3877 2736 3931 libenter
2812 3890 3022 3929 morem
3093 3872 3356 3945 gessisse.
3417 3872 3553 3926 Nam
3599 3875 3644 3928 si

2061 3969 2322 4039 princeps
2385 3967 2686 4037 legitimus,
2741 3966 3090 4038 pepulusque
3148 3964 3461 4034 morigerus
3515 3977 3650 4017 con-

2062 4068 2310 4122 currant,
2347 4059 2519 4130 gloria
2574 4059 2665 4115 Dei
2720 4061 3020 4114 enascitur.
3079 4057 3139 4113 ln
3195 4071 3262 4112 eo
3313 4054 3648 4127 principium

2063 4153 2312 4208 omnium
2337 4167 2521 4208 rerum
2557 4150 2806 4221 ordoque
2840 4150 3375 4219 consistit,quoruut
3409 4147 3646 4203 alterum

2065 4246 2185 4302 sine
2217 4245 2390 4300 altero
2423 4242 2702 4298 inﬁrmum
2761 4251 2846 4297 est
2870 4257 2932 4297 ac
2965 4256 3245 4296 mancum.

2138 4333 2248 4406 Ego
2282 4333 2512 4388 Domino
2540 4349 2751 4388 canam.
2779 4331 2881 4404 [3.]
2914 4331 3009 4388 llis
3051 4332 3116 4386 ad
3143 4346 3302 4402 reges
3321 4338 3375 4386 et
3399 4339 3648 4398 satrapas

2063 4435 2381 4483 extererqu
2409 4427 2660 4496 respicit,
2691 4433 3038 4496 testaturque
3093 4437 3204 4479 non
3245 4423 3486 4493 propriis
3516 4420 3648 4474 viri-

2064 4517 2191 4581 bus,
2225 4532 2414 4573 verum
2438 4515 2534 4572 Dei
2586 4531 2692 4586 ope
2735 4530 2835 4571 eos
2885 4529 3196 4586 superasse.
3235 4513 3338 4568 Cui
3368 4527 3530 4576 cano,
3561 4511 3648 4564 in-

384 4622 544 4674 τησα.
575 4597 645 4674 Ὦ
685 4605 779 4657 καὶ
815 4603 946 4676 ᾅδω,
984 4606 1169 4675 φησὶν,
1212 4606 1285 4668 ὡς
1326 4603 1484 4677 αἰτίῳ
1517 4606 1618 4676 τῆς
1652 4607 1829 4682 νίκης.
1865 4608 1962 4670 ’ος

2082 4625 2255 4680 ruam,
2303 4621 2634 4677 omnemque
2671 4606 2917 4661 victoriae
2977 4605 3200 4660 laudem
3273 4603 3494 4668 tribuo;
3553 4599 3648 4670 qui

384 4671 481 4748 καὶ
509 4693 599 4748 τὸν
618 4671 845 4765 Ἰσραὴλ
872 4671 1156 4758 ἐξελέξατο
1177 4736 1192 4762 ,
1234 4695 1328 4748 καὶ¹
1367 4671 1512 4759 ἀξιοῖ
1542 4671 1736 4748 τούτου
1751 4671 1956 4750 ’καλεῖν

2085 4701 2316 4757 sraelem
2384 4713 2605 4771 quoque
2676 4698 2875 4769 elegit,
2942 4697 3178 4768 ejusque
3239 4695 3388 4752 Deus
3466 4693 3647 4750 vocari

385 4787 510 4841 σθαι
535 4787 690 4852 Θεός.

465 4881 569 4934 Ἐν
612 4877 692 4944 τῷ
723 4877 1162 4947 ἐκπορεύεσθαι
1188 4893 1264 4931 σε
1295 4878 1367 4932 ἐκ
1398 4880 1593 4948 ΣηεΙρ.
1627 4878 1740 4950 Τὴν
1773 4878 1833 4945 ἐξ
1861 4880 1958 4932 Al-

385 4969 594 5038 γύπτου
617 4969 781 5040 φησὶν
802 4969 1059 5022 ἐπάνοδον
1072 4968 1164 5022 τοῦ
1180 4968 1334 5032 λαοῦ,
1353 4971 1767 5041 προηγουμένου
1799 4973 1955 5038 Θεοῦ,

386 5060 473 5112 ὅτε
499 5059 771 5111 ἔσπευσαν
822 5058 1092 5128 ἡγεμόνες
1141 5057 1318 5128 Ἐδὼμ
1347 5075 1361 5090 ο
1408 5059 1547 5130 ὅπερ
1587 5060 1818 5126 Ἀκύλας
1849 5079 1956 5133 φη-

387 5152 491 5216 σὶν,
523 5149 972 5220 ὲκλονήθησαν.

454 5242 566 5296 Καί
621 5257 686 5311 γε
713 5239 972 5309 οὐρανὸς
1000 5239 1298 5309 ἐταράχθη
1335 5257 1348 5270 ο
1393 5242 1450 5294 αἱ
1474 5243 1764 5311 ἀγγελικαὶ
1791 5245 1955 5300 δυνά-

388 5350 509 5402 μεις
531 5335 611 5398 εἰς
649 5333 748 5402 τὴν
775 5331 915 5400 ὑπὲρ
939 5331 1036 5384 τοῦ
1065 5332 1195 5385 λαοῦ
1223 5333 1581 5404 διανέστησαν
1615 5318 1954 5406 συμμαχίαν.

381 5424 674 5478 Θεοδοτίων
726 5423 1022 5493 δέφησιν,
1068 5424 1330 5487 Ἔσταξε
1379 5425 1662 5494 δρόσους.
1696 5428 1761 5480 Ὃ
1807 5428 1960 5499 δηλοῖ

384 5513 446 5568 τὸ
487 5515 618 5569 Ἐπὶ
655 5514 762 5568 τὸν
799 5513 954 5568 λαὸν
996 5515 1168 5581 ἕλεος
1213 5515 1318 5569 τοῦ
1355 5516 1526 5572 Θεοῦ.
1571 5518 1680 5571 Καὶ
1711 5520 1767 5583 αξ
1803 5521 1962 5588 νεφέ-

389 5607 476 5663 λαι
498 5607 575 5673 δὲ,
606 5605 1034 5676 φησὶν,ἐσταξαν
1075 5606 1239 5677 ὕδωρ.
1287 5607 1565 5679 Ἐπήγασε
1601 5610 1708 5682 γὰρ
1734 5610 1957 5677 διψῶντι

452 5784 503 5816 ⁸⁸
538 5782 709 5839 Exod.
780 5798 868 5851 xv,
899 5784 945 5839 l.

2060 4792 2343 4863 dignatur.

2151 4883 2283 4938 Cum
2339 4883 2512 4936 exire:
2572 4897 2600 4937 ο
2643 4881 2782 4936 Scir.
2836 4876 2940 4952 [4.]
2986 4877 3298 4934 Rcditionis
3354 4877 3540 4949 populi
3581 4894 3650 4934 ex

2068 4971 2326 5044 A‘ngpto,
2385 4986 2553 5042 quam
2607 4969 2724 5025 Deo
2777 4967 3031 5026 fecerunt
3065 4969 3313 5039 auspice,
3375 4969 3646 5025 meminit.

2066 5057 2300 5124 Quando
2330 5059 2611 5129 principes
2661 5058 2836 5112 Etlom
2877 5073 2973 5114 eos
3020 5058 3280 5115 iusectati
3309 5068 3456 5114 sunt.
3491 5057 3648 5125 Quod

2065 5151 2264 5221 Aquila
2299 5150 2592 5220 exprimit:
2617 5147 2881 5205 σοικαιεὶ
2910 5157 3059 5205 sunt.

2129 5242 2332 5298 Citium
2361 5257 2490 5297 sane
2524 5253 2846 5296 commotum
2891 5249 2993 5306 est,
3037 5250 3146 5298 etc.
3181 5243 3366 5314 Copiae
3389 5242 3652 5313 angelica:

2055 5335 2112 5389 in
2142 5336 2410 5390 auxilium
2446 5333 2636 5404 populi
2660 5333 3106 5389 insurrexerunt.
3135 5332 3486 5390 Theodotion
3517 5348 3649 5387 vero

2064 5428 2268 5498 inquit,
2300 5425 2425 5480 Illis
2455 5425 2751 5480 destillavit
2807 5441 3004 5491 rorem,
3048 5427 3194 5498 quod
3232 5424 3375 5480 idem
3419 5439 3482 5477 ac
3513 5423 3645 5476 illud

2068 5529 2190 5576 est:
2241 5519 2410 5583 Super
2433 5517 2627 5588 populo
2672 5516 3041 5573 misericordia
3096 5515 3211 5570 Dei.
3265 5515 3352 5568 Ait
3401 5515 3550 5575 item,
3592 5524 3646 5568 et

2070 5611 2243 5668 nubes
2270 5613 2552 5668 stillarum
2609 5625 2814 5681 aquas;
2873 5607 3082 5666 sitienti
3115 5607 3260 5662 enim
3285 5605 3483 5676 populo
3522 5604 3644 5662 fon-

1054 5783 1098 5815 ⁸³
1125 5781 1286 5839 Num.
1319 5800 1432 5852 xxi,
1465 5784 1549 5838 l8.
1629 5786 1675 5818 “
1698 5784 1854 5842 Deut.
1894 5803 2067 5855 xxx",
2113 5788 2162 5845 l.
