3986 6218
481 358 610 428 1051

1776 369 2129 431 PROCOPII
2167 372 2410 432 GAZJZI

3600 391 3726 457 1052

473 486 555 532 tes
599 475 852 547 prathuit.
890 475 1046 545 Quod
1086 480 1541 551 signiﬁcationem
1585 480 1726 537 forte
1773 484 1909 554 legis
1960 499 2026 554 pe

2160 483 2273 555 λαῷ
2297 501 2311 516 ·
2351 488 2606 557 σημαίνοι
2639 489 2686 542 δ’
2726 489 2794 544 ἀν
2828 491 2963 556 ἴσως
2997 496 3091 549 καὶ
3128 492 3216 550 τὸν
3266 498 3341 553 δι’
3373 500 3627 571 ἀγγέλων
3653 508 3734 560 νό-

475 568 696 637 angclos
729 567 868 621 datee
895 569 1097 625 habere
1130 571 1323 640 possit.

537 652 744 710 lentes
765 659 1006 712 concussi
1023 659 1263 732 suut.[V,
1280 660 1362 733 5.]
1384 660 1748 734 Dignitatibus
1770 663 1913 718 inter
1926 678 2051 733 gen-

471 754 554 801 tes
586 748 913 804 eminentes.
951 749 1060 804 Aut
1106 759 1258 807 certe
1310 755 1477 808 etiam
1532 768 1721 809 eorum
1769 754 2049 826 principes

468 841 771 899 daemones.

541 930 699 988 Sirmi
730 935 849 989 iste.
876 934 1243 1007 Symmachus
1273 940 1564 1009 exposuit:
1628 938 1730 996 Hic
1783 952 1864 998 est
1891 942 2045 1010 Sina,

470 1034 527 1079 ut
552 1027 625 1081 sit
662 1027 875 1083 Domini
929 1028 1084 1086 Sina.
1133 1029 1272 1097 Quis
1347 1048 1482 1088 vero
1537 1034 1627 1090 hic
1683 1035 1949 1094 Dominus
1975 1038 2050 1094 sit

466 1117 776 1174 subintulit.
795 1120 969 1175 Porro
996 1122 1084 1178 his
1111 1138 1356 1179 consona
1387 1124 1555 1206 David
1568 1143 1790 1199 quoque
1818 1131 1872 1185 in
1890 1144 2049 1185 sexa—

465 1210 677 1279 gesimo
740 1212 977 1280 septimo
1007 1215 1219 1282 psalmo
1257 1217 1374 1270 a'ité
1421 1234 1440 1268 ι
1471 1217 1636 1285 Deus,
1670 1235 1796 1275 cum
1817 1222 2047 1291 egrede-

464 1301 604 1355 reris
643 1312 768 1356 ante
804 1304 1064 1373 populum
1093 1313 1271 1373 tuum,
1290 1311 1699 1369 cumtransires
1720 1313 1774 1367 in
1799 1314 2042 1378 deserto,

464 1399 610 1445 terra
639 1395 995 1461 contremuit,
1024 1408 1078 1452 et
1097 1398 1224 1453 (mli
1255 1399 1584 1456 stillarunta
1605 1401 1865 1460 facioDei
1888 1406 2042 1473 Sina,

466 1496 495 1534 a
529 1481 672 1537 faeie
689 1482 782 1538 Dei
814 1485 1093 1543 lsrael'la
1121 1489 1199 1545 Ac
1222 1490 1289 1545 de
1314 1491 1537 1547 Christo
1570 1509 1635 1549 ea
1668 1497 1834 1552 verba
1872 1513 2042 1554 usur-

461 1580 575 1640 pat,
599 1576 691 1642 qui
722 1576 792 1630 de
825 1574 948 1632 Seir
972 1587 1029 1633 et
1057 1579 1225 1634 Edom
1248 1582 1488 1639 transiit.
1510 1582 1629 1650 Quo
1648 1587 1868 1643 nomine
1896 1588 2042 1646 Esau

463 1675 719 1729 vocatur,
752 1678 812 1721 ut
870 1672 1032 1726 testis
1069 1679 1154 1727 est
1195 1672 1506 1742 Scriptura,
1551 1677 1673 1747 ejus
1712 1681 1805 1748 qui
1861 1681 2041 1753 imago

439 1768 548 1808 .est
582 1759 766 1824 populi
835 1760 936 1831 legi
997 1762 1225 1827 subditi,
1261 1766 1354 1835 qui
1389 1782 1513 1822 cum
1559 1769 1836 1828 belluinus
1865 1783 2036 1841 esset,

462 1854 656 1900 contra
683 1847 965 1904 Christum
996 1851 1169 1908 Jacob
1186 1866 1563 1923 nuncupatum
1590 1862 1867 1918 clamavit.
1902 1863 2039 1920 Nam

460 1936 514 1992 in
571 1937 711 1993 duos
771 1944 1005 2013 populos
1048 1946 1307 2004 Rebeccae
1357 1948 1452 2005 lilii
1493 1959 1623 2007 sunt
1669 1958 2040 2027 assumpti.ls

463 2026 632 2099 igitur
658 2030 919 2091 Christus
955 2049 1083 2090 cum
1111 2052 1176 2093 es
1216 2045 1363 2096 terra
1400 2041 1618 2098 deserta
1642 2059 1708 2101 ac.
1728 2026 2038 2104 inhabitata

454 2103 706 2177 transire
739 2122 922 2189 vellet,
944 2130 1150 2182 terram
1197 2129 1419 2197 quidem
1452 2132 1507 2187 in
1533 2147 1703 2190 cruce
1732 2138 2036 2195 concussit.

458 2209 518 2266 In
543 2212 741 2267 ccelum
793 2229 921 2271 vero
975 2227 1297 2287 assumptus
1350 2237 1420 2279 ex
1478 2239 1546 2279 eo
1566 2226 1769 2294 stillas,
1803 2228 1908 2286 hoc
1929 2238 2035 2298 est,

460 2298 693 2365 spiritus
717 2300 860 2355 dona
891 2303 1136 2359 demisit.
1178 2306 1335 2364 Unde
1369 2319 1425 2365 et
1449 2313 1620 2383 copia:
1649 2316 1796 2383 coeli,
1832 2337 1851 2370 ι
1898 2320 2039 2388 Quis

457 2388 550 2444 ille
577 2392 671 2460 qui
706 2394 857 2447 venit
886 2410 953 2450 ex
991 2396 1211 2454 Edam?
1250 2420 1271 2454 ι
1315 2403 1676 2463 sciscitantur
1709 2409 1778 2463 ⁸⁸.
1831 2409 2039 2471 Deinde

456 2495 568 2549 quo
613 2480 820 2540 Judmis
863 2485 1012 2542 hunc
1068 2489 1433 2550 illustriorem
1457 2496 1914 2573 reddat,inquit,
1940 2504 2036 2562 Dei

456 2570 697 2628 lsraelis.
753 2573 887 2630 Nam
947 2578 1042 2649 qui
1107 2583 1411 2652 majoribus
1469 2587 1527 2642 in
1592 2589 1721 2645 Sina
1758 2570 2032 2665 apparuit,

457 2670 657 2718 terram
704 2666 759 2720 in
829 2682 996 2725 cruce
1064 2674 1385 2738 concussit,
1455 2688 1812 2753 vestramque
1874 2702 2034 2743 vesa—

456 2754 605 2807 niam
636 2756 943 2828 redarguit.
999 2760 1366 2823 Conturbavit
1405 2783 1571 2838 porro
1600 2775 1802 2829 coelum
1840 2778 2030 2844 etiam,

454 2844 592 2899 adeo
622 2857 679 2900 ut
709 2850 789 2903 sol
815 2852 1001 2908 radios
1032 2869 1163 2911 suos
1208 2862 1574 2927 contraxerit,
1611 2866 1891 2938 copiaque
1920 2886 2033 2927 cte-

454 2933 621 2992 lestes
677 2939 732 2992 in
785 2945 1041 3011 passione
1073 2947 1233 3001 herili
1275 2960 1463 3005 essent
1518 2933 1873 3023 perturbatae.
1905 2960 2033 3027 Qui-

453 3025 558 3081 bus
596 3033 859 3097 peractis,
895 3034 1213 3103 spirituales
1243 3040 1417 3095 nubes
1458 3045 1816 3103 credentibus
1839 3025 2029 3107 divina

2036 606 2069 641 ι
2157 593 2257 646 μον
2283 576 2529 632 δοθέντα.
2550 579 2559 587 ’

2226 670 2374 737 "om
2426 669 2873 739 éaalséonaar.
2921 674 2990 732 οι
3046 676 3156 732 τῶν
3208 680 3391 735 ἐθνῶν
3446 684 3508 738 ἐν
3549 686 3736 758 ἀρχαῖς

2150 758 2554 830 ὑπερέχοντες,
2630 763 2800 833 ἤγουν
2866 766 2915 819 οί
2975 766 3185 823 τούτων
3230 770 3507 843 ἄρχοντες
3556 776 3733 848 δαίμοο

2152 864 2340 995 νεῖΙῖοὗ
2368 940 2536 1005 Σινᾶ,
2566 942 2869 1016 Σύμμαχος
2897 944 3151 1014 ἐξέδωκε,
3185 950 3376 1008 Τοῦτο
3416 952 3551 1010 ἐστι
3571 958 3727 1013 Σινά·

2150 1032 2235 1087 ἵνα
2273 1026 2330 1106 ᾗ,
2361 1032 2458 1086 τοῦ
2488 1034 2696 1106 Κυρίου
2730 1036 2881 1091 Σινά.
2912 1038 3009 1101 Τίς
3039 1038 3097 1093 δὲ
3126 1028 3286 1105 οὗτος
3325 1044 3357 1097 ὁ
3415 1045 3624 1117 Κύριος
3644 1047 3730 1100 ἐπ-

2148 1121 2396 1190 ενήνοχε.
2424 1119 2704 1190 Σύμφωνα
2735 1122 2794 1176 δέ
2818 1122 3030 1191 τούτοις
3058 1127 3155 1181 καὶ
3175 1129 3389 1185 ὁΔαϐὶδ
3415 1132 3475 1186 ἐν
3508 1132 3587 1201 ξζ¹
3611 1139 3730 1207 φησὶ

2143 1210 2342 1281 ψαλμῷ
2371 1228 2387 1245 ·
2421 1229 2441 1264 ι
2477 1212 2536 1266 '0
2566 1212 2700 1277 Θεὸς
2749 1217 2807 1269 ἐν
2851 1216 2932 1288 τῷ
2965 1219 3371 1291 ἐκπορεύεσθαι
3405 1241 3469 1279 σε
3513 1227 3728 1284 ἐνώπιον

2144 1299 2239 1353 τοῦ
2270 1298 2404 1355 λαοῦ
2457 1318 2576 1368 σου,
2625 1304 2683 1357 ἐν
2732 1304 2811 1376 τῷ
2852 1305 3155 1364 διαϐαίνειν
3197 1327 3260 1365 σε
3305 1314 3367 1367 ἐν
3416 1317 3482 1386 τῇ
3513 1315 3723 1388 ἐρήμῳο

2143 1389 2214 1461 γῆ
2251 1390 2497 1464 ἐσείσθη,
2544 1395 2640 1448 καὶ
2671 1396 2721 1448 οί
2779 1396 3001 1469 οὐρανοὶ
3048 1400 3290 1469 ἐσταξαν
3329 1404 3449 1459 ἀπὸ
3513 1407 3719 1478 προσώ-

2144 1499 2247 1536 που
2316 1482 2413 1537 τοῦ
2465 1485 2599 1540 Θεοῦ
2671 1487 2769 1554 τρῦ
2835 1490 3006 1557 Σινᾶ,
3067 1493 3179 1548 ἀπὸ
3255 1497 3562 1568 προσώπου
3637 1499 3717 1554 τοῦ

2141 1570 2276 1626 Θεοῦ
2346 1573 2600 1646 Ἰσραήλ’
2656 1596 2675 1629 ι
2727 1581 2813 1642 είς
2859 1580 2950 1634 τὸν
2987 1583 3226 1654 Χριστὸν
3284 1586 3465 1642 ταῦτα
3533 1588 3717 1647 λαϐὼν.

2149 1665 2247 1728 Ὃς
2301 1664 2495 1731 διαϐὰς
2545 1668 2612 1723 ἐκ
2662 1670 2831 1744 Σηεὶρ
2881 1674 2975 1727 καὶ
3033 1674 3241 1746 Ἐδώμ’
3301 1679 3451 1732 οὕτω
3483 1679 3590 1752 γὰρ
3639 1681 3718 1736 τὸν

2153 1754 2323 1810 Ἠσαῦ
2380 1759 2669 1814 καλεῖσθαί
2712 1779 2880 1835 φησιν
2946 1766 2980 1836 ἡ
3028 1764 3243 1841 Γραφη,
3288 1769 3564 1842 σύμϐολον
3603 1772 3716 1827 ὅντα

2141 1849 2237 1903 τοῦ
2292 1851 2530 1922 νομικοῦ
2576 1853 2743 1909 λαοῦ⁶
2801 1856 2860 1921 ὃς
2913 1855 3186 1933 θηριώδης
3238 1861 3341 1928 ὢν,
3361 1863 3562 1932 ἐφώνει
3591 1863 3715 1920 κατὰ

2140 1942 2379 2013 Χριστοῦ
2420 1946 2862 2016 χρηματίσαντος
2904 1949 3123 2007 Ἰακώϐ.
3167 1953 3267 2017 Et;
3295 1954 3426 2019 τοὺς
3476 1955 3583 2009 δύω
3618 1954 3711 2026 γὰρ

2139 2033 2306 2098 λαοὺς
2342 2037 2392 2089 οἱ
2446 2036 2545 2107 τῆς
2585 2036 2886 2105 Ῥεϐέκκας
2942 2028 3260 2114 ἐλήφθησαν
3318 2044 3451 2099 υἱοί.
3505 2044 3710 2100 Μέλλων

2138 2119 2234 2180 οὖν
2282 2124 2345 2192 ἐξ
2414 2126 2582 2181 αὐτοῦ
2647 2128 2988 2195 διαϐαίνειν,
3047 2134 3267 2205 ἐρήμου
3328 2135 3428 2190 καὶ
3478 2138 3705 2207 ἀοικήτου

2136 2216 2523 2286 τυγχάνοντος,
2562 2217 2743 2273 ἔσεισε
2794 2220 2895 2292 μὲν
2944 2221 3046 2295 τὴν
3075 2224 3179 2296 γῆν
3206 2226 3309 2280 ἐπὶ
3337 2225 3437 2281 τοῦ
3473 2224 3703 2298 σταυροῦ,

2138 2304 2198 2371 ἐξ
2223 2308 2455 2381 ούρανοῦ
2483 2311 2541 2365 δὲ
2579 2311 2842 2380 σταγόνας
2874 2314 3153 2387 ἐξέπεμψε
3204 2319 3310 2384 τὰς
3356 2318 3450 2374 τοῦ
3481 2318 3705 2391 πνεύμα-

2136 2412 2227 2460 τος
2256 2396 2466 2469 δωρεὰς
2489 2401 2826 2473 ἀναληφθεὶς
2870 2406 2953 2470 είς
2982 2406 3171 2463 αὐτόν.
3205 2410 3343 2464 Ὅτε
3376 2411 3473 2465 καὶ
3513 2412 3566 2465 al
3597 2405 3702 2463 τού·

2135 2505 2229 2543 του
2261 2489 2526 2562 δυνάμεις
2556 2495 2940 2566 πυνθάνονται,
2976 2517 2995 2551 ι
3036 2500 3136 2562 Τίς
3167 2493 3331 2566 οὗτος
3367 2502 3398 2555 δ
3424 2498 3699 2574 παραγενό·

2138 2596 2299 2651 μενος
2347 2582 2408 2648 ἐξ
2432 2583 2653 2655 Ἐδώμς
2709 2606 2730 2641 a
2776 2584 2911 2644 Εἶτα
2946 2590 3136 2647 τοῦτον
3176 2593 3465 2660 Ἰουδαίοις
3494 2596 3699 2667 σαφηνί-

2135 2671 2266 2740 ζων,
2294 2692 2367 2746 φη
2379 2675 2450 2738 at,
2480 2676 2617 2733 Θεοῦ
2643 2679 2884 2751 Ἰσραήλ.
2932 2682 2991 2737 '0
3023 2683 3135 2757 γὰρ
3164 2688 3362 2755 φανεὶς
3390 2691 3504 2752 τοῖς
3526 2687 3697 2759 ἡμετέ-

2138 2780 2251 2835 ροις
2284 2767 2573 2837 προγόνοις
2611 2770 2670 2823 ἐν
2700 2769 2778 2841 τῷ
2818 2771 2970 2838 Σινὰ,
2999 2774 3100 2847 τὴν
3139 2775 3252 2846 γῆν
3280 2776 3379 2831 ἐπὶ
3416 2776 3509 2832 τοῦ
3556 2793 3695 2831 σταυ-

2137 2854 2234 2924 ροῦ
2267 2858 2569 2925 συνέσεισε,
2625 2861 2726 2931 τῆς
2754 2864 3033 2936 ἡμετέρας
3064 2865 3269 2938 μανίας
3327 2871 3408 2935 είς
3454 2870 3653 2939 ἔλεγχον
3674 2881 3687 2899 ⁸

2131 2946 2426 3020 ἐξετάραξε
2471 2950 2531 3004 δὲ
2583 2952 2803 3008 καὶτὸν
2860 2956 3110 3027 οὐρανὸν,
3163 2959 3324 3031 ἡλίου
3371 2960 3468 3027 τὰς
3491 2962 3689 3021 ἀκτῖνας

2133 3041 2535 3106 συστείλαντος,
2572 3044 2800 3098 καὶτῶν
2823 3047 2941 3101 ἐκεῖ
2967 3049 3254 3120 δυνάμεων
3284 3052 3379 3106 ἐπὶ
3406 3052 3482 3123 τῷ
3508 3054 3685 3106 Δεσπο-

454 3118 672 3173 οωιίιυε
712 3125 1066 3190 praebuerunt
1126 3130 1294 3185 dona.
1346 3131 1558 3217 Montes
1602 3138 1830 3210 insuper
1863 3144 2028 3198 etiam

2132 3133 2270 3204 τικῷ
2294 3133 2457 3189 πάθει
2501 3139 2954 3208 τεταραγμένων.
3009 3118 3148 3196 Μεθ’
3177 3143 3216 3197 ἃ
3248 3118 3466 3198 λοιπὸνί
3487 3144 3586 3206 τοῖς
3613 3159 3685 3195 πι-
3712 3168 3717 3174 -

453 3207 773 3276 spirituales
803 3214 1026 3269 malitim
1058 3233 1154 3286 per
1185 3207 1496 3278 doctrinam
1543 3207 1827 3286 concussit
1864 3248 2032 3288 evan-

451 3297 706 3367 gelicum.
754 3300 892 3356 Cum
950 3305 1096 3360 enim
1162 3308 1465 3367 lunaticum
1497 3328 1774 3386 curasset,
1809 3322 2025 3393 inquit:

457 3405 478 3439 ι
518 3388 572 3442 Si
594 3388 756 3446 ﬁdem
789 3394 1120 3464 habueritis,
1155 3400 1352 3459 dicetis
1399 3410 1575 3462 monti
1607 3412 1758 3477 huic,
1787 3388 2029 3472 Amolire

452 3485 523 3541 te,
549 3478 594 3511 "
629 3498 648 3530 ι
682 3481 762 3536 sic
797 3485 942 3538 enim
969 3490 1189 3543 vocavit
1230 3494 1556 3552 daemonem.
1612 3498 1786 3556 Porro
1852 3505 2023 3561 [ilium

356 3596 363 3597 ν
450 3569 619 3626 Israel
649 3572 843 3630 faciem
883 3578 1101 3635 Domini
1133 3582 1225 3639 Dei
1260 3596 1437 3642 vocat.
1471 3608 1491 3641 ι
1528 3590 1716 3647 Illuxit
1757 3597 1901 3651 enim
1932 3615 2022 3654 su-A

451 3676 550 3731 per
573 3672 700 3729 nos,
723 3666 920 3735 inquit,
949 3668 1129 3727 lumen
1148 3671 1309 3745 500
1340 3679 1525 3736 vultus
1548 3682 1646 3747 tui,
1664 3682 1894 3743 Domine
1918 3690 2018 3746 θ’.»

449 3750 553 3817 Qui
585 3755 976 3823 praedicatione
1004 3767 1317 3835 evangelica
1347 3780 1540 3839 gentes
1590 3781 1643 3830 et
1673 3778 1843 3834 urbes
1891 3795 2026 3837 con-

448 3845 644 3900 cussit.
692 3846 756 3902 Ut
794 3849 848 3904 in
888 3853 1087 3909 animis
1121 3859 1325 3914 nostris
1372 3869 1643 3920 terrorem
1689 3870 2021 3943 relinquam,

449 3947 514 3990 ac
554 3938 624 3993 ab
652 3953 845 3996 errore
863 3950 916 3997 et
946 3950 1185 4003 terrenis
1209 3952 1613 4022 transitionem,
1633 3957 2021 4023 aﬂectionibus

446 4024 503 4079 in
537 4018 711 4084 nobis’
726 4035 1039 4092 concussis.
1080 4038 1158 4093 Ac
1187 4042 1260 4094 ita
1302 4043 1523 4111 quidem
1553 4062 1800 4117 praesens
1821 4063 2021 4112 cantus

446 4130 569 4170 eum
605 4119 660 4173 iu
702 4121 889 4205 hostes
922 4128 1169 4187 visibiles
1194 4140 1335 4200 erat,
1355 4135 1424 4191 ad
1453 4138 1777 4208 spirituales
1795 4158 1894 4214 per
1922 4160 2020 4203 eos

445 4216 708 4272 recurrit.

515 4477 582 4535 In
609 4481 794 4538 diebus
826 4483 1060 4555 Samgar
1127 4488 1232 4557 ﬁlii
1278 4490 1474 4548 ΑηαιΙι.
1525 4495 1629 4570 [6.]
1661 4500 1741 4555 Ac
1765 4501 1816 4557 si
1846 4503 2020 4562 dixis-
2048 4488 2092 4544 ι)

442 4579 526 4625 set
559 4587 573 4625 :
605 4573 674 4625 At
703 4572 817 4628 haec
863 4575 1087 4645 quidem
1123 4586 1254 4633 tunc
1285 4584 1575 4651 evenient;
1609 4605 1758 4645 nunc
1802 4608 1932 4649 vero
1962 4595 2016 4650 in

387 4708 395 4729 ,
441 4661 641 4717 diebus
680 4662 933 4734 Samgar,
981 4666 1038 4720 in
1076 4666 1274 4724 diebus
1307 4669 1424 4727 Jael
1473 4674 1794 4737 defecerunt
1839 4701 2016 4757 reges.

441 4750 721 4817 Quantum
754 4769 885 4808 vero
928 4756 996 4811 ad
1032 4757 1281 4816 historiae
1311 4761 1550 4819 litteram
1582 4769 1800 4837 attinet,
1835 4750 2016 4832 incer-

441 4852 531 4897 tus
568 4843 661 4899 hic
701 4844 933 4918 Samgar
969 4860 1075 4906 est.
1113 4849 1306 4910 Tradit
1347 4844 1491 4913 vero
1516 4859 1792 4932 Josephus
1839 4884 2015 4941 regno

439 4929 663 4990 lsraelis
699 4936 975 4995 delectum
1006 4941 1204 5011 fuisse,
1230 4944 1513 5018 vitamque
1537 4929 1719 5022 primo
1749 4929 2011 5028 regnivsui

439 5039 585 5080 anno
616 5027 854 5088 ﬁniisse.
886 5031 1006 5090 Jael
1034 5051 1169 5093 vero
1210 5054 1329 5094 eam
1356 5055 1483 5098 esse
1508 5045 1583 5100 ait
1608 5063 1732 5118 qua:
1766 5027 2008 5108 Sisaram

439 5115 742 5173 interemit.
784 5119 960 5190 Cujus
1002 5130 1251 5197 tempore
1304 5137 1361 5183 et
1407 5115 1643 5204 Samgar
1681 5136 2009 5196 defecerunt

435 5219 617 5277 reges,
664 5218 721 5264 et
765 5226 891 5266 eum
923 5213 978 5269 in
1020 5214 1147 5286 fuga
1189 5227 1371 5276 metus
1411 5222 1710 5283 invasisset
1756 5244 1873 5297 eos,
1911 5247 2009 5303 per

398 5351 405 5357 .
435 5297 636 5356 itinera
669 5314 821 5361 recta
849 5321 962 5362 non
993 5317 1123 5366 sunt
1150 5314 1380 5377 reversi,
1398 5331 1588 5373 verum
1612 5336 1711 5390 per
1735 5324 2010 5395 obliquas,

437 5409 559 5466 quae
584 5396 905 5460 idololatria:
922 5403 1148 5476 ﬁguram
1179 5406 1474 5465 sustinent.
1494 5410 1825 5472 Defecerunt
1855 5434 2007 5484 vero,

2133 3223 2428 3278 στεύσασιν
2455 3226 2514 3278 αἱ
2562 3228 2750 3298 νοηταὶ
2795 3229 3016 3300 νεφέλαι
3051 3231 3151 3295 τὰς
3199 3232 3362 3299 θείας
3396 3233 3452 3302 ἐξ
3480 3229 3680 3303 οὐρανοῦ

2131 3318 2469 3389 παρέσχοντο
2526 3320 2757 3392 δωρεάς.
2793 3325 2931 3395 Ὀρη
2979 3325 3038 3379 δὲ
3090 3326 3159 3382 τὰ
3215 3328 3553 3401 πνευματικά
3600 3324 3681 3394 τῆς

2129 3408 2401 3481 πονηρίας
2456 3410 2714 3466 ἐσάλευσε
2767 3413 2856 3468 διὰ
2908 3415 3009 3485 τῆς
3051 3416 3421 3489 εὐαγγελικῆς
3465 3412 3675 3484 διδαχῆςο

2126 3498 2268 3570 Φησὶ
2319 3499 2426 3571 γὰρ
2463 3499 2815 3573 θεραπεύσας
2862 3505 2956 3559 τὸν
3005 3505 3501 3579 σεληνιαζόμενον·
3546 3503 3676 3556 «Ἐὰν

2126 3589 2289 3661 ἔχητε
2326 3591 2535 3658 πίστιν,
2566 3594 2744 3665 ἐρεῖτε
2792 3595 2873 3668 τῷ
2914 3595 3032 3667 ὄρει
3079 3597 3287 3671 τούτῳ,
3329 3594 3670 3666 Μετάϐηθιί

2125 3683 2269 3737 οὕτω
2296 3683 2532 3750 καλέσας
2562 3686 2634 3739 τὰ
2658 3686 2937 3758 δαιμόνια.
2969 3689 3143 3744 Καλεϊ
3184 3691 3245 3746 δὲ
3274 3690 3553 3762 πρόσωπον
3578 3685 3672 3738 Κυ-

2126 3773 2243 3846 ρίου
2268 3774 2405 3829 Θεοῦ
2432 3777 2674 3848 Ἰσραὴλ,
2709 3778 2803 3833 τὸν
2829 3779 2964 3833 υἱόν.
3006 3798 3026 3833 ι
3056 3780 3410 3854 Ἐσημειώθη
3439 3780 3559 3851 γὰρ,
3589 3792 3671 3845 φη-

2126 3865 2232 3930 σὶν,
2259 3865 2345 3935 ἐφ’
2365 3866 2513 3936 ἡμᾶς
2539 3866 2602 3921 τδ
2628 3867 2744 3937 φῶς
2769 3868 2863 3923 τοῦ
2893 3871 3192 3941 προσώπου
3227 3890 3345 3939 σου,
3370 3872 3553 3942 Κύριε,
3587 3885 3603 3917 ι
3621 3862 3672 3926 ὃς

2122 3956 2201 4027 τῷ
2230 3958 2574 4028 εὐαγγελικῷ
2601 3960 2921 4032 κηρύγματι
2943 3961 3071 4035 ἔθνη
3094 3963 3190 4019 καὶ
3212 3965 3398 4027 πόλεις
3422 3961 3666 4016 διέσεισεν·

2120 4048 2210 4104 ἵνα
2234 4048 2328 4104 τὸν
2359 4051 2417 4104 ἐν
2461 4053 2581 4115 ταῖς
2620 4053 2920 4123 ἡμετέραις
2972 4053 3177 4127 ψυχαῖς
3241 4054 3540 4112 καταλείπω
3578 4060 3669 4100 σει-

2121 4139 2279 4209 σμὸν,
2314 4140 2407 4194 καὶ
2446 4140 2544 4212 τὴν
2577 4143 2642 4195 ἐκ
2656 4141 2758 4212 τῆς
2792 4143 3001 4216 πλάνης
3030 4146 3255 4200 καὶτῶν
3275 4147 3473 4217 γηΐνων
3522 4134 3664 4211 μετάο

2052 4222 2055 4225 “
2119 4245 2309 4284 στασιν
2344 4231 2452 4285 τῶν
2489 4233 2546 4285 ὲν
2590 4234 2722 4303 ἡμῖν
2745 4232 3114 4305 κλονηθέντων
3154 4236 3365 4290 παθῶν.
3383 4232 3529 4287 Οὕτω
3547 4224 3661 4293 καὶή

2117 4317 2374 4389 παροῦσα
2400 4319 2495 4373 νῦν
2506 4320 2621 4392 ᾠδὴ
2635 4323 2749 4386 τοῖς
2782 4322 3060 4393 πολεμίοις
3084 4326 3198 4389 τοῖς
3214 4325 3423 4397 ὁρατοῖς
3438 4322 3525 4373 ἐπε
3533 4309 3662 4387 μϐαἱ·

2116 4426 2306 4473 νουσα,
2362 4411 2498 4484 πρὸς
2531 4413 2658 4476 τοὺς
2706 4414 2933 4485 νοητοὺς
2980 4415 3071 4470 διὰ
3114 4415 3320 4472 τούτων
3375 4411 3657 4481 ἀνέδραμεν.

2204 4502 2301 4556 ἐν
2328 4502 2579 4572 ἡμέραις
2600 4504 2870 4576 Eam-np
2907 4505 3043 4560 νιοῦ
3088 4506 3287 4562 Ἀνάθ.
3332 4503 3470 4560 Ὦσεὶ
3494 4498 3654 4562 ἔλεγε·

2122 4593 2236 4648 Καὶ
2265 4592 2441 4648 ταῦτα
2472 4594 2575 4666 μὲν
2604 4594 2669 4649 τὺ
2703 4596 3013 4665 τηνικαῦτα
3063 4599 3380 4668 γενήσεται,
3409 4589 3516 4648 νυνὶ
3541 4586 3589 4639 δὲ
3609 4582 3655 4633 ἐν

2124 4686 2361 4757 ἡμέραις
2394 4685 2677 4757 Σαμεγὰρ.
2702 4686 2762 4740 ὲν
2787 4686 3025 4759 ἡμέραις
3052 4688 3200 4760 Ἰαὴλ
3229 4687 3499 4757 ἐξέλειπον
3526 4677 3655 4747 βασι-

2121 4775 2256 4841 λεῖς.
2292 4777 2461 4832 Ὅσον
2490 4776 2547 4830 δέ
2569 4771 2705 4849 ἧκεν
2731 4780 2812 4844 είς
2840 4778 2938 4850 τὴν
2974 4780 3222 4850 ἱστορίαν
3252 4779 3349 4849 τὴν
3388 4765 3650 4843 γραφικῆνν

2120 4864 2318 4936 ἄδηλος
2345 4868 2376 4920 ὁ
2417 4867 2704 4940 Σαμεγάρ.
2753 4867 3020 4945 Ἰώσηπος
3061 4870 3121 4925 δέ
3156 4887 3321 4943 φησιν
3368 4862 3485 4937 (50)
3517 4852 3652 4945 αὒῗδν

2118 4957 2283 5029 ἄρξαι
2309 4958 2407 5013 τοῦ
2432 4960 2650 5032 Ἰσραὴλ
2673 4960 2988 5033 αἱρεθέντα,
3012 4944 3113 5018 ἐκαὶ
3133 4960 3427 5018 καταλῦσαι
3449 4952 3532 5007 τὸν
3556 4944 3648 5016 βίον

2112 5050 2175 5104 ἐν
2209 5050 2288 5119 τῷ
2331 5049 2536 5123 πρώτῳ
2570 5053 2669 5123 τῆς
2719 5054 2898 5126 ἀρχῆς
2947 5039 3084 5109 ἐτειί
3121 5054 3270 5125 Ἰαὴλ
3305 5051 3362 5104 δέ
3404 5059 3527 5118 φησι
3566 5033 3647 5103 τὴν

2113 5142 2410 5197 ἀνελοῦσαν
2461 5145 2555 5199 τὸν
2605 5145 2834 5218 Σισάρα.
2870 5148 2986 5218 Ἐφ’
3014 5144 3085 5221 ἦς
3120 5150 3218 5204 καὶ
3268 5145 3374 5241 τοῦ⁸
3419 5127 3642 5241 Σαίιεῇς

2114 5232 2399 5300 ἐξέλειπον
2449 5236 2717 5307 βασιλεῖς,
2755 5239 2849 5293 καὶ
2893 5218 3132 5306 δεδιότες
3162 5244 3221 5297 ἐν
3249 5238 3325 5310 τῷ
3351 5227 3538 5303 δεσμῷ’
3562 5218 3642 5278 τὰς
3688 5316 3693 5321 _

2117 5323 2206 5377 ἐπ’
2236 5325 2458 5393 εὐθείας
2501 5328 2660 5393 ὁδοὺς
2700 5330 2803 5384 οὐκ
2830 5331 3156 5403 ἐτράποντο,
3187 5333 3289 5397 τὰς
3315 5326 3639 5424 δὶδιεστρξξ

2120 5416 2322 5486 μένας·
2346 5419 2401 5474 αἶ
2462 5422 2567 5493 τῆς
2618 5423 3073 5496 εἰδωλολατρείας
3130 5426 3429 5497 ὑπάρχουσι
3478 5414 3633 5463 τύπος·

502 5569 552 5603 ⁵⁷
580 5570 723 5629 Psal.
771 5576 1022 5643 stu,8,
1052 5575 1116 5636 9.
1190 5577 1522 5651 "lsa.t.sut,
1567 5580 1618 5639 l.
1694 5581 1743 5618 ”
1772 5584 1967 5641 Matth.
2027 5602 2174 5652 xvn,
2216 5586 2303 5645 l9.
2372 5593 2417 5625 “
2446 5591 2596 5649 Psal.
2625 5610 2702 5666 tv,
2728 5595 2784 5652 7.

1932 5719 2158 5782 NOTA'I.
2246 5762 2247 5765 η

509 5777 628 5849 (50)
663 5780 803 5851 Ὅρα
832 5781 941 5835 σελ.
978 5783 1094 5839 140.
