4006 6210
329 362 467 428 1053

1342 362 1882 423 COMMENTABII
1928 363 2010 422 ΙΝ
2046 360 2390 422 JUDICES.

3437 363 3578 431 1054

337 454 642 542 Ἐξέλειπον
660 470 741 538 δὲ,
768 472 925 545 φησι,
950 470 1208 544 Φαραζὰν
1230 471 1287 529 ἐν
1317 471 1702 545 Ἰσραὴλ-,ὅπερ
1728 474 1904 543 ἑρμη-

2037 472 2215 541 uquit,
2242 469 2533 525 Pharazon
2559 468 2615 524 in
2648 469 2881 535 Israele,
2919 469 3143 541 quodsi
3174 470 3578 544 interpreteris,

322 566 538 620 νεύεται
565 562 835 625 δυνατοὶ,
887 561 1050 634 μέχρι
1098 561 1413 632 Δεϐϐὡρας.
1459 563 1517 616 '0
1535 564 1593 617 δὲ
1620 562 1898 634 Σαμεγᾶρ,

319 656 603 727 πάροικος
627 654 777 726 δηλοῖ
793 671 808 687 ο
826 653 986 707 ’Ᾱνὰθ
1005 653 1082 718 δὲ,
1106 654 1485 719 ταπείνωσις,
1508 654 1541 725 ἢ
1561 656 1898 723 άπόκρισις’

331 748 477 820 Ἰαὴλ
501 748 579 811 δὲ,
607 746 927 809 ἀνάϐασις.
969 743 1163 797 Ἢνίκα
1190 744 1372 798 τοίνυν
1403 744 1628 814 γένηταί
1648 762 1732 808 τις
1759 745 1902 817 πάρ-

324 856 472 904 οικος
522 840 617 893 τοῦ
652 840 767 909 βίου
793 837 887 892 τοῦ
916 837 1186 910 παρόντος
1208 876 1224 901 ,
1255 837 1371 900 υἱὸς
1396 835 1471 899 ὣν
1500 840 1603 908 τῆς
1634 836 1903 891 ταπεινώ-

326 949 486 994 σεως,
535 931 678 984 κατὰ
745 928 836 982 τὸν
884 929 1152 982 εἰπόνταο
1200 946 1219 980 ι
1250 928 1467 982 Μάθετε
1499 928 1595 980 ἀπ’
1628 927 1764 998 ἐμοῦ
1819 928 1902 981 ὃτι

328 1023 507 1093 πρᾶός
547 1025 661 1091 εἰμι
731 1022 826 1074 καὶ⁸
849 1020 1103 1082 ταπεινὸς
1130 1021 1196 1090 τῇ
1238 1019 1458 1090 καρδίᾳ,
1484 1038 1501 1070 ι
1535 1019 1632 1071 καὶ
1657 1019 1809 1088 τύχοι
1836 1019 1903 1071 δι’

332 1114 504 1180 αόῖῆξ
530 1112 875 1173 ἀναϐάσεως·
912 1110 1032 1172 ὁδὸς
1080 1112 1184 1180 γὰρ
1211 1108 1524 1179 ὑψώσεωςή
1552 1108 1900 1173 ταπείνωσιςο

332 1205 527 1269 θεωρεί
565 1219 653 1253 καε.
711 1185 845 1263 τοὺς⁷
865 1201 1231 1271 πορευθέντας
1264 1199 1706 1271 διεστραμμένας
1751 1200 1906 1263 ὁδοὺς

334 1295 570 1363 βασιλεῖς
598 1293 1055 1362 ὶκλιμπάνοντας,
1103 1293 1238 1362 πρὸς
1283 1291 1374 1354 οὓς
1421 1294 1553 1363 ἡμῖν
1578 1294 1609 1361 ὴ
1636 1292 1811 1361 πάλη,
1840 1292 1902 1344 οὐ

336 1387 465 1454 πρὸς
512 1379 649 1451 αἷμα
697 1385 789 1436 καὶ
834 1385 1031 1454 σάρκα.
1067 1384 1164 1445 ’ος
1195 1381 1286 1436 καί
1336 1400 1469 1453 φησι
1512 1385 1525 1412 ί
1582 1382 1906 1453 «Πάροικός

327 1451 444 1540 εἶμι
493 1472 604 1540 ἐγὼ
670 1474 761 1526 καὶ
809 1451 1253 1543 παρεπίδημοί»
1323 1451 1453 1535 καὶ,
1500 1488 1519 1519 ι
1549 1472 1664 1525 Οὐκ
1712 1451 1907 1540 ἔχομεν

332 1559 433 1616 ὦδε
491 1554 758 1633 μένουσαν
807 1564 987 1629 πόλιν,
1037 1565 1174 1617 ἀλλὰ
1222 1563 1319 1635 τὴν
1368 1550 1671 1634 μέλλουσαν
1720 1561 1910 1633 ἐπιζη-

331 1654 556 1725 τοῦμεν.
582 1673 602 1708 ι
646 1684 649 1687 λ

408 1747 534 1798 Ὀτι
562 1745 673 1812 ἕως
709 1744 1008 1814 ἐξανέστη
1028 1745 1224 1816 μήτηρ
1261 1746 1333 1800 ὲν
1376 1743 1459 1810 τῷ
1496 1744 1767 1813 Ἰσραήλ.
1800 1743 1911 1810 Τὴν

2011 570 2249 633 potentes
2317 570 2502 629 sonat,
2552 561 2620 616 ad
2684 560 2994 618 Debboram
3051 577 3250 632 usque.
3307 562 3579 621 Caeterum

1996 653 2246 731 ‘Samgar
2282 654 2483 707 advena
2521 651 2828 723 signiﬁcat;
2859 654 3041 708 Anath
3091 662 3274 709 autem
3306 653 3582 712 humilitas
3622 712 3627 731 ξ

2003 726 2120 799 Ὶοει
2183 758 2312 798 vero
2354 745 2617 797 ascensio.
2679 742 2914 809 Quando
2966 743 3134 814 igitur
3176 743 3305 814 quis
3371 746 3581 799 advena
3622 726 3627 737 ’

2004 835 2060 888 ἰη
2116 835 2222 888 hac
2270 834 2529 906 praesenti
2561 834 2695 899 vita,
2735 834 2992 904 ﬁliusque
3033 835 3362 890 humilitatis
3395 835 3582 903 fuerit,

2003 943 2069 982 eo
2125 927 2287 1001 modo
2316 943 2427 997 quo
2473 928 2589 997 ipse
2631 925 2803 981 dictat
2847 945 2861 982 :
2914 946 2933 979 ι
2970 926 3178 984 Discite
3230 941 3261 982 a
3310 942 3397 983 me
3434 928 3583 999 quod

2006 1020 2156 1075 mitis
2222 1036 2345 1076 sum
2409 1028 2462 1074 et
2504 1019 2673 1075 corde
2738 1020 2964 1075 humilis
2992 1022 3033 1053 ⁰¹
3073 1039 3088 1075 :
3127 1039 3147 1074 ι
3205 1002 3619 1076 ascensionem.

2005 1126 2070 1165 ea
2128 1125 2536 1186 consequetur;
2572 1111 2933 1168 sublimitatis
2991 1112 3137 1166 enim
3169 1112 3257 1167 via
3304 1111 3586 1167 humilitas

2006 1209 2109 1255 est.
2147 1194 2297 1255 Videt
2327 1218 2547 1271 quoque
2602 1217 2758 1271 reges
2821 1217 2916 1272 per
2967 1202 3226 1272 obliquas
3281 1202 3399 1257 vias
3451 1216 3585 1273 pro-v

2008 1289 2182 1344 lectos
2249 1291 2506 1357 deﬁcere,
2558 1308 2690 1344 cum
2718 1291 2942 1360 quibus,
2988 1304 3099 1345 non
3160 1307 3282 1346 cum
3326 1306 3493 1345 carne
3533 1300 3588 1346 et

2009 1382 2294 1451 sanguine,
2326 1383 2471 1436 lucta
2503 1383 2802 1437 exsistit“.
2830 1382 2931 1448 Qui
2967 1382 3157 1445 etiam,
3187 1381 3387 1451 inquit,
3413 1399 3432 1432 ι
3472 1380 3586 1434 Ad—

2008 1490 2147 1529 veua
2204 1489 2323 1528 sum
2376 1489 2478 1543 ego
2534 1489 2598 1528 ac
2655 1474 2981 1544 peregrinus
3006 1472 3077 1527 ⁸³.
3118 1491 3137 1525 ι
3191 1470 3325 1525 Item
3358 1467 3428 1524 τι
3469 1469 3585 1524 Non

2011 1565 2277 1619 habemus
2302 1564 2391 1617 hic
2423 1565 2583 1617 ﬁxam
2612 1566 2824 1629 urbem,
2855 1577 3046 1618 verum
3068 1560 3315 1615 futuram
3349 1557 3586 1629 inquiri-

2010 1671 2135 1710 mus
2166 1655 2232 1709 “.
2276 1673 2295 1708 ι

2082 1744 2342 1810 Quoniam
2356 1741 2519 1797 donec
2546 1743 2773 1796 surrexit
2796 1750 2965 1794 mater
2986 1741 3038 1793 in
3058 1737 3250 1805 Israel,
3268 1744 3377 1793 etc.
3399 1734 3488 1809 [V,
3507 1733 3586 1807 7.]

334 1837 441 1907 πρὸ
469 1838 660 1907 αὐτῆς,
703 1838 910 1909 μητρὸς
941 1834 1146 1909 τρόπον
1194 1838 1526 1909 ἐπεχούσης,
1576 1837 1905 1890 πολιτευσα-

2028 1836 2220 1890 Statum
2253 1836 2472 1890 lsraelis
2534 1835 2848 1905 pristinum,
2888 1842 3186 1902 antequam
3262 1837 3441 1885 mater
3481 1828 3588 1882 im-

338 1930 508 1999 μένην
529 1929 786 1983 ἀσέϐειαν
818 1931 878 1983 ὲν
914 1927 992 1999 τῷ
1038 1928 1253 2000 Ἰσραὴλ
1290 1929 1580 2000 διηγεῖται.

420 2018 736 2092 ’ῌρέτισαν
780 2018 957 2083 θεοὺς
981 2017 1220 2084 κενοὺς,
1253 2018 1334 2084 ὡς
1381 2017 1565 2087 ἄρτον
1615 2019 1903 2087 κρίθινον.

338 2114 548 2182 Ὥσπερ
567 2112 676 2181 γὰρ
692 2112 758 2166 ἄν
786 2128 871 2175 τις
902 2111 1106 2165 σιτίνου
1136 2111 1545 2181 παρακειμένου
1563 2109 1756 2181 ἄρτου,
1772 2128 1910 2182 καχ-

338 2202 491 2268 εξίαν
519 2203 714 2267 νοσῶν,
748 2202 1046 2273 ἀλλάξηται
1077 2202 1321 2273 κρίθινον
1341 2218 1355 2233 ·
1376 2200 1518 2255 οὕτω
1544 2200 1642 2255 τοῦ
1674 2200 1910 2273 ἀληθοῦς

337 2292 473 2347 Θεοῦ
501 2294 629 2357 τοὺς
655 2293 919 2364 ματαίους
946 2290 1278 2348 ἀνθείλοντο.
1648 2298 1651 2301 ’

409 2491 612 2562 Σκέπη
637 2491 932 2548 νεανίδων
959 2491 1396 2562 σειρομαστῶν,
1437 2491 1549 2546 ἐὰν
1602 2490 1760 2561 ὀφθῇ
1789 2506 1916 2546 σει-

335 2582 727 2653 ρομάστηςέν
741 2590 799 2652 μ’
826 2581 1099 2653 χιλιάσιν
1114 2583 1185 2636 ἐν
1200 2581 1281 2647 τῷ
1307 2580 1588 2650 Ἰσραὴλ,
1611 2582 1649 2649 ἠ
1697 2580 1918 2648 καρδία

335 2693 455 2746 μου
482 2674 579 2729 ἐπὶ
600 2676 671 2729 τὰ
689 2675 1016 2745 τεταγμένα
1041 2674 1123 2741 τῷ
1144 2673 1418 2743 Ἰσραήλ.
1458 2669 1671 2743 Ὥσπερ
1700 2673 1728 2724 ὁ
1758 2672 1921 2743 ἄρτος

342 2767 369 2818 ὁ
390 2766 651 2837 κρίθινος,
678 2767 772 2821 καὶ
793 2769 826 2836 ἡ
854 2766 961 2820 ἀπὸ
996 2765 1269 2836 γυναικῶν
1297 2766 1355 2818 ἐν
1388 2764 1612 2834 πολέμῳ
1644 2763 1821 2835 σκέπη
1852 2763 1919 2817 δι’

343 2859 590 2930 ὀργάνων
614 2858 947 2930 πολεμικῶνρ
974 2859 1209 2930 ἀσθενής
1237 2858 1385 2911 ἔστιν
1411 2873 1425 2887 ·
1477 2856 1653 2920 οὕτως
1675 2858 1832 2920 ἐλπὶς
1860 2858 1920 2911 ὲν

346 2953 605 3016 εἰδώλοις.
644 2948 740 3016 Οἷς
765 2954 813 3005 οἱ
843 2949 1215 3016 πιστεύοντες,
1254 2952 1361 3005 κᾶν
1382 2944 1515 3004 ὦσιν
1544 2950 1761 3004 ὁπλῖται
1791 2951 1924 3003 πολ-

345 3044 427 3097 λοὶ
456 3045 577 3098 κατ’
633 3043 849 3115 Ἰσραὴλ
880 3042 1285 3113 συνιστάμενοι,
1350 3040 1617 3113 ἠκαρδία
1683 3058 1783 3108 μου
1839 3040 1923 3108 ἐφ’

350 3135 493 3204 ἃπερ
539 3133 729 3199 ἔταξεν
757 3134 785 3186 ὁ
815 3133 947 3197 Θεὸς
990 3132 1069 3203 τῷ
1098 3132 1214 3201 λαῷ
1238 3129 1516 3196 ’ἐλπίζειν
1564 3132 1657 3184 ἐπὶ
1689 3130 1939 3202 Κύριον.»

2006 1925 2229 1996 pietatis
2257 1924 2630 1993 gubernacula
2660 1924 2922 1987 inhibuit,
2950 1922 3203 1993 exponit.

2078 2015 2356 2086 Elegerunt
2378 2016 2500 2069 deos
2532 2017 2738 2078 inanes,
2759 2014 3198 2085 quemadmodum
3235 2027 3425 2081 panem
3460 2008 3590 2064 hor-

2009 2108 2276 2163 deaceum.
2328 2106 2803 2174 Quemadmodum
2872 2107 3017 2161 enim
3063 2105 3113 2161 si
3153 2106 3279 2176 quis
3317 2099 3586 2159 stomachi

2011 2201 2281 2256 cruditate
2313 2201 2547 2265 laboret,
2586 2198 2972 2268 triticeumque
3009 2211 3205 2268 panem
3230 2209 3402 2267 prope
3423 2208 3483 2250 se
3503 2193 3591 2263 ja-

2012 2299 2224 2347 centem
2270 2307 2369 2361 pro
2399 2274 2703 2347 hordeaceo
2729 2289 3173 2354 commutaverit,
3214 2288 3291 2343 ita
3324 2301 3426 2358 pro
3459 2299 3590 2343 vero

2016 2381 2125 2436 Deo
2153 2396 2324 2436 vanos
2352 2382 2658 2452 elegerunt.

2089 2490 2201 2546 Nec
2231 2490 2461 2562 clypeus,
2494 2507 2588 2545 nec
2614 2493 2771 2545 hasta
2816 2491 2930 2545 visa
2973 2500 3092 2547 sunt
3140 2491 3196 2544 in
3231 2488 3590 2558 quadraginta

2017 2577 2252 2632 millibus
2301 2576 2543 2632 Israelis.
2569 2576 2675 2632 Cor
2700 2594 2871 2632 meum
2909 2576 2979 2630 ad
3013 2576 3270 2645 prwsides
3298 2575 3472 2644 legum
3499 2574 3593 2645 qui

2018 2675 2140 2718 sunt
2178 2666 2232 2717 in
2268 2663 2495 2730 lsraele,
2531 2673 2638 2719 etc.
2684 2662 2788 2737 [8.]
2834 2663 3308 2730 Quemadmodum
3348 2660 3637 2715 hordea-s

2020 2768 2149 2810 ceus
2176 2757 2356 2826 panis.
2387 2767 2441 2810 et
2481 2757 2752 2825 protectio
2784 2755 3071 2809 muliebris
3103 2768 3199 2824 per
3252 2752 3597 2809 instrumen-

2025 2855 2075 2903 ta
2110 2846 2304 2900 bellica
2331 2848 2383 2900 in
2411 2847 2551 2901 bello
2573 2854 2658 2901 est
2683 2846 2925 2909 inﬁrma,
2953 2845 3026 2898 ita
3056 2858 3184 2912 spes
3213 2858 3339 2914 quae
3372 2843 3429 2896 in
3466 2842 3591 2896 ido-

2024 2938 2090 2992 lis
2118 2938 2356 3006 ponitur.
2402 2935 2627 3002 Quibus
2661 2936 2754 3005 qui
2805 2935 2999 2999 ﬁdunt,
3038 2935 3142 2990 etsi
3184 2932 3461 3003 frequenti
3488 2947 3594 2987 nu-
3704 2963 3711 2971 -

2026 3039 2177 3080 mero
2194 3035 2248 3079 et
2269 3024 2439 3078 armis
2458 3035 2652 3078 contra
2672 3024 2932 3078 lsraelem
2967 3024 3277 3091 insurgant,
3303 3037 3398 3077 cor
3417 3035 3595 3075 meum

2028 3115 2097 3171 iis
2139 3132 2263 3186 qua:
2316 3115 2458 3170 Deus
2511 3116 2713 3185 populo
2761 3116 2944 3170 sanxit
3001 3115 3297 3180 intentum,
3329 3119 3516 3184 sperat
3546 3113 3599 3166 in

352 3177 750 3294 ;D)t;t16tv"tiq
777 3177 996 3286 évroit‘dic
1013 3177 1212 3284 αὐτοῦἷ
1230 3223 1323 3276 καὶ
1364 3177 1438 3292 pri;
1470 3219 1752 3292 λατρεύειν
1779 3177 1920 3283 θεοῖς

2028 3177 2280 3270 Domino,
2353 3177 2719 3276 mandataque
2793 3206 2968 3276 ipsius
3029 3177 3308 3271 observat,
3353 3177 3454 3258 nec
3494 3202 3602 3259 diis

350 3315 580 3385 ἑτέροις,
605 3315 698 3368 καὶ
719 3315 819 3367 ὅσα
845 3313 924 3386 τῷ
952 3312 1104 3385 νόμῳ
1129 3312 1421 3383 διείρηται.
1447 3306 1548 3365 Ὧν
1575 3313 1706 3382 ἡμῖν
1727 3310 1930 3380 φυλατ-

349 3407 613 3476 τομένων,
638 3405 801 3469 αὐτὸς
834 3403 1137 3474 πολεμήσει
1169 3403 1310 3471 ὑπὲρ
1332 3402 1511 3472 ἡμῶν.
1545 3403 1627 3455 Τὰ
1658 3401 1768 3470 γὰρ
1788 3401 1929 3455 ὅπλα

350 3494 528 3564 ἡμῶν,
560 3493 621 3546 οὐ
650 3491 913 3562 σαρκικὰ,
942 3490 1084 3545 ἀλλὰ
1124 3491 1490 3561 πνευματικά.
1534 3509 1553 3543 ι
1581 3490 1656 3543 Οὐ
1688 3491 1796 3561 γὰρ
1831 3506 1928 3559 φο-

352 3585 666 3657 ϐηθήσομαι
718 3585 827 3639 ἀπὸ
881 3583 1160 3658 μυριάδων
1208 3582 1363 3648 λαοῦ,
1415 3582 1525 3635 τῶν
1575 3580 1759 3651 κύκλῳ
1807 3597 1931 3634 συν-

354 3677 749 3746 επιτιθεμένων
788 3692 899 3746 μοι.
940 3694 959 3727 ι
990 3675 1072 3728 Τὰ
1103 3674 1212 3746 γὰρ
1262 3673 1572 3743 τεταγμένα
1622 3672 1930 3742 φθέγξομαι

355 3765 435 3837 τῷ
474 3767 721 3838 ’Ῑσραήλο
786 3785 806 3819 ι
840 3766 1098 3833 ’Ᾱνάστα,
1129 3765 1304 3839 Κύριε
1325 3807 1339 3831 ,
1373 3764 1547 3819 σῶσόν
1602 3780 1693 3835 με,
1740 3765 1768 3817 ὁ
1800 3763 1933 3827 Θεός

362 3877 485 3932 μου.
511 3876 531 3911 ι
918 3880 923 3886 ·

434 3974 500 4026 Ol
528 3970 821 4027 δυνάσται
839 3972 946 4027 τοῦ
974 3970 1154 4033 λαοῦ,
1194 3969 1507 4039 εὐλογεῖτε
1534 3969 1646 4024 τὸν
1684 3969 1932 4038 Κύριον,

360 4057 662 4129 φάσκοντες
683 4076 697 4089 ·
737 4077 757 4111 ι
791 4059 881 4113 Ἐν
905 4059 984 4130 τῷ
1016 4058 1135 4130 Θεῷ
1190 4058 1492 4128 ποιήσομεν
1534 4057 1803 4129 δύναμιν,
1839 4057 1936 4111 καὶ

360 4150 522 4208 αὐτὸς
548 4152 896 4219 ὲξουδενώσει
919 4153 1047 4216 τοὺς
1069 4152 1351 4215 θλίϐοντας
1378 4151 1555 4222 ἡμᾶς.
1587 4171 1608 4203 ι
1892 4216 1913 4231 I

446 4266 891 4333 Ἐπιϐεόηκότες
916 4263 1018 4319 ἐπὶ
1048 4264 1385 4334 ὑποζυγίων
1447 4262 1548 4316 ἐπὶ
1594 4259 1935 4330 λαμπινῶν,

362 4354 689 4423 καθήμενοι
714 4356 811 4408 ἐπὶ
848 4354 1161 4424 κριτήριον
1184 4395 1200 4421 ,
1247 4353 1347 4409 καὶ
1394 4354 1786 4423 ¹πορσυόμιινόι
1844 4352 1937 4422 ἐφ’

366 4444 513 4512 ὁδῷ,
570 4445 912 4516 φθέγξασθε
965 4448 1193 4531 φωνήν.
1255 4447 1668 4511 Οῑ’δυνάσται,
1733 4446 1935 4517 φησιν,

2030 3299 2152 3352 aliis
2188 3301 2384 3366 servit,
2422 3300 2641 3368 aliaque
2672 3314 2794 3368 quae
2839 3302 2954 3369 lege
2999 3297 3289 3352 interdicta
3323 3304 3451 3351 sunt
3493 3308 3601 3348 nou

2028 3388 2211 3469 facit.
2243 3388 2374 3456 Qua:
2419 3391 2464 3445 si
2508 3391 3006 3454 observaverimus,
3038 3388 3182 3444 Deus
3208 3387 3471 3458 pugnabit
3504 3399 3605 3457 pro
3682 3445 3694 3458 .

2028 3481 2207 3537 nobis.
2233 3483 2398 3535 Arma
2425 3482 2573 3536 enim
2608 3492 2796 3537 nostra
2830 3498 2934 3536 non
2960 3496 3185 3545 carnea,
3232 3495 3420 3535 verum
3443 3478 3607 3549 spiri-
3714 3530 3717 3533 λ

2031 3574 2201 3629 tualia
2233 3581 2387 3629 sunt.
2409 3571 2569 3639 Nam,
2607 3592 2626 3625 ι
2657 3572 2776 3627 Νοη
2810 3579 3057 3628 metuero
3078 3587 3109 3627 a
3137 3569 3479 3642 myriadibus
3506 3585 3606 3640 po-

2033 3666 2287 3734 pulorum
2324 3664 2422 3734 qui
2461 3680 2547 3720 me
2583 3665 2951 3719 circumstant
2981 3664 3048 3718 ⁸⁸.
3088 3681 3106 3715 ι
3152 3662 3372 3733 Loquar
3403 3664 3605 3717 etenim

2030 3759 2215 3814 lsraeli
2253 3759 2569 3813 constituta.
2604 3775 2623 3807 ι
2654 3756 2832 3826 Surge
2860 3756 3027 3826 igitur
3052 3763 3106 3811 et
3134 3769 3295 3809 serva
3327 3768 3436 3820 me,
3463 3751 3608 3808 Deus

2036 3865 2192 3904 iiieus
2219 3850 2287 3901 “.
2807 3886 2836 3910 ο

2104 3963 2376 4033 Principes
2407 3963 2607 4031 populi,
2627 3937 2847 4018 laudate
2878 3961 3188 4017 Dominum.
3222 3960 3328 4034 [9.]
3355 3960 3454 4018 His
3483 3977 3610 4018 ver-

2036 4056 2146 4121 bis,
2192 4073 2211 4106 ι
2254 4056 2444 4109 Divina
2476 4056 2676 4109 virtute
2746 4056 2980 4110 virtutes
3014 4055 3263 4120 edemus,
3287 4062 3342 4110 et
3374 4055 3492 4126 ipse
3515 4070 3619 4110 an-

2036 4147 2292 4202 nihilahit
2327 4153 2567 4202 tortores
2598 4154 2822 4202 nostros
2848 4147 2914 4200 ⁶⁷.
2957 4164 2977 4197 ο

2119 4258 2267 4314 Vecti
2294 4258 2456 4313 mulis
2488 4258 2701 4323 nitidis,
2742 4258 2833 4329 qui
2862 4256 3171 4328 prmsidetis’
3210 4258 3491 4327 tribunali,
3520 4259 3615 4331 qui

2037 4367 2130 4421 per
2160 4351 2360 4405 itinera
2412 4351 2683 4415 inceditis,
2724 4359 2978 4405 enarrata
3020 4349 3155 4405 hac.
3190 4346 3328 4422 [10.]
3351 4348 3617 4427 Potentes

2040 4442 2230 4510 Israel,
2261 4441 2460 4513 inquit,
2508 4452 2563 4497 et
2597 4443 2692 4512 qui
2733 4440 2787 4495 in
2829 4441 3029 4496 itinere
3060 4440 3262 4519 popqu
3286 4440 3617 4511 praceditis,

377 4537 617 4609 Ἰσραὴλ,
660 4538 755 4591 καὶ
789 4540 1254 4609 προπορευόμενοι
1281 4540 1338 4593 ὲν
1362 4537 1467 4609 ὁδῷ
1493 4538 1585 4592 τοῦ
1643 4536 1798 4602 λαοῦ,
1842 4539 1920 4591 κα¹

2040 4534 2240 4604 quique
2268 4533 2484 4604 judicio
2514 4533 2655 4589 estis
2698 4532 2969 4604 praefecti,
3005 4541 3267 4603 tanquam
3294 4547 3459 4603 super
3499 4532 3615 4603 lyra

365 4630 461 4683 ἐπὶ
483 4629 546 4683 τὸ
566 4628 771 4700 κρίνειν
819 4630 1169 4701 τεταγμένοι,
1193 4631 1269 4695 ὡς
1296 4629 1354 4684 ἐν
1376 4647 1484 4684 τινι
1516 4629 1657 4702 λύρᾳ
1689 4630 1788 4700 τὴν
1817 4630 1940 4683 ἐπι-

366 4720 539 4776 νίκιον
567 4721 713 4794 ᾠδὴν
739 4721 1130 4794 ἀνακρούεσθε.

438 4833 598 4887 Ἐκεῖ
623 4833 889 4889 δώσουσι
907 4833 1307 4903 δικαιοσύνην
1329 4834 1543 4903 Κυρίῳ.
1580 4834 1734 4887 Ἐκεῖ
1750 4850 1766 4865 ’
1806 4831 1933 4899 ποῦς

377 4923 545 4978 Ἐνθα
602 4927 821 4981 πάντων
865 4926 1307 4998 εὐφραινομένων
1335 4929 1369 4997 ἡ
1395 4926 1648 4980 κατοικία
1680 4928 1738 4979 ὲν
1764 4923 1934 4995 αὐτῷ.

376 5030 397 5067 ι
420 5015 495 5068 Οὐ
528 5014 636 5085 γὰρ
669 5016 785 5071 ἐστι
805 5017 1020 5089 χαίρειν
1047 5020 1162 5081 τοῖς
1187 5018 1435 5083 ἀσεϐέσι,
1461 5034 1481 5068 ι
1520 5016 1669 5085 λέγει
1712 5014 1939 5086 Κύριος.

373 5105 484 5175 (51)
527 5106 659 5160 Οὐδὲ
708 5106 973 5163 δώσουσιν
1036 5112 1095 5163 ἐν
1154 5108 1416 5181 συνεδρίῳ
1466 5106 1812 5179 ἁμαρτωλῶν
1863 5106 1965 5160 δι-’

371 5196 664 5269 καιοσύνην
689 5199 899 5270 Κυρίῳ.
944 5219 964 5253 ι
999 5200 1122 5254 Ἐπὶ
1162 5200 1272 5271 γὰρ
1324 5200 1416 5254 τὸν
1457 5200 1730 5272 Ἰσραὴλή
1763 5215 1941 5269 μεγα-

371 5289 674 5362 λοπρέπεια
706 5292 892 5359 αὑτοῦ,
928 5293 1024 5347 καὶ
1048 5296 1081 5366 ἡ
1102 5294 1331 5366 δύναμις
1354 5292 1521 5348 αὑτοῦ
1545 5295 1606 5348 ἂν
1633 5296 1755 5358 ταῖς
1784 5292 1946 5365 νεφέ-

446 5465 739 5540 f'ﬂauh.
773 5484 887 5540 με,
939 5468 1031 5526 29.
1106 5470 1185 5540 ,σι
1236 5468 1436 5540 Ephes.
1466 5471 1545 5540 vi,
1587 5471 1690 5537 is.

378 5536 590 5594 “ibid.
649 5539 712 5571 "'
769 5535 915 5595 Psal.
949 5539 1189 5608 ux,M.
1263 5535 1309 5573 ⁸³
1367 5536 1473 5595 lsa.
1507 5535 1814 5610 suum”.

455 5787 565 5861 (5|)
602 5786 697 5841 Ἐκ
716 5787 816 5860 τῆς
842 5789 879 5844 2
929 5788 1022 5844 τοῦ
1063 5788 1237 5846 Ἰωάν.
1262 5789 1440 5847 επιστ.
1466 5788 1538 5844 is.
1565 5788 1796 5861 ἐλήφθη.

1780 5471 1828 5505 ⁸³
1859 5469 2010 5531 Psal.
2048 5488 2276 5543 xxxviii,
2312 5474 2403 5531 15.

2046 4626 2280 4697 quadam
2309 4640 2531 4681 carmen
2558 4625 2841 4682 victoriale
2870 4624 3104 4697 pulsate.

2117 4843 2203 4897 Ibi
2218 4845 2458 4915 tribuent
2476 4844 2748 4913 justitiam
2771 4841 3021 4897 Domino.
3057 4839 3197 4914 [η]
3219 4839 3298 4895 lbi
3334 4837 3619 4906 nimirum,

2032 4935 2124 4990 ubi
2164 4937 2425 4990 omnibus
2458 4934 2779 4990 laetantibus
2810 4933 2867 4988 in
2888 4935 3013 5002 ipso
3053 4932 3214 4987 sedes
3245 4940 3350 4987 est.
3380 4949 3399 4983 ι
3436 4928 3623 4998 impiis

2027 5027 2174 5083 enim
2201 5042 2314 5082 non
2355 5027 2482 5082 licet
2519 5025 2783 5097 gaudere,
2820 5044 2840 5077 ι
2880 5024 3062 5093 inquit
3086 5022 3357 5079 Domiuus
3398 5021 3466 5077 ⁸⁸.
3504 5020 3618 5076 Nec

2042 5119 2101 5175 in
2130 5132 2396 5174 consessu
2429 5124 2778 5188 peccaturum
2799 5116 3071 5188 justitiam
3099 5115 3330 5169 Domino
3352 5114 3619 5168 tribuent-

2051 5225 2073 5261 ι
2104 5205 2241 5263 Nam
2285 5222 2455 5279 super
2493 5206 2753 5262 Israelem
2802 5203 3212 5276 magniﬁcentia
3261 5203 3384 5273 ejus
3416 5207 3524 5266 est,
3568 5205 3628 5254 et

2047 5298 2227 5356 virtus
2251 5298 2373 5371 ejus
2406 5298 2463 5355 in
2487 5296 2754 5354 nubibus.
2780 5295 3044 5352 Miriﬁcus
3083 5294 3216 5351 item
3239 5301 3328 5349 est
3358 5288 3624 5346 Dominus

2506 5473 2554 5510 “
2602 5471 2775 5532 Hebr.
2825 5486 2950 5541 xm,
2993 5469 3083 5527 14.
3183 5467 3232 5502 ⁸⁵
3260 5465 3406 5525 Psal.
3450 5478 3531 5529 III.
3565 5459 3623 5516 7ο

1880 5682 2121 5746 NOTAE.
