  <div class='ocr_page' id='page_1' title='image "/cluster/home/n/w/nwhite01/storage/ocr_20150623/87:1/hvd.32044073502353/534.png"; bbox 0 0 3986 6218; ppageno 0'>
   <div class='ocr_carea' id='block_1_1' title="bbox 349 195 477 258">
    <p class='ocr_par' dir='ltr' id='par_1_1' title="bbox 349 195 477 258">
     <span class='ocr_line' id='line_1_1' title="bbox 349 195 477 258; baseline 0.016 -2"><span class='ocrx_word' id='word_1_1' title='bbox 349 195 477 258; x_wconf 68' lang='grc' dir='ltr'><strong>Ῑῡῦῖ</strong></span> 
     </span>
    </p>
   </div>
   <div class='ocr_carea' id='block_1_2' title="bbox 1429 197 2454 259">
    <p class='ocr_par' dir='ltr' id='par_1_2' title="bbox 1429 197 2454 259">
     <span class='ocr_line' id='line_1_2' title="bbox 1429 197 2454 259; baseline 0.003 -3"><span class='ocrx_word' id='word_1_2' title='bbox 1429 197 1966 258; x_wconf 80' lang='lat' dir='ltr'><strong>COMMENTARII</strong></span> <span class='ocrx_word' id='word_1_3' title='bbox 2009 197 2091 257; x_wconf 90' lang='grc' dir='ltr'><strong>ΙΝ</strong></span> <span class='ocrx_word' id='word_1_4' title='bbox 2113 198 2454 259; x_wconf 82' lang='lat' dir='ltr'><strong>JUDICES.</strong></span> 
     </span>
    </p>
   </div>
   <div class='ocr_carea' id='block_1_3' title="bbox 3453 201 3590 266">
    <p class='ocr_par' dir='ltr' id='par_1_3' title="bbox 3453 201 3590 266">
     <span class='ocr_line' id='line_1_3' title="bbox 3453 201 3590 266; baseline 0 -2"><span class='ocrx_word' id='word_1_5' title='bbox 3453 201 3590 266; x_wconf 74' lang='lat'><strong>1058</strong></span> 
     </span>
    </p>
   </div>
   <div class='ocr_carea' id='block_1_4' title="bbox 345 304 1930 382">
    <p class='ocr_par' dir='ltr' id='par_1_4' title="bbox 345 304 1926 380">
     <span class='ocr_line' id='line_1_4' title="bbox 345 304 1926 380; baseline -0.001 -18"><span class='ocrx_word' id='word_1_6' title='bbox 345 309 554 362; x_wconf 82' lang='grc' dir='ltr'>ἐκεῖνον</span> <span class='ocrx_word' id='word_1_7' title='bbox 605 305 661 358; x_wconf 87' lang='grc' dir='ltr'><strong>δέ</strong></span> <span class='ocrx_word' id='word_1_8' title='bbox 711 304 1023 376; x_wconf 71' lang='grc' dir='ltr'>κατέϐησαν</span> <span class='ocrx_word' id='word_1_9' title='bbox 1052 307 1101 360; x_wconf 87' lang='grc' dir='ltr'><strong>οἰ</strong></span> <span class='ocrx_word' id='word_1_10' title='bbox 1147 307 1250 377; x_wconf 80' lang='grc' dir='ltr'>τῆς</span> <span class='ocrx_word' id='word_1_11' title='bbox 1303 307 1476 376; x_wconf 82' lang='grc' dir='ltr'>φυλῆς</span> <span class='ocrx_word' id='word_1_12' title='bbox 1533 308 1628 363; x_wconf 77' lang='grc' dir='ltr'><strong>τοῦ</strong></span> <span class='ocrx_word' id='word_1_13' title='bbox 1665 309 1926 380; x_wconf 73' lang='grc' dir='ltr'>Ἐφραῒμ,</span> 
     </span>
    </p>
   </div>
   <div class='ocr_carea' id='block_1_5' title="bbox 2045 304 3593 382">
    <p class='ocr_par' dir='ltr' id='par_1_5' title="bbox 2045 311 3593 382">
     <span class='ocr_line' id='line_1_5' title="bbox 2045 311 3593 382; baseline 0.006 -22"><span class='ocrx_word' id='word_1_14' title='bbox 2045 311 2321 374; x_wconf 75' lang='lat' dir='ltr'><strong>ilanassis,</strong></span> <span class='ocrx_word' id='word_1_15' title='bbox 2369 320 2494 382; x_wconf 90' lang='lat' dir='ltr'><strong>post</strong></span> <span class='ocrx_word' id='word_1_16' title='bbox 2541 311 2718 382; x_wconf 90' lang='lat' dir='ltr'><strong>ipsum</strong></span> <span class='ocrx_word' id='word_1_17' title='bbox 2764 327 2894 368; x_wconf 87' lang='lat' dir='ltr'><strong>vero</strong></span> <span class='ocrx_word' id='word_1_18' title='bbox 2936 311 3344 370; x_wconf 83' lang='lat' dir='ltr'><strong>descenderant</strong></span> <span class='ocrx_word' id='word_1_19' title='bbox 3389 313 3489 368; x_wconf 77' lang='lat' dir='ltr'><strong>viri</strong></span> <span class='ocrx_word' id='word_1_20' title='bbox 3523 315 3593 370; x_wconf 84' lang='lat' dir='ltr'><strong>de</strong></span> 
     </span>
    </p>
   </div>
   <div class='ocr_carea' id='block_1_6' title="bbox 343 394 1918 466">
    <p class='ocr_par' dir='ltr' id='par_1_6' title="bbox 343 394 1918 466">
     <span class='ocr_line' id='line_1_6' title="bbox 343 394 1918 466; baseline -0.001 -16"><span class='ocrx_word' id='word_1_21' title='bbox 343 397 438 450; x_wconf 82' lang='grc' dir='ltr'>καὶ</span> <span class='ocrx_word' id='word_1_22' title='bbox 469 394 990 465; x_wconf 80' lang='grc' dir='ltr'>συναγωνισάμενοι,</span> <span class='ocrx_word' id='word_1_23' title='bbox 1021 395 1242 458; x_wconf 87' lang='grc' dir='ltr'>τελείως</span> <span class='ocrx_word' id='word_1_24' title='bbox 1279 395 1581 466; x_wconf 70' lang='grc' dir='ltr'>ἐτρέψαντο</span> <span class='ocrx_word' id='word_1_25' title='bbox 1641 398 1766 459; x_wconf 69' lang='grc' dir='ltr'>τοὺς</span> <span class='ocrx_word' id='word_1_26' title='bbox 1794 397 1918 450; x_wconf 86' lang='grc' dir='ltr'><strong>Μα-</strong></span> 
     </span>
    </p>
   </div>
   <div class='ocr_carea' id='block_1_7' title="bbox 343 487 1916 557">
    <p class='ocr_par' dir='ltr' id='par_1_7' title="bbox 343 487 1916 557">
     <span class='ocr_line' id='line_1_7' title="bbox 343 487 1916 557; baseline 0 -15"><span class='ocrx_word' id='word_1_27' title='bbox 343 487 637 557; x_wconf 86' lang='grc' dir='ltr'>διηναίους,</span> <span class='ocrx_word' id='word_1_28' title='bbox 683 487 778 540; x_wconf 70' lang='grc' dir='ltr'><strong>καὶ</strong></span> <span class='ocrx_word' id='word_1_29' title='bbox 835 487 962 550; x_wconf 72' lang='grc' dir='ltr'>τοὺς</span> <span class='ocrx_word' id='word_1_30' title='bbox 1008 487 1104 541; x_wconf 78' lang='grc' dir='ltr'><strong>σὺν</strong></span> <span class='ocrx_word' id='word_1_31' title='bbox 1153 488 1341 550; x_wconf 79' lang='grc' dir='ltr'>αὐτοῖς</span> <span class='ocrx_word' id='word_1_32' title='bbox 1367 487 1427 540; x_wconf 82' lang='grc' dir='ltr'><strong>ἐν</strong></span> <span class='ocrx_word' id='word_1_33' title='bbox 1449 487 1680 542; x_wconf 81' lang='grc' dir='ltr'>κοιλάδι.</span> <span class='ocrx_word' id='word_1_34' title='bbox 1739 487 1812 542; x_wconf 78' lang='grc' dir='ltr'><strong>Τὸ</strong></span> <span class='ocrx_word' id='word_1_35' title='bbox 1839 487 1916 552; x_wconf 81' lang='grc' dir='ltr'><strong>δὲ,</strong></span> 
     </span>
    </p>
   </div>
   <div class='ocr_carea' id='block_1_8' title="bbox 343 575 1917 648">
    <p class='ocr_par' dir='ltr' id='par_1_8' title="bbox 343 575 1917 648">
     <span class='ocr_line' id='line_1_8' title="bbox 343 575 1917 648; baseline 0.001 -16"><span class='ocrx_word' id='word_1_36' title='bbox 343 577 630 646; x_wconf 72' lang='grc' dir='ltr'><strong>Ἀδελφούς</strong></span> <span class='ocrx_word' id='word_1_37' title='bbox 649 593 764 642; x_wconf 86' lang='grc' dir='ltr'>σου,</span> <span class='ocrx_word' id='word_1_38' title='bbox 784 575 1038 648; x_wconf 81' lang='grc' dir='ltr'>Βενιαμὶν</span> <span class='ocrx_word' id='word_1_39' title='bbox 1061 579 1116 632; x_wconf 88' lang='grc' dir='ltr'><strong>ἐν</strong></span> <span class='ocrx_word' id='word_1_40' title='bbox 1131 579 1280 640; x_wconf 78' lang='grc' dir='ltr'>λαοῖς</span> <span class='ocrx_word' id='word_1_41' title='bbox 1310 593 1427 644; x_wconf 90' lang='grc' dir='ltr'>σου,</span> <span class='ocrx_word' id='word_1_42' title='bbox 1450 578 1608 642; x_wconf 78' lang='grc' dir='ltr'>ἄλλος</span> <span class='ocrx_word' id='word_1_43' title='bbox 1636 578 1917 646; x_wconf 76' lang='grc' dir='ltr'><strong>ἐξέδωκεν,</strong></span> 
     </span>
    </p>
   </div>
   <div class='ocr_carea' id='block_1_9' title="bbox 356 667 1919 740">
    <p class='ocr_par' dir='ltr' id='par_1_9' title="bbox 356 667 1919 740">
     <span class='ocr_line' id='line_1_9' title="bbox 356 667 1919 740; baseline 0.001 -18"><span class='ocrx_word' id='word_1_44' title='bbox 356 689 375 722; x_wconf 78' lang='grc' dir='ltr'><strong>ι</strong></span> <span class='ocrx_word' id='word_1_45' title='bbox 405 669 610 722; x_wconf 82' lang='grc' dir='ltr'>Ὀπίσω</span> <span class='ocrx_word' id='word_1_46' title='bbox 637 685 729 721; x_wconf 85' lang='grc' dir='ltr'><strong>σου</strong></span> <span class='ocrx_word' id='word_1_47' title='bbox 750 667 1003 738; x_wconf 73' lang='grc' dir='ltr'>Βενιαμὶν</span> <span class='ocrx_word' id='word_1_48' title='bbox 1023 669 1244 738; x_wconf 77' lang='grc' dir='ltr'>ἀδελφοί</span> <span class='ocrx_word' id='word_1_49' title='bbox 1267 686 1386 733; x_wconf 91' lang='grc' dir='ltr'>σου,</span> <span class='ocrx_word' id='word_1_50' title='bbox 1424 689 1443 722; x_wconf 73' lang='grc' dir='ltr'><strong>ι</strong></span> <span class='ocrx_word' id='word_1_51' title='bbox 1479 670 1724 723; x_wconf 81' lang='grc' dir='ltr'><strong>τουτέστι</strong></span> <span class='ocrx_word' id='word_1_52' title='bbox 1755 671 1919 740; x_wconf 84' lang='grc' dir='ltr'>συνῆν</span> 
     </span>
    </p>
   </div>
   <div class='ocr_carea' id='block_1_10' title="bbox 345 760 1918 832">
    <p class='ocr_par' dir='ltr' id='par_1_10' title="bbox 345 760 1918 832">
     <span class='ocr_line' id='line_1_10' title="bbox 345 760 1918 832; baseline 0 -18"><span class='ocrx_word' id='word_1_53' title='bbox 345 762 426 832; x_wconf 81' lang='grc' dir='ltr'><strong>τῷ</strong></span> <span class='ocrx_word' id='word_1_54' title='bbox 457 760 695 831; x_wconf 83' lang='grc' dir='ltr'>Ἐφραῒμ</span> <span class='ocrx_word' id='word_1_55' title='bbox 715 761 810 813; x_wconf 72' lang='grc' dir='ltr'><strong>καὶ</strong></span> <span class='ocrx_word' id='word_1_56' title='bbox 829 763 856 815; x_wconf 83' lang='grc' dir='ltr'>ὁ</span> <span class='ocrx_word' id='word_1_57' title='bbox 885 761 1150 830; x_wconf 75' lang='grc' dir='ltr'>Βενιαμὶν</span> <span class='ocrx_word' id='word_1_58' title='bbox 1169 763 1226 815; x_wconf 84' lang='grc' dir='ltr'><strong>ἐν</strong></span> <span class='ocrx_word' id='word_1_59' title='bbox 1251 763 1318 832; x_wconf 82' lang='grc' dir='ltr'><strong>τῇ</strong></span> <span class='ocrx_word' id='word_1_60' title='bbox 1347 760 1672 831; x_wconf 78' lang='grc' dir='ltr'><strong>παρατάξει,</strong></span> <span class='ocrx_word' id='word_1_61' title='bbox 1702 761 1778 825; x_wconf 84' lang='grc' dir='ltr'>ὡς</span> <span class='ocrx_word' id='word_1_62' title='bbox 1805 761 1918 832; x_wconf 67' lang='grc'><strong>(54)</strong></span> 
     </span>
    </p>
   </div>
   <div class='ocr_carea' id='block_1_11' title="bbox 349 851 1922 923">
    <p class='ocr_par' dir='ltr' id='par_1_11' title="bbox 349 851 1922 923">
     <span class='ocr_line' id='line_1_11' title="bbox 349 851 1922 923; baseline -0.001 -17"><span class='ocrx_word' id='word_1_63' title='bbox 349 852 573 920; x_wconf 78' lang='grc' dir='ltr'>ἀδελφὸς</span> <span class='ocrx_word' id='word_1_64' title='bbox 603 851 680 906; x_wconf 82' lang='grc' dir='ltr'><strong>ὢν</strong></span> <span class='ocrx_word' id='word_1_65' title='bbox 716 851 934 923; x_wconf 79' lang='grc' dir='ltr'>Ἰωσὴφ,</span> <span class='ocrx_word' id='word_1_66' title='bbox 973 852 1196 916; x_wconf 79' lang='grc' dir='ltr'><strong>εἰκότως</strong></span> <span class='ocrx_word' id='word_1_67' title='bbox 1227 853 1323 906; x_wconf 79' lang='grc' dir='ltr'><strong>καὶ</strong></span> <span class='ocrx_word' id='word_1_68' title='bbox 1368 851 1464 906; x_wconf 84' lang='grc' dir='ltr'><strong>τοῦ</strong></span> <span class='ocrx_word' id='word_1_69' title='bbox 1497 852 1556 917; x_wconf 80' lang='grc' dir='ltr'>ἐξ</span> <span class='ocrx_word' id='word_1_70' title='bbox 1595 852 1793 922; x_wconf 78' lang='grc' dir='ltr'>Ἰωσὴφ</span> <span class='ocrx_word' id='word_1_71' title='bbox 1837 851 1922 905; x_wconf 84' lang='lat' dir='ltr'><strong>&#39;E-</strong></span> 
     </span>
    </p>
   </div>
   <div class='ocr_carea' id='block_1_12' title="bbox 349 941 1917 1014">
    <p class='ocr_par' dir='ltr' id='par_1_12' title="bbox 349 941 1917 1014">
     <span class='ocr_line' id='line_1_12' title="bbox 349 941 1917 1014; baseline 0 -17"><span class='ocrx_word' id='word_1_72' title='bbox 349 941 530 1014; x_wconf 76' lang='grc' dir='ltr'>φρατμ</span> <span class='ocrx_word' id='word_1_73' title='bbox 547 943 776 1012; x_wconf 79' lang='grc' dir='ltr'>ἀδελφὸς</span> <span class='ocrx_word' id='word_1_74' title='bbox 795 943 1124 1012; x_wconf 77' lang='grc' dir='ltr'>ὀνομάζεται</span> <span class='ocrx_word' id='word_1_75' title='bbox 1145 944 1288 998; x_wconf 84' lang='grc' dir='ltr'><strong>κατὰ</strong></span> <span class='ocrx_word' id='word_1_76' title='bbox 1308 943 1602 1014; x_wconf 80' lang='grc' dir='ltr'>συνήθειαν</span> <span class='ocrx_word' id='word_1_77' title='bbox 1614 947 1917 1014; x_wconf 80' lang='grc' dir='ltr'>γραφικήν.</span> 
     </span>
    </p>
   </div>
   <div class='ocr_carea' id='block_1_13' title="bbox 360 1035 1918 1106">
    <p class='ocr_par' dir='ltr' id='par_1_13' title="bbox 360 1035 1918 1106">
     <span class='ocr_line' id='line_1_13' title="bbox 360 1035 1918 1106; baseline -0.001 -16"><span class='ocrx_word' id='word_1_78' title='bbox 360 1038 447 1098; x_wconf 84' lang='grc' dir='ltr'>Ὠς</span> <span class='ocrx_word' id='word_1_79' title='bbox 475 1036 572 1090; x_wconf 69' lang='grc' dir='ltr'><strong>καὶ</strong></span> <span class='ocrx_word' id='word_1_80' title='bbox 605 1035 704 1106; x_wconf 82' lang='grc' dir='ltr'>τὴν</span> <span class='ocrx_word' id='word_1_81' title='bbox 734 1036 952 1106; x_wconf 84' lang='grc' dir='ltr'>Σάρῤαν</span> <span class='ocrx_word' id='word_1_82' title='bbox 1001 1035 1238 1106; x_wconf 84' lang='grc' dir='ltr'>ἀδελφήν</span> <span class='ocrx_word' id='word_1_83' title='bbox 1263 1051 1428 1106; x_wconf 82' lang='grc' dir='ltr'>φησιν</span> <span class='ocrx_word' id='word_1_84' title='bbox 1461 1035 1738 1106; x_wconf 75' lang='grc' dir='ltr'>Ἀϐραὰμ,</span> <span class='ocrx_word' id='word_1_85' title='bbox 1760 1053 1918 1089; x_wconf 91' lang='grc' dir='ltr'>τουτ-</span> 
     </span>
    </p>
   </div>
   <div class='ocr_carea' id='block_1_14' title="bbox 350 1124 908 1195">
    <p class='ocr_par' dir='ltr' id='par_1_14' title="bbox 350 1124 908 1195">
     <span class='ocr_line' id='line_1_14' title="bbox 350 1124 908 1195; baseline -0.004 -14"><span class='ocrx_word' id='word_1_86' title='bbox 350 1127 496 1181; x_wconf 81' lang='grc' dir='ltr'>έστιν</span> <span class='ocrx_word' id='word_1_87' title='bbox 521 1124 908 1195; x_wconf 76' lang='grc' dir='ltr'>ἁδελφόπαιδα.</span> 
     </span>
    </p>
   </div>
   <div class='ocr_carea' id='block_1_15' title="bbox 433 1323 1922 1396">
    <p class='ocr_par' dir='ltr' id='par_1_15' title="bbox 433 1323 1922 1396">
     <span class='ocr_line' id='line_1_15' title="bbox 433 1323 1922 1396; baseline -0.002 -15"><span class='ocrx_word' id='word_1_88' title='bbox 433 1326 536 1391; x_wconf 80' lang='grc' dir='ltr'><strong>Ἐξ</strong></span> <span class='ocrx_word' id='word_1_89' title='bbox 562 1325 709 1396; x_wconf 83' lang='grc' dir='ltr'><strong>ἐμοῦ</strong></span> <span class='ocrx_word' id='word_1_90' title='bbox 737 1324 960 1394; x_wconf 81' lang='grc' dir='ltr'>Μαχείρ</span> <span class='ocrx_word' id='word_1_91' title='bbox 1001 1324 1342 1392; x_wconf 72' lang='grc' dir='ltr'>κατέϐησαν</span> <span class='ocrx_word' id='word_1_92' title='bbox 1371 1323 1822 1394; x_wconf 77' lang='grc' dir='ltr'><strong>ἐξερευνῶντες.</strong></span> <span class='ocrx_word' id='word_1_93' title='bbox 1859 1323 1922 1378; x_wconf 86' lang='grc'><strong>⁸0</strong></span> 
     </span>
    </p>
   </div>
   <div class='ocr_carea' id='block_1_16' title="bbox 353 1414 1920 1488">
    <p class='ocr_par' dir='ltr' id='par_1_16' title="bbox 353 1414 1920 1488">
     <span class='ocr_line' id='line_1_16' title="bbox 353 1414 1920 1488; baseline -0.003 -16"><span class='ocrx_word' id='word_1_94' title='bbox 353 1419 570 1488; x_wconf 73' lang='grc' dir='ltr'>Μαχεὶρ</span> <span class='ocrx_word' id='word_1_95' title='bbox 622 1417 735 1480; x_wconf 74' lang='grc' dir='ltr'>υἱός</span> <span class='ocrx_word' id='word_1_96' title='bbox 790 1418 907 1468; x_wconf 83' lang='grc' dir='ltr'>ἐστι</span> <span class='ocrx_word' id='word_1_97' title='bbox 955 1416 1226 1486; x_wconf 84' lang='grc' dir='ltr'>Μανασσῆ</span> <span class='ocrx_word' id='word_1_98' title='bbox 1278 1415 1452 1486; x_wconf 81' lang='grc' dir='ltr'>πέραν</span> <span class='ocrx_word' id='word_1_99' title='bbox 1505 1414 1624 1468; x_wconf 77' lang='grc' dir='ltr'><strong>τοῦ·</strong></span> <span class='ocrx_word' id='word_1_100' title='bbox 1655 1414 1920 1486; x_wconf 82' lang='grc' dir='ltr'><strong>Ἰορδάνου</strong></span> 
     </span>
    </p>
   </div>
   <div class='ocr_carea' id='block_1_17' title="bbox 355 1505 1923 1579">
    <p class='ocr_par' dir='ltr' id='par_1_17' title="bbox 355 1505 1923 1579">
     <span class='ocr_line' id='line_1_17' title="bbox 355 1505 1923 1579; baseline -0.001 -17"><span class='ocrx_word' id='word_1_101' title='bbox 355 1509 492 1579; x_wconf 76' lang='grc' dir='ltr'>μετὰ</span> <span class='ocrx_word' id='word_1_102' title='bbox 521 1507 750 1578; x_wconf 76' lang='grc' dir='ltr'>Ῥουϐὴν</span> <span class='ocrx_word' id='word_1_103' title='bbox 785 1508 881 1560; x_wconf 73' lang='grc' dir='ltr'>καὶ</span> <span class='ocrx_word' id='word_1_104' title='bbox 909 1506 1018 1560; x_wconf 82' lang='grc' dir='ltr'><strong>Γὰδ</strong></span> <span class='ocrx_word' id='word_1_105' title='bbox 1058 1506 1504 1578; x_wconf 83' lang='grc' dir='ltr'>κληρωσάμενος.</span> <span class='ocrx_word' id='word_1_106' title='bbox 1533 1505 1726 1568; x_wconf 84' lang='grc' dir='ltr'><strong>Ὅστις</strong></span> <span class='ocrx_word' id='word_1_107' title='bbox 1749 1505 1923 1560; x_wconf 78' lang='grc' dir='ltr'><strong>πατάο</strong></span> 
     </span>
    </p>
   </div>
   <div class='ocr_carea' id='block_1_18' title="bbox 355 1598 1924 1672">
    <p class='ocr_par' dir='ltr' id='par_1_18' title="bbox 355 1598 1924 1672">
     <span class='ocr_line' id='line_1_18' title="bbox 355 1598 1924 1672; baseline -0.01 -16"><span class='ocrx_word' id='word_1_108' title='bbox 355 1602 448 1668; x_wconf 78' lang='grc' dir='ltr'><strong>ξας</strong></span> <span class='ocrx_word' id='word_1_109' title='bbox 463 1603 564 1671; x_wconf 77' lang='grc' dir='ltr'><strong>τὴν</strong></span> <span class='ocrx_word' id='word_1_110' title='bbox 584 1599 819 1665; x_wconf 82' lang='grc' dir='ltr'><strong>Γαλαὰδ,</strong></span> <span class='ocrx_word' id='word_1_111' title='bbox 847 1598 1394 1672; x_wconf 80' lang='grc' dir='ltr'><strong>κατεκληρονόμησεν</strong></span> <span class='ocrx_word' id='word_1_112' title='bbox 1425 1600 1616 1670; x_wconf 78' lang='grc' dir='ltr'>αὐτὴν,</span> <span class='ocrx_word' id='word_1_113' title='bbox 1652 1601 1725 1662; x_wconf 81' lang='grc' dir='ltr'>ὥς</span> <span class='ocrx_word' id='word_1_114' title='bbox 1759 1617 1924 1670; x_wconf 79' lang='grc' dir='ltr'>φησιν</span> 
     </span>
    </p>
   </div>
   <div class='ocr_carea' id='block_1_19' title="bbox 355 1691 1926 1764">
    <p class='ocr_par' dir='ltr' id='par_1_19' title="bbox 355 1691 1926 1764">
     <span class='ocr_line' id='line_1_19' title="bbox 355 1691 1926 1764; baseline -0.001 -17"><span class='ocrx_word' id='word_1_115' title='bbox 355 1696 412 1747; x_wconf 80' lang='grc' dir='ltr'><strong>ἐν</strong></span> <span class='ocrx_word' id='word_1_116' title='bbox 451 1695 562 1756; x_wconf 87' lang='grc' dir='ltr'>τοῖς</span> <span class='ocrx_word' id='word_1_117' title='bbox 599 1691 902 1762; x_wconf 80' lang='grc' dir='ltr'>Ἀριθμοῖς.</span> <span class='ocrx_word' id='word_1_118' title='bbox 946 1692 1312 1764; x_wconf 81' lang='grc' dir='ltr'>Ὀμομήτριος</span> <span class='ocrx_word' id='word_1_119' title='bbox 1345 1691 1404 1745; x_wconf 85' lang='grc' dir='ltr'><strong>δέ</strong></span> <span class='ocrx_word' id='word_1_120' title='bbox 1443 1693 1541 1745; x_wconf 73' lang='grc' dir='ltr'><strong>καὶ</strong></span> <span class='ocrx_word' id='word_1_121' title='bbox 1592 1693 1926 1762; x_wconf 82' lang='grc' dir='ltr'>ὁμοπάτριος</span> 
     </span>
    </p>
   </div>
   <div class='ocr_carea' id='block_1_20' title="bbox 356 1777 1924 1856">
    <p class='ocr_par' dir='ltr' id='par_1_20' title="bbox 356 1777 1924 1856">
     <span class='ocr_line' id='line_1_20' title="bbox 356 1777 1924 1856; baseline -0.004 -16"><span class='ocrx_word' id='word_1_122' title='bbox 356 1786 578 1854; x_wconf 77' lang='grc' dir='ltr'>ἁδελφὸς</span> <span class='ocrx_word' id='word_1_123' title='bbox 601 1784 678 1856; x_wconf 80' lang='grc' dir='ltr'>τῷ</span> <span class='ocrx_word' id='word_1_124' title='bbox 693 1783 787 1852; x_wconf 84' lang='grc' dir='ltr'><strong>Ἐφ</strong></span> <span class='ocrx_word' id='word_1_125' title='bbox 797 1782 928 1854; x_wconf 83' lang='grc' dir='ltr'>ραῒμ</span> <span class='ocrx_word' id='word_1_126' title='bbox 947 1785 975 1836; x_wconf 85' lang='grc' dir='ltr'>ὁ</span> <span class='ocrx_word' id='word_1_127' title='bbox 989 1784 1308 1854; x_wconf 81' lang='grc' dir='ltr'>Μανασσῆς.</span> <span class='ocrx_word' id='word_1_128' title='bbox 1332 1783 1444 1837; x_wconf 68' lang='grc' dir='ltr'>Καὶ</span> <span class='ocrx_word' id='word_1_129' title='bbox 1464 1777 1611 1838; x_wconf 72' lang='grc' dir='ltr'>οὗτοι</span> <span class='ocrx_word' id='word_1_130' title='bbox 1631 1781 1746 1848; x_wconf 78' lang='grc' dir='ltr'>οὖν,</span> <span class='ocrx_word' id='word_1_131' title='bbox 1771 1782 1924 1854; x_wconf 74' lang='grc' dir='ltr'>φησὶ,</span> 
     </span>
    </p>
   </div>
   <div class='ocr_carea' id='block_1_21' title="bbox 355 1873 1926 1949">
    <p class='ocr_par' dir='ltr' id='par_1_21' title="bbox 355 1873 1926 1949">
     <span class='ocr_line' id='line_1_21' title="bbox 355 1873 1926 1949; baseline -0.004 -17"><span class='ocrx_word' id='word_1_132' title='bbox 355 1879 464 1942; x_wconf 87' lang='grc' dir='ltr'>τοῖς</span> <span class='ocrx_word' id='word_1_133' title='bbox 493 1877 645 1940; x_wconf 87' lang='grc' dir='ltr'>ἰδίοις</span> <span class='ocrx_word' id='word_1_134' title='bbox 678 1876 1049 1949; x_wconf 83' lang='grc' dir='ltr'>ἐπαμύνοντες</span> <span class='ocrx_word' id='word_1_135' title='bbox 1068 1875 1340 1945; x_wconf 77' lang='grc' dir='ltr'>ἀδελφοῖς,</span> <span class='ocrx_word' id='word_1_136' title='bbox 1363 1873 1674 1947; x_wconf 78' lang='grc' dir='ltr'>κατέϐησαν</span> <span class='ocrx_word' id='word_1_137' title='bbox 1705 1874 1926 1946; x_wconf 80' lang='grc' dir='ltr'>ἐξερευ-</span> 
     </span>
    </p>
   </div>
   <div class='ocr_carea' id='block_1_22' title="bbox 356 1967 1046 2039">
    <p class='ocr_par' dir='ltr' id='par_1_22' title="bbox 356 1967 1046 2039">
     <span class='ocr_line' id='line_1_22' title="bbox 356 1967 1046 2039; baseline 0 -15"><span class='ocrx_word' id='word_1_138' title='bbox 356 1969 553 2035; x_wconf 84' lang='grc' dir='ltr'>νῶντες</span> <span class='ocrx_word' id='word_1_139' title='bbox 577 1971 704 2036; x_wconf 75' lang='grc' dir='ltr'>τοὺς</span> <span class='ocrx_word' id='word_1_140' title='bbox 730 1967 1046 2039; x_wconf 83' lang='grc' dir='ltr'>πολεμίους.</span> 
     </span>
    </p>
   </div>
   <div class='ocr_carea' id='block_1_23' title="bbox 427 2077 1931 2154">
    <p class='ocr_par' dir='ltr' id='par_1_23' title="bbox 427 2077 1931 2154">
     <span class='ocr_line' id='line_1_23' title="bbox 427 2077 1931 2154; baseline -0.005 -17"><span class='ocrx_word' id='word_1_141' title='bbox 427 2082 701 2154; x_wconf 69' lang='grc' dir='ltr'>Γράφει-αι</span> <span class='ocrx_word' id='word_1_142' title='bbox 746 2081 803 2136; x_wconf 73' lang='grc' dir='ltr'>δὲ</span> <span class='ocrx_word' id='word_1_143' title='bbox 835 2081 929 2136; x_wconf 74' lang='grc' dir='ltr'><strong>καὶ</strong></span> <span class='ocrx_word' id='word_1_144' title='bbox 960 2080 1166 2144; x_wconf 73' lang='grc' dir='ltr'>οὕτως·</span> <span class='ocrx_word' id='word_1_145' title='bbox 1207 2101 1226 2132; x_wconf 68' lang='lat'><strong>4</strong></span> <span class='ocrx_word' id='word_1_146' title='bbox 1266 2079 1358 2145; x_wconf 80' lang='grc' dir='ltr'>Ἐξ</span> <span class='ocrx_word' id='word_1_147' title='bbox 1399 2077 1534 2150; x_wconf 84' lang='grc' dir='ltr'>ἐμοῦ</span> <span class='ocrx_word' id='word_1_148' title='bbox 1573 2078 1813 2149; x_wconf 80' lang='grc' dir='ltr'>Ἐφραῒμ</span> <span class='ocrx_word' id='word_1_149' title='bbox 1843 2079 1931 2145; x_wconf 78' lang='grc' dir='ltr'>ἐξ·</span> 
     </span>
    </p>
   </div>
   <div class='ocr_carea' id='block_1_24' title="bbox 359 2169 1930 2248">
    <p class='ocr_par' dir='ltr' id='par_1_24' title="bbox 359 2169 1930 2248">
     <span class='ocr_line' id='line_1_24' title="bbox 359 2169 1930 2248; baseline -0.004 -19"><span class='ocrx_word' id='word_1_150' title='bbox 359 2173 660 2248; x_wconf 74' lang='grc' dir='ltr'>ερρίζωσεν</span> <span class='ocrx_word' id='word_1_151' title='bbox 711 2173 907 2237; x_wconf 83' lang='grc' dir='ltr'>αὐτοὺς</span> <span class='ocrx_word' id='word_1_152' title='bbox 957 2173 1013 2225; x_wconf 84' lang='grc' dir='ltr'><strong>ἐν</strong></span> <span class='ocrx_word' id='word_1_153' title='bbox 1071 2173 1344 2242; x_wconf 82' lang='grc' dir='ltr'>Ἀμαλήκ.</span> <span class='ocrx_word' id='word_1_154' title='bbox 1383 2189 1402 2222; x_wconf 70' lang='grc' dir='ltr'><strong>ι</strong></span> <span class='ocrx_word' id='word_1_155' title='bbox 1465 2171 1640 2241; x_wconf 83' lang='grc' dir='ltr'>Συνῆν</span> <span class='ocrx_word' id='word_1_156' title='bbox 1693 2171 1802 2241; x_wconf 81' lang='grc' dir='ltr'><strong>γὰρ</strong></span> <span class='ocrx_word' id='word_1_157' title='bbox 1851 2169 1930 2241; x_wconf 82' lang='grc' dir='ltr'><strong>τῷ</strong></span> 
     </span>
    </p>
   </div>
   <div class='ocr_carea' id='block_1_25' title="bbox 359 2260 1934 2334">
    <p class='ocr_par' dir='ltr' id='par_1_25' title="bbox 359 2260 1934 2334">
     <span class='ocr_line' id='line_1_25' title="bbox 359 2260 1934 2334; baseline -0.004 -14"><span class='ocrx_word' id='word_1_158' title='bbox 359 2265 532 2320; x_wconf 77' lang='grc' dir='ltr'><strong>Μωὰὸ</strong></span> <span class='ocrx_word' id='word_1_159' title='bbox 558 2262 882 2334; x_wconf 78' lang='grc' dir='ltr'>πολεμοῦντι</span> <span class='ocrx_word' id='word_1_160' title='bbox 907 2263 1000 2316; x_wconf 75' lang='grc' dir='ltr'>τὸν</span> <span class='ocrx_word' id='word_1_161' title='bbox 1039 2262 1259 2334; x_wconf 84' lang='grc' dir='ltr'>Ἰσραὴλ</span> <span class='ocrx_word' id='word_1_162' title='bbox 1298 2261 1519 2332; x_wconf 78' lang='grc' dir='ltr'>’Δμμάν</span> <span class='ocrx_word' id='word_1_163' title='bbox 1553 2278 1614 2314; x_wconf 90' lang='grc' dir='ltr'><strong>τε</strong></span> <span class='ocrx_word' id='word_1_164' title='bbox 1645 2261 1740 2314; x_wconf 75' lang='grc' dir='ltr'><strong>καὶ</strong></span> <span class='ocrx_word' id='word_1_165' title='bbox 1771 2260 1934 2327; x_wconf 76' lang='grc' dir='ltr'>Ἀμα-</span> 
     </span>
    </p>
   </div>
   <div class='ocr_carea' id='block_1_26' title="bbox 359 2351 1932 2426">
    <p class='ocr_par' dir='ltr' id='par_1_26' title="bbox 359 2351 1932 2426">
     <span class='ocr_line' id='line_1_26' title="bbox 359 2351 1932 2426; baseline -0.004 -18"><span class='ocrx_word' id='word_1_166' title='bbox 359 2358 484 2426; x_wconf 76' lang='grc' dir='ltr'>λήκ.</span> <span class='ocrx_word' id='word_1_167' title='bbox 523 2374 542 2406; x_wconf 80' lang='grc' dir='ltr'><strong>ι</strong></span> <span class='ocrx_word' id='word_1_168' title='bbox 578 2353 668 2419; x_wconf 78' lang='grc' dir='ltr'><strong>Ἐξ</strong></span> <span class='ocrx_word' id='word_1_169' title='bbox 695 2354 830 2424; x_wconf 79' lang='grc' dir='ltr'>ἐμοῦ</span> <span class='ocrx_word' id='word_1_170' title='bbox 876 2353 1058 2407; x_wconf 80' lang='grc' dir='ltr'>τοίνυν</span> <span class='ocrx_word' id='word_1_171' title='bbox 1099 2353 1252 2406; x_wconf 71' lang='grc' dir='ltr'>ἐστὶν</span> <span class='ocrx_word' id='word_1_172' title='bbox 1282 2355 1310 2405; x_wconf 82' lang='grc' dir='ltr'><strong>ὁ</strong></span> <span class='ocrx_word' id='word_1_173' title='bbox 1348 2351 1610 2422; x_wconf 77' lang='grc' dir='ltr'>Ἐφραῒμ,</span> <span class='ocrx_word' id='word_1_174' title='bbox 1638 2370 1658 2403; x_wconf 74' lang='grc' dir='ltr'><strong>ι</strong></span> <span class='ocrx_word' id='word_1_175' title='bbox 1685 2351 1932 2404; x_wconf 81' lang='grc' dir='ltr'><strong>τουτέστι</strong></span> 
     </span>
    </p>
   </div>
   <div class='ocr_carea' id='block_1_27' title="bbox 360 2439 1930 2518">
    <p class='ocr_par' dir='ltr' id='par_1_27' title="bbox 360 2439 1930 2518">
     <span class='ocr_line' id='line_1_27' title="bbox 360 2439 1930 2518; baseline -0.005 -18"><span class='ocrx_word' id='word_1_176' title='bbox 360 2448 458 2518; x_wconf 86' lang='grc' dir='ltr'><strong>τῆς</strong></span> <span class='ocrx_word' id='word_1_177' title='bbox 484 2445 800 2516; x_wconf 78' lang='grc' dir='ltr'>συγγενείας</span> <span class='ocrx_word' id='word_1_178' title='bbox 834 2461 956 2516; x_wconf 88' lang='grc' dir='ltr'>μου.</span> <span class='ocrx_word' id='word_1_179' title='bbox 994 2444 1082 2497; x_wconf 86' lang='grc' dir='ltr'>Ἐν</span> <span class='ocrx_word' id='word_1_180' title='bbox 1125 2443 1244 2515; x_wconf 73' lang='grc' dir='ltr'>ὄρει</span> <span class='ocrx_word' id='word_1_181' title='bbox 1293 2443 1402 2512; x_wconf 79' lang='grc' dir='ltr'>γὰρ</span> <span class='ocrx_word' id='word_1_182' title='bbox 1471 2440 1713 2513; x_wconf 80' lang='grc' dir='ltr'>Ἐφρατμ</span> <span class='ocrx_word' id='word_1_183' title='bbox 1765 2439 1930 2493; x_wconf 80' lang='grc' dir='ltr'>ἐκαθ-</span> 
     </span>
    </p>
   </div>
   <div class='ocr_carea' id='block_1_28' title="bbox 365 2532 1934 2612">
    <p class='ocr_par' dir='ltr' id='par_1_28' title="bbox 365 2532 1934 2612">
     <span class='ocr_line' id='line_1_28' title="bbox 365 2532 1934 2612; baseline -0.008 -16"><span class='ocrx_word' id='word_1_184' title='bbox 365 2543 574 2612; x_wconf 74' lang='grc' dir='ltr'>έζετοὴ</span> <span class='ocrx_word' id='word_1_185' title='bbox 609 2538 895 2610; x_wconf 78' lang='grc' dir='ltr'><strong>Δεῦὅῶρα.</strong></span> <span class='ocrx_word' id='word_1_186' title='bbox 923 2539 1103 2610; x_wconf 82' lang='grc' dir='ltr'><strong>Ὅπερ</strong></span> <span class='ocrx_word' id='word_1_187' title='bbox 1133 2537 1190 2590; x_wconf 84' lang='grc' dir='ltr'>δὲ</span> <span class='ocrx_word' id='word_1_188' title='bbox 1217 2536 1456 2606; x_wconf 80' lang='grc' dir='ltr'>εἴρηται,</span> <span class='ocrx_word' id='word_1_189' title='bbox 1477 2535 1568 2588; x_wconf 77' lang='grc' dir='ltr'><strong>τὸν</strong></span> <span class='ocrx_word' id='word_1_190' title='bbox 1601 2534 1693 2586; x_wconf 78' lang='grc' dir='ltr'><strong>ἐπὶ</strong></span> <span class='ocrx_word' id='word_1_191' title='bbox 1717 2533 1808 2586; x_wconf 77' lang='grc' dir='ltr'>τοῦ</span> <span class='ocrx_word' id='word_1_192' title='bbox 1836 2532 1934 2585; x_wconf 82' lang='grc' dir='ltr'><strong>Γε-</strong></span> 
     </span>
    </p>
   </div>
   <div class='ocr_carea' id='block_1_29' title="bbox 362 2621 1932 2697">
    <p class='ocr_par' dir='ltr' id='par_1_29' title="bbox 362 2621 1932 2697">
     <span class='ocr_line' id='line_1_29' title="bbox 362 2621 1932 2697; baseline -0.008 -10"><span class='ocrx_word' id='word_1_193' title='bbox 362 2631 496 2687; x_wconf 86' lang='grc' dir='ltr'>δεὼν</span> <span class='ocrx_word' id='word_1_194' title='bbox 523 2631 652 2694; x_wconf 75' lang='grc' dir='ltr'>ἴσως</span> <span class='ocrx_word' id='word_1_195' title='bbox 693 2629 991 2684; x_wconf 75' lang='grc' dir='ltr'>αἰνίττεται</span> <span class='ocrx_word' id='word_1_196' title='bbox 1014 2626 1253 2697; x_wconf 83' lang='grc' dir='ltr'>πόλεμον</span> <span class='ocrx_word' id='word_1_197' title='bbox 1282 2625 1374 2680; x_wconf 79' lang='grc' dir='ltr'>τὸν</span> <span class='ocrx_word' id='word_1_198' title='bbox 1409 2623 1552 2678; x_wconf 76' lang='grc' dir='ltr'>κατὰ</span> <span class='ocrx_word' id='word_1_199' title='bbox 1581 2621 1932 2693; x_wconf 84' lang='grc' dir='ltr'>Μαδιηναίων</span> 
     </span>
    </p>
   </div>
   <div class='ocr_carea' id='block_1_30' title="bbox 365 2720 896 2794">
    <p class='ocr_par' dir='ltr' id='par_1_30' title="bbox 365 2720 896 2794">
     <span class='ocr_line' id='line_1_30' title="bbox 365 2720 896 2794; baseline -0.008 -16"><span class='ocrx_word' id='word_1_200' title='bbox 365 2723 460 2778; x_wconf 77' lang='grc' dir='ltr'>καὶ</span> <span class='ocrx_word' id='word_1_201' title='bbox 494 2720 896 2794; x_wconf 81' lang='grc' dir='ltr'>Ἀμαλητικῶν.</span> 
     </span>
    </p>
   </div>
   <div class='ocr_carea' id='block_1_31' title="bbox 435 2825 1935 2899">
    <p class='ocr_par' dir='ltr' id='par_1_31' title="bbox 435 2825 1935 2899">
     <span class='ocr_line' id='line_1_31' title="bbox 435 2825 1935 2899; baseline -0.007 -9"><span class='ocrx_word' id='word_1_202' title='bbox 435 2837 542 2890; x_wconf 84' lang='lat' dir='ltr'><strong>Kal</strong></span> <span class='ocrx_word' id='word_1_203' title='bbox 571 2835 644 2890; x_wconf 80' lang='grc' dir='ltr'><strong>ἐν</strong></span> <span class='ocrx_word' id='word_1_204' title='bbox 671 2832 994 2888; x_wconf 72' lang='grc' dir='ltr'>Ζαϐουλὼν</span> <span class='ocrx_word' id='word_1_205' title='bbox 1020 2831 1235 2899; x_wconf 81' lang='grc' dir='ltr'>Κύριος</span> <span class='ocrx_word' id='word_1_206' title='bbox 1288 2827 1568 2897; x_wconf 77' lang='grc' dir='ltr'><strong>ἐπολέμει</strong></span> <span class='ocrx_word' id='word_1_207' title='bbox 1611 2845 1712 2896; x_wconf 85' lang='grc' dir='ltr'><strong>μοι</strong></span> <span class='ocrx_word' id='word_1_208' title='bbox 1730 2827 1804 2880; x_wconf 76' lang='grc' dir='ltr'>ἐν</span> <span class='ocrx_word' id='word_1_209' title='bbox 1831 2825 1935 2880; x_wconf 79' lang='grc' dir='ltr'>δυ-</span> 
     </span>
    </p>
   </div>
   <div class='ocr_carea' id='block_1_32' title="bbox 361 2913 1936 2995">
    <p class='ocr_par' dir='ltr' id='par_1_32' title="bbox 361 2913 1936 2995">
     <span class='ocr_line' id='line_1_32' title="bbox 361 2913 1936 2995; baseline -0.009 -12"><span class='ocrx_word' id='word_1_210' title='bbox 361 2927 585 2994; x_wconf 81' lang='grc' dir='ltr'>νατοῖς.</span> <span class='ocrx_word' id='word_1_211' title='bbox 625 2926 691 2980; x_wconf 84' lang='grc' dir='ltr'>Οἱ</span> <span class='ocrx_word' id='word_1_212' title='bbox 733 2925 842 2995; x_wconf 81' lang='grc' dir='ltr'>γὰρ</span> <span class='ocrx_word' id='word_1_213' title='bbox 895 2922 1038 2993; x_wconf 78' lang='grc' dir='ltr'>μετὰ</span> <span class='ocrx_word' id='word_1_214' title='bbox 1077 2922 1270 2992; x_wconf 80' lang='grc' dir='ltr'>Βαρὰκ</span> <span class='ocrx_word' id='word_1_215' title='bbox 1328 2917 1613 2974; x_wconf 73' lang='grc' dir='ltr'>Ζαϐουλὼν</span> <span class='ocrx_word' id='word_1_216' title='bbox 1650 2913 1790 2987; x_wconf 80' lang='grc' dir='ltr'>ἦσαν</span> <span class='ocrx_word' id='word_1_217' title='bbox 1842 2917 1936 2971; x_wconf 80' lang='grc' dir='ltr'>καὶ</span> 
     </span>
    </p>
   </div>
   <div class='ocr_carea' id='block_1_33' title="bbox 2027 400 3592 472">
    <p class='ocr_par' dir='ltr' id='par_1_33' title="bbox 2027 400 3592 472">
     <span class='ocr_line' id='line_1_33' title="bbox 2027 400 3592 472; baseline 0.003 -18"><span class='ocrx_word' id='word_1_218' title='bbox 2027 400 2176 456; x_wconf 90' lang='lat' dir='ltr'><strong>tribu</strong></span> <span class='ocrx_word' id='word_1_219' title='bbox 2217 400 2474 470; x_wconf 74' lang='lat' dir='ltr'><strong>Epliraim</strong></span> <span class='ocrx_word' id='word_1_220' title='bbox 2518 402 2614 472; x_wconf 85' lang='lat' dir='ltr'><strong>qui</strong></span> <span class='ocrx_word' id='word_1_221' title='bbox 2652 402 2911 457; x_wconf 83' lang='lat' dir='ltr'><strong>manibus</strong></span> <span class='ocrx_word' id='word_1_222' title='bbox 2951 403 3229 459; x_wconf 78' lang='lat' dir='ltr'><strong>consertis</strong></span> <span class='ocrx_word' id='word_1_223' title='bbox 3260 403 3592 460; x_wconf 81' lang='lat' dir='ltr'><strong>Madianitas</strong></span> 
     </span>
    </p>
   </div>
   <div class='ocr_carea' id='block_1_34' title="bbox 2027 491 3593 563">
    <p class='ocr_par' dir='ltr' id='par_1_34' title="bbox 2027 491 3593 563">
     <span class='ocr_line' id='line_1_34' title="bbox 2027 491 3593 563; baseline 0.004 -19"><span class='ocrx_word' id='word_1_224' title='bbox 2027 491 2080 545; x_wconf 89' lang='lat' dir='ltr'><strong>in</strong></span> <span class='ocrx_word' id='word_1_225' title='bbox 2123 491 2433 546; x_wconf 76' lang='lat' dir='ltr'><strong>absolutam</strong></span> <span class='ocrx_word' id='word_1_226' title='bbox 2467 501 2760 547; x_wconf 77' lang='lat' dir='ltr'><strong>verterunt</strong></span> <span class='ocrx_word' id='word_1_227' title='bbox 2798 492 3000 562; x_wconf 84' lang='lat' dir='ltr'><strong>fugam,</strong></span> <span class='ocrx_word' id='word_1_228' title='bbox 3043 493 3294 563; x_wconf 87' lang='lat' dir='ltr'><strong>aliosque</strong></span> <span class='ocrx_word' id='word_1_229' title='bbox 3335 509 3462 548; x_wconf 89' lang='lat' dir='ltr'><strong>cum</strong></span> <span class='ocrx_word' id='word_1_230' title='bbox 3510 497 3593 550; x_wconf 76' lang='lat' dir='ltr'><strong>eis</strong></span> 
     </span>
    </p>
   </div>
   <div class='ocr_carea' id='block_1_35' title="bbox 2026 579 3596 652">
    <p class='ocr_par' dir='ltr' id='par_1_35' title="bbox 2026 579 3596 652">
     <span class='ocr_line' id='line_1_35' title="bbox 2026 579 3596 652; baseline 0.003 -20"><span class='ocrx_word' id='word_1_231' title='bbox 2026 579 2080 632; x_wconf 87' lang='lat' dir='ltr'><strong>in</strong></span> <span class='ocrx_word' id='word_1_232' title='bbox 2118 580 2281 633; x_wconf 79' lang='lat' dir='ltr'><strong>valle.</strong></span> <span class='ocrx_word' id='word_1_233' title='bbox 2318 581 2456 635; x_wconf 86' lang='lat' dir='ltr'><strong>illud</strong></span> <span class='ocrx_word' id='word_1_234' title='bbox 2486 596 2640 642; x_wconf 85' lang='lat' dir='ltr'><strong>vero,</strong></span> <span class='ocrx_word' id='word_1_235' title='bbox 2673 579 2901 636; x_wconf 83' lang='lat' dir='ltr'><strong>Fratres</strong></span> <span class='ocrx_word' id='word_1_236' title='bbox 2929 590 3053 635; x_wconf 87' lang='lat' dir='ltr'><strong>tuos</strong></span> <span class='ocrx_word' id='word_1_237' title='bbox 3088 580 3373 650; x_wconf 83' lang='lat' dir='ltr'><strong>Beujamin</strong></span> <span class='ocrx_word' id='word_1_238' title='bbox 3403 583 3460 634; x_wconf 88' lang='lat' dir='ltr'><strong>in</strong></span> <span class='ocrx_word' id='word_1_239' title='bbox 3493 596 3596 652; x_wconf 85' lang='lat' dir='ltr'><strong>po-</strong></span> 
     </span>
    </p>
   </div>
   <div class='ocr_carea' id='block_1_36' title="bbox 2025 671 3595 741">
    <p class='ocr_par' dir='ltr' id='par_1_36' title="bbox 2025 671 3595 741">
     <span class='ocr_line' id='line_1_36' title="bbox 2025 671 3595 741; baseline 0.004 -18"><span class='ocrx_word' id='word_1_240' title='bbox 2025 671 2172 739; x_wconf 90' lang='lat' dir='ltr'><strong>pulis</strong></span> <span class='ocrx_word' id='word_1_241' title='bbox 2219 672 2350 734; x_wconf 87' lang='lat' dir='ltr'><strong>tuis,</strong></span> <span class='ocrx_word' id='word_1_242' title='bbox 2406 673 2556 727; x_wconf 89' lang='lat' dir='ltr'><strong>alius</strong></span> <span class='ocrx_word' id='word_1_243' title='bbox 2603 673 2860 741; x_wconf 78' lang='lat' dir='ltr'><strong>exposuit</strong></span> <span class='ocrx_word' id='word_1_244' title='bbox 2897 691 2910 727; x_wconf 90' lang='lat'><strong>:</strong></span> <span class='ocrx_word' id='word_1_245' title='bbox 2960 692 2979 724; x_wconf 76' lang='grc' dir='ltr'><strong>ι</strong></span> <span class='ocrx_word' id='word_1_246' title='bbox 3021 674 3158 728; x_wconf 83' lang='lat' dir='ltr'><strong>Post</strong></span> <span class='ocrx_word' id='word_1_247' title='bbox 3199 682 3254 728; x_wconf 88' lang='lat' dir='ltr'><strong>te</strong></span> <span class='ocrx_word' id='word_1_248' title='bbox 3300 672 3595 741; x_wconf 80' lang='lat' dir='ltr'><strong>Benjamin</strong></span> 
     </span>
    </p>
   </div>
   <div class='ocr_carea' id='block_1_37' title="bbox 2025 761 3597 834">
    <p class='ocr_par' dir='ltr' id='par_1_37' title="bbox 2025 761 3597 834">
     <span class='ocr_line' id='line_1_37' title="bbox 2025 761 3597 834; baseline 0.004 -19"><span class='ocrx_word' id='word_1_249' title='bbox 2025 761 2230 818; x_wconf 81' lang='lat' dir='ltr'><strong>fratres</strong></span> <span class='ocrx_word' id='word_1_250' title='bbox 2263 765 2366 824; x_wconf 89' lang='lat' dir='ltr'><strong>tui,</strong></span> <span class='ocrx_word' id='word_1_251' title='bbox 2398 782 2416 814; x_wconf 79' lang='grc' dir='ltr'><strong>ι</strong></span> <span class='ocrx_word' id='word_1_252' title='bbox 2452 764 2558 818; x_wconf 86' lang='lat' dir='ltr'><strong>hoc</strong></span> <span class='ocrx_word' id='word_1_253' title='bbox 2596 775 2706 826; x_wconf 87' lang='lat' dir='ltr'><strong>est,</strong></span> <span class='ocrx_word' id='word_1_254' title='bbox 2736 779 2844 819; x_wconf 90' lang='lat' dir='ltr'><strong>una</strong></span> <span class='ocrx_word' id='word_1_255' title='bbox 2865 780 2988 819; x_wconf 91' lang='lat' dir='ltr'><strong>cum</strong></span> <span class='ocrx_word' id='word_1_256' title='bbox 3019 765 3282 834; x_wconf 87' lang='lat' dir='ltr'><strong>Ephraim</strong></span> <span class='ocrx_word' id='word_1_257' title='bbox 3313 767 3597 832; x_wconf 85' lang='lat' dir='ltr'><strong>Benjamin</strong></span> 
     </span>
    </p>
   </div>
   <div class='ocr_carea' id='block_1_38' title="bbox 2025 853 3596 925">
    <p class='ocr_par' dir='ltr' id='par_1_38' title="bbox 2025 853 3596 925">
     <span class='ocr_line' id='line_1_38' title="bbox 2025 853 3596 925; baseline 0.002 -20"><span class='ocrx_word' id='word_1_258' title='bbox 2025 868 2247 922; x_wconf 89' lang='lat' dir='ltr'><strong>quoque</strong></span> <span class='ocrx_word' id='word_1_259' title='bbox 2272 853 2326 906; x_wconf 90' lang='lat' dir='ltr'><strong>in</strong></span> <span class='ocrx_word' id='word_1_260' title='bbox 2365 853 2484 906; x_wconf 81' lang='lat' dir='ltr'><strong>acie</strong></span> <span class='ocrx_word' id='word_1_261' title='bbox 2511 863 2653 907; x_wconf 86' lang='lat' dir='ltr'><strong>erat.</strong></span> <span class='ocrx_word' id='word_1_262' title='bbox 2683 853 2786 920; x_wconf 86' lang='lat' dir='ltr'><strong>Qui</strong></span> <span class='ocrx_word' id='word_1_263' title='bbox 2813 869 2939 908; x_wconf 92' lang='lat' dir='ltr'><strong>cum</strong></span> <span class='ocrx_word' id='word_1_264' title='bbox 2973 856 3150 909; x_wconf 79' lang='lat' dir='ltr'><strong>frater</strong></span> <span class='ocrx_word' id='word_1_265' title='bbox 3175 864 3320 910; x_wconf 85' lang='lat' dir='ltr'><strong>esset</strong></span> <span class='ocrx_word' id='word_1_266' title='bbox 3344 853 3596 925; x_wconf 82' lang='lat' dir='ltr'><strong>Josephi,</strong></span> 
     </span>
    </p>
   </div>
   <div class='ocr_carea' id='block_1_39' title="bbox 2026 930 3599 1016">
    <p class='ocr_par' dir='ltr' id='par_1_39' title="bbox 2026 930 3599 1016">
     <span class='ocr_line' id='line_1_39' title="bbox 2026 930 3599 1016; baseline 0.003 -18"><span class='ocrx_word' id='word_1_267' title='bbox 2026 945 2224 999; x_wconf 90' lang='lat' dir='ltr'><strong>merito</strong></span> <span class='ocrx_word' id='word_1_268' title='bbox 2267 944 2432 1000; x_wconf 90' lang='lat' dir='ltr'><strong>etiam</strong></span> <span class='ocrx_word' id='word_1_269' title='bbox 2470 930 2738 1014; x_wconf 76' lang='lat' dir='ltr'><strong>Ephraim</strong></span> <span class='ocrx_word' id='word_1_270' title='bbox 2797 944 3022 1016; x_wconf 84' lang='lat' dir='ltr'><strong>Josephi</strong></span> <span class='ocrx_word' id='word_1_271' title='bbox 3078 946 3174 1001; x_wconf 88' lang='lat' dir='ltr'><strong>lilii</strong></span> <span class='ocrx_word' id='word_1_272' title='bbox 3229 947 3402 1000; x_wconf 81' lang='lat' dir='ltr'><strong>frater</strong></span> <span class='ocrx_word' id='word_1_273' title='bbox 3448 962 3599 1002; x_wconf 88' lang='lat' dir='ltr'><strong>more</strong></span> 
     </span>
    </p>
   </div>
   <div class='ocr_carea' id='block_1_40' title="bbox 2028 1036 3597 1106">
    <p class='ocr_par' dir='ltr' id='par_1_40' title="bbox 2028 1036 3597 1106">
     <span class='ocr_line' id='line_1_40' title="bbox 2028 1036 3597 1106; baseline 0.001 -16"><span class='ocrx_word' id='word_1_274' title='bbox 2028 1036 2339 1106; x_wconf 73' lang='lat' dir='ltr'><strong>Scripturaa</strong></span> <span class='ocrx_word' id='word_1_275' title='bbox 2406 1043 2784 1106; x_wconf 87' lang='lat' dir='ltr'><strong>nuncupatur.</strong></span> <span class='ocrx_word' id='word_1_276' title='bbox 2858 1038 3332 1102; x_wconf 82' lang='lat' dir='ltr'><strong>Quemadmodum</strong></span> <span class='ocrx_word' id='word_1_277' title='bbox 3397 1037 3597 1096; x_wconf 87' lang='lat' dir='ltr'><strong>Saram</strong></span> 
     </span>
    </p>
   </div>
   <div class='ocr_carea' id='block_1_41' title="bbox 2027 1127 3597 1198">
    <p class='ocr_par' dir='ltr' id='par_1_41' title="bbox 2027 1127 3597 1198">
     <span class='ocr_line' id='line_1_41' title="bbox 2027 1127 3597 1198; baseline 0.002 -17"><span class='ocrx_word' id='word_1_278' title='bbox 2027 1144 2250 1198; x_wconf 91' lang='lat' dir='ltr'><strong>quoque</strong></span> <span class='ocrx_word' id='word_1_279' title='bbox 2297 1142 2551 1183; x_wconf 86' lang='lat' dir='ltr'><strong>sororem</strong></span> <span class='ocrx_word' id='word_1_280' title='bbox 2578 1135 2761 1182; x_wconf 60' lang='lat' dir='ltr'><strong>.vocat</strong></span> <span class='ocrx_word' id='word_1_281' title='bbox 2793 1127 3107 1195; x_wconf 81' lang='lat' dir='ltr'><strong>Abraham,</strong></span> <span class='ocrx_word' id='word_1_282' title='bbox 3153 1129 3258 1185; x_wconf 86' lang='lat' dir='ltr'><strong>hoc</strong></span> <span class='ocrx_word' id='word_1_283' title='bbox 3302 1139 3388 1186; x_wconf 83' lang='lat' dir='ltr'><strong>est</strong></span> <span class='ocrx_word' id='word_1_284' title='bbox 3426 1130 3597 1185; x_wconf 86' lang='lat' dir='ltr'><strong>filiam</strong></span> 
     </span>
    </p>
   </div>
   <div class='ocr_carea' id='block_1_42' title="bbox 2028 1221 2360 1290">
    <p class='ocr_par' dir='ltr' id='par_1_42' title="bbox 2028 1221 2360 1290">
     <span class='ocr_line' id='line_1_42' title="bbox 2028 1221 2360 1290; baseline 0.009 -18"><span class='ocrx_word' id='word_1_285' title='bbox 2028 1221 2360 1290; x_wconf 79' lang='lat' dir='ltr'><strong>patruelem.</strong></span> 
     </span>
    </p>
   </div>
   <div class='ocr_carea' id='block_1_43' title="bbox 2101 1335 3600 1408">
    <p class='ocr_par' dir='ltr' id='par_1_43' title="bbox 2101 1335 3600 1408">
     <span class='ocr_line' id='line_1_43' title="bbox 2101 1335 3600 1408; baseline 0.001 -18"><span class='ocrx_word' id='word_1_286' title='bbox 2101 1335 2182 1390; x_wconf 78' lang='lat' dir='ltr'><strong>Ea:</strong></span> <span class='ocrx_word' id='word_1_287' title='bbox 2219 1335 2430 1389; x_wconf 79' lang='lat' dir='ltr'><strong>Machir</strong></span> <span class='ocrx_word' id='word_1_288' title='bbox 2469 1336 2856 1392; x_wconf 83' lang='lat' dir='ltr'><strong>descenderunt</strong></span> <span class='ocrx_word' id='word_1_289' title='bbox 2891 1338 3244 1408; x_wconf 83' lang='lat' dir='ltr'><strong>legislatores.</strong></span> <span class='ocrx_word' id='word_1_290' title='bbox 3277 1337 3490 1392; x_wconf 80' lang='lat' dir='ltr'><strong>Machir</strong></span> <span class='ocrx_word' id='word_1_291' title='bbox 3533 1337 3600 1392; x_wconf 80' lang='lat' dir='ltr'><strong>li-</strong></span> 
     </span>
    </p>
   </div>
   <div class='ocr_carea' id='block_1_44' title="bbox 2030 1427 3600 1484">
    <p class='ocr_par' dir='ltr' id='par_1_44' title="bbox 2030 1427 3600 1484">
     <span class='ocr_line' id='line_1_44' title="bbox 2030 1427 3600 1484; baseline 0.001 -4"><span class='ocrx_word' id='word_1_292' title='bbox 2030 1428 2136 1482; x_wconf 89' lang='lat' dir='ltr'><strong>lius</strong></span> <span class='ocrx_word' id='word_1_293' title='bbox 2181 1437 2264 1483; x_wconf 85' lang='lat' dir='ltr'><strong>est</strong></span> <span class='ocrx_word' id='word_1_294' title='bbox 2312 1427 2588 1484; x_wconf 83' lang='lat' dir='ltr'><strong>Manassis</strong></span> <span class='ocrx_word' id='word_1_295' title='bbox 2621 1431 2763 1483; x_wconf 84' lang='lat' dir='ltr'><strong>ultra</strong></span> <span class='ocrx_word' id='word_1_296' title='bbox 2794 1427 3095 1484; x_wconf 78' lang='lat' dir='ltr'><strong>Jordaneui</strong></span> <span class='ocrx_word' id='word_1_297' title='bbox 3135 1445 3257 1484; x_wconf 90' lang='lat' dir='ltr'><strong>cum</strong></span> <span class='ocrx_word' id='word_1_298' title='bbox 3304 1428 3494 1483; x_wconf 80' lang='lat' dir='ltr'><strong>Ruben</strong></span> <span class='ocrx_word' id='word_1_299' title='bbox 3545 1437 3600 1482; x_wconf 84' lang='lat' dir='ltr'><strong>et</strong></span> 
     </span>
    </p>
   </div>
   <div class='ocr_carea' id='block_1_45' title="bbox 2029 1520 3599 1591">
    <p class='ocr_par' dir='ltr' id='par_1_45' title="bbox 2029 1520 3599 1591">
     <span class='ocr_line' id='line_1_45' title="bbox 2029 1520 3599 1591; baseline -0.002 -17"><span class='ocrx_word' id='word_1_300' title='bbox 2029 1520 2142 1574; x_wconf 86' lang='lat' dir='ltr'><strong>Gad</strong></span> <span class='ocrx_word' id='word_1_301' title='bbox 2167 1531 2368 1574; x_wconf 82' lang='lat' dir='ltr'><strong>terram</strong></span> <span class='ocrx_word' id='word_1_302' title='bbox 2397 1523 2650 1578; x_wconf 87' lang='lat' dir='ltr'><strong>sortitus.</strong></span> <span class='ocrx_word' id='word_1_303' title='bbox 2678 1522 2781 1587; x_wconf 84' lang='lat' dir='ltr'><strong>Qui</strong></span> <span class='ocrx_word' id='word_1_304' title='bbox 2813 1537 2935 1575; x_wconf 89' lang='lat' dir='ltr'><strong>cum</strong></span> <span class='ocrx_word' id='word_1_305' title='bbox 2968 1523 3334 1591; x_wconf 68' lang='lat' dir='ltr'><strong>perrussisset</strong></span> <span class='ocrx_word' id='word_1_306' title='bbox 3367 1521 3599 1587; x_wconf 79' lang='lat' dir='ltr'><strong>Galaad,</strong></span> 
     </span>
    </p>
   </div>
   <div class='ocr_carea' id='block_1_46' title="bbox 2029 1610 3600 1676">
    <p class='ocr_par' dir='ltr' id='par_1_46' title="bbox 2029 1610 3600 1676">
     <span class='ocr_line' id='line_1_46' title="bbox 2029 1610 3600 1676; baseline 0.001 -12"><span class='ocrx_word' id='word_1_307' title='bbox 2029 1627 2147 1664; x_wconf 87' lang='lat' dir='ltr'><strong>eam</strong></span> <span class='ocrx_word' id='word_1_308' title='bbox 2209 1620 2294 1666; x_wconf 87' lang='lat' dir='ltr'><strong>est</strong></span> <span class='ocrx_word' id='word_1_309' title='bbox 2341 1613 2601 1676; x_wconf 82' lang='lat' dir='ltr'><strong>sortitus,</strong></span> <span class='ocrx_word' id='word_1_310' title='bbox 2641 1622 2701 1666; x_wconf 84' lang='lat' dir='ltr'><strong>ut</strong></span> <span class='ocrx_word' id='word_1_311' title='bbox 2761 1619 2946 1666; x_wconf 81' lang='lat' dir='ltr'><strong>exstat</strong></span> <span class='ocrx_word' id='word_1_312' title='bbox 2993 1614 3048 1666; x_wconf 88' lang='lat' dir='ltr'><strong>in</strong></span> <span class='ocrx_word' id='word_1_313' title='bbox 3092 1612 3372 1666; x_wconf 78' lang='lat' dir='ltr'><strong>Numeris.</strong></span> <span class='ocrx_word' id='word_1_314' title='bbox 3428 1610 3600 1666; x_wconf 88' lang='lat' dir='ltr'><strong>Porro</strong></span> 
     </span>
    </p>
   </div>
   <div class='ocr_carea' id='block_1_47' title="bbox 2033 1702 3603 1774">
    <p class='ocr_par' dir='ltr' id='par_1_47' title="bbox 2033 1702 3603 1774">
     <span class='ocr_line' id='line_1_47' title="bbox 2033 1702 3603 1774; baseline 0.001 -19"><span class='ocrx_word' id='word_1_315' title='bbox 2033 1702 2210 1756; x_wconf 81' lang='lat' dir='ltr'><strong>frater</strong></span> <span class='ocrx_word' id='word_1_316' title='bbox 2257 1718 2558 1772; x_wconf 79' lang='lat' dir='ltr'><strong>germanus</strong></span> <span class='ocrx_word' id='word_1_317' title='bbox 2583 1719 2649 1757; x_wconf 85' lang='lat' dir='ltr'><strong>ex</strong></span> <span class='ocrx_word' id='word_1_318' title='bbox 2692 1710 2931 1771; x_wconf 86' lang='lat' dir='ltr'><strong>utroque</strong></span> <span class='ocrx_word' id='word_1_319' title='bbox 2963 1711 3193 1773; x_wconf 83' lang='lat' dir='ltr'><strong>parente</strong></span> <span class='ocrx_word' id='word_1_320' title='bbox 3228 1703 3490 1774; x_wconf 88' lang='lat' dir='ltr'><strong>Ephralm</strong></span> <span class='ocrx_word' id='word_1_321' title='bbox 3515 1712 3603 1756; x_wconf 89' lang='lat' dir='ltr'><strong>est</strong></span> 
     </span>
    </p>
   </div>
   <div class='ocr_carea' id='block_1_48' title="bbox 2031 1793 3604 1868">
    <p class='ocr_par' dir='ltr' id='par_1_48' title="bbox 2031 1793 3604 1868">
     <span class='ocr_line' id='line_1_48' title="bbox 2031 1793 3604 1868; baseline 0 -20"><span class='ocrx_word' id='word_1_322' title='bbox 2031 1794 2340 1850; x_wconf 82' lang='lat' dir='ltr'><strong>Manasses.</strong></span> <span class='ocrx_word' id='word_1_323' title='bbox 2383 1797 2468 1850; x_wconf 78' lang='lat' dir='ltr'><strong>Ac</strong></span> <span class='ocrx_word' id='word_1_324' title='bbox 2516 1795 2607 1850; x_wconf 87' lang='lat' dir='ltr'><strong>isti</strong></span> <span class='ocrx_word' id='word_1_325' title='bbox 2644 1795 3076 1868; x_wconf 67' lang='lat' dir='ltr'><strong>itaque,iuquit,</strong></span> <span class='ocrx_word' id='word_1_326' title='bbox 3112 1810 3243 1850; x_wconf 89' lang='lat' dir='ltr'><strong>suos</strong></span> <span class='ocrx_word' id='word_1_327' title='bbox 3283 1795 3450 1849; x_wconf 87' lang='lat' dir='ltr'><strong>ulturi</strong></span> <span class='ocrx_word' id='word_1_328' title='bbox 3490 1793 3604 1848; x_wconf 84' lang='lat' dir='ltr'><strong>fra-</strong></span> 
     </span>
    </p>
   </div>
   <div class='ocr_carea' id='block_1_49' title="bbox 2032 1886 3239 1958">
    <p class='ocr_par' dir='ltr' id='par_1_49' title="bbox 2032 1886 3239 1958">
     <span class='ocr_line' id='line_1_49' title="bbox 2032 1886 3239 1958; baseline 0.002 -18"><span class='ocrx_word' id='word_1_329' title='bbox 2032 1895 2164 1952; x_wconf 80' lang='lat' dir='ltr'><strong>tres,</strong></span> <span class='ocrx_word' id='word_1_330' title='bbox 2210 1886 2535 1958; x_wconf 75' lang='lat' dir='ltr'><strong>iudagatum</strong></span> <span class='ocrx_word' id='word_1_331' title='bbox 2569 1887 2761 1942; x_wconf 84' lang='lat' dir='ltr'><strong>hostes</strong></span> <span class='ocrx_word' id='word_1_332' title='bbox 2802 1887 3239 1942; x_wconf 88' lang='lat' dir='ltr'><strong>descenderunt.</strong></span> 
     </span>
    </p>
   </div>
   <div class='ocr_carea' id='block_1_50' title="bbox 2103 2084 3603 2154">
    <p class='ocr_par' dir='ltr' id='par_1_50' title="bbox 2103 2084 3603 2154">
     <span class='ocr_line' id='line_1_50' title="bbox 2103 2084 3603 2154; baseline -0.001 -15"><span class='ocrx_word' id='word_1_333' title='bbox 2103 2085 2380 2140; x_wconf 87' lang='lat' dir='ltr'><strong>Scribitur</strong></span> <span class='ocrx_word' id='word_1_334' title='bbox 2428 2100 2557 2142; x_wconf 79' lang='lat' dir='ltr'><strong>vero</strong></span> <span class='ocrx_word' id='word_1_335' title='bbox 2609 2087 2774 2141; x_wconf 89' lang='lat' dir='ltr'><strong>etiam</strong></span> <span class='ocrx_word' id='word_1_336' title='bbox 2819 2086 2906 2142; x_wconf 88' lang='lat' dir='ltr'><strong>sic</strong></span> <span class='ocrx_word' id='word_1_337' title='bbox 2934 2105 2950 2142; x_wconf 89' lang='lat'><strong>:</strong></span> <span class='ocrx_word' id='word_1_338' title='bbox 2983 2105 3001 2139; x_wconf 79' lang='grc' dir='ltr'><strong>ι</strong></span> <span class='ocrx_word' id='word_1_339' title='bbox 3062 2085 3167 2142; x_wconf 85' lang='lat' dir='ltr'><strong>Per</strong></span> <span class='ocrx_word' id='word_1_340' title='bbox 3211 2101 3298 2140; x_wconf 90' lang='lat' dir='ltr'><strong>me</strong></span> <span class='ocrx_word' id='word_1_341' title='bbox 3343 2084 3603 2154; x_wconf 88' lang='lat' dir='ltr'><strong>Ephraim</strong></span> 
     </span>
    </p>
   </div>
   <div class='ocr_carea' id='block_1_51' title="bbox 2032 2173 3606 2242">
    <p class='ocr_par' dir='ltr' id='par_1_51' title="bbox 2032 2173 3606 2242">
     <span class='ocr_line' id='line_1_51' title="bbox 2032 2173 3606 2242; baseline -0.001 -12"><span class='ocrx_word' id='word_1_342' title='bbox 2032 2175 2346 2230; x_wconf 80' lang='lat' dir='ltr'><strong>eradicavit</strong></span> <span class='ocrx_word' id='word_1_343' title='bbox 2371 2191 2468 2232; x_wconf 84' lang='lat' dir='ltr'><strong>eos</strong></span> <span class='ocrx_word' id='word_1_344' title='bbox 2499 2176 2556 2231; x_wconf 92' lang='lat' dir='ltr'><strong>in</strong></span> <span class='ocrx_word' id='word_1_345' title='bbox 2587 2173 2846 2242; x_wconf 74' lang='lat' dir='ltr'><strong>Amalec,’</strong></span> <span class='ocrx_word' id='word_1_346' title='bbox 2871 2192 2998 2231; x_wconf 90' lang='lat' dir='ltr'><strong>cum</strong></span> <span class='ocrx_word' id='word_1_347' title='bbox 3033 2176 3190 2231; x_wconf 78' lang='lat' dir='ltr'><strong>Moab</strong></span> <span class='ocrx_word' id='word_1_348' title='bbox 3223 2176 3276 2230; x_wconf 91' lang='lat' dir='ltr'><strong>in</strong></span> <span class='ocrx_word' id='word_1_349' title='bbox 3305 2177 3452 2230; x_wconf 87' lang='lat' dir='ltr'><strong>bello</strong></span> <span class='ocrx_word' id='word_1_350' title='bbox 3473 2191 3606 2231; x_wconf 86' lang='lat' dir='ltr'><strong>con-</strong></span> 
     </span>
    </p>
   </div>
   <div class='ocr_carea' id='block_1_52' title="bbox 2036 2265 3606 2330">
    <p class='ocr_par' dir='ltr' id='par_1_52' title="bbox 2036 2265 3606 2330">
     <span class='ocr_line' id='line_1_52' title="bbox 2036 2265 3606 2330; baseline 0.001 -11"><span class='ocrx_word' id='word_1_351' title='bbox 2036 2275 2118 2320; x_wconf 85' lang='lat' dir='ltr'><strong>Ira</strong></span> <span class='ocrx_word' id='word_1_352' title='bbox 2163 2265 2334 2321; x_wconf 87' lang='lat' dir='ltr'><strong>Israel</strong></span> <span class='ocrx_word' id='word_1_353' title='bbox 2362 2303 2378 2330; x_wconf 90' lang='lat'><strong>,</strong></span> <span class='ocrx_word' id='word_1_354' title='bbox 2419 2266 2652 2322; x_wconf 84' lang='lat' dir='ltr'><strong>Amman</strong></span> <span class='ocrx_word' id='word_1_355' title='bbox 2690 2277 2746 2322; x_wconf 87' lang='lat' dir='ltr'><strong>et</strong></span> <span class='ocrx_word' id='word_1_356' title='bbox 2792 2269 3018 2321; x_wconf 82' lang='lat' dir='ltr'><strong>Amalec</strong></span> <span class='ocrx_word' id='word_1_357' title='bbox 3053 2268 3303 2322; x_wconf 87' lang='lat' dir='ltr'><strong>aderant.</strong></span> <span class='ocrx_word' id='word_1_358' title='bbox 3333 2285 3352 2318; x_wconf 80' lang='grc' dir='ltr'><strong>ι</strong></span> <span class='ocrx_word' id='word_1_359' title='bbox 3405 2266 3482 2320; x_wconf 81' lang='lat' dir='ltr'><strong>Ex</strong></span> <span class='ocrx_word' id='word_1_360' title='bbox 3519 2282 3606 2321; x_wconf 86' lang='lat' dir='ltr'><strong>me</strong></span> 
     </span>
    </p>
   </div>
   <div class='ocr_carea' id='block_1_53' title="bbox 2033 2357 3601 2428">
    <p class='ocr_par' dir='ltr' id='par_1_53' title="bbox 2033 2357 3601 2428">
     <span class='ocr_line' id='line_1_53' title="bbox 2033 2357 3601 2428; baseline -0.001 -17"><span class='ocrx_word' id='word_1_361' title='bbox 2033 2357 2218 2426; x_wconf 86' lang='lat' dir='ltr'><strong>itaque</strong></span> <span class='ocrx_word' id='word_1_362' title='bbox 2246 2357 2509 2428; x_wconf 86' lang='lat' dir='ltr'><strong>Ephraim</strong></span> <span class='ocrx_word' id='word_1_363' title='bbox 2545 2369 2649 2422; x_wconf 83' lang='lat' dir='ltr'><strong>est,</strong></span> <span class='ocrx_word' id='word_1_364' title='bbox 2685 2377 2704 2410; x_wconf 77' lang='grc' dir='ltr'><strong>ι</strong></span> <span class='ocrx_word' id='word_1_365' title='bbox 2747 2358 2853 2412; x_wconf 91' lang='lat' dir='ltr'><strong>hoc</strong></span> <span class='ocrx_word' id='word_1_366' title='bbox 2884 2365 2992 2422; x_wconf 85' lang='lat' dir='ltr'><strong>est,</strong></span> <span class='ocrx_word' id='word_1_367' title='bbox 3013 2373 3080 2412; x_wconf 81' lang='lat' dir='ltr'><strong>ex</strong></span> <span class='ocrx_word' id='word_1_368' title='bbox 3101 2358 3438 2427; x_wconf 78' lang='lat' dir='ltr'><strong>cognatione</strong></span> <span class='ocrx_word' id='word_1_369' title='bbox 3459 2373 3601 2418; x_wconf 85' lang='lat' dir='ltr'><strong>mea.</strong></span> 
     </span>
    </p>
   </div>
   <div class='ocr_carea' id='block_1_54' title="bbox 2035 2447 3606 2518">
    <p class='ocr_par' dir='ltr' id='par_1_54' title="bbox 2035 2447 3606 2518">
     <span class='ocr_line' id='line_1_54' title="bbox 2035 2447 3606 2518; baseline 0.001 -16"><span class='ocrx_word' id='word_1_370' title='bbox 2035 2449 2090 2502; x_wconf 92' lang='lat' dir='ltr'><strong>in</strong></span> <span class='ocrx_word' id='word_1_371' title='bbox 2127 2457 2310 2504; x_wconf 89' lang='lat' dir='ltr'><strong>monte</strong></span> <span class='ocrx_word' id='word_1_372' title='bbox 2342 2449 2488 2504; x_wconf 89' lang='lat' dir='ltr'><strong>enim</strong></span> <span class='ocrx_word' id='word_1_373' title='bbox 2528 2447 2791 2518; x_wconf 83' lang='lat' dir='ltr'><strong>Ephraim</strong></span> <span class='ocrx_word' id='word_1_374' title='bbox 2847 2449 3076 2506; x_wconf 84' lang='lat' dir='ltr'><strong>sedebat</strong></span> <span class='ocrx_word' id='word_1_375' title='bbox 3117 2450 3396 2506; x_wconf 86' lang='lat' dir='ltr'><strong>Debbora.</strong></span> <span class='ocrx_word' id='word_1_376' title='bbox 3429 2450 3606 2505; x_wconf 65' lang='lat' dir='ltr'><strong>Caete-</strong></span> 
     </span>
    </p>
   </div>
   <div class='ocr_carea' id='block_1_55' title="bbox 2036 2535 3606 2606">
    <p class='ocr_par' dir='ltr' id='par_1_55' title="bbox 2036 2535 3606 2606">
     <span class='ocr_line' id='line_1_55' title="bbox 2036 2535 3606 2606; baseline 0.001 -16"><span class='ocrx_word' id='word_1_377' title='bbox 2036 2550 2156 2590; x_wconf 86' lang='lat' dir='ltr'><strong>rum</strong></span> <span class='ocrx_word' id='word_1_378' title='bbox 2182 2535 2308 2600; x_wconf 76' lang='lat' dir='ltr'><strong>lioc,</strong></span> <span class='ocrx_word' id='word_1_379' title='bbox 2341 2537 2488 2606; x_wconf 86' lang='lat' dir='ltr'><strong>quod</strong></span> <span class='ocrx_word' id='word_1_380' title='bbox 2512 2537 2726 2592; x_wconf 86' lang='lat' dir='ltr'><strong>dictum</strong></span> <span class='ocrx_word' id='word_1_381' title='bbox 2751 2549 2862 2604; x_wconf 87' lang='lat' dir='ltr'><strong>est,</strong></span> <span class='ocrx_word' id='word_1_382' title='bbox 2898 2539 3102 2592; x_wconf 83' lang='lat' dir='ltr'><strong>bellum</strong></span> <span class='ocrx_word' id='word_1_383' title='bbox 3133 2554 3164 2593; x_wconf 86' lang='lat' dir='ltr'><strong>a</strong></span> <span class='ocrx_word' id='word_1_384' title='bbox 3187 2539 3443 2594; x_wconf 87' lang='lat' dir='ltr'><strong>Gedeone</strong></span> <span class='ocrx_word' id='word_1_385' title='bbox 3469 2555 3606 2594; x_wconf 87' lang='lat' dir='ltr'><strong>cou-</strong></span> 
     </span>
    </p>
   </div>
   <div class='ocr_carea' id='block_1_56' title="bbox 2039 2627 3610 2702">
    <p class='ocr_par' dir='ltr' id='par_1_56' title="bbox 2039 2627 3610 2702">
     <span class='ocr_line' id='line_1_56' title="bbox 2039 2627 3610 2702; baseline 0.003 -22"><span class='ocrx_word' id='word_1_386' title='bbox 2039 2635 2126 2681; x_wconf 89' lang='lat' dir='ltr'><strong>tra</strong></span> <span class='ocrx_word' id='word_1_387' title='bbox 2157 2627 2490 2684; x_wconf 82' lang='lat' dir='ltr'><strong>Madiauitas</strong></span> <span class='ocrx_word' id='word_1_388' title='bbox 2554 2631 3003 2701; x_wconf 84' lang='lat' dir='ltr'><strong>Amalecitasque</strong></span> <span class='ocrx_word' id='word_1_389' title='bbox 3052 2632 3380 2702; x_wconf 72' lang='lat' dir='ltr'><strong>gerendum,</strong></span> <span class='ocrx_word' id='word_1_390' title='bbox 3406 2631 3610 2686; x_wconf 84' lang='lat' dir='ltr'><strong>obscu-</strong></span> 
     </span>
    </p>
   </div>
   <div class='ocr_carea' id='block_1_57' title="bbox 2035 2719 2603 2798">
    <p class='ocr_par' dir='ltr' id='par_1_57' title="bbox 2035 2719 2603 2798">
     <span class='ocr_line' id='line_1_57' title="bbox 2035 2719 2603 2798; baseline 0.007 -26"><span class='ocrx_word' id='word_1_391' title='bbox 2035 2735 2096 2774; x_wconf 86' lang='lat' dir='ltr'><strong>re</strong></span> <span class='ocrx_word' id='word_1_392' title='bbox 2133 2720 2276 2774; x_wconf 90' lang='lat' dir='ltr'><strong>forte</strong></span> <span class='ocrx_word' id='word_1_393' title='bbox 2294 2719 2603 2798; x_wconf 76' lang='lat' dir='ltr'><strong>iudicatur.</strong></span> 
     </span>
    </p>
   </div>
   <div class='ocr_carea' id='block_1_58' title="bbox 2109 2830 3607 2905">
    <p class='ocr_par' dir='ltr' id='par_1_58' title="bbox 2109 2830 3607 2905">
     <span class='ocr_line' id='line_1_58' title="bbox 2109 2830 3607 2905; baseline 0.004 -22"><span class='ocrx_word' id='word_1_394' title='bbox 2109 2830 2178 2884; x_wconf 79' lang='lat' dir='ltr'><strong>Et</strong></span> <span class='ocrx_word' id='word_1_395' title='bbox 2210 2833 2262 2884; x_wconf 87' lang='lat' dir='ltr'><strong>iu</strong></span> <span class='ocrx_word' id='word_1_396' title='bbox 2287 2830 2534 2887; x_wconf 85' lang='lat' dir='ltr'><strong>Zabulon</strong></span> <span class='ocrx_word' id='word_1_397' title='bbox 2584 2834 2844 2888; x_wconf 77' lang='lat' dir='ltr'><strong>Dominus</strong></span> <span class='ocrx_word' id='word_1_398' title='bbox 2874 2835 3064 2889; x_wconf 81' lang='lat' dir='ltr'><strong>bellum</strong></span> <span class='ocrx_word' id='word_1_399' title='bbox 3086 2836 3244 2905; x_wconf 80' lang='lat' dir='ltr'><strong>gessit</strong></span> <span class='ocrx_word' id='word_1_400' title='bbox 3273 2851 3368 2904; x_wconf 81' lang='lat' dir='ltr'><strong>pro</strong></span> <span class='ocrx_word' id='word_1_401' title='bbox 3391 2852 3473 2889; x_wconf 83' lang='lat' dir='ltr'><strong>me</strong></span> <span class='ocrx_word' id='word_1_402' title='bbox 3508 2850 3607 2903; x_wconf 85' lang='lat' dir='ltr'><strong>po-</strong></span> 
     </span>
    </p>
   </div>
   <div class='ocr_carea' id='block_1_59' title="bbox 2037 2923 3608 2982">
    <p class='ocr_par' dir='ltr' id='par_1_59' title="bbox 2037 2923 3608 2982">
     <span class='ocr_line' id='line_1_59' title="bbox 2037 2923 3608 2982; baseline 0.004 -8"><span class='ocrx_word' id='word_1_403' title='bbox 2037 2923 2350 2976; x_wconf 78' lang='lat' dir='ltr'><strong>tentissime.</strong></span> <span class='ocrx_word' id='word_1_404' title='bbox 2385 2923 2538 2978; x_wconf 87' lang='lat' dir='ltr'><strong>Socii</strong></span> <span class='ocrx_word' id='word_1_405' title='bbox 2581 2926 2752 2980; x_wconf 88' lang='lat' dir='ltr'><strong>Barac</strong></span> <span class='ocrx_word' id='word_1_406' title='bbox 2785 2927 2936 2981; x_wconf 88' lang='lat' dir='ltr'><strong>fuere</strong></span> <span class='ocrx_word' id='word_1_407' title='bbox 2969 2929 3230 2982; x_wconf 88' lang='lat' dir='ltr'><strong>nimirum</strong></span> <span class='ocrx_word' id='word_1_408' title='bbox 3265 2943 3296 2982; x_wconf 88' lang='grc' dir='ltr'><strong>ε</strong></span> <span class='ocrx_word' id='word_1_409' title='bbox 3325 2931 3473 2982; x_wconf 90' lang='lat' dir='ltr'><strong>tribu</strong></span> <span class='ocrx_word' id='word_1_410' title='bbox 3501 2927 3608 2980; x_wconf 86' lang='lat' dir='ltr'><strong>Za-</strong></span> 
     </span>
    </p>
   </div>
   <div class='ocr_carea' id='block_1_60' title="bbox 305 2993 1930 3087">
    <p class='ocr_par' dir='ltr' id='par_1_60' title="bbox 305 2993 1930 3087">
     <span class='ocr_line' id='line_1_60' title="bbox 305 2993 1930 3087; baseline -0.008 -14"><span class='ocrx_word' id='word_1_411' title='bbox 305 3021 318 3030; x_wconf 76' lang='grc'><em>’</em></span> <span class='ocrx_word' id='word_1_412' title='bbox 362 2993 646 3087; x_wconf 74' lang='grc' dir='ltr'>Νεφθαλὶμ</span> <span class='ocrx_word' id='word_1_413' title='bbox 673 2993 998 3085; x_wconf 82' lang='grc' dir='ltr'>νικήσαντες</span> <span class='ocrx_word' id='word_1_414' title='bbox 1029 3013 1260 3084; x_wconf 83' lang='grc' dir='ltr'>Σισάρα.</span> <span class='ocrx_word' id='word_1_415' title='bbox 1287 3011 1378 3083; x_wconf 79' lang='grc' dir='ltr'><strong>Ἐν</strong></span> <span class='ocrx_word' id='word_1_416' title='bbox 1407 3011 1591 3072; x_wconf 80' lang='grc' dir='ltr'>αὐτοῖς</span> <span class='ocrx_word' id='word_1_417' title='bbox 1611 3003 1704 3062; x_wconf 76' lang='grc' dir='ltr'><strong>οὖν</strong></span> <span class='ocrx_word' id='word_1_418' title='bbox 1727 3007 1930 3080; x_wconf 84' lang='grc' dir='ltr'>Κύριος</span> 
     </span>
    </p>
   </div>
   <div class='ocr_carea' id='block_1_61' title="bbox 2045 2993 3609 3087">
    <p class='ocr_par' dir='ltr' id='par_1_61' title="bbox 2045 3014 3609 3084">
     <span class='ocr_line' id='line_1_61' title="bbox 2045 3014 3609 3084; baseline 0.004 -16"><span class='ocrx_word' id='word_1_419' title='bbox 2045 3014 2206 3068; x_wconf 89' lang='lat' dir='ltr'><strong>bulon</strong></span> <span class='ocrx_word' id='word_1_420' title='bbox 2239 3023 2292 3068; x_wconf 90' lang='lat' dir='ltr'><strong>et</strong></span> <span class='ocrx_word' id='word_1_421' title='bbox 2325 3015 2678 3084; x_wconf 78' lang='lat' dir='ltr'><strong>Neplithalim</strong></span> <span class='ocrx_word' id='word_1_422' title='bbox 2716 3032 2782 3072; x_wconf 90' lang='lat' dir='ltr'><strong>ac</strong></span> <span class='ocrx_word' id='word_1_423' title='bbox 2820 3019 3078 3072; x_wconf 75' lang='lat' dir='ltr'><strong>vicerant</strong></span> <span class='ocrx_word' id='word_1_424' title='bbox 3129 3020 3403 3075; x_wconf 74' lang='lat' dir='ltr'><strong>Sisaram.</strong></span> <span class='ocrx_word' id='word_1_425' title='bbox 3434 3021 3493 3074; x_wconf 89' lang='lat' dir='ltr'><strong>lu</strong></span> <span class='ocrx_word' id='word_1_426' title='bbox 3540 3021 3609 3075; x_wconf 89' lang='lat' dir='ltr'><strong>iis</strong></span> 
     </span>
    </p>
   </div>
   <div class='ocr_carea' id='block_1_62' title="bbox 365 3103 1242 3180">
    <p class='ocr_par' dir='ltr' id='par_1_62' title="bbox 365 3103 1242 3180">
     <span class='ocr_line' id='line_1_62' title="bbox 365 3103 1242 3180; baseline -0.007 -19"><span class='ocrx_word' id='word_1_427' title='bbox 365 3108 707 3180; x_wconf 83' lang='grc' dir='ltr'>ὐπὲρήμῶν,</span> <span class='ocrx_word' id='word_1_428' title='bbox 739 3105 926 3174; x_wconf 67' lang='grc' dir='ltr'>φησιν,</span> <span class='ocrx_word' id='word_1_429' title='bbox 961 3103 1242 3174; x_wconf 80' lang='grc' dir='ltr'>ἐπολέμει.</span> 
     </span>
    </p>
   </div>
   <div class='ocr_carea' id='block_1_63' title="bbox 444 3213 1936 3286">
    <p class='ocr_par' dir='ltr' id='par_1_63' title="bbox 444 3213 1936 3286">
     <span class='ocr_line' id='line_1_63' title="bbox 444 3213 1936 3286; baseline -0.007 -9"><span class='ocrx_word' id='word_1_430' title='bbox 444 3221 706 3277; x_wconf 83' lang='grc' dir='ltr'>Ἐκεῖθεν</span> <span class='ocrx_word' id='word_1_431' title='bbox 738 3221 810 3275; x_wconf 76' lang='grc' dir='ltr'><strong>ἐν</strong></span> <span class='ocrx_word' id='word_1_432' title='bbox 835 3218 1120 3285; x_wconf 77' lang='grc' dir='ltr'><strong>σκήπτρῳ</strong></span> <span class='ocrx_word' id='word_1_433' title='bbox 1143 3216 1538 3286; x_wconf 64' lang='grc' dir='ltr'>ἐνισχύων-τος</span> <span class='ocrx_word' id='word_1_434' title='bbox 1575 3213 1848 3284; x_wconf 71' lang='grc' dir='ltr'>ἡγήσεως</span> <span class='ocrx_word' id='word_1_435' title='bbox 1868 3214 1936 3268; x_wconf 81' lang='grc' dir='ltr'><strong>ἐν</strong></span> 
     </span>
    </p>
   </div>
   <div class='ocr_carea' id='block_1_64' title="bbox 373 3305 1935 3383">
    <p class='ocr_par' dir='ltr' id='par_1_64' title="bbox 373 3305 1935 3383">
     <span class='ocr_line' id='line_1_64' title="bbox 373 3305 1935 3383; baseline -0.008 -14"><span class='ocrx_word' id='word_1_436' title='bbox 373 3314 661 3383; x_wconf 80' lang='grc' dir='ltr'>Ἰσσάχαρ</span> <span class='ocrx_word' id='word_1_437' title='bbox 678 3313 828 3382; x_wconf 77' lang='grc' dir='ltr'>μετὰ</span> <span class='ocrx_word' id='word_1_438' title='bbox 855 3309 1156 3378; x_wconf 75' lang='grc' dir='ltr'>Δεϐϐώρας</span> <span class='ocrx_word' id='word_1_439' title='bbox 1187 3309 1580 3373; x_wconf 74' lang='grc' dir='ltr'>ἐξαπέστειλε</span> <span class='ocrx_word' id='word_1_440' title='bbox 1599 3305 1811 3370; x_wconf 79' lang='grc' dir='ltr'>πεζοὺς</span> <span class='ocrx_word' id='word_1_441' title='bbox 1833 3306 1935 3358; x_wconf 75' lang='lat' dir='ltr'><strong>ai)-</strong></span> 
     </span>
    </p>
   </div>
   <div class='ocr_carea' id='block_1_65' title="bbox 360 3397 1932 3471">
    <p class='ocr_par' dir='ltr' id='par_1_65' title="bbox 360 3397 1932 3471">
     <span class='ocr_line' id='line_1_65' title="bbox 360 3397 1932 3471; baseline -0.007 -12"><span class='ocrx_word' id='word_1_442' title='bbox 360 3405 466 3459; x_wconf 80' lang='grc' dir='ltr'><strong>τοῦ</strong></span> <span class='ocrx_word' id='word_1_443' title='bbox 493 3407 580 3471; x_wconf 82' lang='grc' dir='ltr'><strong>εἰς</strong></span> <span class='ocrx_word' id='word_1_444' title='bbox 610 3403 726 3470; x_wconf 77' lang='grc' dir='ltr'><strong>τὴν</strong></span> <span class='ocrx_word' id='word_1_445' title='bbox 761 3401 1034 3457; x_wconf 71' lang='grc' dir='ltr'>κοιλάδα,</span> <span class='ocrx_word' id='word_1_446' title='bbox 1088 3401 1376 3471; x_wconf 82' lang='grc' dir='ltr'>Σκῆπτρον</span> <span class='ocrx_word' id='word_1_447' title='bbox 1435 3399 1528 3452; x_wconf 80' lang='grc' dir='ltr'><strong>τοῦ</strong></span> <span class='ocrx_word' id='word_1_448' title='bbox 1578 3397 1932 3466; x_wconf 78' lang='grc' dir='ltr'>ἐνισχύοντος,</span> 
     </span>
    </p>
   </div>
   <div class='ocr_carea' id='block_1_66' title="bbox 358 3489 1935 3566">
    <p class='ocr_par' dir='ltr' id='par_1_66' title="bbox 358 3489 1935 3566">
     <span class='ocr_line' id='line_1_66' title="bbox 358 3489 1935 3566; baseline -0.006 -16"><span class='ocrx_word' id='word_1_449' title='bbox 358 3495 477 3566; x_wconf 73' lang='grc' dir='ltr'>ἦτοι</span> <span class='ocrx_word' id='word_1_450' title='bbox 525 3497 554 3550; x_wconf 84' lang='grc' dir='ltr'><em>ὁ</em></span> <span class='ocrx_word' id='word_1_451' title='bbox 583 3495 860 3564; x_wconf 76' lang='grc' dir='ltr'><strong>Ἐφραῖμο</strong></span> <span class='ocrx_word' id='word_1_452' title='bbox 917 3491 1132 3546; x_wconf 79' lang='grc' dir='ltr'>ἐκεῖθεν</span> <span class='ocrx_word' id='word_1_453' title='bbox 1173 3489 1283 3560; x_wconf 77' lang='grc' dir='ltr'><strong>γὰρ</strong></span> <span class='ocrx_word' id='word_1_454' title='bbox 1339 3492 1372 3560; x_wconf 83' lang='grc' dir='ltr'><strong>ὴ</strong></span> <span class='ocrx_word' id='word_1_455' title='bbox 1438 3489 1728 3558; x_wconf 75' lang='grc' dir='ltr'><strong>Δεὸϐὦραο</strong></span> <span class='ocrx_word' id='word_1_456' title='bbox 1761 3490 1878 3559; x_wconf 71' lang='grc' dir='ltr'>ἦτοι</span> <span class='ocrx_word' id='word_1_457' title='bbox 1906 3489 1935 3540; x_wconf 80' lang='grc' dir='ltr'>ὁ</span> 
     </span>
    </p>
   </div>
   <div class='ocr_carea' id='block_1_67' title="bbox 359 3576 1936 3653">
    <p class='ocr_par' dir='ltr' id='par_1_67' title="bbox 359 3576 1936 3653">
     <span class='ocr_line' id='line_1_67' title="bbox 359 3576 1936 3653; baseline -0.003 -16"><span class='ocrx_word' id='word_1_458' title='bbox 359 3583 668 3653; x_wconf 68' lang='grc' dir='ltr'>Νεφθαλὶμ,</span> <span class='ocrx_word' id='word_1_459' title='bbox 714 3583 840 3636; x_wconf 82' lang='grc' dir='ltr'>ὅθεν</span> <span class='ocrx_word' id='word_1_460' title='bbox 897 3582 1128 3652; x_wconf 79' lang='grc' dir='ltr'>ὥρμητο</span> <span class='ocrx_word' id='word_1_461' title='bbox 1188 3580 1397 3649; x_wconf 84' lang='grc' dir='ltr'>Βαράκ.</span> <span class='ocrx_word' id='word_1_462' title='bbox 1424 3581 1515 3648; x_wconf 82' lang='grc' dir='ltr'><strong>Τῷ</strong></span> <span class='ocrx_word' id='word_1_463' title='bbox 1539 3576 1634 3631; x_wconf 75' lang='grc' dir='ltr'>οὖν</span> <span class='ocrx_word' id='word_1_464' title='bbox 1669 3581 1936 3648; x_wconf 81' lang='grc' dir='ltr'>σκήπτρῳ</span> 
     </span>
    </p>
   </div>
   <div class='ocr_carea' id='block_1_68' title="bbox 357 3667 1940 3741">
    <p class='ocr_par' dir='ltr' id='par_1_68' title="bbox 357 3667 1940 3741">
     <span class='ocr_line' id='line_1_68' title="bbox 357 3667 1940 3741; baseline -0.003 -17"><span class='ocrx_word' id='word_1_465' title='bbox 357 3671 452 3724; x_wconf 78' lang='grc' dir='ltr'><strong>τοῦ</strong></span> <span class='ocrx_word' id='word_1_466' title='bbox 501 3671 843 3741; x_wconf 82' lang='grc' dir='ltr'>ἐνισχύοντος</span> <span class='ocrx_word' id='word_1_467' title='bbox 893 3673 986 3723; x_wconf 71' lang='grc' dir='ltr'><strong>καὶ</strong></span> <span class='ocrx_word' id='word_1_468' title='bbox 1033 3668 1348 3740; x_wconf 75' lang='grc' dir='ltr'>ἡγουμένου</span> <span class='ocrx_word' id='word_1_469' title='bbox 1375 3667 1472 3720; x_wconf 79' lang='grc' dir='ltr'>καὶ</span> <span class='ocrx_word' id='word_1_470' title='bbox 1499 3669 1527 3719; x_wconf 82' lang='grc' dir='ltr'>ὁ</span> <span class='ocrx_word' id='word_1_471' title='bbox 1565 3668 1823 3736; x_wconf 84' lang='grc' dir='ltr'>Ἰσσάχαρ</span> <span class='ocrx_word' id='word_1_472' title='bbox 1858 3667 1940 3732; x_wconf 81' lang='grc' dir='ltr'>ἐξ·</span> 
     </span>
    </p>
   </div>
   <div class='ocr_carea' id='block_1_69' title="bbox 363 3756 1385 3831">
    <p class='ocr_par' dir='ltr' id='par_1_69' title="bbox 363 3756 1385 3831">
     <span class='ocr_line' id='line_1_69' title="bbox 363 3756 1385 3831; baseline -0.004 -17"><span class='ocrx_word' id='word_1_473' title='bbox 363 3761 649 3815; x_wconf 72' lang='grc' dir='ltr'>απιστειλε</span> <span class='ocrx_word' id='word_1_474' title='bbox 679 3761 815 3831; x_wconf 77' lang='grc' dir='ltr'>μετὰ</span> <span class='ocrx_word' id='word_1_475' title='bbox 843 3761 1133 3830; x_wconf 75' lang='grc' dir='ltr'>Δεϐϐώρας</span> <span class='ocrx_word' id='word_1_476' title='bbox 1157 3756 1385 3822; x_wconf 76' lang='grc' dir='ltr'>πεζούς.</span> 
     </span>
    </p>
   </div>
   <div class='ocr_carea' id='block_1_70' title="bbox 427 3867 1938 3942">
    <p class='ocr_par' dir='ltr' id='par_1_70' title="bbox 427 3867 1938 3942">
     <span class='ocr_line' id='line_1_70' title="bbox 427 3867 1938 3942; baseline -0.005 -15"><span class='ocrx_word' id='word_1_477' title='bbox 427 3872 537 3927; x_wconf 82' lang='lat' dir='ltr'><strong>Kal</strong></span> <span class='ocrx_word' id='word_1_478' title='bbox 559 3872 806 3942; x_wconf 76' lang='grc' dir='ltr'>ἀρχηγοὶ</span> <span class='ocrx_word' id='word_1_479' title='bbox 841 3873 911 3925; x_wconf 78' lang='grc' dir='ltr'><strong>ἐν</strong></span> <span class='ocrx_word' id='word_1_480' title='bbox 953 3871 1266 3940; x_wconf 69' lang='grc' dir='ltr'>Ἰσσάκαρ</span> <span class='ocrx_word' id='word_1_481' title='bbox 1299 3867 1451 3936; x_wconf 79' lang='grc' dir='ltr'>μετὰ</span> <span class='ocrx_word' id='word_1_482' title='bbox 1513 3868 1808 3935; x_wconf 77' lang='grc' dir='ltr'>Δεϐϐὠρας</span> <span class='ocrx_word' id='word_1_483' title='bbox 1841 3867 1938 3920; x_wconf 78' lang='grc' dir='ltr'><strong>καί</strong></span> 
     </span>
    </p>
   </div>
   <div class='ocr_carea' id='block_1_71' title="bbox 358 3956 1940 4033">
    <p class='ocr_par' dir='ltr' id='par_1_71' title="bbox 358 3956 1940 4033">
     <span class='ocr_line' id='line_1_71' title="bbox 358 3956 1940 4033; baseline -0.004 -17"><span class='ocrx_word' id='word_1_484' title='bbox 358 3961 556 4031; x_wconf 77' lang='grc' dir='ltr'>Βαράκ</span> <span class='ocrx_word' id='word_1_485' title='bbox 577 3979 590 3991; x_wconf 86' lang='grc'><strong>·</strong></span> <span class='ocrx_word' id='word_1_486' title='bbox 613 3961 740 4033; x_wconf 39' lang='grc'><strong>,(55)</strong></span> <span class='ocrx_word' id='word_1_487' title='bbox 775 3961 925 4015; x_wconf 83' lang='grc' dir='ltr'>οὕτω</span> <span class='ocrx_word' id='word_1_488' title='bbox 959 3961 1156 4030; x_wconf 81' lang='grc' dir='ltr'>Βσρὰκ</span> <span class='ocrx_word' id='word_1_489' title='bbox 1176 3961 1244 4014; x_wconf 79' lang='grc' dir='ltr'><strong>ἐν</strong></span> <span class='ocrx_word' id='word_1_490' title='bbox 1273 3956 1556 4012; x_wconf 76' lang='grc' dir='ltr'>κοιλάσιν</span> <span class='ocrx_word' id='word_1_491' title='bbox 1580 3957 1940 4029; x_wconf 62' lang='grc' dir='ltr'>ἀπέστειλεν</span> 
     </span>
    </p>
   </div>
   <div class='ocr_carea' id='block_1_72' title="bbox 355 4045 1938 4116">
    <p class='ocr_par' dir='ltr' id='par_1_72' title="bbox 355 4045 1938 4116">
     <span class='ocr_line' id='line_1_72' title="bbox 355 4045 1938 4116; baseline -0.005 -10"><span class='ocrx_word' id='word_1_492' title='bbox 355 4053 427 4106; x_wconf 80' lang='grc' dir='ltr'>ἐν</span> <span class='ocrx_word' id='word_1_493' title='bbox 483 4052 672 4106; x_wconf 79' lang='grc' dir='ltr'>ποσὶν</span> <span class='ocrx_word' id='word_1_494' title='bbox 743 4048 947 4106; x_wconf 82' lang='grc' dir='ltr'>αὑτοῦ.</span> <span class='ocrx_word' id='word_1_495' title='bbox 1030 4050 1118 4113; x_wconf 84' lang='grc' dir='ltr'>Ὠς</span> <span class='ocrx_word' id='word_1_496' title='bbox 1197 4045 1338 4102; x_wconf 80' lang='grc' dir='ltr'>εἰναι</span> <span class='ocrx_word' id='word_1_497' title='bbox 1402 4045 1602 4116; x_wconf 84' lang='grc' dir='ltr'>μᾶλλον</span> <span class='ocrx_word' id='word_1_498' title='bbox 1663 4047 1938 4114; x_wconf 80' lang='grc' dir='ltr'>σκῆπτρον</span> 
     </span>
    </p>
   </div>
   <div class='ocr_carea' id='block_1_73' title="bbox 354 4135 1938 4214">
    <p class='ocr_par' dir='ltr' id='par_1_73' title="bbox 354 4135 1938 4214">
     <span class='ocr_line' id='line_1_73' title="bbox 354 4135 1938 4214; baseline -0.004 -18"><span class='ocrx_word' id='word_1_499' title='bbox 354 4143 449 4196; x_wconf 75' lang='grc' dir='ltr'><strong>τοῦ</strong></span> <span class='ocrx_word' id='word_1_500' title='bbox 510 4143 848 4214; x_wconf 80' lang='grc' dir='ltr'>ἐνισχύοντος</span> <span class='ocrx_word' id='word_1_501' title='bbox 904 4141 996 4194; x_wconf 75' lang='grc' dir='ltr'><strong>καὶ</strong></span> <span class='ocrx_word' id='word_1_502' title='bbox 1045 4141 1352 4211; x_wconf 78' lang='grc' dir='ltr'>ἡγουμένου</span> <span class='ocrx_word' id='word_1_503' title='bbox 1405 4138 1499 4190; x_wconf 82' lang='grc' dir='ltr'>τὸν</span> <span class='ocrx_word' id='word_1_504' title='bbox 1543 4135 1806 4206; x_wconf 68' lang='grc' dir='ltr'>Ἐφραίμ,</span> <span class='ocrx_word' id='word_1_505' title='bbox 1850 4135 1938 4190; x_wconf 77' lang='grc' dir='ltr'>διὰ</span> 
     </span>
    </p>
   </div>
   <div class='ocr_carea' id='block_1_74' title="bbox 355 4219 1937 4306">
    <p class='ocr_par' dir='ltr' id='par_1_74' title="bbox 355 4219 1937 4306">
     <span class='ocr_line' id='line_1_74' title="bbox 355 4219 1937 4306; baseline -0.005 -18"><span class='ocrx_word' id='word_1_506' title='bbox 355 4219 663 4306; x_wconf 72' lang='grc' dir='ltr'>Δεὸὁῶραν.</span> <span class='ocrx_word' id='word_1_507' title='bbox 688 4233 838 4302; x_wconf 81' lang='grc' dir='ltr'>Αὕτη</span> <span class='ocrx_word' id='word_1_508' title='bbox 874 4232 982 4302; x_wconf 82' lang='grc' dir='ltr'><strong>γὰρ</strong></span> <span class='ocrx_word' id='word_1_509' title='bbox 1003 4231 1098 4284; x_wconf 76' lang='grc' dir='ltr'><strong>καὶ</strong></span> <span class='ocrx_word' id='word_1_510' title='bbox 1128 4231 1392 4301; x_wconf 74' lang='grc' dir='ltr'>ἡγήσατο,</span> <span class='ocrx_word' id='word_1_511' title='bbox 1423 4227 1521 4282; x_wconf 72' lang='grc' dir='ltr'><strong>καὶ</strong></span> <span class='ocrx_word' id='word_1_512' title='bbox 1550 4227 1798 4298; x_wconf 68' lang='grc' dir='ltr'>ἐνίσςίυσε</span> <span class='ocrx_word' id='word_1_513' title='bbox 1829 4229 1937 4280; x_wconf 80' lang='grc' dir='ltr'><strong>Βα-</strong></span> 
     </span>
    </p>
   </div>
   <div class='ocr_carea' id='block_1_75' title="bbox 2037 3105 3306 3182">
    <p class='ocr_par' dir='ltr' id='par_1_75' title="bbox 2037 3105 3306 3182">
     <span class='ocr_line' id='line_1_75' title="bbox 2037 3105 3306 3182; baseline 0.005 -24"><span class='ocrx_word' id='word_1_514' title='bbox 2037 3105 2228 3173; x_wconf 68' lang='lat' dir='ltr'><strong>igitur,</strong></span> <span class='ocrx_word' id='word_1_515' title='bbox 2265 3109 2364 3170; x_wconf 89' lang='lat' dir='ltr'><strong>ait,</strong></span> <span class='ocrx_word' id='word_1_516' title='bbox 2399 3108 2671 3162; x_wconf 88' lang='lat' dir='ltr'><strong>Dominus</strong></span> <span class='ocrx_word' id='word_1_517' title='bbox 2696 3125 2798 3180; x_wconf 91' lang='lat' dir='ltr'><strong>pro</strong></span> <span class='ocrx_word' id='word_1_518' title='bbox 2826 3111 2992 3165; x_wconf 79' lang='lat' dir='ltr'><strong>nobis</strong></span> <span class='ocrx_word' id='word_1_519' title='bbox 3026 3113 3306 3182; x_wconf 77' lang='lat' dir='ltr'><strong>pugnavit.</strong></span> 
     </span>
    </p>
   </div>
   <div class='ocr_carea' id='block_1_76' title="bbox 2109 3218 3610 3289">
    <p class='ocr_par' dir='ltr' id='par_1_76' title="bbox 2109 3218 3610 3289">
     <span class='ocr_line' id='line_1_76' title="bbox 2109 3218 3610 3289; baseline 0.003 -19"><span class='ocrx_word' id='word_1_520' title='bbox 2109 3218 2246 3271; x_wconf 83' lang='lat' dir='ltr'><strong>Hinc</strong></span> <span class='ocrx_word' id='word_1_521' title='bbox 2285 3227 2544 3289; x_wconf 79' lang='lat' dir='ltr'><strong>sceptrum</strong></span> <span class='ocrx_word' id='word_1_522' title='bbox 2567 3220 2716 3274; x_wconf 78' lang='lat' dir='ltr'><strong>ducis</strong></span> <span class='ocrx_word' id='word_1_523' title='bbox 2739 3222 2795 3276; x_wconf 83' lang='lat' dir='ltr'><strong>in</strong></span> <span class='ocrx_word' id='word_1_524' title='bbox 2821 3221 3076 3276; x_wconf 80' lang='lat' dir='ltr'><strong>Issaehar</strong></span> <span class='ocrx_word' id='word_1_525' title='bbox 3107 3231 3302 3288; x_wconf 81' lang='lat' dir='ltr'><strong>tenens,</strong></span> <span class='ocrx_word' id='word_1_526' title='bbox 3329 3239 3450 3276; x_wconf 81' lang='lat' dir='ltr'><strong>cum</strong></span> <span class='ocrx_word' id='word_1_527' title='bbox 3476 3221 3610 3276; x_wconf 77' lang='lat' dir='ltr'><strong>Deb-</strong></span> 
     </span>
    </p>
   </div>
   <div class='ocr_carea' id='block_1_77' title="bbox 2037 3311 3610 3381">
    <p class='ocr_par' dir='ltr' id='par_1_77' title="bbox 2037 3311 3610 3381">
     <span class='ocr_line' id='line_1_77' title="bbox 2037 3311 3610 3381; baseline 0.002 -17"><span class='ocrx_word' id='word_1_528' title='bbox 2037 3311 2166 3366; x_wconf 86' lang='lat' dir='ltr'><strong>bora</strong></span> <span class='ocrx_word' id='word_1_529' title='bbox 2189 3312 2388 3378; x_wconf 82' lang='lat' dir='ltr'><strong>pedites</strong></span> <span class='ocrx_word' id='word_1_530' title='bbox 2422 3329 2545 3366; x_wconf 76' lang='lat' dir='ltr'><strong>suos</strong></span> <span class='ocrx_word' id='word_1_531' title='bbox 2586 3312 2654 3366; x_wconf 82' lang='lat' dir='ltr'><strong>ad</strong></span> <span class='ocrx_word' id='word_1_532' title='bbox 2681 3314 2868 3367; x_wconf 77' lang='lat' dir='ltr'><strong>vallem</strong></span> <span class='ocrx_word' id='word_1_533' title='bbox 2899 3315 3064 3366; x_wconf 79' lang='lat' dir='ltr'><strong>misit.</strong></span> <span class='ocrx_word' id='word_1_534' title='bbox 3109 3312 3401 3381; x_wconf 82' lang='lat' dir='ltr'><strong>Seeptrum</strong></span> <span class='ocrx_word' id='word_1_535' title='bbox 3425 3313 3610 3375; x_wconf 80' lang='lat' dir='ltr'><strong>ducis.</strong></span> 
     </span>
    </p>
   </div>
   <div class='ocr_carea' id='block_1_78' title="bbox 2036 3402 3608 3473">
    <p class='ocr_par' dir='ltr' id='par_1_78' title="bbox 2036 3402 3608 3473">
     <span class='ocr_line' id='line_1_78' title="bbox 2036 3402 3608 3473; baseline 0.001 -18"><span class='ocrx_word' id='word_1_536' title='bbox 2036 3403 2118 3457; x_wconf 82' lang='lat' dir='ltr'><strong>vel</strong></span> <span class='ocrx_word' id='word_1_537' title='bbox 2143 3402 2402 3472; x_wconf 82' lang='lat' dir='ltr'><strong>Ephraim</strong></span> <span class='ocrx_word' id='word_1_538' title='bbox 2439 3405 2609 3460; x_wconf 91' lang='lat' dir='ltr'><strong>:hinc</strong></span> <span class='ocrx_word' id='word_1_539' title='bbox 2631 3405 2776 3459; x_wconf 89' lang='lat' dir='ltr'><strong>enim</strong></span> <span class='ocrx_word' id='word_1_540' title='bbox 2811 3405 3060 3460; x_wconf 86' lang='lat' dir='ltr'><strong>Debbora</strong></span> <span class='ocrx_word' id='word_1_541' title='bbox 3085 3423 3096 3458; x_wconf 94' lang='lat'>:</span> <span class='ocrx_word' id='word_1_542' title='bbox 3117 3406 3201 3459; x_wconf 84' lang='lat' dir='ltr'><strong>vel</strong></span> <span class='ocrx_word' id='word_1_543' title='bbox 3231 3403 3608 3473; x_wconf 83' lang='lat' dir='ltr'><strong>Nepluhalim,</strong></span> 
     </span>
    </p>
   </div>
   <div class='ocr_carea' id='block_1_79' title="bbox 2037 3491 3611 3562">
    <p class='ocr_par' dir='ltr' id='par_1_79' title="bbox 2037 3491 3611 3562">
     <span class='ocr_line' id='line_1_79' title="bbox 2037 3491 3611 3562; baseline 0.001 -17"><span class='ocrx_word' id='word_1_544' title='bbox 2037 3491 2166 3561; x_wconf 86' lang='lat' dir='ltr'><strong>quia</strong></span> <span class='ocrx_word' id='word_1_545' title='bbox 2209 3494 2338 3546; x_wconf 86' lang='lat' dir='ltr'><strong>biuc</strong></span> <span class='ocrx_word' id='word_1_546' title='bbox 2393 3492 2565 3547; x_wconf 89' lang='lat' dir='ltr'><strong>Barac</strong></span> <span class='ocrx_word' id='word_1_547' title='bbox 2619 3495 2890 3562; x_wconf 80' lang='lat' dir='ltr'><strong>originem</strong></span> <span class='ocrx_word' id='word_1_548' title='bbox 2945 3495 3123 3547; x_wconf 77' lang='lat' dir='ltr'><strong>duxit.</strong></span> <span class='ocrx_word' id='word_1_549' title='bbox 3179 3494 3411 3562; x_wconf 79' lang='lat' dir='ltr'><strong>Sceptra</strong></span> <span class='ocrx_word' id='word_1_550' title='bbox 3452 3493 3611 3547; x_wconf 85' lang='lat' dir='ltr'><strong>ducis</strong></span> 
     </span>
    </p>
   </div>
   <div class='ocr_carea' id='block_1_80' title="bbox 2038 3583 3608 3655">
    <p class='ocr_par' dir='ltr' id='par_1_80' title="bbox 2038 3583 3608 3655">
     <span class='ocr_line' id='line_1_80' title="bbox 2038 3583 3608 3655; baseline 0.003 -19"><span class='ocrx_word' id='word_1_551' title='bbox 2038 3583 2206 3652; x_wconf 77' lang='lat' dir='ltr'><strong>igitur</strong></span> <span class='ocrx_word' id='word_1_552' title='bbox 2235 3583 2483 3638; x_wconf 86' lang='lat' dir='ltr'><strong>lssachar</strong></span> <span class='ocrx_word' id='word_1_553' title='bbox 2508 3599 2732 3655; x_wconf 88' lang='lat' dir='ltr'><strong>quoque</strong></span> <span class='ocrx_word' id='word_1_554' title='bbox 2769 3586 2981 3654; x_wconf 78' lang='lat' dir='ltr'><strong>pedites</strong></span> <span class='ocrx_word' id='word_1_555' title='bbox 3013 3587 3164 3640; x_wconf 83' lang='lat' dir='ltr'><strong>misit</strong></span> <span class='ocrx_word' id='word_1_556' title='bbox 3187 3599 3312 3640; x_wconf 88' lang='lat' dir='ltr'><strong>cum</strong></span> <span class='ocrx_word' id='word_1_557' title='bbox 3338 3583 3608 3640; x_wconf 89' lang='lat' dir='ltr'><strong>Debbora.</strong></span> 
     </span>
    </p>
   </div>
   <div class='ocr_carea' id='block_1_81' title="bbox 2115 3873 3610 3946">
    <p class='ocr_par' dir='ltr' id='par_1_81' title="bbox 2115 3873 3610 3946">
     <span class='ocr_line' id='line_1_81' title="bbox 2115 3873 3610 3946; baseline 0.003 -18"><span class='ocrx_word' id='word_1_558' title='bbox 2115 3874 2388 3944; x_wconf 78' lang='lat' dir='ltr'><strong>Principes</strong></span> <span class='ocrx_word' id='word_1_559' title='bbox 2423 3890 2628 3946; x_wconf 85' lang='lat' dir='ltr'><strong>quoque</strong></span> <span class='ocrx_word' id='word_1_560' title='bbox 2661 3877 2766 3930; x_wconf 85' lang='lat' dir='ltr'><strong>mei</strong></span> <span class='ocrx_word' id='word_1_561' title='bbox 2801 3874 2856 3930; x_wconf 85' lang='lat' dir='ltr'><strong>in</strong></span> <span class='ocrx_word' id='word_1_562' title='bbox 2892 3873 3150 3932; x_wconf 77' lang='lat' dir='ltr'><strong>Issachar</strong></span> <span class='ocrx_word' id='word_1_563' title='bbox 3181 3893 3300 3932; x_wconf 87' lang='lat' dir='ltr'><strong>cum</strong></span> <span class='ocrx_word' id='word_1_564' title='bbox 3341 3875 3610 3942; x_wconf 79' lang='lat' dir='ltr'><strong>Debbora.</strong></span> 
     </span>
    </p>
   </div>
   <div class='ocr_carea' id='block_1_82' title="bbox 2038 3965 3613 4038">
    <p class='ocr_par' dir='ltr' id='par_1_82' title="bbox 2038 3965 3613 4038">
     <span class='ocr_line' id='line_1_82' title="bbox 2038 3965 3613 4038; baseline 0.003 -18"><span class='ocrx_word' id='word_1_565' title='bbox 2038 3965 2204 4022; x_wconf 75' lang='lat' dir='ltr'><strong>sedet</strong></span> <span class='ocrx_word' id='word_1_566' title='bbox 2243 3965 2498 4021; x_wconf 82' lang='lat' dir='ltr'><strong>Issachar</strong></span> <span class='ocrx_word' id='word_1_567' title='bbox 2521 3969 2962 4038; x_wconf 87' lang='lat' dir='ltr'><strong>quemadmodum</strong></span> <span class='ocrx_word' id='word_1_568' title='bbox 2983 3969 3159 4023; x_wconf 88' lang='lat' dir='ltr'><strong>Barac</strong></span> <span class='ocrx_word' id='word_1_569' title='bbox 3181 3970 3234 4024; x_wconf 86' lang='lat' dir='ltr'><strong>in</strong></span> <span class='ocrx_word' id='word_1_570' title='bbox 3262 3969 3396 4024; x_wconf 84' lang='lat' dir='ltr'><strong>valle</strong></span> <span class='ocrx_word' id='word_1_571' title='bbox 3421 3971 3613 4026; x_wconf 78' lang='lat' dir='ltr'><strong>missus</strong></span> 
     </span>
    </p>
   </div>
   <div class='ocr_carea' id='block_1_83' title="bbox 2037 4056 3612 4131">
    <p class='ocr_par' dir='ltr' id='par_1_83' title="bbox 2037 4056 3612 4131">
     <span class='ocr_line' id='line_1_83' title="bbox 2037 4056 3612 4131; baseline 0.003 -21"><span class='ocrx_word' id='word_1_572' title='bbox 2037 4058 2212 4124; x_wconf 80' lang='lat' dir='ltr'><strong>pedes,</strong></span> <span class='ocrx_word' id='word_1_573' title='bbox 2242 4066 2348 4113; x_wconf 88' lang='lat' dir='ltr'><strong>etc.</strong></span> <span class='ocrx_word' id='word_1_574' title='bbox 2381 4056 2471 4130; x_wconf 70' lang='grc' dir='ltr'>ιν,</span> <span class='ocrx_word' id='word_1_575' title='bbox 2497 4057 2608 4130; x_wconf 84' lang='lat' dir='ltr'><strong>l5.]</strong></span> <span class='ocrx_word' id='word_1_576' title='bbox 2632 4059 2779 4115; x_wconf 79' lang='lat' dir='ltr'><strong>Adeo</strong></span> <span class='ocrx_word' id='word_1_577' title='bbox 2799 4071 2852 4114; x_wconf 90' lang='lat' dir='ltr'><strong>ut</strong></span> <span class='ocrx_word' id='word_1_578' title='bbox 2871 4068 3145 4129; x_wconf 85' lang='lat' dir='ltr'><strong>sceptrum</strong></span> <span class='ocrx_word' id='word_1_579' title='bbox 3173 4061 3290 4130; x_wconf 86' lang='lat' dir='ltr'><strong>ejus</strong></span> <span class='ocrx_word' id='word_1_580' title='bbox 3317 4063 3504 4131; x_wconf 88' lang='lat' dir='ltr'><strong>potius</strong></span> <span class='ocrx_word' id='word_1_581' title='bbox 3538 4062 3612 4116; x_wconf 89' lang='lat' dir='ltr'><strong>sit</strong></span> 
     </span>
    </p>
   </div>
   <div class='ocr_carea' id='block_1_84' title="bbox 2040 4149 3600 4222">
    <p class='ocr_par' dir='ltr' id='par_1_84' title="bbox 2040 4149 3600 4222">
     <span class='ocr_line' id='line_1_84' title="bbox 2040 4149 3600 4222; baseline 0.003 -18"><span class='ocrx_word' id='word_1_582' title='bbox 2040 4150 2136 4218; x_wconf 86' lang='lat' dir='ltr'><strong>qui</strong></span> <span class='ocrx_word' id='word_1_583' title='bbox 2184 4149 2478 4204; x_wconf 85' lang='lat' dir='ltr'><strong>confirmat</strong></span> <span class='ocrx_word' id='word_1_584' title='bbox 2529 4165 2592 4204; x_wconf 92' lang='lat' dir='ltr'><strong>ac</strong></span> <span class='ocrx_word' id='word_1_585' title='bbox 2625 4150 2779 4205; x_wconf 89' lang='lat' dir='ltr'><strong>ducit</strong></span> <span class='ocrx_word' id='word_1_586' title='bbox 2813 4151 3076 4221; x_wconf 75' lang='lat' dir='ltr'><strong>Ephraim</strong></span> <span class='ocrx_word' id='word_1_587' title='bbox 3122 4168 3217 4222; x_wconf 91' lang='lat' dir='ltr'><strong>per</strong></span> <span class='ocrx_word' id='word_1_588' title='bbox 3265 4150 3600 4208; x_wconf 86' lang='lat' dir='ltr'><strong>Debboram.</strong></span> 
     </span>
    </p>
   </div>
   <div class='ocr_carea' id='block_1_85' title="bbox 2041 4234 3610 4300">
    <p class='ocr_par' dir='ltr' id='par_1_85' title="bbox 2041 4234 3610 4300">
     <span class='ocr_line' id='line_1_85' title="bbox 2041 4234 3610 4300; baseline 0.003 -12"><span class='ocrx_word' id='word_1_589' title='bbox 2041 4234 2136 4290; x_wconf 90' lang='lat' dir='ltr'><strong>Illa</strong></span> <span class='ocrx_word' id='word_1_590' title='bbox 2179 4237 2326 4290; x_wconf 89' lang='lat' dir='ltr'><strong>enim</strong></span> <span class='ocrx_word' id='word_1_591' title='bbox 2385 4243 2440 4290; x_wconf 89' lang='lat' dir='ltr'><strong>ct</strong></span> <span class='ocrx_word' id='word_1_592' title='bbox 2482 4236 2664 4300; x_wconf 81' lang='lat' dir='ltr'><strong>duxit,</strong></span> <span class='ocrx_word' id='word_1_593' title='bbox 2697 4247 2750 4290; x_wconf 89' lang='lat' dir='ltr'><strong>et</strong></span> <span class='ocrx_word' id='word_1_594' title='bbox 2793 4236 3130 4292; x_wconf 82' lang='lat' dir='ltr'><strong>conforlavit</strong></span> <span class='ocrx_word' id='word_1_595' title='bbox 3171 4239 3342 4292; x_wconf 85' lang='lat' dir='ltr'><strong>Barac</strong></span> <span class='ocrx_word' id='word_1_596' title='bbox 3379 4249 3431 4293; x_wconf 87' lang='lat' dir='ltr'><strong>et</strong></span> <span class='ocrx_word' id='word_1_597' title='bbox 3475 4241 3610 4293; x_wconf 90' lang='lat' dir='ltr'><strong>reli-</strong></span> 
     </span>
    </p>
   </div>
   <div class='ocr_carea' id='block_1_86' title="bbox 359 4311 1930 4396">
    <p class='ocr_par' dir='ltr' id='par_1_86' title="bbox 359 4315 1930 4396">
     <span class='ocr_line' id='line_1_86' title="bbox 359 4315 1930 4396; baseline -0.004 -18"><span class='ocrx_word' id='word_1_598' title='bbox 359 4325 464 4396; x_wconf 83' lang='grc' dir='ltr'>ράκ</span> <span class='ocrx_word' id='word_1_599' title='bbox 483 4342 541 4378; x_wconf 88' lang='grc' dir='ltr'><strong>τε</strong></span> <span class='ocrx_word' id='word_1_600' title='bbox 571 4325 665 4378; x_wconf 70' lang='grc' dir='ltr'><strong>καὶ</strong></span> <span class='ocrx_word' id='word_1_601' title='bbox 722 4324 849 4383; x_wconf 82' lang='grc' dir='ltr'>τοὺς</span> <span class='ocrx_word' id='word_1_602' title='bbox 905 4321 1146 4384; x_wconf 81' lang='grc' dir='ltr'>λοιπούς.</span> <span class='ocrx_word' id='word_1_603' title='bbox 1201 4319 1441 4374; x_wconf 84' lang='grc' dir='ltr'>Κοιλάδα</span> <span class='ocrx_word' id='word_1_604' title='bbox 1468 4315 1527 4370; x_wconf 82' lang='grc' dir='ltr'><strong>δέ</strong></span> <span class='ocrx_word' id='word_1_605' title='bbox 1551 4333 1707 4387; x_wconf 82' lang='grc' dir='ltr'>φησι,</span> <span class='ocrx_word' id='word_1_606' title='bbox 1758 4317 1846 4372; x_wconf 71' lang='grc' dir='ltr'>διὰ</span> <span class='ocrx_word' id='word_1_607' title='bbox 1877 4318 1930 4372; x_wconf 66' lang='grc' dir='ltr'><strong>τέ</strong></span> 
     </span>
    </p>
   </div>
   <div class='ocr_carea' id='block_1_87' title="bbox 2045 4311 3610 4396">
    <p class='ocr_par' dir='ltr' id='par_1_87' title="bbox 2045 4325 3610 4396">
     <span class='ocr_line' id='line_1_87' title="bbox 2045 4325 3610 4396; baseline 0.003 -17"><span class='ocrx_word' id='word_1_608' title='bbox 2045 4340 2203 4396; x_wconf 87' lang='lat' dir='ltr'><strong>quos.</strong></span> <span class='ocrx_word' id='word_1_609' title='bbox 2233 4325 2400 4380; x_wconf 82' lang='lat' dir='ltr'><strong>Vallis</strong></span> <span class='ocrx_word' id='word_1_610' title='bbox 2429 4341 2560 4380; x_wconf 77' lang='lat' dir='ltr'><strong>vero</strong></span> <span class='ocrx_word' id='word_1_611' title='bbox 2588 4326 2857 4392; x_wconf 88' lang='lat' dir='ltr'><strong>meminit,</strong></span> <span class='ocrx_word' id='word_1_612' title='bbox 2899 4341 2964 4382; x_wconf 84' lang='lat' dir='ltr'><strong>eo</strong></span> <span class='ocrx_word' id='word_1_613' title='bbox 2992 4325 3136 4396; x_wconf 88' lang='lat' dir='ltr'><strong>quod</strong></span> <span class='ocrx_word' id='word_1_614' title='bbox 3169 4327 3374 4382; x_wconf 87' lang='lat' dir='ltr'><strong>bellum</strong></span> <span class='ocrx_word' id='word_1_615' title='bbox 3407 4328 3464 4383; x_wconf 91' lang='lat' dir='ltr'><strong>in</strong></span> <span class='ocrx_word' id='word_1_616' title='bbox 3495 4337 3610 4383; x_wconf 88' lang='lat' dir='ltr'><strong>tor-</strong></span> 
     </span>
    </p>
   </div>
   <div class='ocr_carea' id='block_1_88' title="bbox 357 4412 1431 4486">
    <p class='ocr_par' dir='ltr' id='par_1_88' title="bbox 357 4412 1431 4486">
     <span class='ocr_line' id='line_1_88' title="bbox 357 4412 1431 4486; baseline -0.002 -18"><span class='ocrx_word' id='word_1_617' title='bbox 357 4419 414 4469; x_wconf 87' lang='grc' dir='ltr'><strong>ἐν</strong></span> <span class='ocrx_word' id='word_1_618' title='bbox 434 4415 717 4486; x_wconf 73' lang='grc' dir='ltr'>χειμάρρῳ</span> <span class='ocrx_word' id='word_1_619' title='bbox 749 4415 1032 4483; x_wconf 80' lang='grc' dir='ltr'>γεγονέναι</span> <span class='ocrx_word' id='word_1_620' title='bbox 1055 4413 1144 4467; x_wconf 78' lang='grc' dir='ltr'>τὸν</span> <span class='ocrx_word' id='word_1_621' title='bbox 1177 4412 1431 4482; x_wconf 81' lang='grc' dir='ltr'>πόλεμον.</span> 
     </span>
    </p>
   </div>
   <div class='ocr_carea' id='block_1_89' title="bbox 428 4517 1940 4590">
    <p class='ocr_par' dir='ltr' id='par_1_89' title="bbox 428 4517 1940 4590">
     <span class='ocr_line' id='line_1_89' title="bbox 428 4517 1940 4590; baseline -0.007 -10"><span class='ocrx_word' id='word_1_622' title='bbox 428 4526 562 4580; x_wconf 80' lang='grc' dir='ltr'><strong>Ἵνα</strong></span> <span class='ocrx_word' id='word_1_623' title='bbox 591 4525 647 4577; x_wconf 82' lang='grc' dir='ltr'><strong>τί</strong></span> <span class='ocrx_word' id='word_1_624' title='bbox 690 4523 772 4578; x_wconf 86' lang='grc' dir='ltr'>σὺ</span> <span class='ocrx_word' id='word_1_625' title='bbox 799 4522 1098 4588; x_wconf 82' lang='grc' dir='ltr'>κατοικεῖς</span> <span class='ocrx_word' id='word_1_626' title='bbox 1123 4523 1194 4576; x_wconf 81' lang='grc' dir='ltr'><strong>ἐν</strong></span> <span class='ocrx_word' id='word_1_627' title='bbox 1223 4522 1394 4590; x_wconf 81' lang='grc' dir='ltr'>μέσῳ</span> <span class='ocrx_word' id='word_1_628' title='bbox 1463 4517 1750 4589; x_wconf 74' lang='grc' dir='ltr'>χειλέων;</span> <span class='ocrx_word' id='word_1_629' title='bbox 1780 4518 1940 4581; x_wconf 82' lang='grc' dir='ltr'>Ἴσως</span> 
     </span>
    </p>
   </div>
   <div class='ocr_carea' id='block_1_90' title="bbox 358 4608 1938 4688">
    <p class='ocr_par' dir='ltr' id='par_1_90' title="bbox 358 4608 1938 4688">
     <span class='ocr_line' id='line_1_90' title="bbox 358 4608 1938 4688; baseline -0.006 -18"><span class='ocrx_word' id='word_1_630' title='bbox 358 4619 492 4688; x_wconf 70' lang='grc' dir='ltr'>πρὸς</span> <span class='ocrx_word' id='word_1_631' title='bbox 511 4615 685 4670; x_wconf 81' lang='grc' dir='ltr'>πάντα</span> <span class='ocrx_word' id='word_1_632' title='bbox 720 4615 869 4682; x_wconf 82' lang='grc' dir='ltr'>λέγει</span> <span class='ocrx_word' id='word_1_633' title='bbox 894 4615 982 4668; x_wconf 72' lang='grc' dir='ltr'>τὸν</span> <span class='ocrx_word' id='word_1_634' title='bbox 1026 4611 1237 4684; x_wconf 83' lang='grc' dir='ltr'>Ἰσραήλ</span> <span class='ocrx_word' id='word_1_635' title='bbox 1266 4629 1278 4642; x_wconf 95' lang='grc'><strong>·</strong></span> <span class='ocrx_word' id='word_1_636' title='bbox 1319 4612 1384 4665; x_wconf 86' lang='grc' dir='ltr'>Τί</span> <span class='ocrx_word' id='word_1_637' title='bbox 1413 4612 1637 4682; x_wconf 76' lang='grc' dir='ltr'>δήποτε,</span> <span class='ocrx_word' id='word_1_638' title='bbox 1662 4611 1816 4678; x_wconf 68' lang='grc' dir='ltr'>φησὶ,</span> <span class='ocrx_word' id='word_1_639' title='bbox 1842 4608 1938 4662; x_wconf 83' lang='grc' dir='ltr'><strong>τοῦ</strong></span> 
     </span>
    </p>
   </div>
   <div class='ocr_carea' id='block_1_91' title="bbox 355 4700 1938 4774">
    <p class='ocr_par' dir='ltr' id='par_1_91' title="bbox 355 4700 1938 4774">
     <span class='ocr_line' id='line_1_91' title="bbox 355 4700 1938 4774; baseline -0.006 -13"><span class='ocrx_word' id='word_1_640' title='bbox 355 4707 492 4761; x_wconf 78' lang='grc' dir='ltr'>Θεοῦ</span> <span class='ocrx_word' id='word_1_641' title='bbox 517 4705 813 4768; x_wconf 83' lang='grc' dir='ltr'>δεδωκότος</span> <span class='ocrx_word' id='word_1_642' title='bbox 844 4705 974 4774; x_wconf 82' lang='grc' dir='ltr'>ὑμῖν</span> <span class='ocrx_word' id='word_1_643' title='bbox 1025 4703 1246 4771; x_wconf 75' lang='grc' dir='ltr'>ἄριστον</span> <span class='ocrx_word' id='word_1_644' title='bbox 1295 4703 1625 4772; x_wconf 78' lang='grc' dir='ltr'>στρατηγὸν,</span> <span class='ocrx_word' id='word_1_645' title='bbox 1658 4700 1938 4770; x_wconf 77' lang='grc' dir='ltr'>ἀναμέσον</span> 
     </span>
    </p>
   </div>
   <div class='ocr_carea' id='block_1_92' title="bbox 359 4791 1943 4865">
    <p class='ocr_par' dir='ltr' id='par_1_92' title="bbox 359 4791 1943 4865">
     <span class='ocr_line' id='line_1_92' title="bbox 359 4791 1943 4865; baseline -0.005 -14"><span class='ocrx_word' id='word_1_646' title='bbox 359 4801 662 4852; x_wconf 82' lang='grc' dir='ltr'>κατοικεῖτε</span> <span class='ocrx_word' id='word_1_647' title='bbox 701 4797 810 4850; x_wconf 85' lang='grc' dir='ltr'>τῶν</span> <span class='ocrx_word' id='word_1_648' title='bbox 854 4794 1175 4848; x_wconf 75' lang='grc' dir='ltr'>Χαναναίων</span> <span class='ocrx_word' id='word_1_649' title='bbox 1225 4794 1335 4846; x_wconf 83' lang='grc' dir='ltr'>τῶν</span> <span class='ocrx_word' id='word_1_650' title='bbox 1373 4793 1804 4865; x_wconf 84' lang='grc' dir='ltr'>ἐτερογλώσσων</span> <span class='ocrx_word' id='word_1_651' title='bbox 1848 4791 1943 4844; x_wconf 70' lang='grc' dir='ltr'><strong>καὶ</strong></span> 
     </span>
    </p>
   </div>
   <div class='ocr_carea' id='block_1_93' title="bbox 355 4880 1942 4956">
    <p class='ocr_par' dir='ltr' id='par_1_93' title="bbox 355 4880 1942 4956">
     <span class='ocr_line' id='line_1_93' title="bbox 355 4880 1942 4956; baseline -0.005 -14"><span class='ocrx_word' id='word_1_652' title='bbox 355 4889 701 4956; x_wconf 79' lang='grc' dir='ltr'>ἀλλοφύλων;</span> <span class='ocrx_word' id='word_1_653' title='bbox 747 4887 878 4941; x_wconf 70' lang='grc' dir='ltr'>Ἰδοὺ</span> <span class='ocrx_word' id='word_1_654' title='bbox 895 4885 1003 4954; x_wconf 79' lang='grc' dir='ltr'>γὰρ</span> <span class='ocrx_word' id='word_1_655' title='bbox 1027 4886 1056 4938; x_wconf 82' lang='grc' dir='ltr'>ὁ</span> <span class='ocrx_word' id='word_1_656' title='bbox 1080 4884 1269 4954; x_wconf 77' lang='grc' dir='ltr'>Βαρὰκ</span> <span class='ocrx_word' id='word_1_657' title='bbox 1294 4885 1511 4954; x_wconf 84' lang='grc' dir='ltr'>ἐκίνησε</span> <span class='ocrx_word' id='word_1_658' title='bbox 1557 4886 1678 4938; x_wconf 81' lang='grc' dir='ltr'>κατ’</span> <span class='ocrx_word' id='word_1_659' title='bbox 1715 4880 1942 4935; x_wconf 82' lang='grc' dir='ltr'>ἐκείνων</span> 
     </span>
    </p>
   </div>
   <div class='ocr_carea' id='block_1_94' title="bbox 353 4969 1940 5048">
    <p class='ocr_par' dir='ltr' id='par_1_94' title="bbox 353 4969 1940 5048">
     <span class='ocr_line' id='line_1_94' title="bbox 353 4969 1940 5048; baseline -0.004 -15"><span class='ocrx_word' id='word_1_660' title='bbox 353 4983 480 5042; x_wconf 77' lang='grc' dir='ltr'>τοὺς</span> <span class='ocrx_word' id='word_1_661' title='bbox 503 4969 692 5042; x_wconf 75' lang='grc' dir='ltr'>πόδας,</span> <span class='ocrx_word' id='word_1_662' title='bbox 722 4979 830 5032; x_wconf 86' lang='grc' dir='ltr'>τῶν</span> <span class='ocrx_word' id='word_1_663' title='bbox 853 4977 1205 5048; x_wconf 79' lang='grc' dir='ltr'>διῃρημένων</span> <span class='ocrx_word' id='word_1_664' title='bbox 1235 4975 1293 5042; x_wconf 80' lang='grc' dir='ltr'>ἐξ</span> <span class='ocrx_word' id='word_1_665' title='bbox 1319 4975 1478 5046; x_wconf 75' lang='grc' dir='ltr'>ἡμῶν</span> <span class='ocrx_word' id='word_1_666' title='bbox 1511 4978 1604 5030; x_wconf 75' lang='grc' dir='ltr'>καὶ</span> <span class='ocrx_word' id='word_1_667' title='bbox 1649 4973 1814 5037; x_wconf 79' lang='grc' dir='ltr'>Θεοῦ,</span> <span class='ocrx_word' id='word_1_668' title='bbox 1847 4975 1940 5026; x_wconf 77' lang='grc' dir='ltr'>καὶ</span> 
     </span>
    </p>
   </div>
   <div class='ocr_carea' id='block_1_95' title="bbox 359 5059 1940 5142">
    <p class='ocr_par' dir='ltr' id='par_1_95' title="bbox 359 5059 1940 5142">
     <span class='ocr_line' id='line_1_95' title="bbox 359 5059 1940 5142; baseline -0.004 -20"><span class='ocrx_word' id='word_1_669' title='bbox 359 5070 496 5142; x_wconf 70' lang='grc' dir='ltr'>μηδὲ</span> <span class='ocrx_word' id='word_1_670' title='bbox 542 5070 680 5141; x_wconf 74' lang='grc' dir='ltr'>πρὸς</span> <span class='ocrx_word' id='word_1_671' title='bbox 709 5068 935 5132; x_wconf 79' lang='grc' dir='ltr'>ἑαυτοὺς</span> <span class='ocrx_word' id='word_1_672' title='bbox 967 5063 1426 5138; x_wconf 82' lang='grc' dir='ltr'>συμφωνούντων.</span> <span class='ocrx_word' id='word_1_673' title='bbox 1457 5061 1536 5119; x_wconf 88' lang='grc' dir='ltr'>Ἧ</span> <span class='ocrx_word' id='word_1_674' title='bbox 1567 5065 1676 5136; x_wconf 82' lang='grc' dir='ltr'>γὰρ</span> <span class='ocrx_word' id='word_1_675' title='bbox 1703 5067 1771 5121; x_wconf 75' lang='grc' dir='ltr'>ἄν</span> <span class='ocrx_word' id='word_1_676' title='bbox 1799 5059 1940 5134; x_wconf 79' lang='grc' dir='ltr'>ἦσαν</span> 
     </span>
    </p>
   </div>
   <div class='ocr_carea' id='block_1_96' title="bbox 355 5159 634 5233">
    <p class='ocr_par' dir='ltr' id='par_1_96' title="bbox 355 5159 634 5233">
     <span class='ocr_line' id='line_1_96' title="bbox 355 5159 634 5233; baseline 0.011 -20"><span class='ocrx_word' id='word_1_677' title='bbox 355 5163 535 5233; x_wconf 77' lang='grc' dir='ltr'>χεῖλος</span> <span class='ocrx_word' id='word_1_678' title='bbox 553 5159 634 5216; x_wconf 71' lang='grc' dir='ltr'><strong>ιν.</strong></span> 
     </span>
    </p>
   </div>
   <div class='ocr_carea' id='block_1_97' title="bbox 2045 4416 2364 4472">
    <p class='ocr_par' dir='ltr' id='par_1_97' title="bbox 2045 4416 2364 4472">
     <span class='ocr_line' id='line_1_97' title="bbox 2045 4416 2364 4472; baseline -0.003 -2"><span class='ocrx_word' id='word_1_679' title='bbox 2045 4426 2204 4472; x_wconf 84' lang='lat' dir='ltr'><strong>rente</strong></span> <span class='ocrx_word' id='word_1_680' title='bbox 2236 4416 2364 4470; x_wconf 90' lang='lat' dir='ltr'><strong>fuit.</strong></span> 
     </span>
    </p>
   </div>
   <div class='ocr_carea' id='block_1_98' title="bbox 2115 4528 3614 4587">
    <p class='ocr_par' dir='ltr' id='par_1_98' title="bbox 2115 4528 3614 4587">
     <span class='ocr_line' id='line_1_98' title="bbox 2115 4528 3614 4587; baseline 0.002 -3"><span class='ocrx_word' id='word_1_681' title='bbox 2115 4529 2224 4584; x_wconf 86' lang='lat' dir='ltr'><strong>Cur</strong></span> <span class='ocrx_word' id='word_1_682' title='bbox 2251 4539 2305 4582; x_wconf 80' lang='lat' dir='ltr'><strong>tu</strong></span> <span class='ocrx_word' id='word_1_683' title='bbox 2335 4528 2481 4584; x_wconf 81' lang='lat' dir='ltr'><strong>sedes</strong></span> <span class='ocrx_word' id='word_1_684' title='bbox 2523 4531 2577 4583; x_wconf 87' lang='lat' dir='ltr'><strong>in</strong></span> <span class='ocrx_word' id='word_1_685' title='bbox 2609 4530 2780 4584; x_wconf 82' lang='lat' dir='ltr'><strong>medio</strong></span> <span class='ocrx_word' id='word_1_686' title='bbox 2807 4531 3034 4584; x_wconf 83' lang='lat' dir='ltr'><strong>duorum</strong></span> <span class='ocrx_word' id='word_1_687' title='bbox 3068 4531 3296 4585; x_wconf 74' lang='lat' dir='ltr'><strong>(inritant</strong></span> <span class='ocrx_word' id='word_1_688' title='bbox 3321 4532 3347 4586; x_wconf 77' lang='lat'><strong><em>?</em></strong></span> <span class='ocrx_word' id='word_1_689' title='bbox 3369 4531 3450 4585; x_wconf 83' lang='lat' dir='ltr'><strong>Ad</strong></span> <span class='ocrx_word' id='word_1_690' title='bbox 3474 4547 3614 4587; x_wconf 80' lang='lat' dir='ltr'><strong>cun-</strong></span> 
     </span>
    </p>
   </div>
   <div class='ocr_carea' id='block_1_99' title="bbox 2045 4618 3611 4692">
    <p class='ocr_par' dir='ltr' id='par_1_99' title="bbox 2045 4618 3611 4692">
     <span class='ocr_line' id='line_1_99' title="bbox 2045 4618 3611 4692; baseline 0.003 -20"><span class='ocrx_word' id='word_1_691' title='bbox 2045 4627 2195 4673; x_wconf 82' lang='lat' dir='ltr'><strong>ctum</strong></span> <span class='ocrx_word' id='word_1_692' title='bbox 2236 4618 2382 4674; x_wconf 89' lang='lat' dir='ltr'><strong>forte</strong></span> <span class='ocrx_word' id='word_1_693' title='bbox 2427 4619 2683 4674; x_wconf 90' lang='lat' dir='ltr'><strong>lsraelem</strong></span> <span class='ocrx_word' id='word_1_694' title='bbox 2715 4619 2872 4674; x_wconf 79' lang='lat' dir='ltr'><strong>dicit.</strong></span> <span class='ocrx_word' id='word_1_695' title='bbox 2916 4619 3060 4686; x_wconf 88' lang='lat' dir='ltr'><strong>Quid</strong></span> <span class='ocrx_word' id='word_1_696' title='bbox 3099 4623 3352 4686; x_wconf 86' lang='lat' dir='ltr'><strong>tandem,</strong></span> <span class='ocrx_word' id='word_1_697' title='bbox 3405 4624 3611 4692; x_wconf 85' lang='lat' dir='ltr'><strong>inquit,</strong></span> 
     </span>
    </p>
   </div>
   <div class='ocr_carea' id='block_1_100' title="bbox 2041 4710 3614 4778">
    <p class='ocr_par' dir='ltr' id='par_1_100' title="bbox 2041 4710 3614 4778">
     <span class='ocr_line' id='line_1_100' title="bbox 2041 4710 3614 4778; baseline 0.003 -15"><span class='ocrx_word' id='word_1_698' title='bbox 2041 4711 2311 4778; x_wconf 89' lang='lat' dir='ltr'><strong>optimum</strong></span> <span class='ocrx_word' id='word_1_699' title='bbox 2348 4724 2377 4765; x_wconf 92' lang='lat' dir='ltr'><strong>a</strong></span> <span class='ocrx_word' id='word_1_700' title='bbox 2413 4710 2523 4766; x_wconf 86' lang='lat' dir='ltr'><strong>Deo</strong></span> <span class='ocrx_word' id='word_1_701' title='bbox 2555 4711 2747 4765; x_wconf 86' lang='lat' dir='ltr'><strong>ducem</strong></span> <span class='ocrx_word' id='word_1_702' title='bbox 2791 4711 2935 4765; x_wconf 87' lang='lat' dir='ltr'><strong>nacti</strong></span> <span class='ocrx_word' id='word_1_703' title='bbox 2986 4713 3131 4764; x_wconf 83' lang='lat' dir='ltr'><strong>inter</strong></span> <span class='ocrx_word' id='word_1_704' title='bbox 3172 4711 3516 4768; x_wconf 63' lang='lat' dir='ltr'><strong>Chanauaaos</strong></span> <span class='ocrx_word' id='word_1_705' title='bbox 3560 4723 3614 4770; x_wconf 89' lang='lat' dir='ltr'><strong>et</strong></span> 
     </span>
    </p>
   </div>
   <div class='ocr_carea' id='block_1_101' title="bbox 2042 4799 3614 4870">
    <p class='ocr_par' dir='ltr' id='par_1_101' title="bbox 2042 4799 3614 4870">
     <span class='ocr_line' id='line_1_101' title="bbox 2042 4799 3614 4870; baseline 0.005 -18"><span class='ocrx_word' id='word_1_706' title='bbox 2042 4799 2340 4870; x_wconf 83' lang='lat' dir='ltr'><strong>lingua..et</strong></span> <span class='ocrx_word' id='word_1_707' title='bbox 2376 4809 2540 4870; x_wconf 81' lang='lat' dir='ltr'><strong>gente</strong></span> <span class='ocrx_word' id='word_1_708' title='bbox 2573 4802 2786 4856; x_wconf 87' lang='lat' dir='ltr'><strong>alienos</strong></span> <span class='ocrx_word' id='word_1_709' title='bbox 2820 4801 3132 4858; x_wconf 88' lang='lat' dir='ltr'><strong>desidetis?</strong></span> <span class='ocrx_word' id='word_1_710' title='bbox 3158 4802 3298 4858; x_wconf 76' lang='lat' dir='ltr'><strong>Ecce</strong></span> <span class='ocrx_word' id='word_1_711' title='bbox 3336 4806 3480 4859; x_wconf 85' lang='lat' dir='ltr'><strong>enim</strong></span> <span class='ocrx_word' id='word_1_712' title='bbox 3511 4805 3614 4860; x_wconf 88' lang='lat' dir='ltr'><strong>Ba-</strong></span> 
     </span>
    </p>
   </div>
   <div class='ocr_carea' id='block_1_102' title="bbox 2043 4875 3611 4964">
    <p class='ocr_par' dir='ltr' id='par_1_102' title="bbox 2043 4875 3611 4964">
     <span class='ocr_line' id='line_1_102' title="bbox 2043 4875 3611 4964; baseline 0.004 -20"><span class='ocrx_word' id='word_1_713' title='bbox 2043 4907 2137 4946; x_wconf 89' lang='lat' dir='ltr'><strong>rac</strong></span> <span class='ocrx_word' id='word_1_714' title='bbox 2173 4900 2369 4946; x_wconf 86' lang='lat' dir='ltr'><strong>contra</strong></span> <span class='ocrx_word' id='word_1_715' title='bbox 2407 4893 2535 4947; x_wconf 90' lang='lat' dir='ltr'><strong>illos</strong></span> <span class='ocrx_word' id='word_1_716' title='bbox 2565 4875 2868 4947; x_wconf 80' lang='lat' dir='ltr'><strong>concitavit</strong></span> <span class='ocrx_word' id='word_1_717' title='bbox 2913 4893 3082 4964; x_wconf 88' lang='lat' dir='ltr'><strong>pedes</strong></span> <span class='ocrx_word' id='word_1_718' title='bbox 3122 4910 3340 4958; x_wconf 89' lang='lat' dir='ltr'><strong>eorum,</strong></span> <span class='ocrx_word' id='word_1_719' title='bbox 3367 4895 3458 4964; x_wconf 91' lang='lat' dir='ltr'><strong>qui</strong></span> <span class='ocrx_word' id='word_1_720' title='bbox 3491 4911 3550 4950; x_wconf 91' lang='lat' dir='ltr'><strong>se</strong></span> <span class='ocrx_word' id='word_1_721' title='bbox 3583 4912 3611 4949; x_wconf 89' lang='lat' dir='ltr'><strong>a</strong></span> 
     </span>
    </p>
   </div>
   <div class='ocr_carea' id='block_1_103' title="bbox 2046 4981 3611 5055">
    <p class='ocr_par' dir='ltr' id='par_1_103' title="bbox 2046 4981 3611 5055">
     <span class='ocr_line' id='line_1_103' title="bbox 2046 4981 3611 5055; baseline 0.004 -20"><span class='ocrx_word' id='word_1_722' title='bbox 2046 4981 2210 5037; x_wconf 91' lang='lat' dir='ltr'><strong>nobis</strong></span> <span class='ocrx_word' id='word_1_723' title='bbox 2234 4990 2288 5037; x_wconf 89' lang='lat' dir='ltr'><strong>et</strong></span> <span class='ocrx_word' id='word_1_724' title='bbox 2325 4981 2436 5037; x_wconf 84' lang='lat' dir='ltr'><strong>Deo</strong></span> <span class='ocrx_word' id='word_1_725' title='bbox 2466 4983 2817 5038; x_wconf 86' lang='lat' dir='ltr'><strong>avulserunt.</strong></span> <span class='ocrx_word' id='word_1_726' title='bbox 2847 4981 3202 5055; x_wconf 86' lang='lat' dir='ltr'><strong>Nequeiuter</strong></span> <span class='ocrx_word' id='word_1_727' title='bbox 3231 4987 3448 5055; x_wconf 75' lang='lat' dir='ltr'><strong>seipsos</strong></span> <span class='ocrx_word' id='word_1_728' title='bbox 3477 5003 3611 5041; x_wconf 83' lang='lat' dir='ltr'><strong>cen-</strong></span> 
     </span>
    </p>
   </div>
   <div class='ocr_carea' id='block_1_104' title="bbox 2047 5068 3661 5148">
    <p class='ocr_par' dir='ltr' id='par_1_104' title="bbox 2047 5068 3661 5148">
     <span class='ocr_line' id='line_1_104' title="bbox 2047 5068 3661 5148; baseline 0.002 -26"><span class='ocrx_word' id='word_1_729' title='bbox 2047 5068 2294 5133; x_wconf 82' lang='lat' dir='ltr'><strong>veniunt,</strong></span> <span class='ocrx_word' id='word_1_730' title='bbox 2329 5079 2424 5124; x_wconf 92' lang='lat' dir='ltr'><strong>aut</strong></span> <span class='ocrx_word' id='word_1_731' title='bbox 2455 5070 2600 5125; x_wconf 90' lang='lat' dir='ltr'><strong>enim</strong></span> <span class='ocrx_word' id='word_1_732' title='bbox 2633 5073 2800 5126; x_wconf 88' lang='lat' dir='ltr'><strong>unico</strong></span> <span class='ocrx_word' id='word_1_733' title='bbox 2831 5071 3012 5127; x_wconf 87' lang='lat' dir='ltr'><strong>limite</strong></span> <span class='ocrx_word' id='word_1_734' title='bbox 3048 5073 3296 5128; x_wconf 87' lang='lat' dir='ltr'><strong>contenti</strong></span> <span class='ocrx_word' id='word_1_735' title='bbox 3329 5082 3540 5128; x_wconf 84' lang='lat' dir='ltr'><strong>essent.</strong></span> <span class='ocrx_word' id='word_1_736' title='bbox 3645 5133 3661 5148; x_wconf 37' lang='grc' dir='ltr'>θ</span> 
     </span>
    </p>
   </div>
   <div class='ocr_carea' id='block_1_105' title="bbox 1868 5309 2100 5364">
    <p class='ocr_par' dir='ltr' id='par_1_105' title="bbox 1868 5309 2100 5364">
     <span class='ocr_line' id='line_1_105' title="bbox 1868 5309 2100 5364; baseline 0 0"><span class='ocrx_word' id='word_1_737' title='bbox 1868 5309 2008 5364; x_wconf 82' lang='grc' dir='ltr'><strong>ΝΟΤ</strong></span> <span class='ocrx_word' id='word_1_738' title='bbox 2024 5311 2100 5364; x_wconf 71' lang='grc' dir='ltr'><strong>Ε.</strong></span> 
     </span>
    </p>
   </div>
   <div class='ocr_carea' id='block_1_106' title="bbox 448 5446 791 5503">
    <p class='ocr_par' dir='ltr' id='par_1_106' title="bbox 448 5446 791 5503">
     <span class='ocr_line' id='line_1_106' title="bbox 448 5446 791 5503; baseline -0.012 0"><span class='ocrx_word' id='word_1_739' title='bbox 448 5449 536 5503; x_wconf 75' lang='lat' dir='ltr'><strong>5t)</strong></span> <span class='ocrx_word' id='word_1_740' title='bbox 571 5446 682 5503; x_wconf 73' lang='lat' dir='ltr'><strong>&quot;la.</strong></span> <span class='ocrx_word' id='word_1_741' title='bbox 704 5447 791 5503; x_wconf 74' lang='grc' dir='ltr'><strong>ὃς.</strong></span> 
     </span>
    </p>
   </div>
   <div class='ocr_carea' id='block_1_107' title="bbox 425 5447 1933 5590">
    <p class='ocr_par' dir='ltr' id='par_1_107' title="bbox 425 5447 1933 5590">
     <span class='ocr_line' id='line_1_107' title="bbox 425 5447 1933 5590; baseline -0.006 -17"><span class='ocrx_word' id='word_1_742' title='bbox 580 5447 1191 5590; x_wconf 23' lang='grc' dir='ltr'>’ἷῑοὲοιξξέστειλεμπεζοὺς</span> <span class='ocrx_word' id='word_1_743' title='bbox 1221 5515 1420 5590; x_wconf 69' lang='grc' dir='ltr'>αὐτοὺς</span> <span class='ocrx_word' id='word_1_744' title='bbox 1454 5517 1534 5590; x_wconf 65' lang='grc' dir='ltr'><strong>εἰς</strong></span> <span class='ocrx_word' id='word_1_745' title='bbox 1575 5515 1933 5590; x_wconf 31' lang='grc' dir='ltr'>κοιλάδα-ἵνα</span> 
     </span>
    </p>
   </div>
   <div class='ocr_carea' id='block_1_108' title="bbox 352 5585 1931 5656">
    <p class='ocr_par' dir='ltr' id='par_1_108' title="bbox 352 5585 1931 5656">
     <span class='ocr_line' id='line_1_108' title="bbox 352 5585 1931 5656; baseline -0.006 -13"><span class='ocrx_word' id='word_1_746' title='bbox 352 5591 403 5643; x_wconf 86' lang='grc' dir='ltr'><strong>τί</strong></span> <span class='ocrx_word' id='word_1_747' title='bbox 436 5585 802 5650; x_wconf 56' lang='grc' dir='ltr'>ὀυ’κατοικείς</span> <span class='ocrx_word' id='word_1_748' title='bbox 829 5585 1058 5656; x_wconf 78' lang='grc' dir='ltr'>ἐμμέσῳ</span> <span class='ocrx_word' id='word_1_749' title='bbox 1081 5587 1163 5652; x_wconf 73' lang='grc' dir='ltr'>(ἐν</span> <span class='ocrx_word' id='word_1_750' title='bbox 1199 5585 1350 5654; x_wconf 80' lang='grc' dir='ltr'>μέσῳ</span> <span class='ocrx_word' id='word_1_751' title='bbox 1379 5585 1660 5655; x_wconf 69' lang='grc' dir='ltr'>ὀρθότερ.)</span> <span class='ocrx_word' id='word_1_752' title='bbox 1711 5585 1931 5654; x_wconf 63' lang='grc' dir='ltr'>χιλίων,</span> 
     </span>
    </p>
   </div>
   <div class='ocr_carea' id='block_1_109' title="bbox 2042 5446 3611 5520">
    <p class='ocr_par' dir='ltr' id='par_1_109' title="bbox 2042 5446 3611 5520">
     <span class='ocr_line' id='line_1_109' title="bbox 2042 5446 3611 5520; baseline 0.002 -23"><span class='ocrx_word' id='word_1_753' title='bbox 2042 5446 2305 5520; x_wconf 51' lang='grc' dir='ltr'>ἐξέτεικξν</span> <span class='ocrx_word' id='word_1_754' title='bbox 2330 5446 2730 5520; x_wconf 17' lang='grc' dir='ltr'>ἐν-ταῖςᾲαῷτοῢ</span> <span class='ocrx_word' id='word_1_755' title='bbox 2764 5449 3075 5520; x_wconf 80' lang='grc' dir='ltr'>διαιρέσεσι</span> <span class='ocrx_word' id='word_1_756' title='bbox 3123 5449 3348 5520; x_wconf 85' lang='grc' dir='ltr'>μεγάλοι</span> <span class='ocrx_word' id='word_1_757' title='bbox 3381 5447 3611 5519; x_wconf 73' lang='grc' dir='ltr'>ἀκριϐαο</span> 
     </span>
    </p>
   </div>
   <div class='ocr_carea' id='block_1_110' title="bbox 2044 5516 2860 5585">
    <p class='ocr_par' dir='ltr' id='par_1_110' title="bbox 2044 5516 2860 5585">
     <span class='ocr_line' id='line_1_110' title="bbox 2044 5516 2860 5585; baseline 0.01 -18"><span class='ocrx_word' id='word_1_758' title='bbox 2044 5516 2189 5585; x_wconf 80' lang='grc' dir='ltr'>σμοέ.</span> <span class='ocrx_word' id='word_1_759' title='bbox 2227 5517 2340 5578; x_wconf 85' lang='grc' dir='ltr'>Εἰς.</span> <span class='ocrx_word' id='word_1_760' title='bbox 2377 5517 2409 5584; x_wconf 86' lang='grc' dir='ltr'>ἡ</span> <span class='ocrx_word' id='word_1_761' title='bbox 2443 5518 2500 5569; x_wconf 84' lang='grc' dir='ltr'><strong>ἐν</strong></span> <span class='ocrx_word' id='word_1_762' title='bbox 2544 5517 2712 5584; x_wconf 79' lang='grc' dir='ltr'>Ὀξον.</span> <span class='ocrx_word' id='word_1_763' title='bbox 2748 5519 2860 5576; x_wconf 79' lang='grc' dir='ltr'>ἕκδ.</span> 
     </span>
    </p>
   </div>
  </div>
