3986 6218
468 212 608 281 1059

536 330 716 388 Ruben
742 331 920 401 magni
961 329 1247 385 decretarii
1288 328 1488 395 cordis,
1520 346 1675 384 eccur
1728 330 1875 385 sedes
1906 331 2044 385 inter
2072 335 2119 390 Α

466 423 519 480 Μ
530 423 872 494 osphazthan?
889 420 1028 496 [16.]
1052 422 1188 479 Illud
1203 421 1577 493 Mospbaathan
1602 424 2034 495 interpretantur

460 514 690 584 Aquilas
708 512 951 583 quidem,
980 512 1229 579 sortium,
1284 512 1651 584 Symmachus
1685 529 1835 578 vero,
1861 515 2034 583 campi

464 606 606 660 inter
628 612 881 672 utrasque
907 602 1067 655 acies.
1093 600 1363 659 Czeterum
1384 599 1577 657 Ruben
1617 611 1807 673 utpote
1830 604 2036 673 primo-

460 695 702 765 genitus,
756 690 1142 762 magnanimus
1184 700 1416 756 est,nec
1445 706 1556 746 non
1580 693 1634 747 in
1665 694 1831 749 rebus
1855 695 2037 749 omni-

461 787 565 842 bus
617 799 806 854 sagax.
849 783 1011 851 Quod
1052 797 1186 839 sane
1220 784 1289 838 de
1329 781 1587 839 Manasse
1613 799 1831 855 quoque
1856 783 2041 851 aﬂert.

426 860 431 865 ’
458 873 603 943 Quid
638 874 830 946 igitur,
862 871 1063 943 inquit,
1096 870 1534 937 considerantes,
1593 880 1648 929 et
1687 881 1879 928 exacte
1910 889 2036 942 per-

458 966 763 1040 pendentes
791 965 997 1031 omnia,
1025 962 1254 1027 sedetis,
1286 978 1464 1034 neque
1482 963 1550 1018 ad
1575 979 1812 1035 pugnam
1842 966 2035 1036 pedem

457 1057 720 1124 movetis,
768 1055 1073 1126 Rubenque
1131 1066 1284 1127 trans
1333 1053 1630 1110 Jordanem
1671 1056 2039 1112 ulciscimini?

458 1146 671 1215 Quibus
723 1148 974 1202 videlicet
1023 1146 1160 1202 satis
1205 1154 1309 1210 est,
1357 1145 1404 1200 si
1427 1155 1642 1202 vestras
1676 1162 2038 1205 conservave-

457 1239 585 1294 ritis
612 1238 1139 1294 sortes.Praasertim
1156 1252 1286 1293 vero
1316 1252 1444 1293 cum
1464 1238 1752 1293 victoriam
1783 1238 2035 1308 videatis;

1800 212 2157 274 PROCOPII
2188 211 2432 275 ϐΛΖᾸΞῐ

3586 213 3724 281 1060

2227 330 2485 399 Ῥουϐὴν
2510 330 2762 400 μεγάλοι
2795 329 3151 401 ἀκριεασμοι
3192 332 3441 401 καρδίας
3464 372 3483 402 ,
3521 334 3625 389 ἵνα
3670 337 3727 389 τί

2129 440 2233 493 μοι
2259 422 2523 491 κάθησαι
2546 422 2857 492 ἀναμέσων·
2887 423 3005 477 τῶν
3032 423 3429 493 Μοσφαιθάνς
3465 426 3539 478 Τὸ
3570 427 3727 479 Μοσ-

2135 512 2335 581 ιεαιθὲιν
2379 513 2800 585 ἑρμηνεύουσιν,
2848 514 3078 579 Ἀκύλας
3112 516 3232 586 μὲν,
3280 514 3398 569 τῶν
3448 517 3722 585 κλήρων,

2135 603 2431 676 Σύμμαχος
2480 605 2559 673 δὲ,
2609 605 2726 660 τῶν
2774 607 3162 676 μεταιχμίων.
3220 606 3278 661 Ὀ
3314 608 3371 661 δὲ
3421 607 3655 678 Ῥουὸὴν
3697 611 3727 662 ὁ

2135 696 2483 764 πρωτότοκος
2516 696 2876 767 μεγαλόφρων
2909 698 3046 761 ἐστὶ,
3090 698 3182 750 καὶ
3225 698 3399 762 ἄλλως
3429 698 3558 765 ὀξὺς
3594 701 3724 770 περὶ

2134 788 2203 841 τὰ
2228 788 2555 858 πράγματα.
2598 789 2776 860 Ὅπερ
2808 791 3059 861 ἐπιφέρει
3083 792 3182 844 καὶ
3216 794 3347 858 περὶ
3373 791 3467 844 τοῦ
3499 795 3724 846 Μανασ-

2138 881 2229 952 σῆ.
2251 881 2316 934 Τί
2347 878 2462 945 οὖν,
2497 883 2653 953 φησι,
2696 885 3029 947 σκοποῦντες
3059 884 3157 938 καὶ
3201 885 3720 955 ἀκριϐολογούμενοι

2136 973 2403 1045 κάθησθε,
2437 975 2513 1044 μὴ
2547 974 2683 1045 πρὸς
2720 976 2820 1044 τὴν
2853 975 3033 1045 μάχην
3059 974 3395 1043 κινούμενοι,
3446 976 3582 1045 μηδὲ
3608 980 3718 1039 τοῖς

2137 1066 2263 1135 περὶ
2297 1065 2387 1117 τὸν
2428 1065 2655 1136 Ῥουϐὴν
2708 1066 2882 1136 πέραν
2930 1066 3025 1119 τοῦ
3056 1066 3326 1136 Ἰορδάνου
3382 1067 3717 1136 μηνύοντεςς

2136 1154 2459 1223 ἀγαπῶντες
2509 1156 2558 1208 εί
2618 1155 2745 1218 τοὺς
2797 1155 2962 1218 ίδίους
3008 1156 3281 1225 φυλάξητε
3311 1156 3566 1226 κλήρους.
3607 1159 3721 1209 Καὶ

2136 1245 2309 1299 ταῦτα
2332 1244 2431 1315 τὴν
2456 1245 2612 1315 νίκην
2648 1244 2875 1307 ἰδόντες·
2910 1243 3085 1297 δεῖσθε
3108 1244 3163 1297 δὲ
3197 1244 3305 1296 τῶν
3337 1246 3721 1315 σημαινόντων

455 1330 746 1384 convenite
790 1343 923 1383 vero
984 1343 1079 1384 eos
1123 1327 1218 1399 qui
1250 1328 1411 1384 vobis
1453 1328 1568 1384 Ιιεεο
1607 1329 1953 1395 renuntiant,
1986 1342 2024 1387 el

2139 1336 2289 1408 ύμῖν,
2316 1337 2410 1390 καὶ
2435 1335 2743 1389 καλούντων
2781 1336 2862 1398 εις
2894 1336 2993 1405 τὴν
3021 1335 3345 1406 παράταξιν.

454 1422 510 1476 in
536 1420 709 1474 aciem
746 1424 1075 1489 provocant.

526 1509 683 1580 502
705 1506 761 1561 Η
766 1509 889 1579 agni
910 1516 1230 1562 scrutatores
1256 1507 1430 1563 cordis
1442 1548 1455 1572 ,
1470 1504 1683 1563 Galaad
1698 1508 1834 1562 citra
1850 1508 1884 1561 .1
1892 1508 2043 1564 arda-

454 1618 567 1654 uem
587 1601 801 1669 quievit.
852 1596 941 1671 [V,
972 1597 1082 1670 17.]
1111 1597 1239 1667 Sita,
1256 1605 1341 1653 est
1373 1597 1577 1653 Galaad
1612 1612 1650 1653 a'
1682 1606 1837 1669 tergo
1873 1599 2039 1657 Plite-

2197 1510 2457 1581 Μεγάλοι
2476 1512 2547 1577 ἐξ
2551 1531 2567 1564 ι
2573 1512 2853 1582 χνιασμοί
2875 1512 3142 1579 καρδίας.
3156 1512 3404 1567 Γαλαὰδ
3423 1513 3493 1565 ἐν
3512 1509 3593 1578 τῷ
3613 1511 3721 1565 πέ-

2131 1619 2252 1672 ραν
2273 1602 2378 1656 τοῦ
2406 1601 2708 1670 Ἰορδάνου
2741 1601 3192 1668 κατεσκήνωσε.
3222 1602 3412 1654 Κεῖται
3440 1603 3471 1670 η
3506 1594 3722 1651 Γαῖαέιδ

456 1698 606 1748 uices
642 1702 695 1747 et
716 1693 952 1758 Arabiae,
985 1692 1363 1762 contingitque
1384 1689 1685 1748 Libanum.
1741 1691 2024 1748 Protendit

2131 1693 2225 1746 ἐπὶ
2244 1694 2311 1746 τὰ
2333 1693 2478 1746 νῶτα
2502 1696 2602 1766 τῆς
2617 1693 2871 1763 Φοινίκης
2901 1693 2993 1745 καὶ
3010 1695 3107 1763 τῆς
3124 1692 3388 1763 Ἀραϐίας
3407 1709 3419 1721 ·
3434 1690 3527 1744 καὶ
3549 1690 3720 1743 συνάο

454 1799 583 1837 vero
601 1798 657 1837 se
682 1797 777 1853 per
792 1783 1089 1847 desertum,
1105 1782 1171 1837 ad
1199 1783 1359 1836 tinem
1376 1781 1494 1849 ejus
1517 1796 1682 1851 supra
1705 1780 2020 1839 Iordanem.

455 1875 513 1929 lu
546 1890 651 1943 qua
688 1873 952 1929 habitavit
986 1873 1129 1927 Seon
1155 1871 1676 1939 Amorrhaeus.Quae
1692 1881 1841 1929 sorte
1860 1884 2027 1930 cessnt

451 1972 671 2026 duabus
694 1970 938 2025 diniidiis
959 1969 1235 2024 tribubus.
1263 1967 1338 2024 De
1368 1983 1474 2038 qua
1504 1969 1558 2022 in
1588 1968 1863 2025 Ieremia:
1899 1989 1918 2020 ι
1942 1967 2026 2024 Tu

453 2063 584 2117 mihi
616 2061 948 2130 principium
980 2058 1172 2114 Libani
1194 2059 1264 2125 τ’,
1300 2077 1319 2109 ι
1357 2059 1565 2114 dictum
1589 2066 1695 2116 est.
1736 2058 1832 2114 Est
1862 2074 2027 2129 porro

451 2169 609 2209 mons
646 2167 866 2223 quoque
904 2151 1134 2218 Galaad,
1167 2160 1222 2205 et
1278 2152 1479 2206 civitas
1513 2152 1757 2221 ejusdem
1786 2152 2027 2207 nominis

450 2258 617 2313 super
679 2259 765 2298 eo.
821 2241 997 2309 Quam
1060 2241 1130 2297 ab
1155 2240 1480 2297 Amorrhaeo
1553 2243 1768 2312 accepit
1814 2240 2025 2297 Gaiaad

451 2336 598 2389 filius
650 2332 883 2399 Maclrir,
937 2347 1107 2404 nepos
1145 2331 1441 2387 Manassis.
1472 2332 1569 2388 Isti
1611 2334 1801 2405 igitur,
1824 2335 2023 2404 inquit,

450 2425 642 2494 procul
687 2433 840 2479 trans
894 2421 1190 2478 Iordanem
1224 2422 1438 2491 sedent,
1482 2437 1608 2477 cum
1640 2425 1819 2479 adhuc
1853 2424 2026 2493 pluri-

452 2532 598 2569 mum
629 2523 790 2569 terra:
829 2514 971 2569 intra
999 2510 1298 2568 Jordanem
1346 2522 1572 2583 possent
1603 2528 1824 2583 capere.
1852 2515 2028 2569 Inter-

450 2607 656 2677 pretari
684 2620 815 2662 vero
843 2606 972 2662 licet
998 2603 1228 2671 Galaad,
1273 2606 1610 2676 migrationis
1644 2606 2023 2660 testimonium.

451 2696 650 2753 Eorum
715 2699 885 2770 igitur
928 2697 1025 2768 qui
1068 2697 1124 2752 in
1187 2704 1338 2752 terra
1394 2697 1669 2761 habitant,
1698 2706 1754 2752 et.
1800 2696 2028 2752 advena:

451 2800 600 2852 sunt,
633 2803 842 2859 magna:
879 2787 1067 2844 cordis
1106 2789 1501 2844 scrutationes.
1543 2787 2029 2845 Transceuderunt

448 2878 595 2933 enim
626 2892 842 2933 omnem
882 2877 1163 2933 carnalem
1216 2878 1637 2948 cogitationem.

522 2988 642 3043 Dan
667 3005 763 3043 cur
782 2988 923 3057 apud
946 3005 1100 3045 naues
1139 2988 1326 3044 sedet?
1345 2997 1452 3045 etc.
1485 2987 1677 3043 Tradit
1705 2988 1848 3043 enim
1868 2988 2024 3046 lose-

451 3080 616 3150 phus,
660 3078 928 3136 Israelitis
982 3080 1039 3135 in
1072 3079 1347 3152 ignaviam
1399 3078 1643 3148 delapsis
1681 3080 2023 3135 Cliananazos

449 3176 667 3238 sumpto
731 3169 917 3224 animo
947 3183 1177 3239 magnas
1223 3169 1623 3238 conscripsisse
1671 3171 1881 3240 copias,
1905 3181 1960 3226 et
1992 3187 2022 3226 a

450 3264 597 3319 tribu
627 3262 849 3334 quidem
900 3261 1063 3327 Juda,
1093 3263 1334 3319 Ascalon
1373 3271 1429 3319 et
1463 3264 1737 3332 Accaron,
1775 3265 2024 3335 aliasque

450 3353 652 3408 multas
687 3353 745 3407 in
783 3366 979 3422 eampo
1011 3352 1320 3423 explicatas
1377 3353 1542 3409 urbes
1588 3355 1881 3421 avulsisse,
1917 3353 2023 3409 Da-

449 3444 597 3499 nitas
644 3457 773 3499 vero
812 3443 866 3498 in
899 3452 1145 3499 montem
1207 3442 1508 3514 confugere
1552 3444 1825 3515 adegisse,
1859 3460 1923 3502 ac
1952 3445 2020 3503 iis

448 3534 666 3603 quidem
730 3534 800 3590 de
830 3547 1025 3603 eampo
1055 3533 1193 3589 nihil
1239 3533 1552 3602 reliquisse.
1596 3533 1771 3592 Porro
1793 3552 1889 3607 per
1920 3553 2020 3594 ex-

448 3624 752 3692 ploratores
820 3623 1065 3692 quinque
1112 3623 1338 3692 cognito
1395 3624 1543 3693 quod
1588 3633 1733 3679 terra
1765 3641 1793 3677 a
1821 3640 2020 3696 magno

449 3714 669 3769 Sidonis
702 3728 899 3784 campo
932 3714 1075 3768 bona
1106 3728 1171 3769 ac
1202 3714 1486 3770 fructuosa
1519 3724 1688 3779 esset,
1708 3730 1832 3769 cum
1854 3732 2016 3770 exer-

444 3807 555 3861 citn
606 3808 904 3876 eruptione
962 3804 1130 3872 facta,
1165 3806 1357 3861 urbem
1434 3806 1634 3861 ibidem
1683 3808 1849 3862 tribui
1903 3807 2015 3862 Dan

444 3895 823 3966 cegnoniinem
894 3906 1241 3967 comparant.
1301 3893 1528 3950 Viciniae
1568 3896 1753 3967 itaque
1795 3897 2018 3953 nomine

444 3988 702 4058 probrum
750 3987 804 4041 in
836 3987 1014 4056 ipsam
1049 3987 1322 4042 redundat
1348 4003 1595 4058 quoque.
1644 3987 2017 4054 Quemadmo-

443 4080 570 4132 dum
599 4079 778 4134 tsraeli
799 4092 1020 4149 quoque
1038 4078 1270 4135 dicitur:
1307 4098 1326 4130 ι
1373 4078 1514 4145 Quid
1552 4079 1651 4135 tibi
1684 4080 1787 4144 vis,
1813 4078 2005 4148 Israel,

441 4167 585 4237 quod
618 4169 671 4222 in
703 4177 851 4224 terra
885 4167 1128 4223 hostium
1159 4169 1422 4225 consistis
1439 4169 1525 4223 9°?
1568 4188 1587 4222 ι
1629 4170 1684 4224 Si
1719 4172 1867 4227 enim
1903 4171 2014 4227 Deo

441 4259 823 4322 adbaesisseut,
883 4258 1001 4314 haec
1056 4260 1250 4330 utique
1325 4275 1434 4314 non
1485 4260 1801 4316 evenissent
1881 4248 2012 4319 illis.

446 4349 780 4405 Vaticinatur
813 4364 944 4404 vero
974 4349 1042 4404 de
1069 4351 1233 4404 rebus
1265 4360 1455 4420 postea
1497 4353 1804 4407 eventuris.

508 4459 638 4514 Aser
665 4458 797 4513 sedit
828 4458 882 4512 in
911 4458 1139 4513 statione
1158 4460 1370 4513 navium
1403 4463 1542 4523 apud
1584 4459 1734 4514 littus
1760 4462 2013 4528 marium,

439 4551 561 4603 etin
608 4549 842 4617 rupturis
865 4549 975 4603 suis
999 4550 1217 4602 mansit.
1273 4548 1515 4605 Zabuton
1549 4553 1773 4620 populus
1815 4551 2015 4608 devovit

441 4641 595 4693 vitam
619 4656 771 4693 suam
804 4641 1142 4694 in‘mortem.
1179 4637 1317 4712 [l8.]
1373 4640 1519 4695 Colit
1575 4643 1956 4699 enim'vallem
1983 4663 2011 4701 a

438 4726 709 4795 Carrnelo,
738 4729 1055 4799 cujusmodi
1083 4737 1196 4784 tota
1232 4741 1377 4785 terra
1420 4732 1611 4787 Sidoni
1651 4734 1882 4790 obversa
1903 4745 2007 4792 est.

438 4815 679 4871 Zabnlon
712 4833 839 4873 vero
872 4825 1074 4873 terram
1095 4834 1270 4890 usque
1289 4819 1358 4874 ad
1382 4820 1562 4876 lacum
1598 4822 2005 4888 tieunezareth,

434 4919 600 4973 supra
635 4903 1030 4962 Carmelumet
1089 4923 1241 4964 mare
1292 4911 1699 4980 prominentem
1725 4927 1809 4971 e51
1837 4918 2003 4971 sorti-

433 5002 543 5047 tus.
597 4993 854 5050 Ostendit
905 4996 1078 5067 igitur
1148 5007 1372 5068 propter
1425 4999 1520 5055 Dei
1582 5003 1888 5074 neglectum
1947 5006 2002 5060 in

434 5095 726 5152 angustum
785 5088 977 5157 copias
1041 5090 1285 5159 ipsorum
1334 5101 1558 5147 coactas
1612 5108 1758 5158 esse,
1811 5096 2002 5165 paula-

435 5177 640 5245 timque
667 5190 696 5231 ιι
718 5176 1044 5237 Οιιιιιιοιιιείε
1069 5196 1134 5237 ac
1166 5182 1366 5237 vicinis
1392 5184 1658 5253 gentibus
1689 5187 1997 5254 compilari.

496 5350 545 5385 "
589 5351 792 5413 Jerem.
827 5372 964 5420 ml,
1019 5358 1074 5414 6.
1150 5358 1197 5391 ⁸⁸
1242 5360 1481 5415 Baruch.
1526 5377 1608 5428 ιιι,
1638 5360 1729 5416 to.

2126 1782 2347 1853 πτειτῷ
2369 1783 2606 1855 Λιϐάνῳ,
2624 1785 2716 1837 καὶ
2742 1783 3062 1850 παρατείνει
3078 1783 3165 1835 διὰ
3184 1781 3283 1850 τῆς
3307 1782 3513 1852 ἐρήμου
3546 1781 3718 1851 μέχρι

2125 1872 2228 1942 τῆς
2281 1873 2422 1944 ὑπὲρ
2468 1872 2560 1924 τὸν
2594 1871 2868 1942 Ἰορδάνην
2924 1870 3218 1942 Πετραίας.
3268 1863 3421 1942 Ἐνῇ
3467 1868 3719 1939 κατῴκει

2128 1963 2320 2017 Σιὼνδ
2350 1964 2701 2036 Ἀμορραῖος.
2745 1965 2848 2017 Ἤν
2905 1961 3288 2032 ἐκληρώσαντο
3337 1964 3392 2015 oti
3442 1961 3534 2015 δύο
3583 1962 3722 2032 ἡμί-

2129 2072 2242 2118 σεις
2278 2054 2467 2123 φυλαί.
2504 2056 2610 2108 Καὶ
2631 2056 2688 2107 ὲν
2738 2053 2976 2125 Ἱερεμίᾳ
3017 2053 3095 2116 δὲ,
3145 2072 3164 2104 ι
3202 2052 3272 2105 Σύ
3305 2070 3393 2123 μοι
3437 2053 3582 2121 ἁρχὴ
3612 2052 3714 2105 τοῦ

2127 2145 2382 2208 Λιϐάνου,
2424 2165 2442 2197 ι
2496 2146 2735 2216 εἴρηται.
2771 2145 2928 2197 Ἔστι
2957 2145 3015 2198 δὲ
3067 2146 3160 2197 καὶ
3191 2145 3316 2214 ὅρος
3350 2142 3583 2205 Γαλαὰδ,
3615 2144 3735 2198 καὶ,

2128 2240 2284 2302 πόλις
2306 2239 2596 2309 ὁμώνυμος
2628 2239 2716 2291 ἐπ’
2745 2237 2926 2308 αὐτῷ’
2953 2238 3020 2307 ἣν
3045 2236 3237 2289 ἔλαὸεν
3264 2236 3370 2288 ἀπὸ
3389 2235 3482 2287 τοῦ
3505 2234 3720 2306 Ἀμορο

2131 2331 2286 2404 ραίου
2328 2331 2541 2385 Γαλαὰδ
2571 2330 2686 2393 υίὸς
2706 2329 2924 2400 Μαχεὶρ
2958 2328 3074 2382 υἱοῦ
3092 2328 3381 2397 Μανασσῆ.
3400 2321 3563 2379 θύτοι
3587 2322 3710 2391 οὖν,

2129 2426 2282 2495 φησὶ,
2316 2425 2508 2499 πόρρῳ
2536 2422 2855 2478 κατοικοῦσι
2881 2422 3057 2493 πέραν
3088 2420 3185 2475 τοῦ
3232 2420 3517 2490 Ἰορδάνου,
3543 2419 3716 2472 δυνά-

2131 2534 2285 2587 μενοι
2314 2519 2415 2586 τῆς
2448 2516 2599 2581 ἐντὸς
2632 2515 2832 2585 πολλὴν
2857 2516 2998 2583 ἄγαν
3022 2514 3184 2568 ἑλεῖν.
3222 2512 3623 2583 Ἐρμηνεύεται
3652 2512 3714 2564 δὲ

2127 2609 2356 2673 Γαλαὰδ,
2370 2611 2758 2679 μετοικησιάς
2768 2608 3080 2677 μαρτυρία.
3102 2604 3221 2659 Τῶν
3246 2601 3337 2659 οὖν
3366 2603 3714 2673 σκηνούντων

2127 2700 2221 2753 καὶ
2250 2698 2659 2769 παροικούντων
2683 2700 2742 2751 ὲν
2772 2700 2836 2768 τῇ
2867 2699 2938 2768 γῇ
2985 2696 3211 2768 μεγάλοι
3263 2695 3364 2762 τῆς
3396 2693 3627 2763 καρδίας
3659 2694 3713 2746 οἱ

2127 2789 2488 2859 δξιχνιασμοί.
2524 2787 3079 2859 Ὑπεραναδεὸήκασι
3117 2785 3228 2856 γὰρ
3274 2787 3452 2839 πᾶσαν
3495 2784 3714 2838 ἔννοιαν

2130 2883 2425 2951 σαρκικήν.
3653 2876 3685 2897 ⁸

2203 2969 2311 3024 Καὶ
2362 2970 2482 3023 Δὰν
2531 2971 2621 3034 εις
2667 2969 2727 3023 τί
2766 2967 3043 3038 παροικεῖ
3095 2966 3372 3033 «lotam;
3421 2967 3558 3036 Φησὶ
3592 2966 3710 3038 γὰρ

2125 3063 2390 3133 Ἰώσηπος
2442 3064 2579 3135 (56),
2638 3064 2715 3128 ὡς
2776 3063 2885 3116 τῶν
2943 3063 3004 3128 ἐξ
3053 3061 3270 3131 Ἰσραὴλ
3324 3061 3713 3115 ἁναπεσύντων

2124 3160 2204 3221 εἰς
2253 3156 2555 3228 ρᾳθυμίαν,
2587 3158 2639 3209 oi
2694 3158 2991 3210 Χαναναῖοι
3028 3154 3425 3226 θαρρήσαντες,
3459 3153 3555 3204 καὶ
3595 3170 3714 3206 πα-

2127 3249 2596 3319 ρασκευασάμενοι
2643 3248 2885 3319 μεγάλας
2925 3247 3223 3317 δυνάμεις,
3267 3245 3365 3323 τῆς
3408 3244 3503 3315 μὲν
3533 3245 3713 3298 Ἰούδα

2123 3340 2296 3410 φυλῆς
2317 3342 2417 3411 τὴν
2455 3340 2779 3395 Ἀσκάλωνα
2802 3338 2898 3394 καὶ
2934 3336 3221 3407 Ἀκκαρὼν
3249 3336 3707 3407 παρεσπάσαντο,

2122 3432 2286 3496 ἄλλας
2349 3449 2409 3486 τε
2462 3434 2522 3487 ὲν
2570 3431 2649 3502 τῷ
2693 3431 2860 3503 πεδίῳ
2912 3430 3144 3492 πολλάς·
3182 3430 3307 3494 τοὺς
3364 3428 3422 3481 δὲ
3471 3428 3709 3489 Δανίτας

2122 3524 2202 3587 εἰς
2229 3524 2292 3576 τὸ
2317 3522 2444 3594 ὅρος
2464 3523 2787 3593 ἠνάγκασαν
2816 3522 3148 3592 συμφυγεῖν,
3180 3518 3274 3573 τοῦ
3307 3518 3494 3589 πεδίου
3526 3534 3707 3571 κατα-

2119 3616 2367 3679 λιπόντες
2389 3615 2599 3677 τούτοις
2619 3614 2793 3669 ούδέν.
2816 3613 2916 3666 Διὰ
2940 3614 3101 3667 πέντε
3128 3612 3184 3665 δὲ
3204 3611 3569 3665 κατασκόπων
3599 3627 3705 3678 μαι
3756 3670 3781 3687 I

2121 3707 2303 3771 θὸντες
2325 3707 2429 3776 γῆν
2456 3706 2671 3777 ἀγαθὴν
2698 3700 2840 3761 εἶναι
2868 3706 2966 3760 καὶ
2986 3705 3275 3776 πάμφορον
3298 3704 3439 3757 κατὰ
3467 3703 3531 3754 τὸ
3554 3702 3703 3771 μέγα

2120 3797 2303 3851 πεδίον
2336 3796 2563 3860 Σιδῶνος
2584 3795 2919 3867 ὁρμηθέντες
2939 3795 3177 3867 στρατῷ,
3204 3794 3482 3859 κτίζουσιν
3510 3795 3701 3848 αὐτόθι

2118 3885 2273 3939 πόλιν
2293 3885 2399 3938 dav
2429 3885 2716 3954 ὁμώνυμον
2745 3887 2811 3955 τῇ
2845 3884 3009 3957 φυλῇ.
3037 3884 3385 3949 Ὀνειδίζεται
3411 3882 3592 3935 τοίνυν
3622 3882 3699 3944 ὡς

2119 3974 2419 4044 παροικῶν.
2439 3973 2525 4037 Ὠς
2553 3975 2646 4027 καὶ
2672 3973 2750 4046 τῷ
2781 3975 3015 4045 Ἰσραὴλ
3037 3974 3254 4042 λέγεται
3272 3989 3286 4003 ⁸
3314 3992 3331 4024 ι
3356 3974 3419 4025 Τί
3442 3974 3561 4027 ὲστί
3590 3991 3696 4037 σοι,

2130 4066 2368 4138 Ἰσραὴλ,
2400 4068 2481 4120 ὅτι
2511 4068 2567 4119 ὲν
2615 4069 2687 4136 γῇ
2733 4067 2842 4120 τῶν
2878 4066 3090 4137 ἐχθρῶν
3126 4060 3206 4132 si;
3243 4084 3262 4118 ›
3297 4067 3358 4118 Ei
3389 4065 3498 4136 γὰρ
3551 4061 3698 4137 ἦσαν

2120 4158 2256 4228 μετὰ
2274 4155 2430 4224 Θεοῦ,
2460 4157 2635 4211 ταῦτα
2661 4158 2761 4211 οὐκ
2791 4157 3045 4229 ἔπασχον.
3075 4157 3452 4229 Παραγγέλλει
3476 4158 3534 4210 δὲ
3564 4176 3693 4228 προ·

2116 4248 2364 4319 φητικῶς
2388 4249 2449 4303 τὸ
2482 4249 2713 4318 ὕστερον
2737 4252 3125 4321 γενησόμενον.

2189 4457 2433 4523 [Maiore
2459 4456 2647 4524 Ἀσὴρ
2697 4457 3019 4525 παρῴκησε
3071 4459 3208 4526 παρ’
3243 4457 3534 4525 αἰγιαλῶν
3585 4463 3691 4513 θα-

2116 4549 2390 4613 λασσῶν,
2424 4550 2526 4603 καὶ
2554 4550 2653 4605 ἐπὶ
2682 4552 2785 4614 τὰς
2810 4550 3064 4617 δικοπὰς
3088 4551 3274 4605 αὑτοῦ
3309 4552 3689 4618 κατεσκήνω-

2114 4658 2191 4695 σε
2225 4640 2561 4697 Ζαὸουλών.
2597 4643 2752 4708 Λαὸς
2807 4642 3080 4699 ὠνείδισε
3133 4642 3345 4713 ψυχὴν
3383 4639 3571 4696 αὐτοῦ
3603 4645 3691 4708 είς

2112 4733 2390 4787 θάνατον.
2411 4733 2729 4804 ’Δσσηρῖται
2752 4735 2860 4805 γὰρ
2884 4736 2979 4804 τὴν
3001 4735 3107 4787 ἀπὸ
3129 4735 3222 4787 τοῦ
3247 4733 3548 4803 Καρμήλου
3579 4750 3693 4784 κοι-

2107 4824 2241 4878 λάδα
2269 4841 2281 4853 ·
2315 4824 2539 4896 τοιαύτη
2570 4825 2677 4892 γὰρ
2711 4826 2860 4878 πᾶσα
2885 4827 2917 4895 ἡ
2944 4826 3036 4877 ἐπὶ
3056 4825 3283 4888 Σιδῶνος
3312 4823 3689 4894 τετραμμένη)

2112 4918 2510 4989 κεκλήρῖονται.
2548 4917 2835 4973 Ζαϐουλὼν
2864 4917 2941 4981 δὲ,
2982 4916 3078 4987 τὴν
3116 4914 3276 4985 μεχρι
3306 4912 3690 4985 Γεννησαρίτιο

2109 5007 2198 5072 δος
2231 5010 2449 5080 λίμνης,
2484 5008 2834 5079 καθήκουσαν
2867 5008 2925 5061 δὲ
2961 5008 3103 5078 ὑπὲρ
3142 5004 3439 5076 Κάρμηλον
3470 5005 3563 5057 καὶ
3594 5004 3689 5057 θά-

2109 5101 2330 5167 λατταν,
2364 5102 2577 5173 ἔλαχον.
2610 5102 2891 5155 Δείκνυσιν
2926 5095 3020 5152 οὗν
3046 5141 3059 5165 ,
3092 5099 3167 5161 ὡς
3200 5098 3289 5151 διὰ
3320 5096 3414 5167 τὴν
3443 5099 3522 5159 εἰς
3554 5096 3687 5149 Θεὸν

2110 5192 2422 5263 παράϐασιν
2473 5192 2819 5264 συνήχθησαν
2873 5194 2952 5255 είς
3012 5190 3219 5255 στενὸν,
3272 5188 3684 5259 παρασπῶντων

1938 5496 2169 5555 NOTAE.

503 5605 616 5679 (56)
656 5610 743 5664 Ἐν
764 5611 841 5683 τῷ
870 5611 998 5682 περὶ
1020 5611 1268 5667 Ίονδαῖκ.
1321 5613 1566 5684 ὰρχαιολ.
1594 5614 1628 5669 ὅ
1662 5631 1785 5683 καφ.
1842 5611 1935 5667 τοῦ
1960 5613 1995 5667 5
2036 5600 2181 5682 βιϐλ.
