3986 6218
382 233 510 301 1061

1476 236 2015 313 COMMENTARII
2052 240 2136 299 IN
2177 240 2515 303 JUDICES.

3513 244 3651 314 1062

377 350 574 414 αὐτοὺς
598 350 739 405 κατὰ
776 350 975 423 μικρὸν
998 350 1103 405 τῶν
1141 349 1500 418 Χαναναίων,
1553 350 1648 404 καὶ
1684 352 1793 404 τῶν
1828 351 1964 422 πλη-

2076 356 2124 410 ld
2152 356 2300 411 enim
2333 366 2417 412 est
2456 357 2623 429 «quod
2656 359 2826 414 dicit:
2867 380 2883 412 ι
2914 361 3159 432 Populus
3205 363 3446 419 animam
3487 380 3647 421 suam

380 445 494 498 σίον
532 443 736 515 ἐθνῶν.
770 444 870 498 Διά
918 443 1077 497 τοῦτο
1128 445 1237 517 γάρ
1270 462 1443 517 φησι·
1479 463 1497 496 ι
1540 445 1681 508 Aab;
1720 444 1964 499 ὠνείδισε

376 537 553 607 ψυχὴν
584 534 751 590 αὑτοῦ
779 536 858 599 είς
883 534 1136 590 θάνατόν.
1176 555 1197 588 ι

449 625 559 678 Καὶ
587 624 679 677 τὸν
717 623 1008 695 Νεφθαλὶμ
1042 624 1100 679 δέ
1131 642 1297 696 φησιν
1321 625 1414 678 ἐπὶ
1446 626 1514 679 τὰ
1561 624 1671 697 ὓψη
1718 626 1821 695 τῆς
1853 625 1964 695 γὼ-

378 733 479 788 ρας
510 718 723 786 φυγεῖν,
754 716 1133 772 καταλιπόντα
1157 718 1255 789 τὴν
1288 717 1424 772 ίδίαν
1449 717 1663 787 μερίδα.

448 808 577 859 Ὅτε
627 806 760 878 γὰρ,
808 809 998 878 φησὶν,
1059 804 1204 863 εἶδον
1232 809 1332 880 τὴν
1364 807 1694 862 ταπείνωσιν
1723 806 1963 880 Ἰσραὴλ,

374 895 753 967 θαρρήσαντες
796 898 846 949 oi
895 896 1121 952 Χαναὰν
1154 898 1552 970 παρετάξαντο.
1583 899 1694 950 Καὶ
1727 896 1965 968 ὴμῶνσδὲ

374 986 603 1049 ἕκαστος
633 987 909 1041 ταπεινῶν
938 988 1128 1055 ἑαυτὸν
1160 988 1249 1043 διὰ
1269 989 1369 1060 τῆς
1410 988 1706 1062 ἁμαρτίας,
1753 989 1967 1061 ὑποχεί-

377 1095 490 1149 ριος
514 1081 629 1141 τοῖς
647 1077 865 1150 δαίμοσι
896 1062 1134 1148 γίνεται.

456 1171 553 1223 Ἑν
580 1172 812 1239 Θεννὰχ
842 1171 939 1225 ἐπί
988 1170 1211 1235 ὕδατος
1239 1170 1548 1244 Μαγεδδώ.
1601 1172 1714 1242 Τὴν
1754 1171 1965 1244 Θεννὰχ

372 1260 472 1332 οὐχ
498 1254 646 1315 εἷλεν
682 1262 716 1332 ὴ
742 1261 885 1332 φυλὴ
915 1262 1223 1334 Μανασσῆ·
1266 1264 1349 1318 δτι
1384 1267 1460 1336 μὴ
1485 1266 1611 1327 τοὺς
1630 1262 1966 1334 ἀλλοφύλους

372 1352 579 1422 ταύτης
619 1353 954 1424 μετέστησεν
998 1352 1131 1408 ἔνθα
1183 1354 1418 1425 συνέστη
1458 1357 1500 1409 ἡ
1531 1354 1769 1424 πόλεμος
1827 1352 1967 1424 πρὸς

371 1444 464 1497 τὸν
498 1443 725 1513 Σισάρα.
766 1444 946 1516 Κώμη
983 1445 1040 1499 δὲ
1079 1445 1174 1499 νῦν
1222 1447 1341 1500 ἐστι
1400 1446 1635 1516 μεγίστη
1679 1444 1985 1515 ἀπέχουσα-

373 1535 473 1603 τῆς
502 1534 786 1605 Λεγεῶνος
835 1536 1087 1605 σημείοις
1117 1535 1188 1605 γ’.
1238 1535 1354 1590 Καὶ
1401 1534 1669 1604 Μαγεδδὼ
1700 1534 1756 1588 δὲ
1791 1534 1966 1604 φυλῆς

373 1625 566 1694 γέγονε
598 1624 893 1694 Μανασσῆ.
933 1624 1003 1694 ἢν
1031 1620 1178 1679 εἷλεν
1201 1624 1436 1696 Ἰησοῦς,
1483 1624 1576 1678 τὸν
1612 1622 1839 1694 βασιλέα
1874 1622 1965 1675 τὸν

2069 448 2264 504 mortis
2298 449 2503 520 objccit
2538 450 2766 521 probro.
2805 469 2824 504 ι

2139 620 2311 677 Porro
2357 621 2704 694 Nephthalim
2766 640 2862 680 sua
2892 626 3066 696 ipsius
3127 635 3285 699 parte
3331 629 3554 687 deserta
3590 631 3648 688 in

2066 713 2287 769 excelsa
2313 713 2551 782 regionis
2590 700 2910 784 confugisse
2954 716 3151 786 inquit.

2138 803 2278 861 Cum
2305 805 2453 860 enim
2487 804 2988 875 viderunt.inquit,
3012 808 3451 865 humiliationem
3468 809 3649 866 Israes

2068 890 2161 953 lis,
2192 889 2397 946 ﬁducia
2425 903 2693 963 concepta
2713 892 3013 947 Chananaei
3035 895 3420 951 instruxerunt
3450 900 3645 952 aciem.

2065 979 2145 1034 Ac
2172 990 2570 1036 nostrumsanc
2586 981 2768 1051 quivis
2790 981 2883 1052 qui
2908 995 2965 1035 se
3003 981 3109 1037 sub
3135 983 3648 1053 peccatumabjlcit,

2069 1070 2324 1126 subditus
2356 1069 2411 1123 iit
2436 1070 2771 1126 daemonum.

2141 1160 2207 1215 In
2236 1160 2475 1214 Thenach
2506 1160 2575 1215 ad
2600 1178 2767 1231 aqua:
2793 1160 3077 1234 Mageddo.
3109 1162 3201 1236 [V,
3233 1162 3348 1236 19.]
3380 1163 3643 1219 Tlienarh

2067 1267 2179 1306 non
2211 1250 2641 1320 cepitManasse
2689 1252 2891 1318 tribus,
2932 1254 3193 1323 quoniam
3244 1260 3556 1310 cxteros'ex
3586 1271 3648 1312 ea

2070 1359 2181 1399 non
2211 1343 2402 1414 exigit,
2457 1344 2545 1397 ubi
2603 1344 2807 1400 bellum
2862 1355 3056 1400 contra
3129 1346 3315 1402 Sisera
3369 1348 3648 1401 constitit.

2066 1435 2226 1490 Nunc
2256 1449 2388 1490 vero
2424 1436 2584 1489 vicus
2611 1444 2697 1490 est
2731 1451 3062 1508 permagnus
3097 1452 3127 1492 a
3163 1436 3416 1506 Legeone
3444 1439 3510 1492 ad
3539 1449 3653 1492 ter-

2067 1524 2203 1581 tium
2231 1526 2448 1596 signum
2479 1526 2740 1582 dissitus.
2770 1528 2841 1582 At
2862 1526 3200 1598 Magcddoin
3231 1529 3377 1583 tribu
3400 1527 3653 1582 Manasse

2070 1616 2193 1682 fuit,
2253 1632 2416 1687 quam
2476 1614 2645 1671 Josue
2699 1618 2875 1686 ipsius
2936 1633 3062 1689 rege
3120 1619 3455 1688 interempto
3482 1618 3646 1688 cepit.

373 1718 546 1789 αὐτῆς
574 1716 798 1771 ἀνελών.
829 1717 905 1771 Ού
936 1716 1173 1788 κατέσχε
1217 1717 1275 1770 δὲ
1323 1717 1497 1773 αὐτὴν
1533 1716 1859 1786 Μανασσῆς,
1892 1715 1966 1787 μὴ

2076 1708 2191 1763 Non
2219 1708 2464 1763 obtinuit
2493 1723 2625 1763 vero
2643 1708 2938 1785 ‘lllanasses
2967 1723 3112 1775 eam,
3146 1723 3270 1764 cum
3301 1718 3554 1764 exterqu
3583 1723 3650 1763 cx

373 1812 464 1867 τδν
495 1810 796 1880 ἀλλόφυλον
817 1811 992 1880 αὐτῆς
1026 1809 1297 1864 ἐκϐαλών.

2068 1816 2132 1855 ea
2169 1816 2278 1855 non
2322 1800 2599 1869 eiecisset.

451 1920 686 1978 Lucrum
707 1923 947 1993 pecunia:
967 1939 1071 1978 non
1091 1922 1682 1979 abstulerunt.Tribttta
1721 1922 1873 1978 etaim
1898 1933 2020 1990 quae
2043 1931 2073 1970 a
2092 1915 2251 1970 nobis
2274 1913 2567 1984 exigebant
2597 1923 2790 1967 contra
2818 1912 2914 1983 jus
2941 1927 3006 1968 ac
3038 1912 3141 1977 tas,
3163 1928 3271 1969 non
3297 1921 3651 1983 acceperunt.

445 2041 549 2094 Ἐκ
572 2039 681 2095 τοῦ
707 2037 970 2108 οὐρανοῦ
992 2039 1387 2109 ἐπολέμησαν
1417 2043 1473 2094 οι
1497 2039 1773 2108 ἀστέρες.
1798 2039 1966 2110 Φησὶν

390 2129 652 2204 Ἰώσηπος
692 2130 830 2203 (57),
879 2130 956 2194 ὡς
997 2131 1445 2203 συμμισγόντων,
1488 2130 1699 2203 χειμὼν
1743 2132 1967 2199 ἐγένετο

380 2221 575 2292 μέγας,
604 2221 747 2293 ὕδωρ
780 2239 842 2275 τε
885 2223 1022 2276 πολὺ
1076 2224 1172 2278 καὶ
1212 2224 1427 2296 χάλαζα
1476 2226 1621 2279 κατὰ
1668 2223 1965 2295 προσώπου

254 2300 257 2301 ν
375 2312 487 2368 τῶν
512 2312 834 2367 Χαναναίων
854 2313 1133 2370 ὶϐάλλετο.
1166 2317 1277 2370 Καὶ
1308 2317 1418 2370 πᾶν
1450 2315 1684 2388 δργανον
1715 2313 1957 2385 πολέμου

376 2404 583 2468 τούτοις
611 2404 887 2476 ἄχρηστον
914 2400 1003 2476 ἦν.
1052 2407 1197 2476 Πρὸς
1232 2404 1263 2459 ὃ
1295 2406 1672 2479 θαρρήσαντος
1712 2405 1953 2476 Ἰσραὴλ,

376 2494 429 2551 oi
458 2493 557 2564 μὲν
579 2493 685 2549 ὑπὸ
712 2493 918 2549 τούτων
951 2493 1264 2559 ἐϐάλλοντο,
1297 2496 1348 2549 ot
1374 2496 1432 2550 δὲ
1464 2496 1570 2551 ὑπὸ
1602 2496 1705 2566 τῆς
1745 2494 1956 2558 οἰκείας

380 2585 548 2639 ἵππου
573 2584 973 2655 τεταραγμένοι
1007 2588 1331 2652 κατέπεσον,
1378 2587 1484 2641 ὐπὸ
1525 2588 1635 2640 τῶν
1691 2587 1958 2662 ἁρμάτων

379 2676 875 2747 καταπατούμενοι.
908 2676 1240 2747 Σημαίνουσι
1262 2677 1319 2730 δὲ
1346 2679 1476 2742 τοὺς
1499 2678 1772 2750 χειμῶνας
1800 2681 1959 2734 ἀστέ-

381 2784 501 2839 ρες’
527 2768 562 2839 ἢ
589 2768 683 2822 καὶ
711 2767 1048 2841 ὑπερϐολικὴ
1068 2770 1208 2825 Θεοῦ
1238 2771 1557 2842 συμμαχίας
1581 2772 1818 2843 ἔμφασις
1837 2788 1850 2803 ’
1881 2773 1957 2838 ὡς

379 2861 473 2914 καὶ
496 2860 567 2914 τὰ
593 2861 832 2931 στοιχεῖα
871 2859 1072 2931 μικροῦ
1102 2860 1211 2915 δείν
1236 2863 1423 2926 αὐτοῖς
1452 2862 1812 2919 ἐπιτίθεσθαι.

461 2947 782 3013 Ἐεέὅαλεν
812 2949 1039 3017 αὐτοὺς
1084 2949 1447 3020 χειμάρρους
1474 2952 1770 3024 Καδημίμ.
1808 2956 1878 3009 Ἢ
1926 2957 1959 3010 ὁ

379 3039 540 3103 αὐτὸς
577 3040 655 3111 τῷ
684 3040 989 3114 Κισσὼν,ῆ
1023 3042 1083 3096 ὲν
1122 3042 1453 3114 ἀμφοτέροις
1502 3045 1817 3119 ἐπολεμήθή
1863 3049 1954 3103 Σι-

2136 2030 2359 2086 leitus
2385 2036 2694 2100 pugnarunt
2725 2029 2916 2084 steuw.
2942 2028 3083 2102 [ια]
3120 2030 3318 2084 Tradit
3349 2027 3650 2101 Josephus.

2065 2124 2323 2179 manibus
2381 2122 2661 2177 consertis
2745 2130 3127 2192 tempestatem
3185 2121 3441 2177 obortam
3527 2137 3653 2178 esse

2065 2230 2340 2286 magnam,
2385 2228 2652 2284 aquasque
2677 2228 2742 2268 ac
2785 2213 3074 2284 grandinis
3126 2213 3358 2267 multum
3399 2212 3650 2269 {aciebus

2063 2306 2507 2363 Chananmorurn
2535 2307 2772 2361 offusum
2797 2321 2941 2369 esse,
2977 2305 3238 2375 nullaque
3266 2320 3420 2359 arma
3450 2305 3648 2361 bellica

2065 2401 2188 2454 usui
2218 2398 2415 2453 fuisse.
2449 2398 2642 2468 Itaque
2659 2411 2784 2451 cum
2824 2397 3086 2452 Israelita!
3122 2398 3374 2450 animum
3404 2397 3649 2468 recepis-

2061 2504 2203 2555 sent,
2228 2491 2364 2546 alios
2388 2490 2608 2560 quidem
2634 2490 2701 2544 ab
2716 2491 2797 2545 eis
2828 2490 2953 2546 telis
2984 2490 3182 2560 petitos
3201 2506 3344 2560 esse,
3364 2492 3500 2548 alios
3521 2508 3649 2549 vero

2062 2583 2222 2653 equis
2258 2584 2377 2637 suis
2403 2582 2728 2653 deturbatos
2759 2595 2789 2633 a
2821 2581 3085 2636 curribus
3116 2584 3476 2638 conculcatus
3493 2599 3642 2640 esse.

2065 2670 2389 2743 Signiﬁcant
2405 2672 2571 2742 igitur
2584 2672 2756 2725 stella:
2776 2679 3147 2741 tempestates,
3162 2682 3253 2726 aut
3265 2672 3647 2728 excellentiam

2063 2763 2233 2818 divini
2256 2762 2446 2818 auxilii
2480 2770 2902 2833 repraesentant,
2931 2778 2995 2816 ac
3011 2762 3134 2832 ejus
3156 2771 3216 2817 ut
3236 2779 3430 2833 parum
3457 2762 3646 2820 abfue-

2061 2856 2307 2927 rit,quin
2330 2855 2604 2910 elementa
2635 2868 2855 2923 quoque
2897 2852 3257 2909 inl‘estassent
3295 2854 3466 2924 ipsos.

2126 2947 2303 3017 Ejecit
2339 2963 2428 3000 eos
2460 2956 2669 2998 torrens
2703 2942 3005 3010 Cedumim,
3046 2959 3140 2998 seu
3176 2945 3316 2998 idem
3348 2944 3531 3007 Cison.
3554 2961 3647 2999 seu

2059 3040 2114 3094 in
2143 3038 2382 3107 utrisque
2420 3036 2554 3090 bello
2583 3036 2778 3104 petitus
2814 3044 2893 3089 est
2944 3034 3144 3088 Sisara.
3182 3033 3556 3108 [21.]‘Verum
3590 3036 3645 3090 in

380 3132 524 3203 σάρα
541 3149 556 3165 ο
583 3133 697 3187 ἀλλ’
723 3136 781 3187 ὲν
816 3133 916 3205 μὲν
951 3133 1030 3206 τῷ
1054 3133 1275 3190 Κισσὼν
1295 3135 1402 3190 ὑπὸ
1427 3136 1522 3190 τοῦ
1556 3138 1745 3209 Βαρὰκ
1766 3182 1780 3204 ,
1811 3142 1868 3193 ἑν
1896 3140 1954 3193 δὲ

2076 3132 2222 3187 Jison
2254 3131 2473 3201 quidem
2496 3127 2739 3190 aBarac,
2761 3127 2816 3180 in
2838 3124 3130 3180 Cedumim
3144 3142 3274 3181 vero
3304 3142 3333 3180 a
3371 3127 3645 3197 Debbora,

378 3225 457 3294 τῷ
481 3224 748 3296 Καδημὶμ
773 3225 880 3278 ὑπὸ
901 3212 1215 3299 Δεϐϐὡρας,
1233 3226 1310 3291 ὥς
1330 3244 1496 3298 φησιν
1521 3206 1777 3295 Εὐσέϐιος
1800 3234 1857 3285 ἐν
1882 3229 1963 3303 τῷ

2076 3230 2127 3278 ut
2150 3222 2205 3276 in
2238 3222 2379 3276 libro
2414 3218 2491 3273 De
2530 3218 2829 3273 nominibus
2856 3216 3091 3270 locorum
3133 3224 3332 3270 auctor
3362 3224 3449 3272 est
3478 3216 3647 3273 Euse-

379 3315 519 3382 Περὶ
555 3314 822 3370 τοπικῶν
849 3315 1158 3386 ὀνομάτων
1204 3317 1343 3388 (58).
1372 3318 1444 3372 Ἢ
1483 3318 1670 3374 τοίνυν
1713 3320 1963 3392 αλλήλοις

381 3405 750 3477 συμϐαλόντες
776 3408 827 3461 oi
849 3408 1086 3479 ποταμοὶ
1102 3408 1234 3472 τοὺς
1258 3409 1606 3475 Χαναναίους
1628 3394 1960 3485 παρέσυρον,

378 3496 468 3570 ἥγ’
493 3492 586 3553 οὖν
613 3491 755 3570 ἧττα
775 3496 969 3570 πρώτη
995 3498 1222 3564 τούτους
1238 3502 1307 3573 τῇ
1327 3500 1557 3573 δευτέρα
1577 3503 1960 3575 παρέπεμψεν.

393 3588 786 3661 Ἐρμηνεύεται
815 3589 874 3642 δὲ
891 3590 1159 3662 Καδημὶμ
1184 3592 1305 3662 μὲν,
1332 3591 1571 3662 φάραγξ
1587 3595 1801 3663 ἁγίων·
1826 3597 1963 3650 Κισ-

383 3677 490 3735 σὼν
508 3679 587 3741 δὲ,
614 3680 1008 3747 εὐφροσύναι,
1034 3680 1069 3751 ἢ
1092 3680 1363 3749 σκληρία
1390 3681 1611 3738 αὐτῶν.
1648 3684 1713 3737 Ἦ
1741 3679 1835 3739 οὖν
1862 3685 1965 3754 φά-

385 3769 522 3840 ριγξ
554 3769 663 3823 τῶν
693 3769 867 3838 ἁγίων
901 3769 1123 3837 ἐξέϐαλε
1161 3772 1290 3835 τοὺς
1332 3772 1577 3843 βασιλεῖς
1612 3775 1835 3829 Χαναὰν
1864 3780 1965 3848 τῆς

380 3856 718 3929 εὐφροσύνης
765 3857 968 3923 αὐτῶν,
1024 3858 1120 3911 καὶ¹
1172 3858 1273 3930 τῆς
1326 3858 1596 3929 σκληρίας
1640 3861 1843 3916 αὐτῶν.
1870 3862 1963 3934 Μὴ

381 3950 662 4015 ποιοῦντες
690 3949 801 4022 γὰρ
827 3950 897 4003 τὰ
920 3950 1184 4005 δοκοῦντα
1205 3953 1318 4015 τοῖς
1336 3951 1610 4022 δαίμοσιν,
1637 3952 1963 4022 ἀλγύνουσιν

383 4042 599 4108 αὐτοὺς,
639 4042 765 4105 τοὺς
818 4041 1082 4110 ἀγγέλους
1129 4042 1536 4112 εὐφραίνοντες.
1572 4044 1798 4115 Φάραγξ
1840 4045 1898 4099 δὲ
1925 4048 1959 4117 ή

378 4132 587 4187 τούτων
609 4134 944 4196 ταπείνωσις
973 4132 1242 4204 δεχομένη
1270 4135 1363 4187 τδν
1392 4134 1569 4202 ὑετὸν,
1600 4137 1696 4191 καὶ
1732 4138 1963 4211 χειμάρ-

381 4226 508 4295 ρους
540 4223 877 4279 ἀποτελοῦσα
910 4224 1037 4287 τοὺς
1073 4225 1298 4294 ῥέοντας
1325 4227 1390 4279 ὲκ
1417 4228 1517 4296 τῆς
1551 4227 1662 4279 τῶν
1689 4229 1965 4282 πιστευόν-

378 4335 487 4372 των
532 4317 757 4387 καρδίας
803 4314 947 4371 κατά
983 4316 1084 4386 τὴν
1117 4314 1213 4370 τοῦ
1248 4317 1504 4389 Σωτῆρος
1533 4320 1737 4389 φωνήν.
1778 4339 1797 4373 ι
1835 4319 1962 4374 Ἐπὶ

378 4408 504 4462 τίνα
528 4409 637 4477 γὰρ
663 4406 960 4478 ἐπιϐλέψω,
997 4407 1164 4479 φησὶν
1193 4408 1221 4461 6
1246 4406 1403 4473 Θεὸς,
1430 4408 1547 4462 ἀλλ’
1578 4409 1611 4480 ἢ
1635 4411 1729 4464 ἐπὶ
1749 4411 1841 4465 τὸν
1865 4428 1962 4465 τα·-

383 4499 587 4563 πεινὸν,
620 4499 713 4552 καὶ
739 4498 986 4569 ἡσύχιον,
1006 4498 1099 4552 καὶ
1120 4497 1399 4570 τρέμοντα
1422 4516 1525 4569 μου
1550 4502 1678 4564 τοὺς
1699 4501 1954 4569 λόγουςςι

380 4589 482 4643 Διὰ
507 4587 711 4642 τούτων
758 4587 1064 4660 εὐφροσύνη
1125 4589 1218 4641 καὶ
1262 4588 1571 4661 σκληρότης
1611 4591 1960 4663 καθαιρεῖται

388 4678 704 4753 τυραννική.

449 4769 869 4837 Καταπατήσει
910 4768 1136 4843 αὐτοὺς
1174 4769 1346 4840 ψυχή
1394 4788 1516 4839 μου
1554 4769 1809 4841 δυνατή,
1873 4772 1962 4837 Ὧς

380 4865 488 4932 γὰρ
528 4861 750 4931 ἰσχυρὴν
774 4859 936 4931 σῶμα
966 4860 1096 4925 τοὺς
1128 4861 1423 4931 αἰσθητοὺς
1459 4862 1759 4932 πολεμίους
1788 4881 1961 4918 κατα-

379 4954 562 5016 πατεῖ,
590 4950 734 5004 οὕτω
763 4949 909 5021 ψυχὴ
935 4949 1138 5020 δυνατὴ
1171 4951 1300 5015 τοὺς
1326 4952 1572 5023 νοητούς.
1606 4970 1627 5004 ι
1654 4953 1779 5006 Ἐπὶ
1802 4953 1959 5007 ἀσπί-

374 5042 445 5096 δα
477 5041 586 5113 γὰρ
621 5041 714 5093 καὶ
747 5038 1060 5110 βασιλίσκον
1082 5041 1344 5115 ὲπιϐήσῃ.
1378 5061 1397 5095 ι

452 5134 593 5188 Τότε
658 5131 1062 5199 ἀπεκόπησαν
1114 5130 1365 5200 πτέρναι
1418 5133 1620 5187 ἵππων
1670 5134 1965 5204 Μαὸαρὼθ

379 5209 700 5278 δυναστῶν
758 5218 968 5276 αὐτοῦ.
1028 5220 1307 5293 Μαδαρὼθ
1374 5222 1645 5290 ἐξέδωκεν
1699 5225 1962 5293 Ἀκύλας,

453 5378 499 5411 ⁸⁸
536 5376 644 5436 lsa.
686 5392 834 5440 un,
872 5377 924 5431 Ξ.
1001 5376 1050 5409 ⁸¹
1098 5375 1243 5434 Psal.
1291 5392 1379 5444 xc,
1427 5375 1516 5439 15,

2064 3313 2208 3369 bius.
2237 3312 2345 3366 Aul
2366 3320 2517 3366 certe
2547 3308 2703 3364 ﬂuvii
2734 3309 2787 3362 in
2824 3308 3136 3364 seinvicem
3175 3310 3466 3379 eruptione
3499 3309 3646 3365 facta

2063 3405 2408 3462 Clnananaeos
2464 3417 2650 3458 secum
2696 3408 3008 3457 traxerunt.
3077 3399 3174 3457 Vel
3225 3402 3462 3472 denique
3494 3403 3650 3473 prior

2033 3496 2252 3553 clades
2310 3494 2614 3567 posteriori
2648 3508 2745 3548 eos
2799 3494 3130 3548 transmisit.
3167 3490 3342 3549 Porro
3372 3496 3647 3564 interpre-

2065 3594 2202 3649 ratio
2237 3591 2522 3647 Cedumim
2587 3597 2768 3655 sonat,
2798 3589 3067 3643 convallis
3109 3592 3646 3652 sanctorum,Cisom

2064 3695 2220 3744 vero,
2244 3680 2459 3743 lwlitia,
2491 3687 2586 3733 aut
2611 3679 2818 3732 duritia
2878 3694 3086 3733 eorum.
3124 3677 3407 3734 Convallis
3463 3682 3651 3751 itaque

2064 3779 2380 3826 sanctorum
2404 3769 2747 3839 ejecitreges
2803 3766 3071 3822 Chanaan
3148 3782 3214 3822 ex
3271 3769 3651 3838 voluptatibus

2064 3861 2181 3917 suis
2213 3867 2269 3915 et
2316 3858 2542 3915 duritia.
2577 3857 2675 3924 Qui
2706 3858 2852 3912 enim
2888 3857 3159 3912 voluntati
3197 3857 3507 3913 dannonum
3540 3876 3647 3914 non

2063 3950 2462 4018 obtemperant,
2523 3949 2716 4004 dolore
2770 3947 2895 4002 illos
2959 3948 3226 4012 aﬂiciunt,
3311 3951 3651 4020 angelosque

2065 4038 2282 4094 latitia.
2336 4036 2433 4091 Est
2500 4052 2632 4092 vero
2692 4038 2963 4093 convallis
3003 4037 3319 4093 humiliatio
3374 4040 3648 4108 ipsorum,

2064 4142 2190 4198 quae
2216 4127 2460 4197 pluviam
2489 4127 2698 4195 excipit
2726 4136 2778 4182 et
2833 4126 3179 4181 torrentibus
3203 4127 3418 4182 exitum
3453 4144 3483 4183 e
3521 4144 3650 4182 cor-

2063 4225 2226 4279 dibus
2282 4222 2529 4278 ﬁdelium
2586 4231 2775 4292 parat,
2849 4219 3320 4292 quemadmodum
3390 4220 3651 4277 Servatur

2065 4312 2265 4384 inquit.
2320 4330 2340 4364 ι
2406 4309 2587 4381 Super
2647 4326 2814 4383 quem
2884 4313 3030 4367 enim
3107 4313 3429 4381 respiciam,
3469 4304 3648 4383 inquit

2062 4406 2210 4462 Deus
2234 4446 2249 4470 ,
2283 4420 2448 4476 quam
2490 4420 2658 4474 super
2684 4404 2968 4468 humilem,
3002 4404 3392 4471 tranquillum,
3424 4413 3480 4459 et
3532 4422 3649 4460 ser-

2064 4511 2256 4553 mones
2313 4510 2469 4551 meos
2518 4496 2977 4551 extimescentem
3008 4494 3101 4547 "‘l
3137 4513 3156 4546 ι
3199 4494 3279 4547 Ac
3306 4494 3395 4549 bis
3422 4494 3644 4565 quidem

2071 4593 2235 4651 rebus
2263 4590 2473 4654 laetitia,
2534 4605 2599 4644 ac
2659 4588 2970 4644 obstinatio
2993 4598 3356 4661 tyrannorum
3396 4603 3427 4643 e
3466 4588 3648 4642 medio

2069 4685 2307 4739 tollitur.
2796 4726 2797 4729 η

2140 4774 2299 4845 503
2321 4773 2667 4829 Conculcabit
2697 4790 2784 4828 eos
2823 4774 3002 4828 anima
3031 4788 3147 4827 mea
3175 4772 3415 4827 robusta.
3444 4772 3646 4839 Quem-

2067 4866 2364 4919 admodum
2392 4865 2539 4919 cnim
2578 4879 2782 4935 corpus
2824 4864 3107 4919 robustum
3166 4863 3404 4918 sensilcs
3461 4864 3647 4918 hostes

2067 4952 2377 5018 conculcat,
2417 4952 2493 5006 ita
2539 4954 2733 5007 anima
2765 4953 2991 5007 robusta
3036 4951 3373 5020 spirituales.
3415 4968 3434 5001 ι
3472 4950 3649 5023 Super

2069 5042 2259 5111 aSpide
2279 5044 2428 5099 enim
2456 5052 2512 5099 et
2528 5044 2789 5101 basilisco
2814 5042 3035 5098 incedes
3050 5044 3116 5096 ⁸⁸.
3159 5061 3179 5095 ι

2141 5135 2287 5190 Tunc
2332 5137 2584 5192 abscissa:
2623 5146 2748 5192 sunt
2796 5137 3006 5208 ungula:
3050 5151 3304 5206 equorum
3362 5133 3644 5189 Mudarotlt

2066 5226 2287 5297 fortium
2312 5227 2450 5298 ejus.
2470 5224 2613 5299 [22.]
2636 5225 2917 5281 Madaroth
2941 5227 3168 5296 Aquilas
3192 5224 3645 5294 exposuit,dtcus

1899 5472 2131 5528 NOTAE.

454 5588 545 5657 (57
610 5588 698 5641 Ἐν
719 5588 797 5658 τῷ
827 5589 953 5659 περὶ
984 5588 1238 5641 Ἰουδαῖκ.
1261 5588 1487 5657 ἁρχαιολ

448 5590 574 5731 (58))
605 5658 692 5713 Ἑν
717 5660 829 5724 τοῖς
854 5657 1101 5729 ἑκδεδομ.
1118 5660 1215 5727 ούχ
1249 5657 1494 5730 εὓρηται.

610 5588 698 5673 Ἔν
719 5587 802 5673 τῷ.
827 5589 953 5673 περὶ
983 5588 1238 5673 ξῐουδαξκ.
1261 5587 1509 5673 ἔρχαιολ.
1554 5587 1586 5642 5
1616 5605 1743 5656 κεφ.
1776 5588 1869 5642 τοῦ
1920 5587 1953 5642 5
1993 5587 2138 5658 βιϐλ.
