3986 6218
327 338 460 406 1085

1435 332 1970 402 COMMENTARII
2012 341 2092 402 IN
2127 334 2458 403 JUDLCES.

3447 342 3577 408 1066

326 455 420 506 ὑπ’
451 450 630 506 αὐτῶν
664 450 716 506 δι
760 449 1066 522 ἀμοιϐαίων
1103 449 1321 522 θρῆνον.
1362 450 1460 512 “At;
1493 451 1588 502 καὶ
1621 447 1895 520 ἀρχούσας

2038 449 2289 503 dideruut
2333 467 2409 504 eae
2445 465 2581 520 quas
2629 449 2905 520 principes
2979 465 3076 506 ceu
3114 451 3285 508 duces
3315 453 3579 509 lamenta-

307 545 518 612 Ὂύτῆς,
551 543 627 607 ὡς
661 543 1084 614 προηγουμένας
1112 541 1206 595 τοῦ
1243 541 1442 614 θρήνου
1468 541 1644 595 καλεῖ.

399 638 522 703 Οὐχ
553 636 950 705 εὑρίσκουσιν
985 635 1174 688 αὑτὸν
1211 633 1642 704 διαμερίσαντα
1681 633 1900 688 σκῦλα.

329 727 400 780 Ἢ
431 727 576 780 κατὰ
606 726 800 779 πεῦσιν
823 726 1077 789 ἐλεεινῶς
1103 726 1283 779 ταῦτά
1321 742 1508 796 φησιν,
1537 725 1570 795 ἦ
1607 726 1748 778 κατὰ
1768 723 1904 777 ἀπέ-

327 835 491 886 φασιν
546 817 647 880 τὰς
693 814 961 876 δοκούσας
993 816 1175 881 αἰτίας
1213 815 1500 888 ἀναιροῦσι
1531 814 1625 868 τοῦ
1659 815 1903 886 βράδους.

327 911 404 964 Οὐ
433 908 540 979 γὰρ
585 908 658 972 ὡς
707 911 938 978 νικήσας
987 907 1230 978 διανέμει
1271 907 1444 962 σκῦλα
1474 911 1586 970 τοῖς
1621 905 1905 976 ὑπηκόοις,

329 999 443 1054 ἀλλ’
488 998 608 1053 οὐδὲ
664 999 838 1066 φίλοις
891 1000 1275 1062 συνεστιᾶται,
1310 997 1384 1059 ὡς
1417 996 1684 1068 ἀριστέως
1716 998 1907 1050 ἀποτε-

331 1091 450 1163 μὼν
504 1091 783 1160 κεφαλὴν,
830 1090 946 1145 ἀλλ’
1004 1091 1127 1144 οὐδὲ
1177 1090 1584 1154 καλλωπίζεται
1631 1090 1909 1160 νικηφόρῳ

328 1183 514 1253 στολῇ.

401 1275 511 1328 Καὶ
535 1279 587 1329 οἱ
629 1273 980 1344 ἀγαπῶντες
1027 1273 1235 1328 αὐτόν.
1268 1273 1372 1326 Τὸν
1413 1273 1620 1345 Σισάρα
1647 1272 1906 1343 δηλονότι.

329 1361 462 1418 Εἶτὰ
472 1381 622 1436 φησι·
639 1385 656 1416 ι
682 1364 932 1436 Καθὼςὴ
953 1363 1188 1434 ἀνατολὴ
1213 1363 1308 1416 τοῦ
1329 1364 1480 1434 ἡλίου
1503 1366 1559 1418 ἐν
1574 1363 1912 1427 δυναστείαις

329 1455 516 1510 αὑτοῦ.
549 1474 568 1508 ι
610 1457 697 1520 Ὧς
730 1457 838 1525 γὰρ
867 1455 1018 1525 ἡλίου
1055 1455 1267 1525 θερινοῦ
1295 1455 1679 1525 διανίσχοντος,
1713 1453 1909 1526 ὁμίχλη

331 1546 425 1599 καὶ
449 1545 610 1613 νέφος
641 1545 736 1598 καὶ
773 1547 881 1598 πᾶν
906 1543 1156 1615 ἐμποδὼν
1191 1544 1504 1598 διαλύεται·
1547 1542 1800 1613 οὖτωςὲν
1833 1543 1912 1614 τῷ

331 1636 642 1690 ἀνατέλλειν
663 1635 761 1706 τῆς
775 1635 1127 1706 δικαιοσύνης
1149 1633 1240 1687 τὸν
1257 1634 1472 1699 Ἥλιον,
1487 1631 1914 1704 διασκορπισθή-

333 1747 518 1784 σονται
541 1732 588 1782 οἱ
613 1731 796 1800 ἐχθροὶ
825 1728 922 1782 τοῦ
946 1727 1102 1796 Θεοῦ,
1137 1728 1199 1781 τὸ
1232 1727 1426 1790 σκότος
1458 1729 1526 1798 τῇ
1560 1727 1788 1796 δυνάμει
1817 1724 1910 1778 τοῦ

332 1820 509 1890 φωτὸς
541 1819 868 1883 διαλύοντος.

403 1912 511 1966 Kal
533 1911 652 1968 υἱοὶ
685 1911 1019 1968 ἀνατολῶν.
1047 1911 1111 1966 Οί
1155 1909 1422 1982 Ἄραϐες,
1455 1907 1914 1980 ἀνατολικὼτεροι

331 2002 464 2072 γάρ.
492 2003 664 2057 Τοῦτο
699 2005 792 2056 καὶ
820 2002 1107 2074 Ἰώσηπος.
1151 2001 1317 2072 Ὁμοῦ
1359 2001 1416 2055 δὲ
1445 2001 1540 2056 καὶ
1569 2001 1673 2073 τὴν
1706 2000 1914 2074 ὡραίαν

333 2093 647 2148 εἰσέϐαλλον
671 2095 765 2148 καὶ
785 2094 996 2165 ἐδῄουν,
1031 2094 1229 2158 ἐῶντες
1252 2094 1345 2148 τὸν
1378 2093 1626 2165 χειμῶνα
1661 2095 1908 2165 σπείρειν

327 2185 434 2240 ,καὶ
454 2187 747 2254 γεωργεῖν.

419 2273 754 2343 Ἐῤῥὰὄδιζε
793 2272 1022 2342 πιφοὺς
1053 2275 1123 2328 ἐν
1171 2273 1360 2343 ληνῷ.
1409 2273 1501 2346 Τῷ
1554 2273 1631 2345 μὴ
1667 2275 1918 2344 φανερῶς

309 2360 316 2366 ’
339 2363 570 2434 ἀλοῆσαι
596 2365 823 2434 τολμᾷν.

425 2456 579 2511 Ἰδοὺ
613 2457 651 2526 ἠ
684 2455 884 2526 χιλιὰς
907 2445 1450 2525 μουῖαπεινοτέρα
1489 2457 1560 2510 ἐν
1589 2453 1915 2522 Μανασσῇ.

2007 537 2174 594 tionis
2207 549 2385 593 vorat.

2078 630 2240 703 504
2263 634 2448 685 Annon
2466 631 2721 685 invenient
2735 630 2884 685 illum
2904 631 2959 684 di
2967 631 3135 684 ridere
3149 632 3337 700 spolia.
3359 629 3444 703 [V.
3462 632 3578 702 29.]

2013 722 2108 778 Vel
2138 724 2533 795 interrogative
2563 740 2688 778 cum
2715 721 3070 780 miseratione
3106 725 3222 780 haec
3255 726 3466 792 dicunt,
3496 728 3580 782 vel

2009 831 2210 871 causas
2261 817 2636 870 cunctationis
2682 815 2784 871 sibi
2828 815 2978 872 visas
3029 817 3425 888 respondentes
3456 819 3580 874 red.

2009 908 2168 960 dunt.
2205 905 2324 960 Non
2375 906 2522 960 enim
2561 919 2752 962 revera
2803 922 2903 960 ceu
2934 907 3111 960 victor
3140 904 3420 962 dividebat
3453 923 3584 980 spo—

2013 997 2082 1050 lia
2113 997 2384 1052 militibus
2414 1013 2430 1052 :
2464 994 2572 1051 imo
2602 1012 2705 1052 nec
2740 1013 2864 1050 cum
2905 998 3106 1052 amicis
3141 1003 3403 1068 tanquam
3439 999 3585 1069 (ipti-

2011 1103 2131 1142 mas
2154 1088 2358 1158 aiiquis
2387 1089 2664 1158 epulatur,
2706 1089 2757 1143 ei
2792 1097 3078 1157 amputato
3099 1085 3301 1160 capite.
3340 1087 3588 1160 Denique

2010 1183 2175 1236 etiam
2205 1197 2306 1235 nec
2334 1181 2612 1234 victoriali
2649 1180 2788 1234 stola
2819 1181 3140 1250 insignitUr.
3555 1165 3562 1174 ’

2083 1271 2152 1326 Et
2207 1272 2298 1343 qui
2347 1271 2585 1340 diligunt
2633 1272 2828 1340 ipsum.
2854 1269 2996 1344 [31.]
3025 1269 3271 1328 Siseram
3307 1269 3586 1329 videlicet.

2012 1362 2248 1428 Deinde,
2280 1360 2480 1432 inquit,
2513 1359 2982 1430 quemadmodum
3024 1369 3180 1416 ortus
3222 1359 3359 1416 solis
3387 1361 3440 1415 iu
3471 1359 3589 1416 ior-

2015 1453 2251 1510 titudiue
2298 1467 2422 1508 sua.
2480 1450 2953 1518 Quemadmodum
3005 1451 3178 1514 enim,
3236 1452 3350 1508 sole
3399 1454 3589 1510 ωε»ιίνο

2015 1547 2332 1612 exoriente,
2361 1544 2564 1616 caligo,
2600 1552 2649 1600 et
2683 1543 2906 1608 nebula,
2935 1557 3206 1613 omneque
3237 1544 3592 1614 impedimen-

2014 1649 2130 1696 tum
2160 1638 2464 1701 evanescit,
2520 1637 2595 1690 ita
2641 1649 2768 1690 cum
2810 1637 3070 1688 exoritur
3105 1628 3197 1690 Sol
3236 1635 3470 1703 justitia:
3504 1633 3592 1690 di-

2015 1729 2324 1787 scutientttr
2395 1727 2607 1784 inimici
2681 1725 2798 1793 Dei,
2845 1727 3049 1781 virtute
3105 1727 3330 1782 luminis
3381 1722 3584 1797 dispel-

2017 1823 2164 1878 lente
2193 1821 2474 1876 tenebras.

2089 1911 2157 1968 Et
2193 1912 2296 1982 ﬁlii
2335 1909 2587 1968 Orientis.
2622 1907 2736 1983 [VL
2776 1908 2860 1982 3.]
2905 1909 3116 1964 Arabes
3149 1908 3449 1966 orientales
3481 1927 3594 1964 ma-

2015 2007 2126 2078 gis,
2159 2004 2264 2059 hoc
2305 2003 2452 2059 enim
2499 2009 2552 2058 et
2583 1999 2864 2072 Josephus
2918 1997 3146 2055 indicat.
3211 1995 3326 2055 Utta
3380 1999 3508 2056 ver'o
3535 1999 3592 2056 in

2015 2097 2206 2169 fruges
2237 2099 2540 2160 irruerunt,
2595 2109 2802 2164 easque
2849 2097 3160 2158 vastarunt,
3206 2094 3261 2147 in
3296 2093 3474 2150 hieme
3506 2109 3594 2149 se-

2018 2185 2291 2253 minandi,
2317 2195 2636 2256 terramque
2675 2179 2894 2239 colendi
2927 2183 3050 2238 loco
3084 2181 3238 2237 dato.

2091 2279 2387 2335 Tribulavit
2443 2279 2678 2332 triticum
2732 2280 2787 2331 in
2827 2276 3106 2330 torculari.
3151 2271 3293 2348 [ΗΑ
3341 2273 3419 2332 Eo
3444 2278 3592 2347 Quod

2021 2375 2201 2444 palam
2237 2373 2498 2425 triturare
2529 2385 2638 2423 non
2665 2373 2916 2424 auderet.

2092 2463 2230 2516 Ecce
2256 2461 2558 2515 millenaria
2591 2476 2706 2513 mea
2737 2461 2910 2514 tenuis
2941 2469 3016 2513 est
3059 2460 3113 2514 in
3147 2455 3420 2514 .ilanasse.
3455 2459 3547 2530 [l5
3579 2458 3593 2530 ]

342 2549 608 2619 Ἔμειναν
638 2549 748 2619 γὰρ
783 2549 863 2610 εἰς
889 2546 1204 2618 χιλιάρχους
1244 2547 1336 2600 καὶ
1366 2547 1806 2616 ἑκατοντάρχους
1841 2546 1916 2598 δι-

2038 2553 2456 2610 Permanserunt
2505 2555 2652 2606 enim
2705 2553 2760 2605 in
2816 2549 3092 2618 tribunos,
3152 2557 3208 2606 et
3239 2553 3595 2608 centuriones.

344 2639 628 2713 ῃρημὲνοι,
673 2641 766 2708 ἀφ’
815 2633 880 2694 οῦ
931 2639 1088 2692 τοῦτο
1149 2637 1571 2696 συνεϐούλευσεν
1623 2637 1798 2708 ’[οθδρ
1842 2636 1916 2707 τῷ

2038 2645 2187 2701 iivisi
2223 2661 2288 2700 ex
2343 2661 2453 2714 quo
2515 2641 2708 2698 λειω-ο
2763 2637 2903 2699 Μοςί
2956 2645 3261 2700 consuluit.
3313 2640 3596 2698 Tribunus

339 2732 585 2786 Μωῦσεῐ.
609 2731 906 2802 Χιλίαρχος
934 2729 1030 2784 οῦν
1063 2730 1350 2802 ὑπάρχων,
1372 2729 1497 2792 τοὺς
1528 2724 1616 2802 inp"
1651 2728 1813 2796 αύτδν
1844 2727 1916 2792 ὡς

2045 2737 2190 2807 gitur
2243 2747 2370 2790 cum
2419 2745 2590 2800 esset,
2649 2733 2904 2792 subditos
2978 2749 3109 2792 suos
3180 2733 3430 2790 inﬁrmos
3477 2750 3597 2791 esse

342 2823 588 2886 ἀσθενεῖς
629 2823 913 2894 ⁴ᾐτιάσατο.

2038 2831 2362 2896 :onquestus
2383 2831 2488 2879 cst.

417 2913 531 2968 Kal
562 2917 712 2969 οἴσω
745 2915 862 2981 τὴν
895 2915 1119 2968 θυσίαν
1145 2932 1287 2985 μου.
1312 2915 1387 2969 "re
1431 2913 1580 2984 θῦμα
1621 2914 1681 2968 τὸ
1717 2919 1800 2982 εἰς
1831 2918 1916 2972 εὕ-

2097 2916 2168 2973 Ει
2195 2918 2415 2987 αΙῙει-αιη
2448 2914 2802 2986 sacriﬁcium.
2847 2911 2992 2987 [18.]
3042 2911 3390 2969 "Sacriﬁcium
3430 2911 3482 2967 id
3509 2912 3596 2967 di-

344 3005 518 3074 ωχίαν
551 3002 698 3057 οὕτω
730 3003 906 3058 καλεῖ.
925 2987 1104 3058 θυσία
1131 3004 1241 3076 γὰρ
1285 3004 1390 3074 οὐχ
1417 3003 1608 3076 ήψεῖτο
1635 3006 1778 3060 κατὰ
1829 3005 1916 3060 τὸν

2038 3013 2100 3068 sit
2126 3010 2268 3080 quod
2291 3010 2356 3064 ad
2386 3010 2606 3078 epulum
2635 3006 2972 3062 destinatum
3005 3014 3147 3062 erat.
3187 3001 3420 3059 Victima
3451 3004 3596 3060 enim

344 3095 528 3166 νόμον.

2038 3119 2138 3182 ngn
2163 3081 2504 3172 coquebatur
2526 3099 2682 3168 juxta
2721 3099 2918 3168 legent.

427 3184 562 3238 Ὑπὸ
583 3185 682 3256 τὴν
711 3185 843 3256 δρῦν
861 3185 1066 3258 τίθησι,
1097 3185 1192 3240 τὸν
1221 3184 1478 3258 Ἀϐραὰμ
1501 3187 1881 3258 μιμησάμενος
1901 3203 1916 3218 ο

345 3275 441 3332 καὶ
474 3277 665 3332 τοῦτον
705 3278 914 3349 οἰηθεὶς
949 3278 1254 3333 ἀναλώσειν
1306 3278 1375 3332 τὰ
1405 3280 1805 3350 παρακείμενα.
1861 3276 1920 3332 '0

342 3369 421 3434 δὲ,
473 3373 567 3425 τδν
613 3371 831 3442 ζωμὸν,
869 3371 944 3435 ὡς
999 3371 1397 3443 ἀνεπιτήδειον,
1442 3372 1645 3442 ἐκχέας
1681 3370 1772 3424 διὰ
1822 3369 1922 3441 τὴν

345 3464 651 3536 ὑδαρότητά
679 3481 738 3516 τε
789 3465 886 3518 καὶ
933 3463 1174 3530 ἔκλυσιν,
1208 3464 1277 3518 τὰ
1333 3463 1475 3534 κρέα
1517 3465 1727 3517 τιθέναι
1783 3462 1922 3533 πρὸς

345 3553 444 3625 τὴν
471 3553 680 3621 πέτραν
718 3553 996 3607 ἐκέλευσε.

423 3647 502 3714 Τῇ
542 3644 726 3715 ῥάϐδῳ
755 3645 868 3716 πῦρ
905 3645 1136 3715 ἀνάψας,
1169 3644 1468 3698 ἀνάλωσεν.
1514 3644 1580 3696 Ἦ
1625 3644 1683 3698 δὲ
1729 3643 1924 3715 ῥάϐδος

351 3734 604 3804 σημαίνει
645 3739 720 3804 πῆ
757 3737 856 3802 μὲν
895 3735 1170 3798 παιδείαν,
1207 3735 1282 3797 ὡς
1315 3735 1410 3788 τό·
1451 3753 1470 3786 ι
1493 3734 1703 3804 Ῥάϐδῳ
1752 3735 1922 3786 τύπτε

349 3823 517 3893 ἄνδρα
550 3822 838 3906 ἁκάρδέονο
870 3841 890 3876 ι
923 3827 998 3894 πῆ
1035 3823 1092 3876 δὲ
1125 3825 1438 3895 στηριγμδν
1486 3826 1582 3878 καὶ
1614 3826 1918 3897 ἀντίληψιν,

347 3912 422 3975 ὡς
455 3913 516 3977 τό
537 3927 549 3940 ·
586 3929 606 3963 ι
627 3911 692 3964 Ἠ
723 3911 920 3982 ῥάϐδος
956 3928 1051 3964 σου
1082 3913 1178 3965 καὶ
1203 3914 1237 3982 ἡ
1291 3911 1564 3984 βακτηρία
1613 3929 1732 3973 σου,
1782 3911 1921 3983 αῦτη

351 4019 420 4073 με
445 4001 842 4072 παρεκάλεσεν.
871 4021 890 4054 ›
920 4003 986 4054 ὐ
1017 4001 1108 4054 καὶ
1134 4000 1230 4054 νῦν
1259 4002 1539 4072 σημαίνει.
1571 4000 1636 4054 Ἥ
1663 4002 1718 4054 δὲ
1750 4002 1923 4070 πέτρα

347 4095 408 4146 τὸ
439 4094 667 4165 στερρὸν
695 4097 794 4163 τῆς
819 4093 1076 4158 πίστεως,
1103 4093 1172 4146 δι’
1194 4093 1263 4164 ἣν
1291 4095 1320 4146 δ
1351 4095 1556 4164 Πέτρος
1585 4094 1920 4164 ὠνόμασται.

349 4175 544 4250 “ﬂag,
595 4183 1133 4255 ἀντιλαμϐανομένου
1193 4183 1350 4249 Θεοῦ,
1406 4185 1504 4238 καὶ
1565 4185 1706 4256 πρὸς
1749 4185 1922 4256 βραχὺ

350 4278 764 4348 πλησιάζοντος,
799 4277 875 4342 ὠς
908 4278 1014 4330 ὑπὸ
1043 4278 1210 4348 πυρὸς
1241 4279 1549 4348 δαπανήσει
1590 4278 1717 4340 τοὺς
1764 4279 1923 4330 πολε-

353 4370 531 4438 μίους.
557 4369 668 4422 Καὶ
697 4369 859 4422 τοῦτο
919 4368 979 4422 τὸ
1025 4371 1275 4439 σημεῖον,
1313 4370 1452 4440 ὅπερ
1485 4369 1657 4440 ᾔτησε
1697 4369 1920 4423 Γεδεών.

2097 3194 2365 3248 Caeterum
2389 3191 2492 3264 sub
2508 3199 2715 3260 quercu
2745 3191 2898 3260 ponit
2923 3189 3296 3244 Abrahamum
3327 3187 3598 3253 imitatus,

2028 3301 2092 3340 ac
2122 3296 2275 3340 ratus
2333 3283 2482 3338 [tunc
2542 3280 2752 3336 fercula
2829 3281 3272 3352 absumpturum.
3322 3279 3416 3336 Ille
3471 3295 3602 3334 vero

2023 3381 2147 3451 jure
2203 3385 2465 3448 tanquam
2508 3373 2863 3430 incommodo
2926 3380 3151 3444 propter
3209 3371 3600 3442 aquositatem,

2029 3471 2509 3543 liquiditatemque
2540 3467 2744 3532 effuso,
2785 3482 2984 3522 carnes
3015 3480 3158 3536 pone
3188 3473 3395 3537 petram
3429 3462 3604 3518 collo-

1953 3583 1963 3593 ο
2027 3577 2154 3618 care
2185 3561 2375 3632 jussit.

2099 3653 2402 3722 [iaculoque
2453 3653 2572 3721 igne
2619 3651 2833 3704 incenso
2876 3643 3193 3715 absumpsit.
3245 3645 3384 3720 [ει]
3433 3645 3604 3702 Porrc

2029 3742 2181 3811 virga
2235 3739 2438 3794 alicubi
2492 3738 2720 3808 quidem
2789 3737 3066 3808 signiﬁcat
3115 3735 3490 3805 disciplinam,
3544 3747 3604 3789 nt

2036 3853 2055 3886 ι
2089 3833 2276 3887 Virum
2305 3829 2594 3885 vecordem
2621 3830 2772 3900 Virga
2815 3837 3039 3898 percute
3069 3824 3136 3895 ⁸⁸,
3176 3845 3195 3880 ι
3233 3827 3434 3882 alicubi
3477 3844 3606 3882 vero

2029 3927 2386 3989 Soliditatem,
2429 3933 2493 3976 ac
2551 3919 2857 3976 subsidium
2893 3961 2908 3984 ,
2963 3919 3124 3990 juxta
3163 3917 3321 3984 illud,
3383 3935 3402 3968 ε
3447 3915 3612 3987 Virga

2031 4029 2122 4072 tua
2150 4023 2204 4071 cl.
2236 4014 2468 4071 baculus
2498 4023 2627 4069 tuus
2661 4028 2746 4066 nte
2779 4017 2864 4067 est
2909 4015 3122 4066 solatus
3147 4009 3217 4064 ⁸⁸.
3263 4030 3281 4062 ι
3319 4007 3493 4076 Quam
3530 4009 3602 4062 si-

2029 4107 2440 4179 gniﬁcationem
2491 4102 2601 4161 hoc
2631 4119 2852 4175 quoque
2907 4103 3033 4157 loco
3065 4102 3248 4157 habet.
3278 4101 3441 4156 Petra
3476 4116 3606 4154 vero

2031 4201 2152 4256 ﬁdei
2187 4200 2526 4264 ﬁrmitatem,
2561 4213 2668 4268 qua
2697 4197 2764 4251 de
2797 4211 2966 4250 causa
2991 4193 3188 4249 Petrus
3215 4209 3414 4248 nomen
3445 4208 3602 4247 suum

2029 4295 2266 4366 accepit.
2321 4293 2455 4359 Qua:
2513 4292 2623 4346 Deo
2658 4287 2946 4360 suppetias
3000 4286 3230 4351 ferente,
3269 4285 3606 4355 propiusque

2033 4390 2356 4442 admovente
2411 4395 2672 4454 tanquam
2711 4382 2836 4452 igne
2876 4380 3130 4436 absumet
3170 4378 3378 4432 hostes.
3429 4378 3608 4445 Atque
3689 4443 3693 4450 ι

347 4464 438 4514 Διὸ
460 4463 554 4516 καὶ
587 4462 728 4532 μετά
753 4462 860 4516 τῶν
887 4462 1097 4516 πιστῶν
1127 4463 1292 4527 αὐτὸν
1338 4464 1367 4516 δ
1397 4461 1612 4526 Παῦλος
1643 4462 1916 4529 κατέλεξε.

2038 4483 2134 4537 hoe
2177 4480 2297 4548 ejus
2336 4479 2558 4549 signum
2617 4483 2700 4530 est
2762 4471 2908 4544 quod
2980 4470 3284 4542 postulavit
3355 4467 3603 4524 Gedeon.

349 4553 468 4623 Θεῷ
497 4554 604 4624 γὰρ
633 4552 950 4619 πιστεύσας,
983 4555 1125 4624 μετὰ
1148 4561 1197 4608 τ’
1231 4554 1446 4627 ἀνδρῶν
1475 4557 1595 4618 ταῖς
1631 4555 1921 4620 τοσαύταις

351 4643 554 4716 χιλιάσι
579 4643 688 4698 τῶν
715 4643 988 4715 πολεμίων
1015 4645 1264 4701 ἐπέθετο.
1301 4647 1452 4718 Ἅμα
1492 4646 1549 4701 δὲ
1589 4646 1863 4700 δείκνυσιν
1894 4649 1926 4700 ὁ

350 4739 560 4807 φανεὶς,
595 4736 671 4800 ὡς
699 4736 922 4808 Χριστῷ
959 4738 1182 4808 μᾶλλον,
1217 4741 1284 4810 τῇ
1309 4739 1506 4812 πέτρα,
1530 4739 1934 4810 προσενεκτὲινί

349 4827 448 4890 τὰς
467 4826 717 4896 χάριτας,
749 4827 808 4880 ἐν
837 4819 882 4894 ᾧ
903 4827 1031 4891 τοὺς
1063 4827 1364 4898 πολεμίους
1397 4829 1774 4900 συντρίψουσι.

395 5111 692 5168 -Ἔσϐεσεν
723 5108 893 5170 αὑτοῦ
924 5107 1021 5168 καὶ
1039 5111 1138 5184 τήν
1163 5113 1436 5186 ταραχήν,
1469 5115 1656 5180 εἰπὼν,
1690 5133 1711 5168 ι
1739 5115 1814 5170 Οὐ
1847 5115 1924 5188 μὴ

348 5207 648 5279 ἀποθάνῃς.
671 5225 691 5260 ι

419 5300 658 5371 Εἰρήιης
694 5297 858 5369 τυχὸν
911 5297 973 5351 τὸ
1010 5297 1422 5369 θυσιαστήριον,
1465 5298 1690 5370 εἰρήνην
1717 5299 1926 5370 Κυρίου

351 5391 526 5448 καλεῖ.
571 5409 592 5443 ι
625 5391 809 5454 Τύπος
833 5390 889 5442 δὲ
933 5389 1094 5444 τοῦτο
1120 5385 1216 5442 τοῦ
1257 5388 1464 5452 πάθους
1487 5389 1728 5460 Χριστοῦ
1766 5409 1786 5442 ι
1827 5389 1922 5444 τοῦ

352 5483 797 5556 προσαγαγόντος
825 5481 1014 5536 ἑαυτὸν
1041 5481 1182 5553 ὑπὲρ
1203 5481 1362 5552 ήμῶν
1393 5483 1473 5544 είς
1493 5482 1669 5553 ὀσμὴν
1699 5483 1926 5548 εὐωδίας

2029 4574 2212 4642 Quare
2261 4586 2397 4626 sane
2433 4570 2487 4623 in
2519 4567 2759 4622 lldelium
2809 4579 3104 4621 numerum
3134 4561 3340 4617 Paulus
3367 4577 3490 4616 eum
3515 4575 3606 4614 re-

2029 4665 2176 4718 tulit.
2212 4661 2320 4716 Deo
2372 4661 2520 4716 enim
2567 4657 2814 4714 cunilsus
2847 4672 2971 4712 cum
3029 4655 3298 4710 trecentis
3329 4661 3408 4708 tot
3433 4650 3606 4706 millia
3687 4644 3698 4696 Ξ

2026 4756 2264 4812 hostimu
2313 4752 2612 4822 superavit.
2679 4749 2893 4805 Interea
2939 4763 3072 4804 vero
3113 4747 3320 4803 indicat
3361 4745 3451 4800 hic
3509 4744 3605 4814 qui

2027 4847 2305 4918 apparuit,
2332 4845 2516 4900 omnia
2550 4844 2698 4898 dona
2736 4842 2961 4896 Christo
2989 4855 3131 4895 verre
3175 4847 3345 4910 petrae
3375 4837 3606 4908 potissi-

2029 4955 2179 4994 mum
2233 4936 2534 4994 deferenda
2575 4949 2722 5000 esse,
2765 4934 2927 5003 cujus
2977 4932 3184 4986 virtute
3226 4929 3414 4986 hostes
3441 4931 3609 4986 com-

2029 5031 2300 5095 minuent.

2101 5117 2375 5182 Exstinxit
2413 5130 2581 5188 porro
2636 5113 2818 5187 ipsius
2864 5111 3331 5185 perturbationem
3359 5124 3487 5165 cum
3520 5107 3607 5164 in-
3686 5172 3691 5182 Ι

2029 5211 2148 5282 quit
2183 5229 2195 5265 :
2225 5229 2244 5262 ι
2281 5210 2643 5280 Nequaquam
2668 5207 2954 5263 morieris.
2995 5223 3016 5258 ι

2102 5302 2259 5362 Unde
2289 5303 2462 5356 altare
2517 5299 2688 5370 pacis,
2741 5314 2928 5370 pacem
2961 5296 3175 5354 Domini
3239 5295 3380 5351 forte
3425 5303 3604 5350 vocat.

2025 5395 2284 5450 Continet
2347 5408 2474 5448 vero
2523 5391 2755 5463 ﬁguram
2811 5390 3090 5462 passionis
3141 5386 3396 5443 Christi:
3451 5401 3472 5435 ι
3509 5381 3605 5453 qui

2025 5487 2382 5557 semetipsum
2415 5484 2618 5540 obtulit
2658 5500 2758 5556 pro
2802 5484 2968 5540 nobis
3003 5483 3061 5538 in
3115 5480 3342 5536 odorem
3385 5474 3607 5547 suavis-

347 5574 427 5646 τῷ
455 5576 575 5648 Θεῷ
604 5575 700 5630 καὶ
729 5575 922 5646 Πατρί.
958 5573 1132 5636 Δύτδς
1159 5575 1267 5643 γάρ
1291 5573 1439 5627 ἑστιν
1473 5575 1508 5637 ἡ
1537 5574 1728 5646 εἰρήνη
1759 5575 1916 5648 ήμῶν

2038 5579 2226 5636 simum
2256 5579 2363 5635 Deo
2396 5587 2450 5635 et
2479 5577 2648 5634 Patri.
2679 5577 2796 5649 Ipse
2825 5577 2970 5633 enim
3005 5591 3107 5646 pax
3151 5579 3342 5628 nostra
3369 5577 3474 5634 est,
3506 5565 3601 5637 qut

420 5731 466 5765 ⁸⁷
495 5731 654 5788 Prov.
691 5746 748 5791 ι.
781 5729 866 5782 t3.
938 5728 986 5760 ⁸⁸
1017 5725 1312 5792 Psalaxu,
1337 5727 1394 5782 4.

670 5823 941 5882 ΡΔΤιιυι..
989 5822 1104 5882 (in.
1155 5817 1538 5880 LXXXVII.

3202 5817 3284 5878 33
