4006 6210
361 308 498 373 1069
1482 296 2036 361 'COMMENTARII
2077 297 2158 357 IN
2196 294 2531 359 JUDICES.
3452 289 3585 355 10Ἱο

358 426 434 476 lio
458 420 607 484 iaces
664 420 973 489 gestarum.
1031 413 1108 470 Ac
1161 413 1217 472 in
1271 424 1486 467 summa
1516 423 1651 465 vero
1705 409 1878 463 levem
1918 407 2157 476 aliquam
2197 407 2416 462 turbam
2464 418 2608 475 sirpe
2652 397 3020 474 potentiorem
3059 417 3319 472 superare
3376 404 3587 473 signiﬁ-

359 509 528 561 cavit.
594 536 599 541 ·

420 594 753 649 Clanzrrunt
782 590 962 662 itaque
991 589 1119 645 tuba
1149 598 1251 643 tm
1274 580 1366 641 is'ti
1401 584 1634 639 ordines.
1673 580 1813 654 [I94
1852 580 1913 635 ln
1941 587 2054 635 tres
2077 580 2303 636 ordines
2354 587 2634 635 trecentos
2667 577 2883 642 divisit,
2914 578 3083 646 inque
3114 577 3398 632 centurias
3430 578 3587 630 rede-

353 682 453 750 git.
509 680 722 733 Contra
769 660 904 731 vero
954 676 1147 730 hostes
1184 674 1427 742 gentium
1483 669 1694 735 vulgari
1751 681 1903 722 more
1931 666 2208 722 distributi
2256 667 2311 721 in
2344 681 2456 722 uno
2483 665 2648 737 globo
2672 664 2858 719 cuncti
2887 670 3068 717 erant.
3099 660 3208 726 Qui
3234 662 3402 716 etiam
3461 678 3592 718 voce

358 775 768 839 perstrepentes
799 776 1031 831 seseque
1067 770 1259 814 mutuo
1294 757 1612 813 territantes
1644 754 2143 839 interierunt.ﬂ.ﬂ
2478 754 2481 755 ⁷

421 855 611 909 Annon
671 852 908 903 racemis
938 846 1192 916 Ephraim
1237 845 1412 912 potior
1446 852 1525 896 est
1555 857 1658 895 uva
1690 840 1957 896 Δωθαετέ
2003 836 2165 911 |Vlll,
2214 838 2298 911 2.]
2339 839 2685 908 ἐπιφυλλίδες
2702 838 2860 907 parvi
2893 837 3034 891 botri
3059 843 3216 899 sunt,
3237 836 3333 905 qui
3360 835 3438 892 ob
3465 850 3594 903 par-

357 942 582 994 vitatem
620 937 1026 991 vindetuiantes
1080 934 1272 987 latent.
1324 930 1537 996 Quibus
1586 927 1829 997 seipsum
1871 940 1995 981 cum
2027 941 2127 981 sua
2156 927 2305 980 tribu
2360 927 2612 981 modeste
2660 924 3031 994 comparavit.
3065 920 3197 977 Uva:
3230 933 3362 977 vero
3389 923 3591 977 tribum

364 1028 618 1094 Epiri-aint
651 1039 770 1092 quae
802 1022 1093 1078 strinxerit
1107 1020 1349 1073 ‘multos.
2011 1020 2017 1027 '

426 1116 765 1186 Βορκομμὶν
826 1115 969 1168 κατὰ
1013 1113 1110 1184 μὲν
1160 1111 1476 1181 Σύμμαχον,
1509 1111 1569 1162 αἱ
1621 1105 1964 1175 τρίϐθλοιολ

2095 1104 2410 1173 Βορκομμδν
2463 1104 2555 1173 qui
2615 1103 2918 1158 secundum
2970 1102 3358 1175 Symmachum
3409 1097 3598 1157 tribuli

367 1209 508 1263 κατὰ
529 1208 588 1262 δὲ
628 1206 874 1268 Ἀκύλαν,
914 1204 1335 1272 τραγάκανθαι.

451 1297 687 1366 Ἑφοὺδ,
719 1298 970 1367 μαντεῖον
1002 1294 1036 1367 ἦ
1067 1292 1306 1346 εἴδωλον.

436 1386 686 1456 Ἀνὸρας
720 1386 938 1453 κενοὺς
966 1386 1063 1439 καὶ
1095 1383 1576 1457 ’θιιμόουμένουᾳ
1610 1380 1928 1457 Σύμμαχος,

366 1477 675 1547 ἀκράτους
704 1477 802 1530 καὶ
852 1475 1396 1543 ἀπονενοημένως.
1420 1472 1707 1527 Δεδοίκασι
1744 1472 1854 1540 γὰρ
1881 1470 1933 1523 οἱ

369 1570 667 1640 κακοῦργοι
693 1569 792 1639 τὴν
814 1568 880 1620 ἐκ
910 1566 1091 1637 νόμων
1124 1568 1484 1636 ἐπιστροφήν.

440 1659 678 1728 Ἄφεῖσα
703 1657 821 1725 τὴν
844 1656 1128 1725 ποιότητά
1150 1670 1304 1726 μουο
1329 1655 1629 1721 τουτέστιν,
1651 1653 1723 1707 Οὐ
1747 1652 1938 1722 δέομαι

2036 1202 2187 1255 sunt,
2216 1192 2517 1247 secundum
2558 1194 2811 1262 Aquilam
2846 1208 2976 1249 vero
3005 1191 3380 1263 τραγάκανθα.

2109 1283 2315 1351 Ephud.
2345 1283 2449 1356 [7.]
2474 1283 2770 1338 Oraculum
2805 1298 2903 1339 seu
2935 1284 3166 1338 idolum.

2117 1372 2270 1427 Viros
2297 1374 2529 1442 perditos
2556 1382 2607 1427 et
2639 1373 2903 1441 stupidas.
2953 1371 3070 1444 ΗΧ,
3100 1370 3183 1444 4.]
3216 1369 3597 1441 Symmachus,
3690 1384 3697 1391 ‘

2042 1462 2276 1533 Rapaces
2318 1475 2368 1519 et
2416 1465 2653 1518 timidos.
2704 1463 2922 1519 Timent
2957 1464 3103 1519 enim
3156 1461 3386 1517 maleﬁci
3422 1463 3599 1532 legum

2039 1554 2407 1623 disciplinam.
3143 1591 3155 1599 .

2095 1643 2240 1698 Num
2294 1646 2480 1696 relicta
2520 1640 2835 1713 pinguedine
2882 1656 3016 1695 mea.
3067 1638 3170 1711 [9.]
3215 1639 3329 1696 Hoc
3360 1652 3463 1706 est,
3492 1657 3599 1697 non

371 1751 698 1805 ἐπεισάκτου
727 1751 917 1819 τιμῆς,
947 1747 1159 1800 οἴκοθεν
1179 1745 1380 1818 ἔχουσα
1412 1745 1507 1799 καὶ
1544 1746 1609 1798 ὲκ
1646 1744 1758 1798 τῶν
1792 1744 1937 1798 ἰδίων

2077 1751 2175 1806 pus
2206 1735 2379 1790 habeo
2404 1735 2614 1789 honore
2646 1734 2915 1797 ascititio,
2946 1747 3108 1802 quem
3135 1736 3516 1800 vernaculum,
3546 1741 3603 1789 et

489 1857 626 1892 πων.

489 1857 626 1892 πων.

372 1855 721 1991 καῖεξένιθοι
754 1925 873 1994 πῦρ
919 1925 987 1979 ἐκ
1032 1925 1141 1994 τῆς
1177 1924 1434 1995 primm).
1468 1924 1586 1995 Πῦρ
1619 1923 1727 1993 γὰρ
1761 1921 1938 1993 ἀγαθὴ

377 2021 679 2090 παρασχεῖν
704 2018 810 2072 τῶν
839 2018 1011 2083 ξύλων
1035 2017 1174 2072 ἐστί.
1310 2032 1315 2037 ‘

2040 1841 2109 1881 ex
2144 1826 2281 1881 meis
2302 1825 2579 1881 fructibus
2611 1826 2806 1880 habeo.

2102 1916 2424 1988 Egrediatur
2471 1919 2610 1988 ignis
2668 1933 2736 1972 ex
2789 1918 3030 1973 rhamno.
3082 1916 3222 1991 [20.]
3281 1916 3424 1988 Ignis
3457 1916 3603 1971 enim

2042 2010 2191 2080 ligna
2230 2013 2372 2065 bona
2395 2018 2577 2080 potest
2606 2011 2854 2066 reddere.

440 2147 511 2203 Et
541 2147 872 2201 coliocarunt
931 2135 979 2200 ei
1024 2147 1122 2201 viri
1170 2144 1467 2201 Sichemita'
1515 2144 1768 2198 insidias.
1823 2139 1977 2216 [25.]
2011 2138 2082 2195 Ut
2126 2139 2275 2194 enim
2325 2139 2600 2210 Josephus
2648 2139 2836 2202 tradit,
2892 2140 3027 2195 urbe
3074 2140 3251 2209 ipsum
3286 2146 3603 2209 exegerunt.

375 2236 447 2290 At
471 2248 598 2290 cum
628 2234 745 2289 suis
777 2233 1254 2288 commilitonibus
1286 2233 1479 2286 urbem
1509 2230 1802 2303 aﬂligebat,
1831 2232 1967 2285 adeo
1999 2236 2058 2282 ut
2091 2243 2160 2283 ne
2189 2227 2342 2283 foras
2369 2227 2590 2298 quidem
2624 2225 3023 2281 vindemiatum
3059 2227 3280 2295 prodire
3314 2225 3603 2281 auderent.

376 2322 535 2389 Quod
570 2328 680 2374 tam
716 2321 809 2374 ditt
844 2321 912 2375 ab
950 2336 1015 2375 eo
1050 2320 1277 2385 factum,
1326 2319 1454 2373 dum
1492 2321 1804 2391 principum
1841 2332 1988 2373 unus
2040 2314 2177 2371 Gaal
2210 2315 2433 2369 nomine
2463 2314 2635 2378 venit,
2687 2314 3153 2382 securitatemque
3182 2313 3429 2381 praebuit.
3467 2310 3601 2365 Nam

379 2410 692 2466 convivium
742 2407 1017 2476 agitantes
1069 2407 1272 2475 apertis
1314 2407 1588 2462 conviciis
1614 2422 1738 2460 eum
1768 2403 2128 2475 proscindere
2174 2418 2286 2458 non
2320 2409 2449 2457 sunt
2475 2400 2655 2459 veriti.
2688 2400 2797 2453 Alii
2828 2415 3048 2470 quoque
3072 2401 3351 2470 principes
3385 2400 3608 2455 claude-

385 2497 552 2559 stluis
581 2494 805 2557 insidiis
836 2496 955 2549 loca
980 2495 1189 2548 circum
1231 2494 1421 2549 urbem
1458 2502 1934 2563 praeoccuparunt.
1984 2492 2255 2547 Caeterum
2293 2490 2715 2546 Siehemitarum
2774 2487 2997 2558 quidam
3032 2488 3292 2556 princeps
3325 2486 3495 2542 Zebul
3525 2487 3607 2541 di-

382 2591 511 2639 ctus
543 2597 666 2636 cum
701 2583 904 2636 faveret
939 2580 1252 2634 Abimeleco
1299 2581 1481 2633 omnia
1512 2579 1747 2633 consilia
1795 2588 1989 2633 contra
2017 2578 2199 2647 ipsum
2234 2580 2391 2637 inita.
2425 2577 2703 2647 verbaque
2746 2577 2947 2647 quibus
2981 2576 3114 2631 Gaal
3174 2576 3390 2640 plebem
3425 2574 3611 2628 irrita-

384 2678 559 2735 verat,
590 2669 874 2724 indicavit.
903 2666 1250 2736 insidiasque
1285 2665 1392 2720 sub
1426 2665 1561 2719 urbe
1585 2666 1860 2719 collocare
1908 2665 2214 2720 admonuit.
2244 2650 2332 2721 Se.
2359 2666 2506 2719 enim
2543 2663 2705 2719 facile
2741 2680 3134 2733 persuasurum
3167 2661 3298 2719 Gaal
3327 2670 3387 2716 ut
3417 2671 3607 2723 contra

386 2757 565 2826 ipsum
625 2755 963 2823 egrediatur,
1009 2753 1210 2824 inquit,
1245 2767 1357 2822 quo
1412 2752 1627 2808 sublato
1683 2767 1877 2822 pacem
1932 2751 2078 2805 inter
2122 2752 2305 2820 ipsum
2350 2751 2673 2821 plebemque
2702 2767 2765 2807 se
2811 2752 3089 2822 stipulari.
3135 2750 3433 2822 Postquam
3482 2765 3614 2803 vero

386 2843 522 2899 Gaal
573 2840 835 2912 fugitivus
864 2841 1042 2896 lactus
1081 2853 1184 2905 est,
1221 2839 1390 2894 Zebul
1422 2855 1545 2895 cum
1596 2839 1876 2909 republica
1905 2838 2188 2908 transigit,
2233 2846 2293 2892 ut
2325 2838 2573 2893 mollitiei
2604 2846 2921 2903 accusatus,
2959 2840 3094 2893 urbe
3127 2840 3402 2909 ejiciatur.
3439 2833 3611 2894 Ptn'ro

390 2928 667 2982 Abimelec
691 2928 910 2996 cognito
938 2927 1262 2981 Sicltemitas
1294 2921 1527 2996 postero
1582 2926 1670 2979 die
1710 2925 2106 2980 vindemiatum
2147 2925 2350 2981 exiisse
2380 2927 2539 2991 urbe,
2572 2926 2793 2981 insidiis
2835 2928 2953 2981 suis
2983 2926 3320 2996 interceptos
3375 2927 3616 2982 interne-

385 3015 534 3071 cioni
580 3014 746 3070 dedit.
795 3013 977 3068 Tertia
1016 3015 1215 3068 etenim
1257 3014 1536 3069 exercitus
1569 3024 1747 3067 turma
1793 3022 1980 3084 portas
2011 3014 2299 3084 occupavit
2330 3014 2504 3078 urbis,
2530 3015 2722 3085 eisque
2781 3014 3061 3070 introitum
3118 3015 3447 3070 interclusit.
3477 3014 3617 3067 Alii-

386 3115 499 3170 que
562 3100 764 3154 interea
790 3100 923 3153 caedi
968 3099 1256 3155 vacabant.
1307 3099 1587 3169 Quotquot
1621 3115 1750 3154 vero
1782 3103 1985 3170 passim
2037 3102 2289 3171 dissipati
2327 3096 2642 3170 evaserant,
2688 3119 2814 3159 cum
2843 3106 2896 3158 in
2929 3110 3081 3174 petra
3103 3103 3339 3172 quadam
3399 3103 3612 3157 excelsa

391 3185 805 3251 conﬂuxissent,
839 3178 1025 3243 sedem
1067 3202 1229 3256 super
1258 3202 1318 3241 ea
1360 3187 1618 3248 ﬁxerunt.
1653 3202 1887 3257 eamque
1928 3203 2087 3244 muro
2119 3192 2344 3260 cingere
2387 3193 2673 3261 parabant.
2707 3193 2829 3262 lpse
2868 3206 3000 3247 vero
3022 3207 3148 3246 cum
3196 3191 3250 3245 in
3282 3204 3378 3247 eos
3405 3189 3615 3252 ivisset.

392 3277 668 3346 lignisque
692 3276 1047 3345 undiquaquc
1079 3274 1558 3339 circumdedisset,
1590 3276 1820 3343 primam
1850 3275 1971 3343 ipse
1999 3277 2294 3332 admolitus
2323 3293 2545 3332 manum
2572 3295 2764 3334 omnes
2793 3279 3008 3342 ﬂamma
3038 3280 3300 3335 confecit.
3338 3278 3457 3347 Ipse
3488 3294 3619 3331 vero

390 3377 610 3431 poenam
648 3378 802 3416 suam
855 3364 909 3415 iu
939 3364 1337 3431 expugnatione
1365 3360 1554 3417 Bethel
1584 3361 1707 3416 luit.
1744 3360 1823 3415 Ac
1856 3362 2018 3418 ambo
2055 3364 2274 3434 quidem
2306 3364 2591 3436 parricidii
2624 3366 2679 3422 in
2712 3364 2983 3424 cheonis
3013 3366 3203 3422 liberis
3246 3364 3471 3420 admissi
3504 3380 3619 3419 me-

391 3452 460 3504 rit
473 3466 561 3504 um
596 3450 866 3505 dederunt
899 3450 1255 3518 supplicium.

466 3582 577 3636 Kal
606 3580 834 3648 ηὔξατο
875 3579 1108 3648 Ἰεφθάε
1141 3579 1333 3649 εὐχὴν
1366 3573 1446 3646 τῷ
1491 3578 1705 3647 Κυρίῳ.
1749 3578 1956 3647 Ἐπαγ-

2117 3574 2186 3635 Et
2233 3585 2555 3653 nuncupavit
2599 3578 2793 3654 Iephte
2856 3594 3036 3640 rotant
3086 3582 3307 3639 Domino
3334 3579 3452 3655 [XL
3503 3581 3619 3653 50.}

398 3672 586 3741 γελίας
634 3673 794 3725 τοῦτο
838 3672 1131 3741 θερμότης,
1167 3675 1261 3725 καὶ
1310 3672 1467 3742 νίκης
1508 3672 1648 3743 ἔρως
1709 3672 1958 3740 ἅπεγνωῖ

402 3763 628 3831 σμένης,
685 3762 1012 3832 ἐμϐαλόντος
1072 3760 1223 3839 αὑτῷ
1271 3761 1366 3814 τοῦ
1421 3762 1635 3814 Σατανᾶ
1686 3761 1959 3831 προφάσει

400 3853 726 3923 κηδεμονίας
756 3854 1140 3925 προτενεγκεῖν
1174 3852 1363 3905 θυσίαν
1387 3852 1730 3923 παράἢμον,
1754 3852 1833 3915 ὡς
1866 3852 1961 3904 καὶ⁸

292 4009 296 4013 _
400 3947 513 4007 τοῖς
535 3945 661 4015 περὶ
692 3943 782 3995 τὸν
817 3943 987 4013 Ἀδὰμ
1017 3942 1288 4012 προφάσει
1320 3943 1626 4007 διανοίξεως
1662 3942 1961 4013 ὀφθαλμῶν

402 4036 499 4104 τῆς
534 4034 753 4104 ἐντολῆς
788 4035 886 4104 τὴν
918 4032 1253 4103 παράϐασιν.
1279 4033 1345 4085 Τί
1373 4033 1480 4101 γάρ
1520 4032 1586 4086 ἂν
1611 4032 1818 4101 γένοιτο
1864 4034 1963 4098 τῆς

402 4127 653 4197 τοιαύτης
688 4126 853 4196 εὐχῆς
890 4127 1287 4195 ἅσεϐἐστερονς
1329 4126 1485 4193 Ἐνῆν
1518 4126 1623 4194 γὰρ
1656 4126 1963 4196 ἀπαντῆσαι

402 4219 495 4269 καὶ
527 4217 681 4281 κύνα,
709 4220 799 4267 καὶ
824 4216 1009 4279 ἵππον,
1039 4214 1131 4266 καὶ
1157 4214 1297 4274 ὄνον,
1326 4214 1420 4263 καὶ
1450 4212 1717 4281 κάμηλον,
1747 4214 1838 4265 καὶ
1863 4214 1964 4266 ὃσα

400 4308 543 4366 εἱκδς
578 4304 875 4372 κεκτῆσθαι
913 4303 1005 4354 τὸν
1057 4303 1293 4373 πλήθους
1336 4302 1638 4371 κρατοῦντα
1684 4301 1960 4360 τοσούτου.

414 4396 577 4459 Ἀλλὰ
607 4395 700 4447 καὶ
733 4395 917 4457 κακῶς
946 4394 1265 4464 εὐξάμενος,
1309 4393 1514 4455 πιστῶς
1547 4392 1611 4444 τὸ
1646 4394 1965 4465 συντυχικδν

403 4488 504 4538 οὐκ
541 4486 779 4551 ἐδέξατο,
825 4486 1064 4539 οὐδὲτοῦ
1098 4486 1350 4556 Ἀϐραὰμ
1388 4486 1630 4558 ἐζήλωσε
1680 4487 1778 4557 τὴν
1814 4486 1967 4540 εὐσέ-

403 4579 581 4634 ϐειαν.
603 4573 682 4632 Ἶι
716 4578 821 4649 γὰρ
864 4577 932 4630 ἂν
964 4579 1056 4630 καὶ
1084 4577 1182 4647 τὴν
1215 4577 1384 4647 κόρην
1427 4573 1592 4646 εἶχεν,
1635 4577 1713 4638 ὡς
1764 4579 1968 4640 ἐκεῖνος

403 4674 499 4727 τὸν
529 4675 662 4735 υἱὸν,
694 4672 788 4725 καὶ
828 4671 921 4724 τὸν
968 4670 1065 4740 τῆς
1092 4669 1368 4733 εὐσεϐείας
1402 4671 1612 4740 μισθόν.
1644 4668 1757 4723 Νῦν
1782 4670 1838 4722 δὲ
1872 4670 1968 4722 καὶ

403 4763 465 4816 τὸ
495 4764 591 4833 τῆς
631 4763 794 4833 εὐχῆς
843 4761 1267 4832 ἀπερίσκεπτον,
1300 4761 1397 4814 καὶ
1444 4759 1506 4814 τὸ
1556 4761 1659 4829 τῆς
1688 4759 1970 4822 εὐσεϐείας

406 4855 617 4924 νεκρόν.
653 4854 712 4906 Ὀ
738 4852 980 4924 μὲνγὰρ
1001 4852 1099 4924 τὴν
1152 4852 1246 4905 τοῦ
1276 4851 1465 4914 παιδὸς
1500 4850 1691 4909 θυσίαν
1747 4850 1857 4904 οὐδ’
1887 4852 1969 4911 εἰς

2059 3670 2362 3730 Promissio
2402 3675 2517 3729 haec
2568 3675 2736 3731 nimis
2795 3684 2879 3732 est
2931 3674 3165 3739 fervida,
3209 3689 3387 3742 ουμιε
3429 3688 3622 3727 amore
3707 3683 3717 3742 ξ

2060 3763 2366 3834 desperata:
2421 3766 2666 3819 victoria:
2724 3764 2993 3838 profecta.
3059 3763 3346 3834 Suggessit
3406 3778 3537 3817 vero
3571 3769 3619 3816 ei

2062 3832 2297 3914 Satanas
2334 3859 2520 3929 gloriae
2547 3832 2808 3929 praetenta
2837 3865 2895 3912 ut
2928 3857 3037 3913 Deo
3084 3832 3360 3913 victimam
3397 3855 3499 3926 legi
3535 3858 3626 3936 atl-

2062 3963 2274 4003 versam
2304 3950 2634 4015 immolaret,
2671 3948 3126 4019 quemadmodum
3156 3947 3424 4001 Adamum
3485 3962 3623 4019 quo-
3696 3947 3708 3991 ἐ

2063 4055 2167 4107 que
2196 4040 2481 4093 nuntiorum
2528 4039 2946 4110 aperiendorum
2996 4047 3288 4108 praetextu,
3327 4038 3403 4093 'ad
3448 4039 3619 4092 divini

2065 4127 2307 4181 mandati
2344 4129 2832 4199 transgressionem
2868 4128 3117 4184 adduxit.
3163 4128 3300 4193 Quid
3341 4127 3486 4182 enim
3514 4129 3622 4182 ituc

2067 4226 2194 4271 voto
2228 4218 2401 4289 magis
2458 4218 2680 4288 impium
2739 4234 2863 4274 esse
2898 4226 3085 4285 queat,
3117 4233 3238 4273 cum
3263 4231 3456 4279 canem
3484 4232 3617 4286 quo-

2067 4324 2193 4377 que,
2229 4322 2280 4363 et
2298 4326 2524 4380 equum,
2558 4316 2613 4363 et
2653 4310 2893 4375 asinum,
2925 4317 2981 4364 et
3012 4307 3304 4372 camelum,
3348 4319 3442 4363 aut
3471 4308 3620 4361 aliud

2067 4400 2344 4470 quidpiam
2376 4401 2518 4469 quod
2552 4408 2824 4461 tantarum
2861 4399 3143 4470 copiarum
3174 4400 3438 4453 victorem
3463 4397 3628 4469 506

2069 4493 2349 4560 possidere
2374 4492 2655 4561 probabile
2683 4499 2822 4557 erat,
2856 4491 3072 4548 obviam
3101 4491 3221 4547 dari
3261 4491 3477 4547 inisset.
3511 4490 3619 4544 Ve-

2071 4598 2188 4637 rum
2230 4584 2373 4637 sicut
2419 4583 2620 4639 malum
2673 4581 2803 4638 fecit
2859 4576 3069 4650 votum,
3120 4572 3197 4638 ita
3244 4597 3429 4637 casum
3462 4597 3622 4637 suum
3688 4594 3729 4657 ,εξ

2070 4682 2259 4742 parum
2291 4682 2610 4730 constanter
2635 4675 2784 4741 tulit,
2833 4689 3012 4745 neque
3043 4675 3338 4730 Abrahami
3364 4674 3624 4745 pietatem
3725 4678 3731 4685 ’

2070 4764 2311 4817 imitatus
2372 4774 2474 4820 est.
2532 4765 2686 4821 Licet
2730 4766 2888 4849 enim.
2916 4766 3152 4835 puellam
3203 4765 3454 4823 habuerit
3479 4764 3628 4820 sicut

2072 4853 2165 4909 ille
2190 4854 2388 4922 tilium,
2434 4855 2690 4925 idemque
2719 4855 2943 4926 pietatis
2987 4854 3293 4926 premium,
3323 4864 3510 4910 votum
3540 4859 3629 4907 ta-

405 4945 530 4998 νοῦν
564 4945 864 5011 ἐνεϐάλετο,
910 4943 1128 5008 ἀνάξιον
1158 4941 1313 4994 τοῧτο
1345 4943 1572 5012 νομίσας
1603 4940 1762 5006 Θεοῦ,
1798 4956 1964 5011 προσ-

2075 4959 2200 4998 men
2244 4945 2366 5012 ejus
2417 4912 2763 5002 temerarium
2812 4954 2919 5012 est,
2980 4912 3311 5016 pietatisque
3373 4943 3628 5000 cadaver.

310 5050 313 5051 '
404 5034 622 5104 ταχθεὶς
658 5034 715 5086 δὲ
743 5034 843 5086 οὐκ
876 5033 1173 5103 ἐμέλλησεν
1195 5046 1210 5060 ·
1242 5032 1270 5083 ὁ
1315 5030 1375 5084 δὲ
1424 5030 1723 5100 καθύϐρισε
1756 5032 1851 5083 καὶ
1896 5032 1964 5101 τῇ

401 5127 535 5196 εὐχῇ
567 5126 656 5178 τὸν
680 5126 833 5191 Θεὸν,
863 5125 959 5178 καὶ
983 5127 1049 5196 τῇ
1076 5123 1168 5179 τοῦ
1198 5122 1428 5186 πένθους
1453 5122 1703 5193 ἀπιστίᾳ.

2072 5039 2349 5093 Abraham
2383 5040 2585 5095 etenim
2622 5039 2718 5097 lilii
2767 5040 3177 5105 mactationem,
3212 5054 3326 5094 rem
3358 5036 3468 5095 Deo
3491 5030 3634 5091 indi.

2073 5144 2235 5199 gnam
2292 5128 2411 5184 fore
2462 5129 2787 5198 arbitratus,
2840 5143 3118 5200 nunquam
3157 5129 3212 5184 in
3262 5128 3508 5183 animum
3543 5125 3635 5182 in-

402 5219 578 5273 duxit.
616 5219 845 5289 Imperio
869 5233 997 5270 vero
1025 5218 1146 5287 ejus
1178 5215 1428 5284 adactus,
1475 5232 1582 5272 non
1612 5226 1696 5273 est
1727 5226 2035 5276 cunctatus.
2070 5223 2170 5280 llic
2199 5240 2325 5281 vero
2371 5225 2705 5282 contumelia
2750 5226 2918 5282 Deum
2984 5224 3184 5291 aﬁecit,
3248 5238 3303 5281 et
3364 5234 3514 5287 voto,
3579 5226 3635 5276 et

403 5311 608 5364 doloris
642 5309 1002 5377 impatientia.

469 5404 580 5455 Kal
612 5401 646 5470 ἡ
673 5400 920 5469 θυγάτηρ
947 5399 1070 5463 ἀξία
1101 5398 1311 5467 γίνεται
1342 5399 1434 5454 τοῦ
1470 5400 1693 5473 πατρὸς.
1733 5402 1806 5455 Ού
1854 5401 1964 5471 γὰρ

404 5490 623 5561 ἔστερξε
661 5491 760 5560 τὴν
802 5490 986 5559 εὐχὴν,
1018 5492 1080 5543 οὐ
1136 5490 1234 5561 τὴν
1262 5490 1461 5562 εὐσεϐῆ
1498 5494 1818 5562 προσφορὰν
1869 5496 1968 5562 τῆς

404 5584 601 5654 θνητῆς
635 5580 776 5650 ζωῆς
808 5582 1165 5651 προετίμησε,
1195 5582 1518 5654 πικρότερον
1542 5584 1743 5647 παντὸς
1768 5584 1965 5655 θρήνου

403 5673 503 5744 τὴν
530 5674 825 5745 παρθενίαν
864 5674 1198 5745 πενθήσασα,
1254 5674 1451 5744 μᾶλλον
1482 5675 1537 5727 δὲ
1575 5675 1673 5746 τὴν
1715 5675 1833 5746 Θεῷ
1866 5675 1961 5729 θυ-

2104 5418 2115 5431 ~
2143 5399 2281 5454 Filia
2314 5415 2533 5469 quoque
2562 5401 2680 5472 ipsa
2704 5401 2872 5473 digna
2892 5411 3049 5473 patre
3076 5401 3170 5469 (lt;
3198 5410 3326 5457 voto
3354 5403 3504 5458 enim
3523 5418 3634 5459 non

2075 5491 2376 5561 acquievit,
2416 5507 2517 5546 nec
2565 5492 2807 5549 victim
2844 5495 3173 5565 religionem
3200 5532 3215 5557 ,
3254 5493 3366 5546 vita
3411 5497 3636 5549 mortali

2076 5597 2290 5637 sutnma
2317 5584 2623 5640 acerbitate
2652 5585 3032 5656 virginitatem
3064 5588 3362 5643 lamentata
3396 5582 3634 5655 priorem

2077 5676 2290 5743 habuit,
2326 5676 2434 5732 imo
2471 5692 2598 5734 vero
2633 5676 2746 5735 Deo
2770 5679 3050 5737 victimam
3097 5674 3299 5732 oﬂ‘erre
3350 5683 3437 5733 est
3485 5690 3629 5731 cnn-
