3986 6218
486 275 619 345 1071

1826 282 2179 347 PROCOPII
2206 282 2454 344 ΟΑΖᾸΞΙ

3640 275 3778 345 1m

486 398 624 447 tata.
672 389 1026 464 Quapropter
1071 408 1198 449 cum
1260 407 1364 451 nec
1415 394 1508 451 illa
1563 394 1716 462 ﬁlio,
1758 411 1863 454 nec
1910 405 2070 469 pater

2178 395 2300 449 σίαν
2330 392 2712 466 προσάγεσθαι
2755 391 3080 465 μέλλουσαν.
3116 391 3290 447 Ὅθεν
3351 388 3420 445 οὗ
3455 389 3661 445 κωλύει
3684 389 3778 460 τὴν

489 483 809 539 Abrahamo
831 486 1223 555 responderet,
1258 487 1406 543 Deus
1436 488 1872 545 immolationem
1917 491 2062 545 hanc

489 574 638 630 sicut
672 573 823 627 illam
858 588 967 629 non
1000 577 1315 643 prohibuit.
1349 576 1524 632 Porro
1553 579 1816 634 exhibent
1848 579 1924 633 illi
1946 580 2072 649 qui-.

491 667 616 723 dem
665 665 722 721 in
758 666 932 722 Deum
974 668 1213 735 fiducizc,
1257 668 1313 723 hi
1354 683 1504 735 vero,
1542 678 1670 725 vota
1720 685 1829 724 non
1864 677 2073 725 temere

489 773 616 816 esse
669 758 961 825 facienda.
1013 759 1272 832 factaque
1332 776 1548 817 summa
1604 762 1891 817 alacritate
1947 776 2072 818 esse

493 851 880 923 persolvendo.
909 851 1186 919 Quocirca
1224 868 1327 909 nec
1370 862 1498 908 ante
1530 854 1710 924 ipsum
1736 894 1751 917 ,
1801 868 1903 908 nec
1947 862 2073 923 post

492 959 524 999 a
555 944 664 1016 piis
697 944 1018 1015 hujusmodi
1066 944 1216 999 facta
1265 955 1353 1000 est
1384 944 1634 1000 victima.
1682 944 1862 1000 Probe
1904 960 2072 999 nove-

491 1044 626 1090 runt
655 1038 803 1089 enim
841 1034 994 1105 quod
1023 1035 1172 1090 Deus
1206 1050 1308 1090 nec
1342 1036 1673 1106 postulavit,
1705 1051 1806 1090 nec
1838 1044 1946 1089 tam
1975 1034 2071 1088 de-

493 1123 809 1180 testandam
840 1124 1126 1179 victimam
1165 1126 1440 1195 suscepit.
1472 1124 1610 1178 Nam
1642 1141 1753 1180 non
1782 1126 1853 1180 ob
1879 1133 2068 1179 votum

489 1217 731 1273 victoria
770 1217 1022 1281 obvenit,
1064 1232 1252 1271 verum
1295 1226 1356 1271 ut
1389 1218 1576 1273 loraeli
1609 1218 1844 1288 injurias
1893 1216 2070 1273 factas

370 1306 393 1317 “’
491 1325 616 1365 esse
660 1308 1022 1364 manifestum
1067 1308 1246 1374 ﬁeret,
1300 1324 1465 1380 quem
1513 1310 1758 1380 judicem
1810 1309 2070 1381 supplicii

490 1400 728 1455 vocavit.
764 1399 989 1457 Minime
1066 1403 1268 1456 etenim
1317 1413 1543 1473 propter
1582 1414 1768 1457 vorum
1800 1400 2070 1475 injustmn

492 1491 753 1547 lsraelem
808 1492 1003 1562 inique
1045 1493 1261 1563 perire,
1321 1492 1763 1563 injuriarumque
1801 1499 2061 1546 auctores

489 1587 720 1640 vincere
761 1585 1158 1640 conveniebat.
1202 1585 1410 1641 Verum
1453 1586 1546 1640 ille
1579 1586 1803 1655 quidem
1843 1584 1915 1639 ob
1962 1584 2071 1638 ini-

488 1679 755 1748 quitatem
791 1677 901 1732 voti
931 1691 1124 1743 patrias
1155 1676 1272 1742 dat,
1293 1676 1498 1747 Deique
1531 1677 1767 1747 populus
1800 1675 2067 1731 servaba-

2179 486 2393 558 σφαγὴν
2421 487 2450 538 6
2483 488 2637 549 Θεός.
2693 484 2832 540 Οὔτε
2874 486 2986 557 γὰρ
3047 484 3185 556 αὕτη
3215 482 3380 538 κατὰ
3431 482 3531 537 τὸν
3574 484 3776 549 Ἰσαὰκ,

2173 578 2298 632 οὔτε
2336 578 2476 632 κατὰ
2497 578 2590 632 τὸν
2620 573 2875 649 Ἀϐρὲιὰμ
2896 578 2925 631 6
2958 578 3170 649 Πατήρ.
3195 576 3490 645 Γεγόνασι
3511 574 3570 629 δὲ
3609 576 3781 667 rapa:

2173 672 2376 741 δειγμα
2425 672 2476 724 οι
2530 670 2649 741 μὲν,
2682 672 2763 734 είς
2813 670 2948 723 Θεὸν
2986 669 3250 733 πίστεως,
3310 669 3371 721 oi
3420 667 3509 730 δὲ,
3571 666 3649 738 μὴ
3679 667 3782 719 δεῖν

2173 762 2433 833 εὔχεσθαι
2470 762 2788 834 προπετῶς,
2813 761 3029 816 καὶτοῦ
3066 762 3176 815 δεῖν
3211 760 3494 831 ἁσμένως
3519 759 3779 814 ἐπιτελεῖν
3872 770 3873 773 ‘

2174 855 2319 926 ἅπερ
2356 872 2442 919 τις
2469 854 2697 926 ηὔξατο.
2740 853 3050 926 Τοιγαροῦν
3099 853 3224 906 οὔτε
3278 852 3402 924 πρὸ
3427 851 3627 917 αὐτοῦ,
3669 850 3780 904 οὔτε

2176 945 2295 1019 μετ’
2326 946 2489 1000 αὐτὸν
2548 945 2779 1014 τοιαύτη
2823 944 2976 1016 παρὰ
3027 943 3139 997 τῶν
3183 943 3587 998 εὐσεϐούντων
3632 942 3778 996 θυσία

2172 1038 2487 1111 γεγένηται.
2519 1038 2757 1111 ᾝδεσαν
2798 1037 2909 1109 γὰρ
2949 1036 3219 1106 ἀκριεῶς,
3273 1037 3361 1100 ὡς
3400 1036 3539 1089 οὔτε
3591 1036 3776 1105 ᾔτησεν

2170 1133 2200 1185 6
2226 1132 2380 1195 Θεὸς,
2409 1130 2535 1185 οὔτε
2566 1131 2666 1203 τὴν
2715 1128 2889 1198 ἐναγῆ
2917 1129 3111 1182 Θυσίαν
3154 1129 3415 1193 ἐδέξατο.
3466 1128 3547 1182 Οὐ
3574 1127 3663 1181 διὰ
3692 1128 3775 1196 τὴν

2172 1223 2337 1294 εὐχὴν
2368 1219 2462 1278 οῦν
2492 1225 2525 1293 ἡ
2566 1223 2714 1292 νίκη,
2745 1220 2835 1275 διὰ
2867 1222 2925 1275 δὲ
2959 1221 3020 1275 τὸ
3052 1221 3226 1287 δεῖξαι
3270 1220 3373 1273 τὸν
3407 1218 3650 1290 Ἰσραὴλ
3681 1217 3777 1270 ἀδι-

2171 1315 2459 1386 κούμενον.
2495 1315 2593 1368 ’⁸ον
2647 1315 2744 1368 καὶ
2792 1313 2992 1386 κριτὴν
3038 1312 3140 1381 τῆς
3169 1311 3342 1380 δίκης
3395 1311 3681 1365 ἐκάλεσεν.
3709 1309 3770 1362 οὗ

2173 1407 2278 1480 γὰρ
2304 1406 2373 1459 δι’
2404 1405 2570 1477 εὐχὴν
2603 1405 2789 1459 ἄδικον
2845 1405 3016 1475 ἐχρῆν
3064 1404 3276 1467 ἀδίκως
3328 1401 3650 1457 ἀπολέσθαι
3697 1401 3772 1455 τὸν

2185 1496 2423 1568 Ἰσραὴλ,
2459 1497 2554 1549 καὶ
2600 1496 2820 1566 νικῆσαι
2864 1496 2992 1559 τοὺς
3030 1493 3394 1556 ἀδικοῦντας.
3432 1493 3583 1547 Ἀλλ’
3608 1494 3636 1546 6
3665 1491 3765 1562 μὲν,

2173 1587 2341 1658 εὐχῆς
2369 1587 2558 1641 ἀδίκου
2594 1586 2779 1640 δίδωσι
2804 1586 2998 1657 δίκην·
3030 1588 3058 1639 ὀ
3104 1584 3161 1637 δέ
3191 1583 3295 1638 τοῦ
3334 1584 3486 1638 Θεοῦ
3533 1583 3656 1647 λαὸς
3696 1583 3765 1635 δι-

2174 1680 2431 1743 εσώζετο.
2467 1679 2577 1733 Kal
2602 1678 2875 1750 τιμωρίαν
2909 1678 3149 1749 ὑπέσχον
3185 1677 3308 1731 τῶν
3343 1676 3703 1747 ἀδικημάτων
3725 1677 3763 1727 al

490 1744 604 1837 t'ur,
634 1786 699 1825 ac
750 1769 1079 1839 iniuriarum
1137 1744 1467 1840 supplicium
1508 1744 1851 1840 pertulerunt
1897 1765 2070 1838 impii.

2178 1770 2488 1841 δυσμενεῖς.

560 1863 737 1917 Porro
773 1862 826 1915 in
866 1861 961 1915 illo
999 1877 1011 1913 :
1061 1878 1080 1913 ι
1117 1860 1184 1915 Ει
1221 1862 1404 1916 lactus
1441 1870 1527 1917 est
1570 1860 1790 1915 Domini
1833 1860 2069 1929 spiritus

490 1970 657 2027 super
692 1952 969 2024 Iephte",
1009 1972 1029 2006 ι
1074 1953 1458 2011 considerabis
1489 1954 1632 2024 quod
1678 1954 1790 2023 jam
1822 1952 1984 2007 modo
2019 1951 2074 2005 in

492 2040 885 2117 magistratum
935 2044 1266 2108 transierat,
1316 2060 1381 2099 ac
1425 2053 1622 2100 contra
1667 2044 1857 2097 hostes
1909 2040 2075 2112 paulo

492 2145 625 2192 ante
652 2136 895 2191 victores
930 2134 1262 2199 insurrcxit,
1302 2149 1365 2188 ac
1395 2134 1631 2204 proinde
1665 2131 1900 2202 spiritus
1938 2145 2075 2185 con-

492 2230 811 2287 llrmatione
854 2229 1161 2298 indigebat.
1199 2227 1315 2283 Nec
1342 2242 1476 2284 vero
1513 2230 1583 2282 ob
1610 2227 1728 2282 leve
1759 2226 1937 2296 ipsius
1973 2240 2074 2278 vo-

491 2334 610 2378 tum
652 2322 874 2389 indicit,
914 2337 1017 2377 nec
1055 2321 1126 2376 ob
1177 2320 1401 2390 generis
1437 2320 1814 2382 nobilitatem,
1855 2333 1955 2373 nec
2003 2318 2075 2372 ob

490 2417 622 2472 vita:
663 2426 798 2470 ante
836 2423 976 2470 actae
996 2413 1380 2484 splendorem,
1414 2413 1528 2467 imo
1559 2426 1661 2467 nec
1705 2413 1888 2482 ipsum
1932 2412 2075 2466 Deus

489 2509 547 2562 in
586 2506 692 2561 hoc
718 2503 994 2561 excitasse
1023 2504 1254 2570 dicitur,
1284 2504 1458 2559 semel
1489 2518 1621 2559 vero
1660 2503 1961 2557 excitatum
2004 2501 2073 2556 ad

483 2602 695 2672 justam
725 2597 1017 2654 victoriam
1049 2604 1135 2652 est
1162 2597 1484 2652 comitatus.

559 2690 704 2746 Sunt
739 2704 910 2759 porro
941 2687 1038 2757 qui
1080 2688 1219 2742 bene
1259 2688 1388 2742 huic
1427 2686 1579 2745 facto
1607 2690 1929 2743 ominantes
1961 2696 2075 2740 tra-

487 2785 650 2850 dunt,
679 2781 825 2853 quod
865 2780 973 2834 [ilia
1002 2779 1202 2851 Jephte
1231 2780 1562 2849 praeﬁnitum
1590 2781 1695 2835 sibi
1717 2781 1913 2835 mortis
1935 2791 2073 2835 tem-

489 2893 591 2943 pus
638 2884 993 2946 exspectare,
1042 2887 1107 2927 ac
1140 2888 1201 2926 se
1235 2872 1345 2927 Deo
1395 2872 1682 2927 victimam
1719 2872 1919 2927 adduci
1953 2886 2073 2925 ma-

2247 1863 2342 1927 T6,
2379 1880 2399 1915 ι
2453 1862 2704 1931 Ἐγένετο
2766 1861 2862 1915 ἐπὶ
2922 1860 3131 1931 Ἰεφθάε
3174 1860 3413 1931 πνεῦμα
3488 1857 3755 1930 Κυρίουη

2173 1953 2414 2023 νοήσεις,
2445 1952 2521 2016 ὼς
2562 1954 2688 2025 άρτι
2731 1950 3019 2025 παρελθὼν
3044 1954 3125 2015 είς
3166 1951 3270 2020 τὴν
3321 1949 3507 2022 ἀρχὴν
3564 1948 3653 2002 καὶ
3675 1947 3759 2015 πρὸ

2174 2046 2366 2099 τούτου
2402 2045 2667 2118 κρατοῦσι
2699 2048 2812 2107 τοῖς
2845 2044 3126 2113 πολεμίοις
3144 2043 3623 2112 ἐπανιστάμενος,
3648 2038 3757 2091 665i-

2175 2155 2236 2192 το
2263 2136 2358 2191 τοῦ
2390 2135 2909 2209 παραθαρρύνοντος
2946 2137 3282 2205 πνεύματος,
3320 2134 3444 2188 ἀλλ’
3476 2134 3540 2186 οῦ
3571 2130 3654 2183 διὰ
3674 2129 3755 2197 τὴν

2175 2230 2399 2285 εὔκολον
2471 2230 2639 2301 εὐχὴν
2695 2230 3013 2296 ἐπεγένετο,
3059 2225 3184 2280 οὔτε
3238 2225 3359 2296 μὴν
3416 2225 3521 2297 τὴν
3565 2221 3755 2290 γένεσιν

2176 2324 2334 2394 ἔσχεν
2364 2321 2685 2393 ἐπαινετὴν,
2719 2320 2844 2375 οὔτε
2868 2321 2959 2373 τὸν
2987 2319 3096 2391 πρὸ
3121 2319 3223 2389 τῆς
3274 2319 3442 2389 νίκης
3496 2316 3625 2385 βὲον,
3654 2308 3751 2365 ἀλλ’

2174 2414 2298 2468 οῦτε
2348 2415 2481 2478 Θεὸς
2525 2414 2688 2467 αὑτὸν
2744 2412 2963 2481 λέγεται
3025 2411 3161 2481 πρὸς
3209 2409 3387 2463 τοῦτο
3429 2406 3746 2476 κεκληκέναι.

2175 2506 2471 2578 Κινηθὲντι
2534 2506 2590 2559 δὲ
2664 2504 2813 2571 ἅπαξ
2882 2504 3020 2577 πρὸς
3084 2503 3312 2557 δικαίαν
3363 2502 3526 2573 νίκην
3581 2498 3747 2567 συνήρ-

2175 2614 2324 2669 χετο.
3543 2588 3551 2595 ’

2246 2691 2405 2755 Τινές
2438 2708 2623 2760 φασιν,
2654 2692 2789 2761 ὡςὴ
2825 2688 2919 2743 τοῦ
2958 2687 3168 2757 Ἰεφθάε
3210 2688 3476 2758 θυγάτηρ
3514 2683 3742 2754 ὑπομένει

2174 2784 2265 2835 τὶν
2296 2780 2516 2836 δοθέντα
2568 2781 2694 2836 καθ’
2720 2782 2888 2853 αὐτῆς
2936 2782 3163 2853 ὁρισμόν
3189 2796 3204 2810 ·
3239 2783 3341 2835 καὶ
3394 2774 3740 2850 προσαχθῆναι

2175 2874 2336 2945 θυσία
2382 2874 2501 2945 Θεῷ
2549 2872 2752 2945 μᾶλλον
2802 2875 3069 2944 αἱρεῖται,
3102 2874 3135 2944 ἢ
3169 2872 3488 2943 ψευσθῆναι
3528 2867 3614 2922 τοῦ
3644 2882 3732 2917 πα·

487 2969 681 3034 lucrit,
722 2982 888 3037 quam
924 2967 1101 3035 patris
1130 2972 1319 3019 votum
1366 2964 1611 3019 mendax
1637 2965 1817 3019 reddi.
1848 2963 1913 3017 Et
1945 2978 2070 3017 cum

2178 2967 2301 3038 τρὸς
2350 2966 2449 3037 τὴν
2495 2966 2696 3038 εὐχήν
2723 2967 2815 3019 καὶ
2849 2965 2909 3018 τὸ
2956 2964 3294 3035 δηλούμενον
3335 2961 3601 3031 ἀγνοοῦσα
3622 3000 3634 3019 ,
3662 2955 3735 3008 τὸν

486 3064 568 3117 rei
594 3075 824 3117 sensum
868 3060 1178 3130 ignoraret,
1214 3058 1443 3129 ﬁguram
1482 3073 1656 3113 sacra:
1691 3057 1953 3113 salutaris
1984 3073 2070 3127 ex-

2178 3060 2347 3115 τύπον
2378 3060 2617 3132 ἐπλήρου
2645 3060 2743 3130 τῆς
2781 3061 2931 3132 ἱερᾶς
2977 3061 3070 3114 καὶ
3106 3059 3386 3131 σωτηρίου
3420 3055 3618 3113 θυσίας.
3649 3049 3732 3104 Οὖ-

487 3153 657 3223 plcvit
710 3151 967 3205 victiuue.
1022 3150 1102 3203 Ac
1146 3150 1223 3204 ita
1282 3164 1419 3204 sane
1484 3150 1918 3219 reprehensione
1964 3149 2068 3204 hoc

2178 3172 2257 3207 τω
2303 3153 2413 3224 γὰρ
2458 3154 2580 3207 οὐδὲ
2634 3154 2955 3224 ἐπιτίμησιν
3008 3153 3133 3223 ἔσχε
3160 3153 3247 3205 ":6
3313 3144 3731 3223 πραχθέν·πλὴν

488 3246 695 3297 tactum
726 3249 897 3297 caret.
920 3238 1125 3295 Verum
1159 3240 1401 3296 semelid
1423 3239 1630 3295 factum
1668 3251 1750 3296 est
1775 3261 1787 3295 :
1810 3242 2071 3312 deinceps

486 3334 535 3387 si
571 3332 745 3398 ﬁeret,
769 3345 1143 3402 nequaquam.
1178 3330 1235 3385 Id
1262 3330 1408 3386 enim
1472 3346 1600 3386 cum
1659 3332 2072 3401 significatione

487 3424 675 3494 aliqua
720 3420 928 3477 factum
964 3436 1078 3476 non
1110 3436 1209 3490 per
1239 3436 1459 3475 omnem
1503 3426 1720 3475 aetatem
1774 3420 1909 3490 legis
1960 3420 2069 3472 vim

485 3514 726 3568 obtinet.
757 3512 836 3567 Ac
882 3513 936 3566 in
982 3511 1181 3582 pritnis
1236 3510 1459 3581 quidem
1493 3526 1619 3564 cum
1658 3509 1809 3566 Deus
1857 3511 2068 3564 clarum

489 3605 686 3662 fecerit
705 3620 765 3660 se
792 3617 1141 3674 nequaquam
1175 3602 1421 3657 victimis
1457 3601 1722 3657 delectari
1757 3600 2067 3656 hominum.

564 3695 977 3751 Pharatnonita.
1007 3692 1146 3767 jx",
1183 3691 1299 3764 13.]
1330 3690 1471 3749 Urbs
1509 3693 1566 3748 in
1607 3702 1873 3747 montano
1907 3694 2070 3745 Ama-

489 3789 595 3845 lec.

559 3878 735 3935 Morte
777 3880 1071 3935 moriemur
1105 3880 1360 3950 quoniam
1391 3877 1561 3933 Deum
1605 3879 1857 3933 vidimus.
1900 3876 2066 3950 [Xlll,

484 3972 604 4045 22.]
654 3972 987 4042 Suspicatus
1018 3980 1107 4027 est
1139 3970 1332 4026 Manoe
1380 3987 1492 4026 non
1544 3972 1823 4042 angelum,
1874 3987 2067 4025 verum

485 4061 660 4118 Deum
692 4074 754 4115 se
792 4060 1021 4115 vidisse.
1064 4060 1342 4126 Quocirca
1392 4059 1681 4113 victimam
1723 4074 1832 4113 non
1870 4059 2065 4114 eodem

487 4147 595 4202 loci
639 4146 863 4213 obtulit,
907 4160 1101 4201 verum
1160 4160 1328 4217 super
1366 4156 1529 4217 petra
1573 4161 1699 4217 qua:
1733 4147 2068 4216 signiﬁcavit

487 4236 796 4292 Christum.
839 4234 911 4289 At
942 4232 1039 4305 qui
1071 4236 1327 4305 angelum
1356 4232 1751 4306 esse’cogmto,
1789 4236 1972 4290 denuo
2007 4248 2067 4289 se

488 4328 659 4384 Deutn
704 4327 910 4383 vidisse
940 4327 1125 4384 dsxit?
1160 4325 1258 4382 Vel
1309 4331 1362 4381 in
1414 4327 1591 4397 legato
1632 4328 1927 4398 legantem,
1982 4325 2102 4403 vcl_

2181 3246 2329 3322 ἅπαξ
2387 3245 2661 3317 ἐπράχθη,
2695 3246 2758 3298 ἐκ
2791 3246 3049 3316 δευτέρου
3099 3245 3154 3298 δὲ
3198 3242 3476 3314 οὐδαμῶς.
3526 3239 3593 3292 οὐ
3643 3234 3727 3303 γὰρ

2177 3337 2301 3391 καθ’
2325 3338 2450 3392 ὅλου
2497 3337 2588 3391 τοῦ
2630 3338 2825 3409 χρόνου
2879 3339 3042 3407 νόμος
3089 3340 3150 3391 τὸ
3179 3339 3321 3409 προς
3352 3336 3572 3408 σημεῖον
3596 3340 3728 3397 ἵετο·

2177 3428 2285 3493 νὸς.
2320 3430 2413 3481 καὶ
2443 3428 2684 3498 μάλιστα
2715 3428 2850 3481 Θεοῦ
2886 3429 3258 3498 δεδηλωκότος
3282 3424 3542 3499 μηδαμῶς
3566 3419 3722 3492 βεϐου-

2176 3519 2376 3591 λῆσθαι
2405 3520 2596 3585 θυσίας
2624 3520 2951 3592 ἀνθρώπων.

2257 3704 2321 3758 '0
2347 3704 2797 3773 Φαραθωνίτης’
2834 3702 2988 3769 πόλις
3022 3704 3081 3757 ἐν
3127 3704 3305 3776 ὁρίοις
3350 3699 3608 3773 Ἀμαλήκ.

2247 3876 2493 3942 Θανάτῳ
2518 3876 3004 3947 ἀποθανούμεθα,
3033 3878 3122 3933 ὅτι
3147 3881 3302 3947 Θεὸν
3331 3878 3583 3947 εἴδομεν.
3614 3867 3717 3921 ’Υπ-

2176 3970 2446 4034 ετὸπαζεν
2484 3973 2512 4023 6
2557 3971 2755 4024 Μανωὲ
2809 3971 2884 4041 μὴ
2915 3971 3165 4040 ἄγγελον,
3187 3973 3325 4025 ἀλλὰ
3364 3970 3493 4024 Θεὸν
3520 3956 3712 4034 ἐωρακὲο

2175 4078 2285 4119 ναι.
2319 4062 2409 4115 Διὸ
2437 4064 2531 4117 καὶ
2552 4064 2650 4135 τὴν
2673 4063 2863 4117 θυσίαν
2892 4067 3269 4135 προσήνεγκεν
3290 4066 3390 4119 οὐκ
3429 4056 3578 4115 αὑτοῦ
3606 4050 3712 4119 (66).

2176 4153 2313 4225 πρὸς
2346 4154 2404 4207 δὲ
2439 4154 2646 4227 πέτραν
2675 4158 2773 4227 τὴν
2821 4159 3198 4227 σημαίνουσαν
3224 4159 3317 4212 τὸν
3354 4151 3592 4227 Χριστόν.
3620 4140 3712 4199 Πῶς

2172 4244 2227 4297 δὲ
2252 4246 2435 4314 γνοὺς.
2492 4246 2600 4299 ὃτι-
2631 4246 2862 4316 ἄγγελός
2897 4249 3046 4312 ἐστι,
3077 4250 3241 4303 πάλιν
3291 4248 3421 4303 Θεὸν
3455 4234 3711 4321 ἑωρακέναι

2175 4338 2379 4408 φησίν;
2415 4339 2485 4391 Ἢ
2530 4340 2588 4392 ἐν
2639 4338 2716 4407 τῷ
2773 4342 3079 4412 πεμφθέντι
3120 4341 3213 4394 τὸν
3249 4339 3551 4411 πέμψαντα.
3580 4322 3710 4412 il?"

486 4421 672 4493 magni
714 4418 936 4477 consilii
969 4418 1229 4487 angelum
1252 4419 1302 4450 ”
1343 4420 1543 4473 innuit.
1588 4418 1681 4472 Dei
1712 4433 1842 4472 vero
1876 4434 2064 4473 vocem

2178 4430 2270 4501 τῆς
2304 4430 2547 4501 μεγάλης
2588 4431 2783 4502 βουλῆς
2828 4409 3081 4502 ἀγγελον.
3105 4433 3214 4487 Kal
3244 4436 3278 4505 ἡ
3304 4409 3449 4502 φωνὴ
3468 4425 3566 4494 γὰρ
3583 4409 3705 4470 θέοὗο

486 4528 631 4578 esse,
678 4511 815 4566 illud
852 4508 1000 4579 quod
1047 4524 1249 4562 nomen
1284 4510 1537 4565 indicare
1573 4521 1816 4573 recusat,
1858 4512 2061 4581 arguit.

489 4601 626 4655 Item
654 4598 804 4669 quod
834 4595 1173 4651 miraculum
1216 4596 1359 4650 idem
1387 4599 1537 4666 quod
1575 4608 1702 4653 ante
1735 4597 1945 4654 Iacobo
1992 4602 2072 4655 di-

487 4699 639 4745 ctum
680 4696 792 4752 est,
828 4685 1063 4741 indicat.
1103 4684 1522 4757 Quapropterei
1556 4696 1824 4758 tanquam
1854 4687 1965 4745 Deo
1986 4691 2072 4745 τί-

484 4782 710 4838 ctimam
741 4782 900 4836 litare
938 4787 1024 4835 cst
1050 4779 1327 4852 dignatus.

552 4870 827 4925 Caeterum
879 4870 1079 4925 mulier
1126 4870 1251 4925 viro
1304 4870 1526 4926 videtur
1574 4872 1955 4942 praestantior,
2005 4889 2071 4931 ac

488 4959 613 5014 ideo
638 4959 818 5030 primo
853 4960 902 5016 ei
937 4961 1080 5015 visio
1117 4960 1379 5031 obtingit,
1414 4976 1479 5016 ac
1526 4977 1624 5032 per
1666 4977 1789 5017 eam
1834 4965 2068 5022 maritus

485 5052 732 5115 demum,
754 5068 919 5123 quem
959 5052 1106 5107 bono
1129 5053 1320 5107 animo
1346 5067 1471 5108 esse
1508 5054 1683 5121 jubet.

557 5138 738 5195 Porro
760 5142 1021 5197 Samsoui
1057 5142 1247 5211 capilli
1288 5156 1480 5198 omnes
1499 5143 1644 5198 vires
1671 5146 2063 5213 conciliarunt,

486 5247 584 5303 per
611 5247 758 5303 quos
782 5240 836 5286 et
866 5233 1102 5303 spiritus
1122 5248 1247 5289 sese
1277 5234 1517 5290 vibravit
1545 5238 1938 5308 superipsum.
1969 5238 2064 5295 Sic

2176 4520 2253 4590 μὴ
2280 4519 2561 4586 ἀξιοῦντος
2612 4524 2789 4577 εἰπεῖν
2838 4522 3097 4595 τοῦνομα.
3149 4526 3261 4579 Kal
3317 4522 3444 4578 αὐτὸ
3485 4515 3705 4603 γάρῌοηστ

2170 4611 2504 4684 θαυμαστὸν,
2530 4614 2665 4685 ὅπερ
2711 4616 2913 4688 ἐρρέθη
2970 4617 3236 4689 πρότερον
3282 4600 3704 4670 ἸακώὸζἭξρω3⁸

2174 4705 2231 4759 δὲ
2258 4704 2335 4777 τῷ
2370 4705 2491 4776 Θεῷ
2530 4706 2904 4778 προσάγεσθαι
2932 4708 3030 4781 τὴν
3062 4709 3277 4766 θυσίαν.

2260 4879 2323 4934 Ἦ
2357 4883 2494 4955 γυνὴ
2520 4883 2830 4956 τελειοτέρα
2863 4886 3113 4957 φαίνεται
3139 4886 3235 4941 τοῦ
3282 4866 3483 4955 ἀνδρός·
3513 4869 3595 4929 Ᾱιδ
3630 4860 3701 4957 ξω

2176 4969 2371 5043 πρώτη
2403 4952 2499 5043 τῆς
2535 4952 2803 5040 ὀπτασίας
2837 4952 3119 5048 τυγχάνει,
3139 4977 3235 5031 καὶ
3257 4975 3325 5031 δι’
3348 4952 3507 5039 αὐτῆς
3525 4964 3550 5016 δ
3569 4952 3695 5049 α’(ἧρν

2175 5063 2273 5116 καὶ
2309 5050 2553 5119 διδάσκει
2586 5066 2679 5120 τὸν
2714 5067 2889 5139 ἄνδρα
2920 5067 3171 5142 θαρρεῖν.

2245 5156 2337 5228 Τῷ
2368 5158 2611 5229 Σαμψὼν
2637 5160 2696 5214 al
2726 5137 2915 5233 τρίχες
3067 5164 3249 5218 πᾶσαν
3274 5153 3530 5215 ἐνεποίουν
3552 5137 3688 5236 ἔτι-ἤν)

2172 5246 2244 5302 δι’
2281 5242 2358 5303 ὧν
2382 5228 2477 5303 καὶ
2508 5228 2571 5304 τὸ
2601 5228 3209 5323 πνεῦμα-’κατηύθυνεν
3254 5251 3339 5308 ἐπ’
3367 5241 3534 5302 αὐτόν.
3565 5228 3688 5323 Ἀλξά

481 5327 651 5380 etiam
691 5340 823 5381 cum
867 5325 1027 5381 Anna
1060 5336 1245 5380 votum
1287 5338 1691 5399 nuncnpasset,
1734 5332 1781 5385 si
1816 5342 2057 5402 pareret,

2178 5341 2264 5394 καὶ
2289 5346 2388 5415 τῆς
2423 5344 2627 5418 Ἀννης
2660 5316 3069 5420 εὺέαμὲνηςίεί
3090 5348 3261 5417 τέκοι,
3294 5342 3496 5414 σίδηρον
3519 5316 3687 5385 “ut”

542 5480 590 5513 ’⁸
617 5478 799 5538 Judic.
848 5478 1017 5542 “.29.
1093 5478 1140 5512 ⁸³
1167 5478 1273 5537 lsa.
1310 5495 1387 5551 Ix,
1421 5485 1475 5542 6.

1969 5582 2209 5644 NOTA‘J.

548 5668 668 5758 (eo)
694 5685 858 5761 Δὺτῷ
880 5686 1101 5754 πάντως
1123 5688 1426 5759 ἀναγνωστ.
1456 5691 1536 5763 τῷ
1587 5692 1833 5766 Ἀγγέλῳ
1875 5694 2057 5768 δῆθεν.
