3986 6218
302 401 440 475 ἵητ3

1407 415 1943 495 cumtamen
1977 419 2059 482 ΙΝ
2091 419 2423 483 JUDICES.
2459 379 2470 389 ’

3409 417 3546 486 1076

297 519 538 588 κεταλὴν
572 519 668 571 οὐκ
696 519 868 589 ἀναῆἡ
881 521 1066 574 τεσθαι
1095 521 1189 575 τοῦ
1213 524 1433 588 παιδὸς,
1465 528 1719 594 γεννᾶται
1760 527 1867 578 Σα-

1989 527 2172 582 'errum
2192 544 2298 581 non
2331 542 2694 584 ascensurum
2721 541 2889 598 super
2915 533 3082 598 caput
3107 527 3285 598 pueri,
3309 527 3546 586 Samue-

302 613 472 679 μονὴ).
509 613 537 664 6
564 611 642 681 τῷ
685 611 905 682 μεγᾶλῳ
947 615 1424 686 παραϐαλλόμενος
1461 619 1688 671 Μωῦσεί
1719 618 1868 688 παρά

297 707 375 774 τῷ
407 706 536 775 θείῳ
557 707 739 760 Δαϐίδ.
780 709 916 780 Φησὶ
941 709 1070 779 γὰρ,
1109 729 1128 762 ι
1163 712 1404 780 Μωῠσῆς
1430 713 1526 766 καὶ
1570 713 1779 784 Ἀαρὼν
1812 716 1870 767 ἐν

297 801 407 850 τοῖς
430 798 666 864 ἱερεῦσιν
691 799 878 864 αὐτοῦ,
908 802 1000 854 καὶ
1027 801 1281 873 Σαμουὴλ
1317 805 1376 856 ἐν
1422 806 1535 868 τοῖς
1575 805 1870 859 ἐπικαλου-

303 891 486 958 μένοις
508 889 568 942 τδ
594 890 765 958 ὄνομα
788 891 973 946 αὐτοῦ.
1011 911 1030 942 ι
1063 892 1245 946 Ἔντδέ
1269 893 1346 964 τῷ
1375 894 1641 967 Ἱερεμίᾳ,
1677 913 1696 946 ι
1745 896 1872 948 Ἐὰν

303 981 424 1050 στῇ,
478 977 632 1046 φησὶ,
677 979 921 1046 Μωῦσῆς
962 981 1056 1034 γαί
1109 981 1362 1050 Σαμουὴλ
1415 983 1521 1052 πρὸ
1576 981 1869 1052 προσώπου

305 1084 428 1136 μου.
459 1086 478 1118 1
531 1066 696 1120 Ἀλλά
743 1067 838 1120 καὶ
890 1069 998 1122 τῶν
1039 1068 1215 1137 Ἰησοῦ
1266 1067 1528 1142 μῗαθητῶν
1577 1073 1646 1125 αίη
1683 1057 1874 1142 τρίχες

299 1156 628 1226 ἡρίθμηντο.
682 1159 796 1210 Καὶ
837 1161 964 1228 περὶ
993 1158 1088 1210 τοῦ
1123 1160 1179 1213 δέ
1227 1159 1573 1231 τριχώματος
1608 1163 1708 1231 τῆς
1735 1163 1874 1232 νύμ-

304 1267 411 1318 φης
437 1250 494 1302 ἐν
511 1248 752 1320 ’ᾼσματι
782 1248 959 1316 λόγος.
983 1249 1166 1302 "Bome
1181 1251 1361 1303 τοίνυν
1381 1253 1409 1304 6
1431 1252 1578 1321 βιοὺς
1608 1254 1872 1322 ἀκριϐῶς,

304 1339 399 1392 καὶ
439 1337 601 1406 μέχρι
633 1336 728 1389 τοῦ
760 1337 1016 1406 τυχόντος
1043 1336 1185 1390 κατὰ
1209 1337 1303 1390 τὸν
1321 1339 1462 1391 θετον
1482 1337 1638 1405 λόγον
1661 1339 1875 1392 ἅπαντα

304 1428 565 1496 πράττειν
603 1425 928 1496 βουλόμενος
949 1466 964 1489 ,
999 1427 1074 1489 ὡς
1107 1426 1264 1494 am,-
1305 1428 1401 1480 καὶ
1444 1428 1564 1498 θεῷ
1593 1429 1879 1499 ἀνακείμε-

304 1533 394 1582 νος
423 1517 684 1571 ἐπαινετά
705 1519 801 1570 καὶ
834 1517 1031 1587 ἰσχυρὰ
1057 1516 1202 1587 ἔχειν
1228 1519 1322 1571 καὶ
1343 1517 1412 1570 τά
1433 1513 1548 1572 οἷον
1570 1518 1878 1589 αἰσθήσεως

305 1607 640 1680 ἀμοιροῦντα
679 1608 995 1678 θειοτέρας,
1035 1608 1182 1678 ἅπερ
1233 1610 1350 1663 ἐστὶ
1387 1609 1454 1664 τά
1498 1609 1876 1681 βιοτικώτερα,
1939 1622 1943 1628 ·

309 1701 403 1754 καὶ
431 1699 496 1770 τῇ
521 1699 840 1770 ἀνθρωπίνῃ
879 1699 1041 1768 φύσει
1069 1701 1160 1754 διὰ
1185 1701 1284 1770 τὴν
1309 1701 1404 1754 τοῦ
1430 1701 1682 1772 σώματος
1709 1702 1880 1770 ἀνάγ-

310 1808 416 1862 κην
442 1790 995 1861 παραλαμϐανόμενα.
1022 1787 1125 1844 Ὧν
1151 1793 1180 1843 6
1213 1793 1368 1860 ἅγιος
1405 1793 1466 1845 οὐ
1521 1795 1876 1863 καταφρονεῖ,

309 1851 386 1944 ὼέ
427 1851 536 1959 ,μὴ’
583 1851 776 1948 ἁγίων.
811 1851 970 1945 "risv:
1022 1885 1132 1954 γὰρ
1183 1851 1277 1938 τοό
1326 1851 1509 1953 μέλειν
1547 1851 1754 1955 θεῷτε
1785 1851 1881 1938 καλ
1913 1851 1953 1908 Β

306 1971 466 2042 λόγῳ.
501 1973 592 2036 Είς
629 1972 788 2036 δόξαν
811 1974 920 2044 γὰρ
945 1974 1078 2027 (ν)εοῦ
1108 1977 1216 2036 τοῖς
1245 1974 1422 2040 ἁγίοις
1460 1975 1554 2028 καὶ
1586 1975 1645 2027 τδ
1681 1973 1882 2028 ἐσθίειν

309 2067 405 2122 καὶ
432 2067 493 2120 τὸ
517 2067 692 2120 πίνειν
719 2067 811 2122 καὶ
855 2071 962 2122 πᾶν
988 2069 1016 2122 ὃ
1049 2086 1102 2122 τι
1128 2068 1388 2122 τοιοῦτον.
1431 2069 1539 2122 Καὶ
1569 2067 1882 2139 ἀριθμεῖται

306 2157 481 2212 ταῦτα
515 2158 668 2228 παρά
697 2159 833 2230 Θεῷ,
862 2160 936 2224 ὡς
965 2161 1024 2212 ἐν
1053 2162 1166 2222 τοῖς
1211 2161 1492 2232 Ἀριθμοῖς
1522 2160 1592 2214 τά
1627 2160 1736 2214 ἀπὸ
1781 2177 1883 2230 μη-

307 2248 482 2304 νιαίου
541 2251 633 2302 καὶ
670 2251 856 2304 ἐπάνω
889 2249 1096 2315 παιδία,
1141 2252 1200 2304 οὐ
1251 2251 1468 2306 πάντων
1507 2251 1880 2322 Ἰσραηλιτῶν,

307 2339 425 2394 ἀλλ’
449 2340 568 2412 ἦτοι
616 2341 882 2404 Λευῖτῶν,
915 2341 946 2411 ἢ
991 2341 1129 2409 μόνα
1170 2343 1236 2394 τὰ
1282 2342 1604 2414 πρωτότοκα
1629 2359 1642 2371 ·
1675 2339 1796 2394 οὔτε
1826 2339 1883 2393 δὲ

307 2432 538 2494 οἰκέται,
580 2431 706 2485 οὔτε
743 2435 772 2485 6
816 2433 1140 2500 ἐπίμικτος,
1183 2430 1308 2484 οὔτε
1348 2433 1628 2499 γυναῖκες,
1677 2430 1800 2484 οὔτε
1833 2431 1882 2483 οἱ

313 2522 390 2595 μὴ
417 2524 707 2592 δυνάμενοι
735 2521 824 2576 διὰ
872 2524 1004 2578 νέαν
1041 2520 1260 2591 ἡλικίαν
1311 2519 1512 2587 ἐξιέναι
1560 2522 1697 2592 πρὸς
1729 2521 1886 2574 πόλε·

313 2631 434 2685 μον.
471 2614 727 2678 Τοιοῦτος
764 2615 990 2677 εἰκότως
1023 2615 1051 2666 6
1081 2613 1357 2684 Σαμουὴλ.

382 2874 510 2938 Πῶς
555 2874 649 2927 ἐπὶ
701 2875 824 2938 ταῖς
865 2873 1114 2942 γυναιξὶν
1149 2873 1248 2927 οὐκ
1274 2872 1544 2942 ἀφίστατο
1575 2871 1638 2927 τδ
1670 2871 1887 2943 πνεῦμα

314 2963 412 3018 τοῦ
445 2963 726 3035 Σαμψὼν;
761 2965 832 3018 Ἢ
868 2963 1142 3034 θειότερόν
1187 2981 1240 3016 τι
1277 2965 1346 3017 τὰ
1390 2961 1534 3017 κατὰ
1576 2963 1763 3018 τοῦτον
1789 2963 1887 3034 δη-

314 3057 417 3112 λοῖ.
447 3056 521 3108 Τὸ
550 3055 648 3126 μὲν
679 3056 788 3126 γὰρ
824 3055 944 3108 ὅλον
975 3053 1135 3124 σῶμα
1163 3053 1258 3108 τοῦ
1293 3052 1554 3125 Σαμψὼν,
1587 3053 1748 3123 σῶμά
1771 3053 1884 3126 (67)

1971 616 2074 670 lem
2103 618 2298 688 gignit,
2333 619 2426 689 qui
2459 616 2594 673 Mosi
2630 632 2830 688 magno
2861 633 2891 672 α
2924 619 3130 674 Davide
3161 630 3547 690 comparatur,

1971 708 2152 778 inquit
2195 711 2343 764 enim
2382 728 2396 766 :
2431 730 2450 764 ι
2485 707 2756 766 Moses-et
2802 710 2988 764 Aaron
3042 710 3186 766 inter
3232 710 3548 768 sacerdotes

1969 799 2114 868 ejus,
2148 799 2372 858 Samuel
2400 803 2542 858 inter
2559 818 2654 859 eos
2680 803 2773 873 qui
2802 802 3278 858 invocantnomen
3302 803 3422 874 eius
3445 803 3544 856 ".1

1971 891 2146 947 Porro
2182 894 2239 946 in
2266 891 2501 948 Ieremia
2533 911 2554 964 ,ι
2584 911 2602 945 ι
2644 893 2800 958 Quod
2825 893 2872 949 si
2905 892 3106 958 Moses,
3139 893 3346 964 inquit,
3379 902 3548 948 stete-

1973 982 2050 1034 rit
2077 996 2200 1035 cum
2237 981 2492 1038 Samueie
2521 998 2707 1037 coram
2745 998 2834 1038 rue
2867 981 2938 1034 ".
2972 1000 2990 1034 ι
3037 983 3155 1037 lmo
3188 983 3351 1047 etiam
3379 982 3552 1038 disci-

1974 1071 2228 1140 pulorum
2261 1070 2391 1125 Jesu
2421 1072 2605 1142 capilli
2640 1073 2694 1126 in
2727 1080 3021 1126 numerato
3053 1081 3180 1126 sunt
3211 1073 3277 1124 ".
3299 1072 3551 1126 Decuma

1975 1161 2104 1217 item
2163 1177 2382 1232 sponsa:
2438 1163 2494 1216 in
2537 1164 2771 1217 Cantico
2821 1177 3008 1216 sermo
3047 1169 3136 1216 cst
3161 1164 3228 1214 "'.
3285 1161 3553 1231 Quisquis
3607 1175 3610 1178 ‘

1975 1255 2120 1309 enim
2160 1255 2330 1307 vitam
2377 1261 2641 1308 accurate
2677 1253 2944 1315 instituit,
2994 1263 3047 1306 et
3077 1251 3255 1320 quoad
3299 1250 3414 1304 ﬂeri
3450 1265 3550 1318 po-

1977 1351 2085 1398 test
2111 1343 2295 1398 omnia
2337 1343 2494 1412 juxta
2526 1343 2772 1397 divinam
2817 1343 3090 1395 rationem
3128 1354 3292 1410 agere
3321 1338 3549 1408 expetit,
3592 1375 3616 1397 .

1977 1451 2039 1490 ea
2069 1435 2234 1490 etiam
2286 1451 2409 1504 qua:
2472 1437 2656 1489 minus
2715 1433 3003 1487 divinitate
3053 1431 3387 1500 participant
3432 1439 3552 1484 tau-

1969 1541 2142 1595 .quam
2176 1526 2260 1579 vir
2294 1535 2521 1590 sanctus
2552 1533 2605 1578 et
2635 1523 2746 1578 Deo
2773 1529 2922 1576 totus
2947 1522 3191 1584 deditus,
3215 1520 3448 1574 meliora
3481 1519 3558 1574 ef-

1979 1614 2350 1684 ﬁcacioraque
2395 1615 2450 1668 in
2505 1629 2627 1669 sese
2659 1613 2900 1682 experiri
2941 1615 3184 1667 videtur.
3227 1611 3555 1681 Cujnsnzodi

1979 1719 2043 1759 ea
2076 1711 2206 1760 sunt
2231 1719 2352 1773 quae
2375 1703 2440 1757 ad
2471 1703 2680 1757 victum
2716 1703 3016 1772 pertinent,
3057 1713 3110 1757 et
3145 1704 3394 1774 corporis
3431 1719 3560 1758 sus.

1982 1793 2224 1848 tentandi
2261 1807 2422 1846 causa
2466 1792 2786 1846 necessario
2811 1792 2878 1844 ab
2911 1792 3230 1846 hominibus
3263 1807 3561 1846 assumun-

1983 1894 2092 1946 tur,
2140 1883 2300 1954 567
2341 1899 2464 1954 quze
2495 1897 2562 1937 ne
2601 1892 2848 1955 sanctus.
2873 1883 3098 1952 quidem
3144 1891 3407 1951 tanquam
3449 1899 3564 1938 non.

1984 1985 2172 2028 sancta
2202 1975 2620 2043 contempserit.
2654 1972 2846 2042 Neque
2869 1973 3016 2028 enim
3049 1973 3270 2042 indigna
3295 1981 3562 2040 suntquae

1983 2076 2012 2115 a
2045 2060 2154 2116 Deo
2191 2069 2246 2116 et
2280 2061 2452 2120 verbo
2480 2068 2764 2116 curentur.
2808 2059 2866 2114 In
2893 2060 3126 2130 gloriam
3159 2060 3305 2114 enim
3340 2058 3436 2122 Dei
3476 2074 3562 2112 ce-

1983 2151 2066 2206 dit
2109 2159 2165 2207 ct
2203 2161 2528 2208 sanctorum
2573 2167 2702 2208 esus
2744 2160 2796 2206 et
2835 2161 3020 2221 potus,
3065 2159 3120 2204 et
3163 2150 3434 2220 quidquid
3479 2159 3565 2204 est

1982 2243 2324 2314 bujusmodi.
2359 2245 2494 2300 Nam
2531 2260 2593 2300 ea
2632 2259 2853 2315 quoque
2887 2244 3034 2313 apud
3075 2241 3245 2296 Deum
3284 2242 3339 2295 in
3372 2255 3562 2295 nume-

1985 2342 2110 2389 rato
2151 2345 2302 2400 sunt,
2342 2351 2450 2389 non
2493 2337 2675 2390 minus
2707 2348 2870 2404 quam
2917 2335 2970 2386 in
3027 2331 3284 2386 Numeris
3314 2331 3360 2364 ”'
3406 2329 3566 2399 pueri

1986 2437 2229 2478 mensem
2263 2433 2353 2478 aut
2376 2439 2541 2494 supra
2572 2425 2719 2478 natis
2753 2439 2858 2477 non
2883 2422 3255 2478 lsraclitarum
3287 2423 3569 2486 omnium,

1984 2525 2173 2564 verum
2205 2522 2298 2566 aut
2339 2510 2676 2577 Levitarum,
2732 2522 2828 2568 aut
2853 2513 3227 2584 primogeniti.
3263 2511 3439 2567 Porro
3461 2529 3569 2567 nec

1986 2598 2176 2654 famuli
2207 2617 2306 2656 nec
2345 2601 2624 2674 indigena,
2657 2619 2760 2658 nec
2789 2604 3070 2664 mulieres,
3115 2619 3294 2674 neque
3332 2591 3402 2658 ob
3429 2611 3565 2656 atta-

1985 2692 2058 2746 tis
2091 2694 2440 2748 teneritatem
2473 2693 2727 2748 militiam
2762 2694 3003 2750 obeundi
3036 2695 3226 2766 inepti.
3263 2695 3415 2752 Talis
3449 2708 3563 2750 non

1987 2785 2267 2841 immerito
2287 2783 2510 2842 Samuel
2546 2788 2721 2842 videri
2746 2787 2928 2843 debet.

2056 2875 2169 2932 Cur
2189 2892 2321 2931 vero
2357 2892 2466 2932 non
2512 2865 2682 2948 super
2717 2878 2983 2932 mulieres
3007 2877 3238 2946 spiritus
3277 2877 3566 2935 Samsonis

1987 2965 2246 3028 recessit,
2284 2965 2413 3030 quia
2445 2965 2739 3021 sublimius
2769 2965 3030 3035 quiddam
3071 2981 3162 3020 res
3191 2967 3371 3036 ipsius
3397 2968 3568 3038 signi-

1988 3057 2247 3114 ﬁcabant.
2285 3056 2487 3112 Totum
2529 3058 2730 3114 etenim
2781 3055 3067 3112 Samsonis
3111 3073 3312 3128 corpus
3361 3059 3566 3116 Christi

317 3151 433 3202 ἐστι
456 3149 548 3202 τοῦ
573 3146 860 3220 Χριστοῦή
899 3147 1196 3218 Ἐκκλησία
1231 3147 1318 3200 διὰ
1343 3148 1422 3213 τὸ,
1451 3167 1469 3199 ι
1489 3148 1677 3218 Ὑμεῖς
1693 3147 1748 3201 δέ
1767 3149 1888 3201 ἐστε

1993 3160 2194 3216 corpus
2223 3146 2471 3200 Ecclesia
2517 3155 2624 3212 est,
2658 3145 2815 3216 juxta
2845 3147 2982 3200 illud
3029 3165 3043 3200 :
3077 3165 3096 3198 ι
3134 3147 3249 3201 Vos
3275 3163 3408 3201 vero
3439 3163 3568 3202 eor-

319 3239 477 3310 σῶμα
502 3240 740 3312 Χριστοῦ
771 3241 864 3294 καὶ
888 3239 1026 3312 μέλη
1055 3241 1119 3293 ἐκ
1145 3240 1344 3309 μέρους
1369 3256 1416 3291 ο»
1443 3239 1628 3310 τρίχες
1651 3239 1708 3292 δέ
1723 3256 1895 3308 κεφα-

321 3331 416 3400 λῆς
473 3332 522 3384 οί
566 3331 760 3385 τοιοίδε
826 3331 1004 3398 ἅγιοι,
1044 3332 1138 3386 καὶ
1179 3330 1409 3402 δύναμιν
1461 3332 1788 3400 παρέχοντες
1814 3332 1895 3384 δι-

317 3413 615 3486 δασκαλίας
645 3423 740 3476 καὶ
769 3424 866 3491 τῆς
887 3423 1054 3492 ἄλλης
1091 3423 1366 3487 πολιτείας
1415 3422 1494 3494 τῷ
1520 3423 1626 3492 ὅλῳ
1656 3421 1892 3492 σώματι.

319 3514 586 3584 Ζητοῦσιν
612 3511 706 3568 οὖν
735 3516 784 3567 οἱ
807 3514 1096 3582 ἀλλόφυλοι
1137 3515 1242 3568 ποῦ
1267 3517 1368 3584 τῆς
1397 3515 1525 3582 ὅλης
1567 3513 1896 3581 Ἑκκλησίας

319 3607 354 3674 ἠ
389 3604 640 3669 δύναμις,
679 3604 873 3672 μέχρις
919 3603 985 3655 ἂν
1017 3597 1251 3670 εὗρωσιν
1283 3605 1340 3656 ἐν
1369 3602 1512 3656 τίσιν
1545 3603 1714 3656 ἐστίν.
1753 3603 1896 3656 ’Δλλ’

321 3683 576 3758 ὅσονμέν
607 3683 755 3742 οὗτοι
785 3691 850 3758 τῇ
891 3688 1187 3758 Ἐκκλησία
1210 3691 1486 3758 πάρεισιν.
1509 3688 1654 3743 ἔστιν
1691 3691 1894 3761 ἀήττηο

323 3777 559 3840 το;,κᾶν
597 3775 932 3846 δεσμεύηται
983 3777 1089 3828 ὑπὸ
1139 3776 1248 3829 τῶν
1303 3777 1636 3844 ἀλλοφύλων,
1671 3779 1895 3851 διαρρη-

322 3865 577 3936 γνύουσιν
625 3866 701 3927 ὡς
741 3863 1168 3927 ἀσθενεστάτους
1229 3865 1352 3929 τοὺς
1398 3866 1490 3918 ὑπ’
1536 3867 1762 3920 ἐκείνων
1809 3867 1896 3920 δε-

325 3958 518 4026 σμούς.
563 3956 729 4010 Ἐπάν
761 3955 816 4008 δὲ
840 3955 1006 4018 ὕπνος
1045 3955 1334 4028 καταλάϐῃ
1364 3955 1425 4008 τδ
1477 3956 1654 4026 σῶμα,
1693 3959 1785 4010 καὶ
1813 3952 1897 4022 οἷς

321 4052 383 4106 οὐ
415 4051 520 4121 χρὴ
554 4048 782 4120 ἐκθῆται
815 4045 882 4100 τὰ
915 4046 1016 4116 τῆς
1045 4045 1348 4114 δυνάμεως,
1383 4048 1504 4099 τότε
1539 4047 1895 4116 ξυρείταικαὶ

321 4143 422 4214 τὴν
467 4142 698 4211 δύναμιν
741 4139 1082 4194 ἀποτίθεται.
1131 4137 1510 4202 ’Λσθενοῠντος
1557 4139 1614 4192 δὲ
1654 4140 1748 4192 τοῦ
1786 4141 1894 4194 σώ-

327 4251 516 4304 ματος,
543 4236 589 4288 οἱ
616 4232 906 4299 ἀλλόφυλοι
933 4232 993 4284 οὐ
1024 4231 1186 4300 μέχρι
1211 4229 1307 4283 τοῦ
1333 4229 1628 4300 ἁφελέσῧαι
1649 4233 1771 4294 τοὺς
1795 4232 1893 4304 τὴν

319 4324 552 4394 δύναμιν
581 4323 761 4377 αὐτῶν
803 4321 1144 4393 παρέχοντας
1191 4319 1433 4373 ἵστανται
1458 4335 1472 4348 ⁸
1515 4320 1648 4373 ἀλλά
1697 4321 1808 4392 γάρ
1843 4323 1897 4376 εἴ

325 4433 429 4470 που
455 4417 548 4468 καὶ
585 4415 892 4486 διορατικόν
918 4431 971 4468 τι
995 4414 1081 4486 εἴη
1117 4413 1213 4467 καὶ
1245 4413 1339 4478 ὀξὺ
1385 4412 1602 4483 βλέπειν
1653 4415 1887 4486 δυνάμει

1997 3253 2100 3309 pus
2131 3239 2268 3294 estis
2293 3237 2524 3302 Christi,
2562 3247 2616 3293 et
2663 3240 2911 3294 membra
2939 3255 3004 3294 cx
3035 3250 3188 3310 parte
3209 3242 3277 3296 ⁸³.
3315 3261 3334 3294 ι
3371 3239 3574 3312 Hujus-

1997 3330 2144 3384 modi
2177 3345 2307 3384 vero
2346 3331 2526 3402 capilli
2565 3331 2747 3386 sancti
2789 3340 2942 3396 sunt,
2983 3347 3048 3385 ac
3076 3347 3270 3387 omnes
3302 3341 3574 3403 quotquot

1995 3425 2145 3480 vires
2171 3423 2485 3492 disciplinae
2516 3437 2581 3478 ac
2620 3423 2794 3478 totius
2823 3424 3245 3494 gubernationis
3305 3425 3404 3479 IOIi
3445 3440 3573 3479 cor-

1995 3515 2114 3584 pori
2157 3513 2530 3584 suppeditant.
2577 3512 2872 3582 Inquirunt
2935 3513 3106 3583 igitur
3159 3515 3432 3570 Palaestini
3510 3531 3575 3568 ac
3653 3525 3662 3530 ‘

1998 3603 2183 3658 hostes
2225 3603 2484 3657 Ecclesiae
2535 3602 2758 3656 ubinam
2791 3603 2958 3657 totius
2982 3603 3244 3660 Ecclesia:
3285 3605 3430 3662 vires
3463 3608 3576 3661 sint

1998 3694 2290 3756 abstrusaz,
2319 3694 2495 3748 donec
2537 3708 2632 3746 eos
2667 3693 2722 3745 in
2759 3694 2964 3760 quibus
3013 3704 3164 3760 sunt,
3197 3697 3575 3766 deprehende-

1997 3783 2132 3837 rint.
2163 3781 2434 3836 Caeterum
2457 3779 2702 3851 quandiu
2733 3782 2824 3836 isti
2855 3782 3114 3839 Ecclesia!
3143 3793 3270 3840 sunt
3295 3786 3572 3852 adjuncti,

1997 3873 2113 3944 ipsa
2137 3873 2354 3941 penitus
2386 3879 2470 3926 est
2495 3872 2718 3936 invicta,
2745 3874 2852 3927 etsi
2911 3876 3058 3927 enim
3083 3876 3136 3930 in
3167 3873 3389 3929 vincula
3417 3891 3446 3929 a
3472 3874 3576 3929 Pa-

1996 3960 2225 4016 laestinis
2251 3960 2602 4028 conjiciatur,
2639 3961 2708 4013 ab
2746 3962 2814 4016 iis
2843 3963 3074 4017 vincula
3102 3979 3204 4020 ceu
3247 3963 3574 4021 inﬁrmissi-

1994 4063 2083 4105 ma
2137 4061 2486 4118 rumpuntur.
2519 4048 2938 4119 Quamprimum
2995 4067 3125 4106 vero
3165 4070 3390 4109 somnus
3443 4055 3576 4109 illud

1994 4159 2196 4214 corpus
2221 4145 2452 4213 ceperit,
2489 4160 2553 4199 ac
2588 4143 2656 4199 iis
2685 4145 2820 4214 quib
2847 4161 2899 4199 is
2937 4147 3162 4201 minime
3212 4149 3581 4204 conveniebat

1994 4237 2139 4292 vires
2173 4251 2302 4291 suas
2327 4235 2694 4306 prostituerit,
2727 4237 2987 4291 tondetur
3008 4253 3072 4292 ac
3098 4239 3206 4292 vim
3228 4255 3383 4296 suam
3413 4241 3574 4292 amit-

1993 4330 2078 4385 tit.
2099 4327 2236 4384 Cum
2271 4343 2401 4382 vero
2429 4343 2632 4397 corpus
2663 4329 2890 4396 languet
2920 4327 3199 4384 Palaestini
3241 4345 3347 4384 non
3381 4341 3487 4385 tam
3516 4335 3573 4382 ut

1993 4418 2140 4471 vires
2169 4415 2218 4472 ei
2253 4415 2502 4468 adimant
2549 4415 2827 4480 laborant,
2859 4431 3022 4486 quam
3056 4425 3116 4470 ut
3178 4416 3231 4471 id
3265 4418 3409 4487 quod
3445 4435 3572 4488 per-

285 4523 415 4559 ανον
459 4508 516 4560 ἐν
557 4503 664 4575 ὅλῳ
699 4505 778 4574 τῷ
830 4499 1044 4576 σώματι
1093 4505 1190 4574 τῆς
1231 4503 1581 4573 Ἐκκλησίας,
1619 4507 1778 4560 τοῦτο
1805 4507 1889 4572 ἐξ·

1998 4503 2156 4572 spicit
2181 4511 2236 4556 ct
2289 4512 2512 4555 acutum
2557 4501 2736 4556 cernit
2785 4501 2840 4555 in
2899 4511 3012 4557 toto
3032 4517 3266 4574 corpore
3321 4503 3576 4558 Ecclesiae

325 4597 642 4670 ορύττουσιν
665 4614 681 4628 ο
723 4596 798 4658 ὡς
827 4596 893 4650 ἂν
931 4597 990 4649 τὸ
1028 4596 1186 4666 σῶμα
1209 4595 1316 4649 ὑπὸ
1347 4598 1454 4649 τῶν
1494 4597 1769 4668 πολεμίων
1799 4601 1898 4670 ἐμ-

327 4689 612 4757 παίζηται,
647 4689 808 4757 μέχρι
839 4687 1017 4740 καινοί
1051 4703 1191 4750 τινες
1219 4687 1342 4740 ἀντὶ
1379 4686 1488 4740 τῶν
1521 4689 1895 4760 ἀφῃρημένων

327 4778 651 4833 ἀνατείλωσι
681 4777 782 4845 τῆς
821 4776 1166 4845 Ἐκκλησίας,
1209 4777 1266 4830 ἐν
1291 4771 1372 4840 οἷς
1404 4781 1436 4849 ἠ
1483 4777 1601 4831 θεία
1643 4779 1895 4849 δύναμις,

331 4869 615 4940 λεγόμενοι
662 4867 864 4938 τρίχες.
895 4863 996 4921 Ὧν
1039 4867 1472 4934 ἀνατειλάντων,
1513 4869 1562 4923 oi
1604 4869 1896 4940 ἀλλόφυλοι

332 4961 708 5015 συντελοῦνται
736 4959 1122 5022 ἐπιπίπτοντες
1154 4961 1339 5022 αὐτοῖς
1388 4962 1525 5031 μετά
1557 4961 1668 5014 τῶν
1701 4961 1898 5016 κιόνων

330 5052 425 5107 τοῦ
471 5051 622 5105 οίκου
677 5051 897 5113 παντός.
938 5051 1002 5104 Ei
1035 5051 1090 5103 δέ
1123 5050 1216 5103 καὶ
1248 5051 1410 5114 αὐτὸς
1443 5050 1890 5122 παραπολαὺσειε

332 5145 398 5213 τῇ
427 5141 522 5194 τοῦ
565 5143 713 5194 οίκου
752 5143 846 5194 κλὶ
893 5143 956 5210 τῇ
988 5141 1096 5194 τῶν
1130 5139 1446 5208 ἀλλοφύλων
1490 5141 1773 5214 συντελείᾳ
1800 5146 1902 5212 τῆς

335 5233 524 5302 ἑαυτοῦ
549 5231 880 5295 συντελείας,
906 5231 1210 5302 πιεὺματος
1239 5231 1446 5302 Κυρίου
1471 5231 1792 5296 εὐθύναντος
1815 5231 1902 5286 ἐπ’

337 5323 522 5388 αὐτὸν,
561 5324 657 5376 καὶ
687 5323 858 5376 ταῦτα
896 5321 1299 5392 ἐργασαμένου,
1326 5321 1431 5393 χρὴ
1453 5324 1699 5390 σκοπεῖν,
1733 5322 1814 5387 ὡς
1839 5322 1902 5376 οὐ

411 5501 458 5536 ’⁸
495 5499 641 5556 Psal.
677 5515 860 5566 scrtu,
899 5497 951 5554 6.
1025 5501 1070 5533 "
1107 5495 1312 5552 Jerem.
1347 5513 1435 5564 xv,
1468 5498 1520 5552 1.

2001 4602 2218 4657 cruant,
2251 4607 2316 4647 ac
2344 4606 2548 4660 corpus
2596 4592 2856 4648 hbstibus
2897 4591 3238 4649 illudendnm
3270 4595 3571 4664 prmbcant,

2001 4685 2179 4740 donec
2219 4682 2343 4736 novi
2389 4683 2556 4752 aliqui
2587 4682 2776 4736 divina
2818 4683 3024 4739 virtute
3067 4684 3304 4754 praediti,
3353 4687 3453 4755 qui
3481 4699 3575 4739 ca-

2005 4774 2119 4845 pilli
2161 4776 2454 4835 vocantur,
2491 4773 2796 4827 ablaturum
2829 4772 2954 4828 loco
2993 4783 3368 4831 succrescant.
3418 4774 3577 4842 Quod

2006 4866 2051 4922 si
2083 4868 2165 4929 tit,
2197 4864 2471 4920 Palaestini
2529 4864 2930 4931 coniiciuntur,
2963 4871 3187 4936 tutaque
3234 4867 3434 4923 domus
3468 4883 3577 4922 una

2005 4974 2130 5014 cum
2165 4956 2442 5011 columnis
2471 4956 2525 5010 in
2561 4965 2726 5026 caput
2761 4957 3010 5026 ipsorum
3044 4957 3227 5012 irruit.
3268 4959 3334 5012 Et
3369 4959 3418 5014 si
3449 4975 3579 5013 vero

2006 5049 2200 5104 domus
2221 5046 2460 5112 ruinam,
2498 5061 2562 5100 ac
2591 5045 3006 5102 Palmstinorum
3038 5048 3315 5104 interitum
3340 5064 3446 5104 una
3479 5050 3579 5103 de-

2005 5138 2266 5212 gustavit,
2293 5151 2420 5192 cum
2457 5138 2670 5191 Domini
2701 5137 2936 5208 spiritus
2967 5138 3022 5193 in
3051 5140 3231 5209 ipsum
3267 5141 3576 5204 incidisset,

2007 5245 2183 5300 eaque
2215 5228 2510 5294 eﬂ'ecisset,
2555 5228 3024 5286 considerandum
3059 5237 3242 5286 tamen
3282 5239 3386 5296 est,
3425 5229 3574 5300 quod

2009 5327 2130 5392 post
2163 5319 2444 5374 interitum
2470 5333 2577 5372 non
2602 5318 2791 5375 eadem
2825 5319 3144 5378 Palaestinos
3169 5333 3234 5376 ac
3251 5317 3575 5376 Samsoncm

1595 5498 1642 5532 “
1680 5497 1873 5554 Matth.
1901 5514 1960 5565 ι,
1990 5499 2080 5554 50.
2157 5498 2204 5531 "
2242 5496 2402 5552 Cant.
2438 5511 2512 5562 Iv,
2545 5495 2606 5565 l;
2644 5513 2716 5561 rt,
2744 5496 2798 5552 ι.

1851 5653 2083 5712 NOTAE.

417 5773 526 5844 (67)
567 5773 668 5827 Τὸν
699 5773 827 5829 ἴδιον
861 5772 1132 5842 σύνευνον,
1163 5777 1220 5830 ὃν
1245 5775 1498 5844 ἕθαλπεν,
1533 5775 1590 5828 ὃν
1621 5773 1912 5838 ἐθώπευεν,
1949 5773 2008 5829 ὃν
2040 5772 2185 5829 ἐκολ.
2231 5775 2292 5828 ’0
2319 5773 2440 5828 αὐτ.
