3986 6218
354 363 487 427 1077
1422 354 1836 418 COMMENTA
1849 352 1963 414 RII
2003 350 2089 413 IN
2129 351 2465 427 IUIHCES.
3474 339 3611 402 1’78

341 470 643 543 δεδεμένων
674 466 971 523 ἀλωπέκων
994 464 1239 539 πορείας.
1261 465 1415 537 Τάχα
1441 465 1549 536 γὰρ
1573 464 1727 526 τέλος
1752 459 1919 513 τοιοῦ-

2051 458 2173 528 μιοά
2215 456 2423 513 factum
2468 468 2594 512 cum
2639 452 2913 525 colligata:
2965 453 3159 525 vulpes
3229 452 3284 506 in
3333 449 3610 506 diversum

345 563 437 617 τόν
470 563 585 614 ἐστι
628 562 742 623 τοῖς
800 557 1097 628 μοχθηροῖς
1138 558 1408 627 γεωργοῖς
1463 550 1922 625 παραδιδομένοις

2051 561 2271 608 *ucrent.
2310 550 2569 608 Fortasse
2617 548 2763 605 enim
2793 548 3031 617 improbi
3067 545 3484 610 agrirolaehanc
3516 560 3610 598 ca-

343 656 418 716 ὡς
448 653 578 706 ἄλλο
606 670 659 706 τι
688 651 765 721 τῷ
805 651 1020 721 Σατανᾷ
1051 651 1135 713 είς
1159 648 1382 719 ὄλεθρον
1398 648 1498 718 τῆς
1518 646 1719 717 σαρκός
1739 661 1753 675 ·
1778 642 1924 697 οὕτω

2051 641 2328 697 amitatem
2385 640 2760 701 merebantur,
2830 646 2889 693 ut
2933 638 3284 693 traderentur
3323 634 3539 689 Satanae
3563 635 3607 695 '.

344 751 464 809 ταῖς
494 744 767 809 ἀλῶπεξιν
814 741 1245 813 ὲπιφερομέναις
1296 740 1583 811 λαμπάδας
1612 741 1693 802 εἰς
1730 739 1924 807 ἀφανι-

2051 732 2117 785 :ui
2142 738 2197 786 et
2217 731 2323 786 alia
2348 746 2375 784 a
2406 730 2518 786 Deo
2547 729 2861 795 traduntur,
2891 737 2949 784 ut
2974 729 3235 800 perdatur
3259 741 3618 813 caro,quem-

348 839 486 895 6'9.va
513 836 718 893 αὐτῶν.

2051 824 2324 878 ulmodum
2355 831 2571 893 segetes
2612 839 2832 895 quoque
2879 824 3147 879 immissis
3198 821 3453 892 vulpibus
3488 836 3611 875 cum

385 892 397 908 ⁸
524 892 527 893 ν
1168 900 1173 904 ’
2031 916 2244 971 facibus
2276 892 2654 971 suntvastatte
2695 892 3032 971 etinductae.
3670 988 3675 995 κ

421 1014 579 1067 Ἔστι
625 1031 708 1076 τις
764 1012 979 1084 πρῶτος
1008 1011 1148 1065 λέων
1178 1012 1206 1065 6
1244 1008 1624 1079 ἀντικείμενος
1658 1008 1923 1070 διάϐολος,

2103 1008 2374 1063 Castorum
2433 1008 2499 1061 de
2554 1008 2713 1062 leone
2773 1007 2903 1061 illud
2957 1016 3039 1061 est
3095 1003 3412 1066 tenendum,
3474 1001 3620 1072 quod

347 1107 442 1157 καὶ
465 1106 581 1159 ἔστι
609 1123 692 1169 τις
720 1104 949 1176 ἔσχατος
970 1104 1187 1158 πάντων
1205 1105 1235 1157 6
1258 1102 1353 1156 ἐπὶ
1376 1100 1652 1173 συντελείᾳ
1679 1117 1928 1170 φανερω-

2051 1100 2245 1152 )rimus
2270 1097 2497 1167 quidam
2535 1098 2618 1151 leo
2663 1104 2771 1159 est,
2819 1095 3173 1151 adversarius
3207 1094 3297 1149 ille
3332 1094 3616 1147 diabolus.

350 1198 673 1267 ῠησιςμενος,
701 1200 730 1250 6
764 1196 1053 1267 ἄνθρωπος
1095 1195 1199 1265 τῆς
1252 1194 1565 1266 ἁμαρτίας,
1596 1193 1624 1245 6
1668 1192 1779 1255 υἱὸς
1829 1194 1928 1261 τῆς

2051 1189 2241 1242 Deinde
2275 1199 2586 1257 postremus
2616 1187 2843 1257 quidam
2890 1186 3136 1241 omnium
3168 1186 3259 1256 qui
3297 1186 3351 1239 in
3385 1185 3489 1238 [ine
3515 1199 3619 1238 sae-

349 1290 650 1352 ἀπωὶείας,
672 1292 699 1343 6
732 1289 1105 1359 ἀντικείμενος
1127 1288 1222 1341 καὶ
1249 1287 1613 1357 ἐπαιρόμενος
1638 1285 1731 1339 ἐπὶ
1753 1284 1928 1337 πάντα

2051 1279 2146 1333 :uli
2194 1278 2415 1348 patefiet
2441 1278 2686 1342 demum,
2722 1278 2887 1330 homo
2919 1276 3174 1331 videlicet
3211 1277 3443 1345 peccati.
3478 1275 3622 1328 filius

350 1382 647 1452 λεγόμενον
672 1381 827 1445 Θεὸν,
859 1381 893 1452 ἢ
924 1380 1195 1451 σέϐασμα.
1236 1378 1458 1444 Μεταξὺ
1495 1377 1552 1431 δὲ
1589 1377 1684 1431 τοῦ
1710 1376 1805 1430 ἀπ’
1833 1378 1928 1446 ἀρ·

2051 1369 2385 1428 Jerditiouis,
2444 1367 2838 1434 adversarius,
2900 1368 2995 1439 qui
3053 1381 3177 1422 sese
3235 1366 3396 1421 etTert
3453 1380 3621 1434 super

352 1473 458 1545 χῆς
485 1473 940 1545 ἀνθρωποκτόνου
984 1473 1078 1526 καὶ
1125 1472 1222 1527 τοῦ
1260 1472 1491 1543 ὑστέρου
1540 1468 1755 1532 λέοντος
1793 1466 1928 1520 κατὰ

2051 1478 2201 1517 amne
2231 1463 2283 1514 id
2315 1462 2459 1532 quod
2494 1461 2638 1518 Deus
2690 1470 2787 1517 aut
2838 1477 3041 1517 numen
3095 1461 3300 1516 dicitur
3346 1461 3410 1514 ¹⁰.
3450 1459 3625 1516 (Ῑωιε-

354 1566 546 1634 γενεὰν
568 1567 784 1628 λέοντες
818 1564 1301 1638 προσπολεμοῦσιν
1324 1560 1657 1632 ἀνθρώποις.
1686 1560 1813 1624 Καὶ,
1835 1558 1928 1611 οὐκ

2051 1569 2158 1606 rum
2189 1553 2332 1608 inter
2360 1552 2683 1622 primmvum
2736 1552 2889 1605 illum
2946 1552 3305 1615 homicidam,
3340 1558 3396 1606 et
3445 1560 3626 1621 poste-

352 1655 424 1730 ἦν
462 1658 628 1728 γενεὰ
665 1659 756 1712 ὅτε
800 1657 940 1711 λέων
991 1658 1091 1711 οὐκ
1128 1652 1218 1728 ἦν.
1251 1656 1364 1711 Καὶ
1394 1653 1541 1708 κατὰ
1569 1653 1667 1724 τὴν
1698 1649 1928 1721 Σαμψὼν

2051 1645 2240 1698 riorem
2294 1644 2505 1698 leonem
2556 1644 2817 1698 omnibus
2875 1644 3096 1699 saeculis
3129 1644 3318 1698 leones
3377 1650 3627 1713 pugnant

354 1748 548 1814 γενεὰν
584 1748 721 1801 λέων
744 1764 831 1811 τις
864 1742 934 1818 ἦν
972 1747 1126 1819 παρά
1155 1745 1253 1818 τὴν
1296 1745 1438 1808 όδδν,
1475 1744 1534 1797 ὃν
1581 1742 1928 1797 ἀπέκτεινενε

2051 1750 2164 1790 cum
2204 1735 2544 1796 hominibus.
2580 1751 2760 1805 neque
2795 1735 2904 1788 ulla
2958 1742 3091 1789 mtas
3128 1733 3231 1788 fuit
3277 1734 3329 1787 in
3374 1750 3482 1804 qua
3518 1749 3629 1787 nun

354 1811 525 1907 οὗπερ
570 1837 631 1889 ὲν
655 1835 733 1907 τῷ
777 1811 1007 1906 στόματι
1056 1811 1382 1902 τεθνηκότος
1429 1828 1744 1900 εὑρίσκεται
1788 1825 1928 1896 μέλι.

2051 1826 2204 1879 etiam
2253 1824 2336 1879 leo
2373 1823 2562 1879 fuerit.
2597 1825 2673 1879 Ac
2709 1831 2959 1894 tempore
3013 1822 3303 1878 Samsonis
3363 1823 3447 1877 leo
3506 1822 3632 1893 qui-

356 1926 742 2000 Νεκρώσωμεν
766 1923 861 1981 οὖν
892 1927 984 1980 τὸν
1008 1925 1431 1980 ἐπιδουλεύοντα
1463 1921 1674 1976 λέοντα.
1721 1917 1928 1978 Ζῶντος

2051 1917 2164 1971 dem
2199 1932 2362 1973 secus
2387 1917 2529 1971 viam
2557 1925 2676 1972 erat
2704 1932 2865 1987 quem
2898 1917 3121 1978 occidit.
3156 1917 3209 1970 in
3239 1914 3401 1983 cujus
3424 1914 3620 1971 defun-

356 2021 465 2088 γὰρ
490 2020 550 2072 ὲν
575 2018 655 2089 τῷ
679 2019 918 2089 στόματι
957 2019 1059 2071 οὐκ
1087 2017 1154 2071 ἂν
1193 2016 1500 2087 εὑρίσκοιτο
1535 2011 1679 2083 μέλι.
1703 2007 1928 2075 Λέγεται

2051 2008 2116 2061 cti
2153 2022 2249 2062 ore
2312 2009 2418 2061 mel
2473 2008 2768 2078 reperitur.
2820 2006 3229 2063 lnterflciamus
3280 2007 3448 2077 igitur
3488 2007 3627 2061 insi-

356 2112 413 2164 δὲ
442 2111 549 2172 πᾶς
581 2110 719 2164 λέων
744 2109 854 2175 ζῶν
883 2108 979 2163 καὶ
1004 2108 1411 2163 δυσωδέστατον
1451 2103 1597 2176 ἔχειν
1635 2102 1697 2156 τὸ
1737 2099 1928 2168 στόμα.

2051 2101 2284 2156 diantem
2342 2102 2575 2157 leonem.
2625 2101 2763 2156 Cum
2812 2102 2959 2156 enim
3014 2102 3244 2166 viveret,
3293 2102 3346 2155 in
3379 2116 3472 2155 ore
3502 2100 3627 2169 ejus

361 2200 669 2271 Παράδοξον
693 2197 786 2255 οὖν
817 2201 876 2254 τδ
906 2202 970 2255 ὲκ
1008 2199 1279 2262 δυσώδους
1326 2197 1597 2269 στόματος
1647 2192 1928 2265 εὑρεθῆναι

2051 2193 2156 2247 mel
2224 2193 2435 2246 nullum
2496 2195 2877 2264 reperiebatur
2928 2194 3137 2262 utique.
3205 2193 3399 2247 Fertur
3444 2201 3669 2248 autem.

362 2292 485 2363 μέλι
513 2291 574 2344 τὸ
599 2291 815 2346 πάντων
852 2290 1211 2359 γλυκύτατον.

2051 2282 2295 2351 quemvis
2347 2282 2559 2336 leonem
2595 2283 2776 2335 vivum
2828 2297 2890 2336 os
2939 2282 3139 2336 habere
3197 2279 3628 2341 fetidissimum.

2045 2373 2183 2426 adeo
2210 2380 2268 2426 ut
2289 2373 2438 2427 dictu
2465 2372 2537 2426 sit
2561 2372 2879 2438 mirificum,
2906 2374 2959 2427 in
2996 2388 3091 2428 ore
3119 2371 3284 2427 fetido
3313 2372 3419 2427 mel
3448 2388 3633 2443 reper-

2047 2469 2162 2515 tum
2196 2476 2319 2516 esse
2357 2462 2768 2518 dulcissimum.

432 2560 647 2630 Σιαγὼν
698 2558 863 2622 τόπος
917 2552 987 2630 ἦν
1024 2555 1310 2625 ἀνώνυμος
1363 2552 1667 2623 πρότερον,
1717 2546 1928 2617 κληθεὶς

2115 2553 2290 2609 Porro
2336 2552 2537 2624 Siagon
2566 2556 2749 2629 ‘locus
2783 2554 3005 2609 nomine
3045 2554 3269 2610 carebat
3305 2562 3489 2616 antea,
3537 2569 3632 2607 ac-

361 2656 473 2709 ἁπδ
506 2658 605 2726 τῆς
649 2652 901 2720 σιαγόνος
949 2649 1043 2703 τοῦ
1083 2649 1230 2710 δνου,
1270 2646 1337 2717 ἣν
1380 2644 1573 2699 ἐλαϐεν
1621 2643 1650 2694 6
1679 2639 1928 2710 Σαμψὼν1

2051 2648 2194 2717 cepit
2227 2653 2411 2701 autem
2444 2646 2577 2700 illud
2604 2661 2633 2699 a
2664 2646 2884 2699 maxilla
2914 2646 3082 2712 asini,
3127 2660 3288 2715 quam
3345 2645 3633 2716 prehendit

361 2746 457 2798 καὶ
483 2743 663 2798 ἀνεῖλε
711 2742 838 2804 τοὺς
870 2736 1227 2808 ἀλλοφύλους,
1254 2732 1601 2805 ὀνησιφόρως
1643 2728 1824 2799 λόγοις
1853 2742 1928 2778 νε·

2051 2736 2284 2791 Samson
2334 2744 2388 2791 et
2439 2735 2762 2792 Palazstiuos
2812 2737 3123 2802 interemit,
3158 2736 3342 2793 verbis
3405 2736 3635 2791 utilibus

363 2832 584 2905 κρὼσας
616 2832 823 2887 τούτων
851 2832 917 2885 τὰ
938 2830 1206 2901 δόγματα.

2051 2824 2300 2895 ipsorqu
2330 2824 2588 2895 dogmata
2628 2840 2752 2880 cum
2780 2825 3114 2896 jugulasset.

437 2946 648 3001 Dicitur
698 2952 879 2999 autem
921 2943 1090 2999 Deum
1141 2942 1386 2998 foramen
1436 2938 1673 2995 maxillae
1717 2936 2024 3008 aperuisse,
2061 2946 2116 2993 et
2158 2953 2225 2993 ex
2262 2937 2351 2992 illa
2387 2953 2561 3009 aquas
2610 2938 2887 3010 erupisse,
2934 2955 3035 3009 pro
3076 2955 3165 3006 eo,
3211 2947 3415 2994 terram
3446 2946 3634 2996 autem

366 3033 602 3088 maxilla:
637 3033 753 3088 ictu
790 3032 1050 3101 disrupit,
1096 3046 1270 3100 eaque
1297 3044 1471 3099 aquas
1504 3026 1695 3083 reddid
1724 3035 1763 3079 1.
1815 3024 1989 3079 Porro
2016 3040 2145 3079 vero
2174 3026 2268 3095 qui
2304 3025 2570 3081 historice
2602 3034 2735 3082 sunt
2770 3027 3119 3104 interpretati
3162 3026 3463 3081 admonent
3495 3044 3633 3081 nus-

366 3122 513 3192 piam
549 3120 781 3190 reperiri
835 3120 978 3190 quod
1034 3118 1267 3172 Samson
1304 3118 1384 3171 vel
1437 3114 1626 3183 justus
1661 3115 1746 3167 vel
1805 3113 2070 3180 proliheta
2117 3113 2446 3183 appelletur,
2480 3114 2947 3183 quemadmodum
3000 3129 3103 3170 nec
3139 3114 3340 3184 .lephte
3390 3130 3494 3170 nec
3541 3116 3635 3170 alii

367 3209 705 3277 lmjusmodi.
743 3206 816 3261 Ea
855 3223 986 3263 vero
1016 3213 1178 3262 aetate
1227 3221 1294 3261 cu
1340 3234 1347 3249 -
1388 3204 1587 3273 aliquis
1622 3209 1817 3257 sancto
1853 3198 2059 3269 Spiritu
2094 3199 2294 3270 dignus
2330 3216 2441 3255 non
2473 3208 2734 3266 exstaret,
2769 3211 2935 3273 prout
2974 3217 3220 3270 praesens
3268 3218 3454 3258 rerum
3497 3218 3638 3258 con~

365 3296 504 3350 ditio
537 3295 876 3366 postulabat,
912 3295 1143 3366 reliquis
1186 3292 1507 3347 hominibus
1551 3288 1947 3343 excelleutiore
1987 3288 2172 3359 aliquo
2209 3305 2345 3344 usus
2377 3296 2482 3344 est.
2516 3288 2645 3343 Vult
2677 3305 2807 3344 vero
2861 3289 3282 3349 Palestinorum
3317 3305 3471 3345 more
3503 3306 3638 3345 uxo-

369 3399 483 3437 rem
510 3383 711 3439 ducere
737 3382 1000 3449 Samson,
1036 3381 1182 3454 quod
1216 3380 1443 3451 quidem
1475 3393 1506 3447 p
1528 3385 1737 3431 nentes
1779 3376 1950 3447 legem
1991 3376 2347 3433 observantes
2372 3375 2692 3446 prohibent,
2722 3377 2862 3433 Deus
2891 3394 3020 3433 vero
3046 3379 3338 3449 permittit,
3369 3379 3637 3449 quocirca

369 3472 654 3542 Scriptura
690 3472 860 3529 dicit:
902 3491 921 3525 ι
960 3471 1127 3527 Pater
1170 3479 1353 3526 autem
1408 3468 1530 3537 eju;
1561 3479 1614 3521 et
1669 3475 1845 3520 mate-
1895 3479 2003 3518 non
2039 3462 2457 3527 intellexerunt,
2507 3463 2655 3533 quod
2687 3464 2975 3521 decretum
3036 3465 3138 3521 fuit
3188 3466 3305 3531 Dei,
3360 3481 3474 3536 quo
3523 3466 3640 3536 ipse

370 3558 678 3612 vindictam
718 3574 747 3611 a
772 3559 1087 3614 Palaestinis
1121 3565 1384 3612 sumeret.
1430 3574 1448 3606 1
1480 3555 1617 3608 Nam
1651 3562 1704 3609 et
1738 3554 1749 3605 l
1787 3552 1910 3607 ouis
1960 3550 2271 3606 interfectio
2311 3552 2510 3605 terrori
2540 3550 2856 3607 Paiasstiuis
2891 3550 3033 3618 fuit,
3075 3552 3290 3623 ipsique
3327 3567 3640 3625 propugna-

373 3645 499 3698 culo
535 3652 594 3697 ut
627 3644 852 3712 triginta
890 3644 1152 3714 primum,
1195 3643 1391 3697 deinde
1427 3641 1573 3695 mille
1605 3640 1928 3693 trucidaret.

446 3747 589 3817 Πρὸς
631 3748 760 3810 τοὺς
816 3764 1061 3819 κατηγορ
1096 3746 1159 3800 ῦν
1194 3763 1259 3810 ας
1318 3745 1544 3815 ῥητέον,
1588 3745 1664 3806 ὡς
1706 3741 1928 3813 οὐδαμοί

2123 3742 2390 3797 Caeterum
2438 3742 2508 3797 iis
2562 3744 2655 3812 qui
2711 3755 2964 3797 sanctum
3019 3742 3283 3816 Spiritum
3341 3746 3640 3801 traducunt

375 3840 596 3909 φησινή
630 3839 818 3909 Γραφὴ
863 3836 1215 3892 κατευθύνειν
1273 3837 1362 3892 ἐπ’
1394 3836 1559 3890 αὐτὸν
1597 3835 1659 3888 τὸ
1707 3834 1925 3901 Πνεῦμα

2055 3830 2345 3888 Samsonis
2397 3848 2590 3897 causa,
2650 3834 3095 3905 respondendum
3150 3837 3286 3890 illud
3330 3844 3439 3899 est,
3491 3838 3639 3906 quod

373 3926 461 3978 ὅτε
491 3926 806 3996 ἐπόρνευεν,
837 3927 869 3997 ἢ
903 3927 991 3979 ὅτε
1021 3926 1120 3997 τὴν
1146 3924 1444 3995 ἀλλόφυλον
1496 3926 1709 3989 ἔλαϐεν,
1760 3924 1818 3988 ἐξ
1848 3919 1928 3995 ἧσ-

2052 3922 2340 3992 Scriptura
2374 3939 2652 3995 nusquam
2688 3926 2842 3990 dicit,
2882 3926 3146 3996 Spiritum
3181 3926 3445 3982 incidisse
3471 3942 3640 3996 super

286 4036 291 4040 δ
374 4034 479 4088 περ
506 4016 773 4083 ἀπώλετο.
803 4017 876 4070 Τὸ
905 4017 1011 4088 γὰρ
1045 4018 1271 4087 Πνεῦμα
1307 4017 1367 4070 τὸ
1392 4017 1546 4085 ἅγιον
1596 4018 1658 4070 οὐ
1695 4016 1928 4086 καθάπει

2054 4014 2260 4084 ipsum,
2291 4014 2515 4085 quando
2560 4023 2647 4072 est
2686 4025 2984 4079 scortatus,
3016 4025 3111 4072 aut
3142 4017 3366 4088 quando
3392 4018 3640 4073 Palzesti-

373 4111 406 4178 ἡ
432 4109 579 4181 ψυχὴ
601 4112 716 4171 τοῖς
755 4109 972 4179 σώμασι
1008 4113 1277 4163 συνοικεῖ·
1313 4109 1451 4165 ἀλλά
1489 4110 1722 4181 πάρεστι
1751 4108 1850 4180 μὲν
1876 4109 1928 4162 ὼη

2054 4121 2180 4159 nam
2228 4122 2349 4176 qua:
2394 4106 2446 4165 ei
2496 4107 2816 4162 exitiO'fuit
2846 4151 2860 4172 ,
2911 4107 3091 4162 duxit.
3144 4108 3386 4179 Spiritus
3433 4108 3638 4163 etenim

373 4200 777 4271 ἀπερίγραφον,
813 4201 1035 4271 ἐνεργεῖ
1064 4200 1118 4253 δὲ
1148 4201 1247 4254 ὅσα
1282 4200 1552 4271 βούλεται.
1587 4201 1652 4252 Ὃ
1688 4201 1782 4252 ml.
1819 4214 1926 4269 προ

2055 4208 2277 4257 sanctus
2300 4217 2410 4257 nou
2444 4204 2642 4259 animae
2688 4203 2862 4258 iusmr
2901 4219 3024 4257 eum
3069 4204 3293 4259 homine
3335 4205 3638 4263 cohabitat.

371 4292 641 4357 γινῶσκον
674 4294 773 4363 τὴν
797 4292 1101 4364 ἀγριότητα
1135 4292 1230 4346 τοῦ
1261 4292 1522 4363 Σαμψὼν,
1553 4292 1698 4345 οἴνου
1721 4292 1814 4344 καὶ
1840 4290 1928 4344 τῶι

2055 4308 2244 4346 verum
2277 4293 2351 4346 illi
2394 4293 2675 4349 indefinite
2730 4293 2905 4357 adest,
2941 4309 3005 4348 ac
3044 4295 3097 4348 in
3127 4310 3193 4347 eo
3230 4296 3497 4366 quidquid
3525 4296 3641 4349 vult

376 4382 437 4446 ἐξ
461 4383 706 4452 ἀμπέλου
738 4383 1039 4454 προσέταξε
1059 4382 1247 4437 τοῦτον
1279 4383 1584 4453 ἀπέχεσθαι
1606 4399 1618 4413 ·
1653 4383 1728 4453 μὴ
1762 4381 1860 4453 τὴν
1891 4384 1928 4434 si

2057 4384 2240 4439 cﬂicit.
2302 4385 2402 4452 Qui
2453 4400 2586 4439 sane
2636 4400 2760 4439 cum
2820 4384 3097 4439 feritatem
3150 4386 3437 4443 Satusouis
3484 4387 3641 4455 prius
3690 4378 3705 4388 ’

376 4472 519 4525 οἴνου
548 4471 743 4541 μανίαν
772 4476 839 4544 τῇ
883 4476 1085 4545 φυσικῇ
1133 4474 1457 4545 προσλαόὼν
1479 4514 1494 4539 ,
1528 4473 1622 4528 καὶ
1644 4472 1803 4539 ,κατά
1840 4472 1928 4526 τῶι

2057 4492 2277 4547 quoque
2315 4477 2535 4532 haberet
2569 4480 2868 4547 cognitam,
2900 4493 2928 4531 a
2952 4478 3103 4533 ,vino
3135 4495 3198 4536 ac
3225 4481 3425 4534 vinetis
3457 4482 3637 4549 ipsum

376 4563 663 4634 ὁμοφύλων
694 4565 972 4636 ἀνήκεστα
1012 4565 1254 4651 δράσειε.

2052 4567 2219 4636 jussit
2252 4569 2552 4631 abstinere,
2587 4584 2654 4624 ue
2682 4569 2747 4623 ad
2786 4570 3091 4625 naturalem
3130 4571 3372 4625 furorem
3392 4572 3637 4628 viuoleu.

2058 4670 2115 4713 to
2156 4660 2334 4714 ascito
2369 4672 2556 4716 contra
2608 4662 2948 4734 propinquos
3004 4678 3224 4733 quoque
3272 4670 3327 4717 et
3360 4671 3640 4735 'coguatos

2060 4749 2280 4820 indigna
2314 4760 2583 4820 patraret.

454 4868 623 4921 Pn'ro
676 4866 773 4921 flii
838 4866 1225 4921 haereticorum
1282 4866 1465 4921 rident
1512 4864 1660 4935 quod
1711 4864 1766 4918 iu
1815 4863 2030 4933 capillis
2085 4865 2259 4935 gratia
2309 4874 2415 4919 est.
2472 4864 2705 4921 Rideaut
2751 4868 2916 4937 igitur
2968 4867 3206 4936 quodin
3260 4869 3638 4939 apostolorum

385 4955 545 5009 umbr
569 4972 595 5008 ε
628 4955 805 5025 ετίυίι
838 4962 946 5016 «ει,
996 4954 1053 5008 in
1081 4954 1299 5008 ﬁttibria
1330 4953 1457 5007 item
1493 4952 1807 5008 vestimenti
1839 4950 2046 5007 Christi
2071 4993 2086 5014 ,
2122 4952 2179 5006 in
2213 4953 2327 5007 luto
2358 4954 2599 5024 denique
2641 4954 2786 5024 quod
2823 4968 3029 5008 caecum
3062 4954 3384 5013 illustravit.

454 5065 664 5120 Οὐκοῦν
692 5064 783 5118 διὰ
804 5065 900 5135 τὴν
930 5064 1095 5135 εὐχὴν
1124 5063 1278 5134 τιμία
1309 5059 1376 5135 ἦν
1404 5066 1437 5135 ἠ
1472 5064 1615 5136 κόμη
1659 5065 1797 5137 Θεῷ.
1847 5067 1928 5120 Κα

2135 5065 2483 5137 Quapropter
2533 5069 2643 5122 voti
2697 5069 2918 5123 nomine
2963 5070 3202 5139 pretiosa
3265 5070 3407 5141 apud
3468 5069 3636 5126 Deum

382 5157 540 5211 τοῦτο
564 5155 863 5227 δεδήλωκεν
889 5156 917 5207 6
947 5154 1077 5218 Θεὸς
1116 5155 1245 5226 περὶ
1292 5156 1492 5219 παντὸς
1512 5154 1832 5225 Ναζωραίου
1863 5175 1921 5210 νο

2058 5159 2159 5213 fuit
2185 5175 2363 5215 coma.
2394 5159 2549 5227 Quod
2595 5162 2712 5231 ipse
2746 5169 2984 5217 testatus
3016 5171 3100 5217 est
3131 5163 3273 5218 Deus
3300 5180 3424 5219 cum
3468 5164 3639 5236 legem

387 5248 649 5319 μοοετῶν,
687 5248 780 5300 καλ⁸
806 5246 963 5300 τοῦτο
993 5248 1050 5300 ὲν
1072 5248 1225 5318 νόμῳ
1252 5246 1331 5318 τῷ
1363 5246 1717 5318 παιδαγωγῷ.

2058 5253 2125 5307 de
2155 5254 2350 5323 quovis
2383 5253 2643 5308 Nazarmu
2683 5257 2886 5321 sanxit,
2930 5255 3093 5327 idque
3134 5256 3188 5312 in
3231 5257 3349 5328 lege
3393 5259 3641 5328 paedago-

2059 5363 2200 5418 gica.

453 5428 558 5482 Kal
584 5427 819 5496 ἐγένετο
840 5427 996 5496 ἀνὴρ
1022 5430 1276 5497 Λευΐτης
1316 5430 1616 5498 παροικῶν
1655 5430 1724 5483 ἐν
1749 5432 1928 5501 μηροῖ

2124 5437 2247 5492 Fuit
2282 5438 2362 5492 vir
2390 5437 2593 5493 Levites
2640 5441 2729 5511 qui
2769 5441 3047 5495 habitabat
3106 5443 3160 5497 in
3218 5442 3385 5495 latere
3441 5442 3635 5495 montis

384 5518 562 5587 ὅρους
590 5522 860 5591 Ἐφραίμ.
889 5522 1000 5593 Τὴν
1049 5523 1188 5576 κατὰ
1214 5525 1311 5593 τὴν
1341 5528 1577 5590 γυναῖκα
1611 5525 1705 5578 τοῦ
1732 5526 1927 5579 Aeci-co

2060 5526 2340 5597 Ephraim,
2375 5537 2484 5584 etc.
2524 5528 2704 5605 {XI},
2740 5530 2813 5605 l.]
2856 5530 3118 5602 lnjuriam
3153 5532 3206 5585 iu
3237 5529 3439 5586 Levitis
3466 5547 3639 5587 uxore

386 5616 632 5685 παριδεῖν
663 5615 877 5670 ἀδικίαν
909 5619 939 5671 6
983 5616 1112 5681 λαὸς
1151 5618 1250 5673 οὐκ
1280 5618 1559 5690 ἠνέσχετο,
1586 5620 1680 5674 καὶ
1722 5620 1857 5692 πρὸς
1886 5620 1928 5674 δὲ

2065 5620 2382 5689 admissam,
2431 5622 2666 5693 pepulus
2705 5624 2939 5681 tolerare
2998 5639 3106 5679 uon
3160 5623 3360 5695 potuit,
3392 5639 3638 5696 quapro-

453 5775 473 5807 ⁹
508 5776 524 5830 l
563 5776 689 5833 Cor.
721 5794 777 5848 ιν,
805 5777 858 5831 5.
937 5778 979 5808 “
1018 5774 1058 5830 ll
1095 5728 1287 5834 Thess.
1326 5794 1385 5845 11,
1418 5779 1470 5845 3,
1504 5778 1555 5832 4.
