  <div class='ocr_page' id='page_1' title='image "/cluster/home/n/w/nwhite01/storage/ocr_20150623/87:1/hvd.32044073502353/548.png"; bbox 0 0 3986 6218; ppageno 0'>
   <div class='ocr_carea' id='block_1_1' title="bbox 281 327 415 400">
    <p class='ocr_par' dir='ltr' id='par_1_1' title="bbox 281 327 415 400">
     <span class='ocr_line' id='line_1_1' title="bbox 281 327 415 400; baseline 0.037 -8"><span class='ocrx_word' id='word_1_1' title='bbox 281 327 415 400; x_wconf 83' lang='lat'><strong>1085</strong></span> 
     </span>
    </p>
   </div>
   <div class='ocr_carea' id='block_1_2' title="bbox 1280 339 2497 403">
    <p class='ocr_par' dir='ltr' id='par_1_2' title="bbox 1280 339 2497 403">
     <span class='ocr_line' id='line_1_2' title="bbox 1280 339 2497 403; baseline 0 -3"><span class='ocrx_word' id='word_1_2' title='bbox 1280 339 1811 401; x_wconf 76' lang='lat' dir='ltr'><strong>COMMENTARII</strong></span> <span class='ocrx_word' id='word_1_3' title='bbox 1849 341 1931 402; x_wconf 83' lang='lat' dir='ltr'><strong>IN</strong></span> <span class='ocrx_word' id='word_1_4' title='bbox 1978 344 2124 403; x_wconf 87' lang='lat' dir='ltr'><strong>LIB.</strong></span> <span class='ocrx_word' id='word_1_5' title='bbox 2154 343 2183 402; x_wconf 93' lang='grc' dir='ltr'><strong>Ι</strong></span> <span class='ocrx_word' id='word_1_6' title='bbox 2208 341 2497 403; x_wconf 83' lang='lat' dir='ltr'><strong>REGUM.</strong></span> 
     </span>
    </p>
   </div>
   <div class='ocr_carea' id='block_1_3' title="bbox 3380 335 3514 401">
    <p class='ocr_par' dir='ltr' id='par_1_3' title="bbox 3380 335 3514 401">
     <span class='ocr_line' id='line_1_3' title="bbox 3380 335 3514 401; baseline -0.007 -1"><span class='ocrx_word' id='word_1_7' title='bbox 3380 335 3514 401; x_wconf 63' lang='lat'><strong>108$</strong></span> 
     </span>
    </p>
   </div>
   <div class='ocr_carea' id='block_1_4' title="bbox 275 443 1844 520">
    <p class='ocr_par' dir='ltr' id='par_1_4' title="bbox 275 447 1844 520">
     <span class='ocr_line' id='line_1_4' title="bbox 275 447 1844 520; baseline -0.001 -18"><span class='ocrx_word' id='word_1_8' title='bbox 275 449 388 503; x_wconf 83' lang='grc' dir='ltr'><strong>κῶν</strong></span> <span class='ocrx_word' id='word_1_9' title='bbox 423 447 795 520; x_wconf 69' lang='grc' dir='ltr'>κηρυγμάτων</span> <span class='ocrx_word' id='word_1_10' title='bbox 819 448 880 501; x_wconf 79' lang='grc' dir='ltr'><strong>τὸ</strong></span> <span class='ocrx_word' id='word_1_11' title='bbox 912 447 1294 519; x_wconf 74' lang='grc' dir='ltr'><strong>μεγαλόφωνον</strong></span> <span class='ocrx_word' id='word_1_12' title='bbox 1313 488 1328 513; x_wconf 95' lang='grc'><strong>,</strong></span> <span class='ocrx_word' id='word_1_13' title='bbox 1349 448 1444 500; x_wconf 75' lang='grc' dir='ltr'><strong>καὶ</strong></span> <span class='ocrx_word' id='word_1_14' title='bbox 1469 450 1568 517; x_wconf 72' lang='grc' dir='ltr'>τὴν</span> <span class='ocrx_word' id='word_1_15' title='bbox 1590 449 1741 502; x_wconf 86' lang='grc' dir='ltr'>δευτέ</span> <span class='ocrx_word' id='word_1_16' title='bbox 1752 464 1844 518; x_wconf 91' lang='grc' dir='ltr'><strong>ραν</strong></span> 
     </span>
    </p>
   </div>
   <div class='ocr_carea' id='block_1_5' title="bbox 1947 443 3513 520">
    <p class='ocr_par' dir='ltr' id='par_1_5' title="bbox 1949 443 3513 519">
     <span class='ocr_line' id='line_1_5' title="bbox 1949 443 3513 519; baseline -0.002 -17"><span class='ocrx_word' id='word_1_17' title='bbox 1949 449 2268 519; x_wconf 74' lang='lat' dir='ltr'><strong>apostolica:</strong></span> <span class='ocrx_word' id='word_1_18' title='bbox 2282 464 2565 514; x_wconf 75' lang='lat' dir='ltr'><strong>successu,</strong></span> <span class='ocrx_word' id='word_1_19' title='bbox 2594 446 2772 517; x_wconf 89' lang='lat' dir='ltr'><strong>deque</strong></span> <span class='ocrx_word' id='word_1_20' title='bbox 2797 446 3043 501; x_wconf 77' lang='lat' dir='ltr'><strong>secundo</strong></span> <span class='ocrx_word' id='word_1_21' title='bbox 3060 444 3297 501; x_wconf 85' lang='lat' dir='ltr'><strong>adventu</strong></span> <span class='ocrx_word' id='word_1_22' title='bbox 3320 443 3513 502; x_wconf 79' lang='lat' dir='ltr'><strong>Chris-</strong></span> 
     </span>
    </p>
   </div>
   <div class='ocr_carea' id='block_1_6' title="bbox 276 538 1848 612">
    <p class='ocr_par' dir='ltr' id='par_1_6' title="bbox 276 538 1848 612">
     <span class='ocr_line' id='line_1_6' title="bbox 276 538 1848 612; baseline 0.001 -21"><span class='ocrx_word' id='word_1_23' title='bbox 276 538 582 612; x_wconf 78' lang='grc' dir='ltr'>παρουσίαν</span> <span class='ocrx_word' id='word_1_24' title='bbox 629 539 887 607; x_wconf 82' lang='grc' dir='ltr'>Χριστοῦ.</span> <span class='ocrx_word' id='word_1_25' title='bbox 918 540 1087 601; x_wconf 76' lang='grc' dir='ltr'>Αὐτὸς</span> <span class='ocrx_word' id='word_1_26' title='bbox 1133 538 1263 609; x_wconf 81' lang='grc' dir='ltr'>γὰρ,</span> <span class='ocrx_word' id='word_1_27' title='bbox 1295 538 1451 607; x_wconf 68' lang='grc' dir='ltr'>φησὶ,</span> <span class='ocrx_word' id='word_1_28' title='bbox 1485 542 1661 609; x_wconf 84' lang='grc' dir='ltr'>κρινεῖ</span> <span class='ocrx_word' id='word_1_29' title='bbox 1703 538 1848 608; x_wconf 79' lang='grc' dir='ltr'>ἀκρα</span> 
     </span>
    </p>
   </div>
   <div class='ocr_carea' id='block_1_7' title="bbox 275 628 1846 700">
    <p class='ocr_par' dir='ltr' id='par_1_7' title="bbox 275 628 1846 700">
     <span class='ocr_line' id='line_1_7' title="bbox 275 628 1846 700; baseline 0 -18"><span class='ocrx_word' id='word_1_30' title='bbox 275 632 379 698; x_wconf 75' lang='grc' dir='ltr'><strong>γῆς</strong></span> <span class='ocrx_word' id='word_1_31' title='bbox 412 629 620 692; x_wconf 80' lang='grc' dir='ltr'>δίκαιος</span> <span class='ocrx_word' id='word_1_32' title='bbox 657 628 765 682; x_wconf 82' lang='grc' dir='ltr'><strong>ὧν·</strong></span> <span class='ocrx_word' id='word_1_33' title='bbox 802 629 880 683; x_wconf 79' lang='grc' dir='ltr'>ἔτι</span> <span class='ocrx_word' id='word_1_34' title='bbox 908 631 964 684; x_wconf 76' lang='grc' dir='ltr'>δὲ</span> <span class='ocrx_word' id='word_1_35' title='bbox 1001 632 1095 682; x_wconf 67' lang='grc' dir='ltr'>καὶ</span> <span class='ocrx_word' id='word_1_36' title='bbox 1124 631 1249 690; x_wconf 81' lang='grc' dir='ltr'>τοὺς</span> <span class='ocrx_word' id='word_1_37' title='bbox 1289 629 1453 681; x_wconf 78' lang='grc' dir='ltr'>αὑτοῦ</span> <span class='ocrx_word' id='word_1_38' title='bbox 1500 631 1639 682; x_wconf 76' lang='grc' dir='ltr'>κατὰ</span> <span class='ocrx_word' id='word_1_39' title='bbox 1670 633 1846 700; x_wconf 78' lang='grc' dir='ltr'>σάρκα</span> 
     </span>
    </p>
   </div>
   <div class='ocr_carea' id='block_1_8' title="bbox 276 716 1846 787">
    <p class='ocr_par' dir='ltr' id='par_1_8' title="bbox 276 716 1846 787">
     <span class='ocr_line' id='line_1_8' title="bbox 276 716 1846 787; baseline -0.008 -18"><span class='ocrx_word' id='word_1_40' title='bbox 276 716 565 783; x_wconf 79' lang='grc' dir='ltr'><strong>γεγονότας</strong></span> <span class='ocrx_word' id='word_1_41' title='bbox 592 717 887 787; x_wconf 79' lang='grc' dir='ltr'><strong>προγόνους</strong></span> <span class='ocrx_word' id='word_1_42' title='bbox 907 759 921 780; x_wconf 92' lang='grc'><strong>,</strong></span> <span class='ocrx_word' id='word_1_43' title='bbox 950 718 1001 771; x_wconf 83' lang='grc' dir='ltr'><strong>οἳ</strong></span> <span class='ocrx_word' id='word_1_44' title='bbox 1028 717 1137 771; x_wconf 79' lang='grc' dir='ltr'>ἀπὸ</span> <span class='ocrx_word' id='word_1_45' title='bbox 1186 717 1351 769; x_wconf 65' lang='lat' dir='ltr'><strong>ama</strong></span> <span class='ocrx_word' id='word_1_46' title='bbox 1401 717 1563 787; x_wconf 82' lang='grc' dir='ltr'>μέχρι</span> <span class='ocrx_word' id='word_1_47' title='bbox 1593 717 1689 783; x_wconf 75' lang='grc' dir='ltr'>τῆς</span> <span class='ocrx_word' id='word_1_48' title='bbox 1736 720 1846 787; x_wconf 72' lang='grc' dir='ltr'><strong>αξχ.</strong></span> 
     </span>
    </p>
   </div>
   <div class='ocr_carea' id='block_1_9' title="bbox 280 806 1846 879">
    <p class='ocr_par' dir='ltr' id='par_1_9' title="bbox 280 806 1846 879">
     <span class='ocr_line' id='line_1_9' title="bbox 280 806 1846 879; baseline 0 -19"><span class='ocrx_word' id='word_1_49' title='bbox 280 806 558 878; x_wconf 80' lang='grc' dir='ltr'>μαλωσίας</span> <span class='ocrx_word' id='word_1_50' title='bbox 574 807 1065 878; x_wconf 75' lang='grc' dir='ltr'>διήρκεσανΔὼσει</span> <span class='ocrx_word' id='word_1_51' title='bbox 1089 808 1217 878; x_wconf 74' lang='grc' dir='ltr'>γὰρ,</span> <span class='ocrx_word' id='word_1_52' title='bbox 1239 807 1423 879; x_wconf 67' lang='grc' dir='ltr'>φησὶν,</span> <span class='ocrx_word' id='word_1_53' title='bbox 1449 808 1600 876; x_wconf 79' lang='grc' dir='ltr'>ἰσχὺν</span> <span class='ocrx_word' id='word_1_54' title='bbox 1619 810 1729 870; x_wconf 81' lang='grc' dir='ltr'>τοῖς</span> <span class='ocrx_word' id='word_1_55' title='bbox 1752 808 1846 877; x_wconf 83' lang='grc' dir='ltr'><strong>βα-</strong></span> 
     </span>
    </p>
   </div>
   <div class='ocr_carea' id='block_1_10' title="bbox 279 897 1848 968">
    <p class='ocr_par' dir='ltr' id='par_1_10' title="bbox 279 897 1848 968">
     <span class='ocr_line' id='line_1_10' title="bbox 279 897 1848 968; baseline 0 -19"><span class='ocrx_word' id='word_1_56' title='bbox 279 897 517 950; x_wconf 76' lang='grc' dir='ltr'>σιλεῦσιν</span> <span class='ocrx_word' id='word_1_57' title='bbox 562 897 976 968; x_wconf 81' lang='grc' dir='ltr'>ήμῶν.⁹1κανῶς</span> <span class='ocrx_word' id='word_1_58' title='bbox 1009 899 1064 951; x_wconf 90' lang='grc' dir='ltr'>δὲ</span> <span class='ocrx_word' id='word_1_59' title='bbox 1099 897 1437 950; x_wconf 79' lang='grc' dir='ltr'><strong>συνέστειλεν</strong></span> <span class='ocrx_word' id='word_1_60' title='bbox 1481 897 1572 949; x_wconf 76' lang='grc' dir='ltr'>καὶ</span> <span class='ocrx_word' id='word_1_61' title='bbox 1618 897 1725 949; x_wconf 81' lang='grc' dir='ltr'>τῶν</span> <span class='ocrx_word' id='word_1_62' title='bbox 1754 900 1848 949; x_wconf 73' lang='grc' dir='ltr'>ἐπ-</span> 
     </span>
    </p>
   </div>
   <div class='ocr_carea' id='block_1_11' title="bbox 278 977 1847 1059">
    <p class='ocr_par' dir='ltr' id='par_1_11' title="bbox 278 977 1847 1059">
     <span class='ocr_line' id='line_1_11' title="bbox 278 977 1847 1059; baseline -0.011 -3"><span class='ocrx_word' id='word_1_63' title='bbox 278 977 529 1057; x_wconf 67' lang='grc' dir='ltr'>ηρμένων</span> <span class='ocrx_word' id='word_1_64' title='bbox 563 989 622 1040; x_wconf 78' lang='grc' dir='ltr'><strong>τδ</strong></span> <span class='ocrx_word' id='word_1_65' title='bbox 650 989 919 1059; x_wconf 78' lang='grc' dir='ltr'>φρόνημα,</span> <span class='ocrx_word' id='word_1_66' title='bbox 945 991 1125 1042; x_wconf 77' lang='grc' dir='ltr'>πᾶσαν</span> <span class='ocrx_word' id='word_1_67' title='bbox 1148 987 1371 1053; x_wconf 83' lang='grc' dir='ltr'>γνῶσιν,</span> <span class='ocrx_word' id='word_1_68' title='bbox 1398 989 1493 1040; x_wconf 72' lang='grc' dir='ltr'>καὶ</span> <span class='ocrx_word' id='word_1_69' title='bbox 1521 989 1627 1041; x_wconf 82' lang='grc' dir='ltr'><strong>πᾶν</strong></span> <span class='ocrx_word' id='word_1_70' title='bbox 1654 989 1847 1058; x_wconf 69' lang='grc' dir='ltr'>ἐπιτή.</span> 
     </span>
    </p>
   </div>
   <div class='ocr_carea' id='block_1_12' title="bbox 274 1076 1845 1151">
    <p class='ocr_par' dir='ltr' id='par_1_12' title="bbox 274 1076 1845 1151">
     <span class='ocr_line' id='line_1_12' title="bbox 274 1076 1845 1151; baseline 0.003 -24"><span class='ocrx_word' id='word_1_71' title='bbox 274 1076 447 1145; x_wconf 84' lang='grc' dir='ltr'>δευμα</span> <span class='ocrx_word' id='word_1_72' title='bbox 481 1077 643 1143; x_wconf 78' lang='grc' dir='ltr'>θεῖον,</span> <span class='ocrx_word' id='word_1_73' title='bbox 674 1080 739 1131; x_wconf 85' lang='grc' dir='ltr'>ὲκ</span> <span class='ocrx_word' id='word_1_74' title='bbox 764 1079 898 1132; x_wconf 79' lang='grc' dir='ltr'>Θεοῦ</span> <span class='ocrx_word' id='word_1_75' title='bbox 928 1080 1266 1151; x_wconf 79' lang='grc' dir='ltr'>προειποῦσα</span> <span class='ocrx_word' id='word_1_76' title='bbox 1284 1083 1398 1145; x_wconf 83' lang='grc' dir='ltr'>τοῖς</span> <span class='ocrx_word' id='word_1_77' title='bbox 1427 1078 1732 1149; x_wconf 83' lang='grc' dir='ltr'>ἀνθρώποις</span> <span class='ocrx_word' id='word_1_78' title='bbox 1753 1082 1845 1148; x_wconf 74' lang='grc' dir='ltr'><strong>ἐγ-</strong></span> 
     </span>
    </p>
   </div>
   <div class='ocr_carea' id='block_1_13' title="bbox 277 1164 546 1232">
    <p class='ocr_par' dir='ltr' id='par_1_13' title="bbox 277 1164 546 1232">
     <span class='ocr_line' id='line_1_13' title="bbox 277 1164 546 1232; baseline 0.007 -17"><span class='ocrx_word' id='word_1_79' title='bbox 277 1164 546 1232; x_wconf 81' lang='grc' dir='ltr'>γίνεσθαι.</span> 
     </span>
    </p>
   </div>
   <div class='ocr_carea' id='block_1_14' title="bbox 350 1251 1844 1324">
    <p class='ocr_par' dir='ltr' id='par_1_14' title="bbox 350 1251 1844 1324">
     <span class='ocr_line' id='line_1_14' title="bbox 350 1251 1844 1324; baseline 0.001 -18"><span class='ocrx_word' id='word_1_80' title='bbox 350 1251 827 1320; x_wconf 76' lang='grc' dir='ltr'>Περιεζωσμένον</span> <span class='ocrx_word' id='word_1_81' title='bbox 844 1254 1032 1324; x_wconf 67' lang='grc' dir='ltr'>ἐφοὺδ</span> <span class='ocrx_word' id='word_1_82' title='bbox 1051 1255 1172 1324; x_wconf 81' lang='grc' dir='ltr'><strong>Βὰρ</strong></span> <span class='ocrx_word' id='word_1_83' title='bbox 1193 1256 1290 1309; x_wconf 78' lang='grc' dir='ltr'>καὶ</span> <span class='ocrx_word' id='word_1_84' title='bbox 1312 1252 1588 1307; x_wconf 72' lang='grc' dir='ltr'><strong>διπλοΐδα</strong></span> <span class='ocrx_word' id='word_1_85' title='bbox 1605 1253 1844 1322; x_wconf 79' lang='grc' dir='ltr'>μικράν.</span> 
     </span>
    </p>
   </div>
   <div class='ocr_carea' id='block_1_15' title="bbox 290 1342 1844 1417">
    <p class='ocr_par' dir='ltr' id='par_1_15' title="bbox 290 1342 1844 1417">
     <span class='ocr_line' id='line_1_15' title="bbox 290 1342 1844 1417; baseline 0 -21"><span class='ocrx_word' id='word_1_86' title='bbox 290 1343 521 1406; x_wconf 80' lang='grc' dir='ltr'><strong>Ἀκύλας</strong></span> <span class='ocrx_word' id='word_1_87' title='bbox 566 1346 748 1413; x_wconf 71' lang='grc' dir='ltr'>φησὶν,</span> <span class='ocrx_word' id='word_1_88' title='bbox 792 1345 1097 1414; x_wconf 80' lang='grc' dir='ltr'>ἐπένδυμα</span> <span class='ocrx_word' id='word_1_89' title='bbox 1145 1345 1472 1417; x_wconf 76' lang='grc' dir='ltr'>ἐξαίρετον.</span> <span class='ocrx_word' id='word_1_90' title='bbox 1529 1342 1844 1413; x_wconf 76' lang='grc' dir='ltr'><strong>Σύμμαχος,</strong></span> 
     </span>
    </p>
   </div>
   <div class='ocr_carea' id='block_1_16' title="bbox 276 1434 1846 1506">
    <p class='ocr_par' dir='ltr' id='par_1_16' title="bbox 276 1434 1846 1506">
     <span class='ocr_line' id='line_1_16' title="bbox 276 1434 1846 1506; baseline 0.001 -20"><span class='ocrx_word' id='word_1_91' title='bbox 276 1434 465 1502; x_wconf 64' lang='grc' dir='ltr'>ἐφοὺδ</span> <span class='ocrx_word' id='word_1_92' title='bbox 506 1436 739 1501; x_wconf 74' lang='grc' dir='ltr'>λινοῦν,</span> <span class='ocrx_word' id='word_1_93' title='bbox 784 1436 881 1490; x_wconf 80' lang='grc' dir='ltr'><strong>καί</strong></span> <span class='ocrx_word' id='word_1_94' title='bbox 909 1437 1233 1505; x_wconf 68' lang='grc' dir='ltr'>ἐφεστρίδα</span> <span class='ocrx_word' id='word_1_95' title='bbox 1255 1435 1499 1506; x_wconf 81' lang='grc' dir='ltr'>μικράν.</span> <span class='ocrx_word' id='word_1_96' title='bbox 1533 1435 1846 1498; x_wconf 81' lang='grc' dir='ltr'>Θεοδοτίων,</span> 
     </span>
    </p>
   </div>
   <div class='ocr_carea' id='block_1_17' title="bbox 291 1526 1848 1597">
    <p class='ocr_par' dir='ltr' id='par_1_17' title="bbox 291 1526 1848 1597">
     <span class='ocr_line' id='line_1_17' title="bbox 291 1526 1848 1597; baseline 0 -19"><span class='ocrx_word' id='word_1_97' title='bbox 291 1526 464 1595; x_wconf 78' lang='grc' dir='ltr'>Ἐφὼδ</span> <span class='ocrx_word' id='word_1_98' title='bbox 511 1527 645 1596; x_wconf 59' lang='lat' dir='ltr'><strong>Bap,</strong></span> <span class='ocrx_word' id='word_1_99' title='bbox 674 1530 767 1580; x_wconf 77' lang='grc' dir='ltr'>καὶ</span> <span class='ocrx_word' id='word_1_100' title='bbox 812 1529 1151 1597; x_wconf 77' lang='grc' dir='ltr'><strong>ἐπενδύτην</strong></span> <span class='ocrx_word' id='word_1_101' title='bbox 1197 1529 1430 1597; x_wconf 82' lang='grc' dir='ltr'>μικρόν.</span> <span class='ocrx_word' id='word_1_102' title='bbox 1452 1527 1612 1582; x_wconf 81' lang='grc' dir='ltr'>Ἀλλά</span> <span class='ocrx_word' id='word_1_103' title='bbox 1658 1526 1775 1590; x_wconf 84' lang='grc' dir='ltr'><strong>πῶς</strong></span> <span class='ocrx_word' id='word_1_104' title='bbox 1819 1527 1848 1579; x_wconf 87' lang='grc' dir='ltr'><strong>ό</strong></span> 
     </span>
    </p>
   </div>
   <div class='ocr_carea' id='block_1_18' title="bbox 198 1613 1846 1688">
    <p class='ocr_par' dir='ltr' id='par_1_18' title="bbox 198 1613 1846 1688">
     <span class='ocr_line' id='line_1_18' title="bbox 198 1613 1846 1688; baseline 0.002 -24"><span class='ocrx_word' id='word_1_105' title='bbox 198 1622 207 1627; x_wconf 85' lang='grc'><em>’</em></span> <span class='ocrx_word' id='word_1_106' title='bbox 280 1613 550 1683; x_wconf 78' lang='grc' dir='ltr'>Σαμουὴλ,</span> <span class='ocrx_word' id='word_1_107' title='bbox 573 1614 801 1686; x_wconf 80' lang='grc' dir='ltr'>Δευϊτης</span> <span class='ocrx_word' id='word_1_108' title='bbox 827 1615 926 1683; x_wconf 82' lang='grc' dir='ltr'>ὢν,</span> <span class='ocrx_word' id='word_1_109' title='bbox 951 1617 1030 1686; x_wconf 85' lang='grc' dir='ltr'>τῷ</span> <span class='ocrx_word' id='word_1_110' title='bbox 1057 1616 1220 1685; x_wconf 77' lang='grc' dir='ltr'>ὲφοὺδ</span> <span class='ocrx_word' id='word_1_111' title='bbox 1247 1616 1541 1687; x_wconf 75' lang='grc' dir='ltr'>ἐκέχρητος</span> <span class='ocrx_word' id='word_1_112' title='bbox 1575 1616 1719 1686; x_wconf 84' lang='grc' dir='ltr'>μόνῳ</span> <span class='ocrx_word' id='word_1_113' title='bbox 1741 1616 1846 1688; x_wconf 82' lang='grc' dir='ltr'><strong>γὰρ</strong></span> 
     </span>
    </p>
   </div>
   <div class='ocr_carea' id='block_1_19' title="bbox 277 1701 1848 1777">
    <p class='ocr_par' dir='ltr' id='par_1_19' title="bbox 277 1701 1848 1777">
     <span class='ocr_line' id='line_1_19' title="bbox 277 1701 1848 1777; baseline 0.001 -21"><span class='ocrx_word' id='word_1_114' title='bbox 277 1701 555 1775; x_wconf 75' lang='grc' dir='ltr'><strong>ἀφώριστο</strong></span> <span class='ocrx_word' id='word_1_115' title='bbox 582 1704 662 1776; x_wconf 81' lang='grc' dir='ltr'><strong>τῷ</strong></span> <span class='ocrx_word' id='word_1_116' title='bbox 691 1707 960 1777; x_wconf 79' lang='grc' dir='ltr'>ἀρχιερεῖ.</span> <span class='ocrx_word' id='word_1_117' title='bbox 996 1708 1153 1771; x_wconf 78' lang='grc' dir='ltr'>Εἰκὸς</span> <span class='ocrx_word' id='word_1_118' title='bbox 1186 1703 1279 1761; x_wconf 78' lang='grc' dir='ltr'>οὖν</span> <span class='ocrx_word' id='word_1_119' title='bbox 1308 1707 1400 1762; x_wconf 83' lang='grc' dir='ltr'>τὸν</span> <span class='ocrx_word' id='word_1_120' title='bbox 1433 1707 1554 1760; x_wconf 78' lang='grc' dir='ltr'><strong>Ἥλὶ</strong></span> <span class='ocrx_word' id='word_1_121' title='bbox 1575 1706 1673 1777; x_wconf 73' lang='grc' dir='ltr'>τὴν</span> <span class='ocrx_word' id='word_1_122' title='bbox 1698 1706 1848 1758; x_wconf 80' lang='grc' dir='ltr'>θείαν</span> 
     </span>
    </p>
   </div>
   <div class='ocr_carea' id='block_1_20' title="bbox 1947 535 3515 607">
    <p class='ocr_par' dir='ltr' id='par_1_20' title="bbox 1947 535 3515 607">
     <span class='ocr_line' id='line_1_20' title="bbox 1947 535 3515 607; baseline -0.002 -15"><span class='ocrx_word' id='word_1_123' title='bbox 1947 540 2008 592; x_wconf 87' lang='lat' dir='ltr'><strong>ti.</strong></span> <span class='ocrx_word' id='word_1_124' title='bbox 2047 538 2167 607; x_wconf 88' lang='lat' dir='ltr'><strong>Ipse</strong></span> <span class='ocrx_word' id='word_1_125' title='bbox 2207 540 2350 593; x_wconf 83' lang='lat' dir='ltr'><strong>enim</strong></span> <span class='ocrx_word' id='word_1_126' title='bbox 2390 553 2518 593; x_wconf 87' lang='lat' dir='ltr'><strong>cum</strong></span> <span class='ocrx_word' id='word_1_127' title='bbox 2572 538 2757 607; x_wconf 80' lang='lat' dir='ltr'><strong>jusms</strong></span> <span class='ocrx_word' id='word_1_128' title='bbox 2796 536 2889 599; x_wconf 84' lang='lat' dir='ltr'><strong>sit,</strong></span> <span class='ocrx_word' id='word_1_129' title='bbox 2928 536 3127 605; x_wconf 87' lang='lat' dir='ltr'><strong>inquit,</strong></span> <span class='ocrx_word' id='word_1_130' title='bbox 3161 535 3423 604; x_wconf 70' lang='lat' dir='ltr'><strong>iudicabit</strong></span> <span class='ocrx_word' id='word_1_131' title='bbox 3454 536 3515 589; x_wconf 80' lang='lat' dir='ltr'><strong>li-</strong></span> 
     </span>
    </p>
   </div>
   <div class='ocr_carea' id='block_1_21' title="bbox 1947 625 3515 695">
    <p class='ocr_par' dir='ltr' id='par_1_21' title="bbox 1947 625 3515 695">
     <span class='ocr_line' id='line_1_21' title="bbox 1947 625 3515 695; baseline -0.001 -13"><span class='ocrx_word' id='word_1_132' title='bbox 1947 644 2044 684; x_wconf 88' lang='lat' dir='ltr'><strong>nes</strong></span> <span class='ocrx_word' id='word_1_133' title='bbox 2073 636 2254 684; x_wconf 75' lang='lat' dir='ltr'><strong>terrac.</strong></span> <span class='ocrx_word' id='word_1_134' title='bbox 2291 628 2559 684; x_wconf 66' lang='lat' dir='ltr'><strong>Praeterea</strong></span> <span class='ocrx_word' id='word_1_135' title='bbox 2585 628 2748 693; x_wconf 88' lang='lat' dir='ltr'><strong>etiam</strong></span> <span class='ocrx_word' id='word_1_136' title='bbox 2776 625 2843 682; x_wconf 90' lang='lat' dir='ltr'><strong>de</strong></span> <span class='ocrx_word' id='word_1_137' title='bbox 2879 627 3181 695; x_wconf 84' lang='lat' dir='ltr'><strong>majoribus</strong></span> <span class='ocrx_word' id='word_1_138' title='bbox 3219 625 3393 695; x_wconf 82' lang='lat' dir='ltr'><strong>ipsius</strong></span> <span class='ocrx_word' id='word_1_139' title='bbox 3423 642 3515 681; x_wconf 87' lang='lat' dir='ltr'><strong>sc-</strong></span> 
     </span>
    </p>
   </div>
   <div class='ocr_carea' id='block_1_22' title="bbox 1945 716 3514 789">
    <p class='ocr_par' dir='ltr' id='par_1_22' title="bbox 1945 716 3514 789">
     <span class='ocr_line' id='line_1_22' title="bbox 1945 716 3514 789; baseline -0.004 -14"><span class='ocrx_word' id='word_1_140' title='bbox 1945 721 2186 775; x_wconf 88' lang='lat' dir='ltr'><strong>cundum</strong></span> <span class='ocrx_word' id='word_1_141' title='bbox 2220 736 2465 784; x_wconf 86' lang='lat' dir='ltr'><strong>carnem,</strong></span> <span class='ocrx_word' id='word_1_142' title='bbox 2500 720 2590 789; x_wconf 89' lang='lat' dir='ltr'><strong>qui</strong></span> <span class='ocrx_word' id='word_1_143' title='bbox 2622 734 2652 772; x_wconf 90' lang='lat' dir='ltr'><strong>a</strong></span> <span class='ocrx_word' id='word_1_144' title='bbox 2690 719 2891 772; x_wconf 88' lang='lat' dir='ltr'><strong>Davide</strong></span> <span class='ocrx_word' id='word_1_145' title='bbox 2923 733 3097 787; x_wconf 87' lang='lat' dir='ltr'><strong>usque</strong></span> <span class='ocrx_word' id='word_1_146' title='bbox 3130 716 3197 770; x_wconf 90' lang='lat' dir='ltr'><strong>ad</strong></span> <span class='ocrx_word' id='word_1_147' title='bbox 3230 718 3514 786; x_wconf 84' lang='lat' dir='ltr'><strong>captivita-</strong></span> 
     </span>
    </p>
   </div>
   <div class='ocr_carea' id='block_1_23' title="bbox 1945 807 3513 877">
    <p class='ocr_par' dir='ltr' id='par_1_23' title="bbox 1945 807 3513 877">
     <span class='ocr_line' id='line_1_23' title="bbox 1945 807 3513 877; baseline -0.001 -13"><span class='ocrx_word' id='word_1_148' title='bbox 1945 819 2053 865; x_wconf 76' lang='lat' dir='ltr'><strong>tem</strong></span> <span class='ocrx_word' id='word_1_149' title='bbox 2081 811 2437 865; x_wconf 84' lang='lat' dir='ltr'><strong>duraverunt.</strong></span> <span class='ocrx_word' id='word_1_150' title='bbox 2472 810 2628 865; x_wconf 90' lang='lat' dir='ltr'><strong>Dabit</strong></span> <span class='ocrx_word' id='word_1_151' title='bbox 2660 810 2804 865; x_wconf 87' lang='lat' dir='ltr'><strong>enim</strong></span> <span class='ocrx_word' id='word_1_152' title='bbox 2828 810 3023 875; x_wconf 91' lang='lat' dir='ltr'><strong>robur,</strong></span> <span class='ocrx_word' id='word_1_153' title='bbox 3067 807 3271 876; x_wconf 92' lang='lat' dir='ltr'><strong>inquit,</strong></span> <span class='ocrx_word' id='word_1_154' title='bbox 3297 808 3513 877; x_wconf 73' lang='lat' dir='ltr'><strong>regibus</strong></span> 
     </span>
    </p>
   </div>
   <div class='ocr_carea' id='block_1_24' title="bbox 1946 896 3514 967">
    <p class='ocr_par' dir='ltr' id='par_1_24' title="bbox 1946 896 3514 967">
     <span class='ocr_line' id='line_1_24' title="bbox 1946 896 3514 967; baseline -0.003 -12"><span class='ocrx_word' id='word_1_155' title='bbox 1946 902 2184 955; x_wconf 77' lang='lat' dir='ltr'><strong>nostris.</strong></span> <span class='ocrx_word' id='word_1_156' title='bbox 2236 900 2534 954; x_wconf 82' lang='lat' dir='ltr'><strong>Commode</strong></span> <span class='ocrx_word' id='word_1_157' title='bbox 2579 908 2760 954; x_wconf 89' lang='lat' dir='ltr'><strong>autem</strong></span> <span class='ocrx_word' id='word_1_158' title='bbox 2801 898 3041 962; x_wconf 88' lang='lat' dir='ltr'><strong>illorum,</strong></span> <span class='ocrx_word' id='word_1_159' title='bbox 3078 898 3172 967; x_wconf 89' lang='lat' dir='ltr'><strong>qui</strong></span> <span class='ocrx_word' id='word_1_160' title='bbox 3214 896 3514 951; x_wconf 69' lang='lat' dir='ltr'><strong>efferuntur</strong></span> 
     </span>
    </p>
   </div>
   <div class='ocr_carea' id='block_1_25' title="bbox 1946 990 3513 1063">
    <p class='ocr_par' dir='ltr' id='par_1_25' title="bbox 1946 990 3513 1063">
     <span class='ocr_line' id='line_1_25' title="bbox 1946 990 3513 1063; baseline -0.001 -15"><span class='ocrx_word' id='word_1_161' title='bbox 1946 996 2174 1061; x_wconf 73' lang='lat' dir='ltr'><strong>Spiritus</strong></span> <span class='ocrx_word' id='word_1_162' title='bbox 2224 995 2598 1063; x_wconf 84' lang='lat' dir='ltr'><strong>compescuit,</strong></span> <span class='ocrx_word' id='word_1_163' title='bbox 2634 993 2857 1048; x_wconf 86' lang='lat' dir='ltr'><strong>omnem</strong></span> <span class='ocrx_word' id='word_1_164' title='bbox 2907 990 3199 1056; x_wconf 80' lang='lat' dir='ltr'><strong>notitiam,</strong></span> <span class='ocrx_word' id='word_1_165' title='bbox 3245 1006 3513 1062; x_wconf 85' lang='lat' dir='ltr'><strong>omneque</strong></span> 
     </span>
    </p>
   </div>
   <div class='ocr_carea' id='block_1_26' title="bbox 1945 1081 3511 1153">
    <p class='ocr_par' dir='ltr' id='par_1_26' title="bbox 1945 1081 3511 1153">
     <span class='ocr_line' id='line_1_26' title="bbox 1945 1081 3511 1153; baseline -0.003 -13"><span class='ocrx_word' id='word_1_166' title='bbox 1945 1084 2190 1142; x_wconf 80' lang='lat' dir='ltr'><strong>discendi</strong></span> <span class='ocrx_word' id='word_1_167' title='bbox 2212 1085 2474 1150; x_wconf 80' lang='lat' dir='ltr'><strong>studium,</strong></span> <span class='ocrx_word' id='word_1_168' title='bbox 2495 1101 2523 1139; x_wconf 91' lang='lat' dir='ltr'><strong>a</strong></span> <span class='ocrx_word' id='word_1_169' title='bbox 2536 1084 2643 1140; x_wconf 92' lang='lat' dir='ltr'><strong>Deo</strong></span> <span class='ocrx_word' id='word_1_170' title='bbox 2668 1084 2981 1139; x_wconf 86' lang='lat' dir='ltr'><strong>hominibus</strong></span> <span class='ocrx_word' id='word_1_171' title='bbox 2996 1083 3176 1139; x_wconf 86' lang='lat' dir='ltr'><strong>inesse</strong></span> <span class='ocrx_word' id='word_1_172' title='bbox 3191 1081 3511 1153; x_wconf 83' lang='lat' dir='ltr'><strong>praedicens.</strong></span> 
     </span>
    </p>
   </div>
   <div class='ocr_carea' id='block_1_27' title="bbox 2020 1257 3511 1328">
    <p class='ocr_par' dir='ltr' id='par_1_27' title="bbox 2020 1257 3511 1328">
     <span class='ocr_line' id='line_1_27' title="bbox 2020 1257 3511 1328; baseline -0.005 -12"><span class='ocrx_word' id='word_1_173' title='bbox 2020 1262 2182 1317; x_wconf 72' lang='lat' dir='ltr'><strong>Vnus.</strong></span> <span class='ocrx_word' id='word_1_174' title='bbox 2214 1261 2303 1314; x_wconf 79' lang='lat' dir='ltr'><strong>l8.</strong></span> <span class='ocrx_word' id='word_1_175' title='bbox 2336 1260 2621 1315; x_wconf 74' lang='lat' dir='ltr'><strong>Accinctus</strong></span> <span class='ocrx_word' id='word_1_176' title='bbox 2655 1257 2823 1328; x_wconf 81' lang='lat' dir='ltr'><strong>epltod</strong></span> <span class='ocrx_word' id='word_1_177' title='bbox 2856 1258 2991 1324; x_wconf 87' lang='lat' dir='ltr'><strong>Bar,</strong></span> <span class='ocrx_word' id='word_1_178' title='bbox 3030 1266 3081 1312; x_wconf 87' lang='lat' dir='ltr'><strong>et</strong></span> <span class='ocrx_word' id='word_1_179' title='bbox 3114 1273 3277 1327; x_wconf 82' lang='lat' dir='ltr'><strong>parva</strong></span> <span class='ocrx_word' id='word_1_180' title='bbox 3310 1257 3511 1310; x_wconf 80' lang='lat' dir='ltr'><strong>tunica.</strong></span> 
     </span>
    </p>
   </div>
   <div class='ocr_carea' id='block_1_28' title="bbox 1945 1352 3512 1428">
    <p class='ocr_par' dir='ltr' id='par_1_28' title="bbox 1945 1352 3512 1428">
     <span class='ocr_line' id='line_1_28' title="bbox 1945 1352 3512 1428; baseline -0.006 -15"><span class='ocrx_word' id='word_1_181' title='bbox 1945 1358 2141 1428; x_wconf 82' lang='lat' dir='ltr'><strong>Aquila</strong></span> <span class='ocrx_word' id='word_1_182' title='bbox 2179 1357 2403 1426; x_wconf 81' lang='lat' dir='ltr'><strong>expOuit</strong></span> <span class='ocrx_word' id='word_1_183' title='bbox 2438 1356 2714 1425; x_wconf 82' lang='grc' dir='ltr'>ὲπένδυμα</span> <span class='ocrx_word' id='word_1_184' title='bbox 2765 1354 3046 1423; x_wconf 77' lang='grc' dir='ltr'>ἐξαίρετον</span> <span class='ocrx_word' id='word_1_185' title='bbox 3071 1392 3086 1414; x_wconf 91' lang='grc'><strong>,</strong></span> <span class='ocrx_word' id='word_1_186' title='bbox 3133 1352 3512 1407; x_wconf 89' lang='lat' dir='ltr'><strong>indumentum</strong></span> 
     </span>
    </p>
   </div>
   <div class='ocr_carea' id='block_1_29' title="bbox 1947 1444 3515 1518">
    <p class='ocr_par' dir='ltr' id='par_1_29' title="bbox 1947 1444 3515 1518">
     <span class='ocr_line' id='line_1_29' title="bbox 1947 1444 3515 1518; baseline -0.006 -16"><span class='ocrx_word' id='word_1_187' title='bbox 1947 1449 2183 1517; x_wconf 75' lang='lat' dir='ltr'><strong>insigne.</strong></span> <span class='ocrx_word' id='word_1_188' title='bbox 2216 1446 2602 1518; x_wconf 79' lang='lat' dir='ltr'><strong>Symmachus,</strong></span> <span class='ocrx_word' id='word_1_189' title='bbox 2641 1444 2808 1514; x_wconf 81' lang='lat' dir='ltr'><strong>epltod</strong></span> <span class='ocrx_word' id='word_1_190' title='bbox 2859 1444 3077 1508; x_wconf 78' lang='lat' dir='ltr'><strong>lincunt,</strong></span> <span class='ocrx_word' id='word_1_191' title='bbox 3107 1451 3157 1495; x_wconf 79' lang='lat' dir='ltr'><strong>et</strong></span> <span class='ocrx_word' id='word_1_192' title='bbox 3202 1452 3390 1497; x_wconf 78' lang='lat' dir='ltr'><strong>vestem</strong></span> <span class='ocrx_word' id='word_1_193' title='bbox 3421 1456 3515 1495; x_wconf 74' lang='lat' dir='ltr'><strong>ex-</strong></span> 
     </span>
    </p>
   </div>
   <div class='ocr_carea' id='block_1_30' title="bbox 1947 1531 3511 1607">
    <p class='ocr_par' dir='ltr' id='par_1_30' title="bbox 1947 1531 3511 1607">
     <span class='ocr_line' id='line_1_30' title="bbox 1947 1531 3511 1607; baseline -0.004 -15"><span class='ocrx_word' id='word_1_194' title='bbox 1947 1540 2231 1599; x_wconf 88' lang='lat' dir='ltr'><strong>teriorem,</strong></span> <span class='ocrx_word' id='word_1_195' title='bbox 2254 1538 2368 1592; x_wconf 89' lang='lat' dir='ltr'><strong>sive</strong></span> <span class='ocrx_word' id='word_1_196' title='bbox 2387 1538 2610 1607; x_wconf 84' lang='lat' dir='ltr'><strong>pallium</strong></span> <span class='ocrx_word' id='word_1_197' title='bbox 2636 1550 2884 1606; x_wconf 89' lang='lat' dir='ltr'><strong>parvum.</strong></span> <span class='ocrx_word' id='word_1_198' title='bbox 2911 1532 3270 1597; x_wconf 81' lang='lat' dir='ltr'><strong>Theodotion,</strong></span> <span class='ocrx_word' id='word_1_199' title='bbox 3297 1531 3511 1601; x_wconf 86' lang='lat' dir='ltr'><strong>Ephod,</strong></span> 
     </span>
    </p>
   </div>
   <div class='ocr_carea' id='block_1_31' title="bbox 1946 1619 3514 1695">
    <p class='ocr_par' dir='ltr' id='par_1_31' title="bbox 1946 1619 3514 1695">
     <span class='ocr_line' id='line_1_31' title="bbox 1946 1619 3514 1695; baseline -0.003 -17"><span class='ocrx_word' id='word_1_200' title='bbox 1946 1626 2073 1688; x_wconf 90' lang='lat' dir='ltr'><strong>Bar,</strong></span> <span class='ocrx_word' id='word_1_201' title='bbox 2110 1622 2408 1693; x_wconf 78' lang='grc' dir='ltr'>ἐπενδύτην</span> <span class='ocrx_word' id='word_1_202' title='bbox 2437 1624 2655 1695; x_wconf 85' lang='grc' dir='ltr'>μικρόν.</span> <span class='ocrx_word' id='word_1_203' title='bbox 2682 1622 2789 1677; x_wconf 89' lang='lat' dir='ltr'><strong>Sed</strong></span> <span class='ocrx_word' id='word_1_204' title='bbox 2819 1623 3095 1693; x_wconf 88' lang='lat' dir='ltr'><strong>quomodo</strong></span> <span class='ocrx_word' id='word_1_205' title='bbox 3127 1619 3370 1685; x_wconf 82' lang='lat' dir='ltr'><strong>Samuel,</strong></span> <span class='ocrx_word' id='word_1_206' title='bbox 3406 1620 3514 1674; x_wconf 87' lang='lat' dir='ltr'><strong>Le-</strong></span> 
     </span>
    </p>
   </div>
   <div class='ocr_carea' id='block_1_32' title="bbox 1946 1712 3513 1784">
    <p class='ocr_par' dir='ltr' id='par_1_32' title="bbox 1946 1712 3513 1784">
     <span class='ocr_line' id='line_1_32' title="bbox 1946 1712 3513 1784; baseline -0.003 -16"><span class='ocrx_word' id='word_1_207' title='bbox 1946 1716 2059 1769; x_wconf 90' lang='lat' dir='ltr'><strong>vita</strong></span> <span class='ocrx_word' id='word_1_208' title='bbox 2089 1730 2214 1769; x_wconf 90' lang='lat' dir='ltr'><strong>cum</strong></span> <span class='ocrx_word' id='word_1_209' title='bbox 2248 1713 2435 1775; x_wconf 80' lang='lat' dir='ltr'><strong>fuerit.</strong></span> <span class='ocrx_word' id='word_1_210' title='bbox 2467 1714 2589 1784; x_wconf 89' lang='lat' dir='ltr'><strong>ipso</strong></span> <span class='ocrx_word' id='word_1_211' title='bbox 2639 1714 2819 1783; x_wconf 90' lang='lat' dir='ltr'><strong>ephod</strong></span> <span class='ocrx_word' id='word_1_212' title='bbox 2845 1728 2979 1767; x_wconf 90' lang='lat' dir='ltr'><strong>usus</strong></span> <span class='ocrx_word' id='word_1_213' title='bbox 2997 1720 3103 1775; x_wconf 88' lang='lat' dir='ltr'><strong>est,</strong></span> <span class='ocrx_word' id='word_1_214' title='bbox 3125 1712 3269 1781; x_wconf 90' lang='lat' dir='ltr'><strong>quod</strong></span> <span class='ocrx_word' id='word_1_215' title='bbox 3297 1725 3513 1765; x_wconf 87' lang='lat' dir='ltr'><strong>summo</strong></span> 
     </span>
    </p>
   </div>
   <div class='ocr_carea' id='block_1_33' title="bbox 278 1786 1844 1872">
    <p class='ocr_par' dir='ltr' id='par_1_33' title="bbox 278 1795 1844 1869">
     <span class='ocr_line' id='line_1_33' title="bbox 278 1795 1844 1869; baseline 0.001 -20"><span class='ocrx_word' id='word_1_216' title='bbox 278 1795 428 1865; x_wconf 79' lang='grc' dir='ltr'>αὐτῷ</span> <span class='ocrx_word' id='word_1_217' title='bbox 468 1797 629 1867; x_wconf 84' lang='grc' dir='ltr'>χάριν</span> <span class='ocrx_word' id='word_1_218' title='bbox 668 1797 1009 1853; x_wconf 68' lang='grc' dir='ltr'>ἐπανθοῦσαν</span> <span class='ocrx_word' id='word_1_219' title='bbox 1048 1800 1352 1869; x_wconf 77' lang='grc' dir='ltr'>ἑωρακότα,</span> <span class='ocrx_word' id='word_1_220' title='bbox 1384 1799 1480 1853; x_wconf 79' lang='grc' dir='ltr'>καὶ</span> <span class='ocrx_word' id='word_1_221' title='bbox 1527 1797 1844 1869; x_wconf 81' lang='grc' dir='ltr'>παραδόξως</span> 
     </span>
    </p>
   </div>
   <div class='ocr_carea' id='block_1_34' title="bbox 1947 1786 3515 1872">
    <p class='ocr_par' dir='ltr' id='par_1_34' title="bbox 1947 1796 3515 1872">
     <span class='ocr_line' id='line_1_34' title="bbox 1947 1796 3515 1872; baseline -0.004 -13"><span class='ocrx_word' id='word_1_222' title='bbox 1947 1803 2210 1859; x_wconf 74' lang='lat' dir='ltr'><strong>duntaxat</strong></span> <span class='ocrx_word' id='word_1_223' title='bbox 2239 1802 2479 1872; x_wconf 82' lang='lat' dir='ltr'><strong>pontiﬁci</strong></span> <span class='ocrx_word' id='word_1_224' title='bbox 2502 1802 2840 1872; x_wconf 73' lang='lat' dir='ltr'><strong>assignatum</strong></span> <span class='ocrx_word' id='word_1_225' title='bbox 2868 1801 2994 1856; x_wconf 74' lang='lat' dir='ltr'><strong>fuit.</strong></span> <span class='ocrx_word' id='word_1_226' title='bbox 3024 1796 3329 1854; x_wconf 61' lang='lat' dir='ltr'><strong>Verisimile</strong></span> <span class='ocrx_word' id='word_1_227' title='bbox 3348 1800 3515 1869; x_wconf 76' lang='lat' dir='ltr'><strong>igitur</strong></span> 
     </span>
    </p>
   </div>
   <div class='ocr_carea' id='block_1_35' title="bbox 278 1885 1842 1959">
    <p class='ocr_par' dir='ltr' id='par_1_35' title="bbox 278 1885 1842 1959">
     <span class='ocr_line' id='line_1_35' title="bbox 278 1885 1842 1959; baseline 0.002 -23"><span class='ocrx_word' id='word_1_228' title='bbox 278 1885 560 1956; x_wconf 81' lang='grc' dir='ltr'>τεχθέντα,</span> <span class='ocrx_word' id='word_1_229' title='bbox 587 1888 683 1942; x_wconf 81' lang='grc' dir='ltr'>καὶ</span> <span class='ocrx_word' id='word_1_230' title='bbox 719 1888 827 1959; x_wconf 77' lang='grc' dir='ltr'>πρὸ</span> <span class='ocrx_word' id='word_1_231' title='bbox 853 1890 1057 1943; x_wconf 84' lang='grc' dir='ltr'>ὠδίνων</span> <span class='ocrx_word' id='word_1_232' title='bbox 1085 1889 1524 1959; x_wconf 81' lang='grc' dir='ltr'>ὲπαγγελθέντα,</span> <span class='ocrx_word' id='word_1_233' title='bbox 1553 1889 1648 1941; x_wconf 68' lang='grc' dir='ltr'>καὶ</span> <span class='ocrx_word' id='word_1_234' title='bbox 1693 1887 1842 1940; x_wconf 74' lang='grc' dir='ltr'>ἔνδον</span> 
     </span>
    </p>
   </div>
   <div class='ocr_carea' id='block_1_36' title="bbox 279 1972 1845 2047">
    <p class='ocr_par' dir='ltr' id='par_1_36' title="bbox 279 1972 1845 2047">
     <span class='ocr_line' id='line_1_36' title="bbox 279 1972 1845 2047; baseline -0.001 -21"><span class='ocrx_word' id='word_1_235' title='bbox 279 1974 338 2026; x_wconf 76' lang='grc' dir='ltr'>ἐν</span> <span class='ocrx_word' id='word_1_236' title='bbox 369 1977 434 2045; x_wconf 78' lang='grc' dir='ltr'>τῇ</span> <span class='ocrx_word' id='word_1_237' title='bbox 465 1973 586 2046; x_wconf 76' lang='grc' dir='ltr'>θεία</span> <span class='ocrx_word' id='word_1_238' title='bbox 618 1978 791 2047; x_wconf 78' lang='grc' dir='ltr'>σκηνῇ</span> <span class='ocrx_word' id='word_1_239' title='bbox 824 1977 1159 2047; x_wconf 81' lang='grc' dir='ltr'>τρεφόμενον</span> <span class='ocrx_word' id='word_1_240' title='bbox 1183 2018 1200 2043; x_wconf 90' lang='grc'><strong>,</strong></span> <span class='ocrx_word' id='word_1_241' title='bbox 1230 1977 1304 2039; x_wconf 85' lang='grc' dir='ltr'><strong>ὡς</strong></span> <span class='ocrx_word' id='word_1_242' title='bbox 1336 1976 1496 2044; x_wconf 80' lang='grc' dir='ltr'>ἁγίῳ,</span> <span class='ocrx_word' id='word_1_243' title='bbox 1530 1974 1625 2027; x_wconf 75' lang='grc' dir='ltr'>καὶ</span> <span class='ocrx_word' id='word_1_244' title='bbox 1652 1972 1845 2035; x_wconf 77' lang='grc' dir='ltr'>Ναζωο</span> 
     </span>
    </p>
   </div>
   <div class='ocr_carea' id='block_1_37' title="bbox 281 2063 1843 2137">
    <p class='ocr_par' dir='ltr' id='par_1_37' title="bbox 281 2063 1843 2137">
     <span class='ocr_line' id='line_1_37' title="bbox 281 2063 1843 2137; baseline -0.002 -20"><span class='ocrx_word' id='word_1_245' title='bbox 281 2064 440 2135; x_wconf 86' lang='grc' dir='ltr'>ραίῳ,</span> <span class='ocrx_word' id='word_1_246' title='bbox 475 2065 550 2129; x_wconf 82' lang='grc' dir='ltr'>ὡς</span> <span class='ocrx_word' id='word_1_247' title='bbox 583 2066 678 2119; x_wconf 79' lang='grc' dir='ltr'>καὶ</span> <span class='ocrx_word' id='word_1_248' title='bbox 701 2066 941 2137; x_wconf 77' lang='grc' dir='ltr'>τοῦνομα</span> <span class='ocrx_word' id='word_1_249' title='bbox 973 2067 1155 2137; x_wconf 79' lang='grc' dir='ltr'>δηλοῖ,</span> <span class='ocrx_word' id='word_1_250' title='bbox 1186 2067 1280 2119; x_wconf 74' lang='grc' dir='ltr'>καὶ</span> <span class='ocrx_word' id='word_1_251' title='bbox 1307 2065 1503 2136; x_wconf 83' lang='grc' dir='ltr'>κομιδῇ</span> <span class='ocrx_word' id='word_1_252' title='bbox 1544 2063 1649 2134; x_wconf 80' lang='grc' dir='ltr'><strong>νέῳ</strong></span> <span class='ocrx_word' id='word_1_253' title='bbox 1680 2080 1843 2134; x_wconf 84' lang='grc' dir='ltr'>μετα-</span> 
     </span>
    </p>
   </div>
   <div class='ocr_carea' id='block_1_38' title="bbox 277 2153 1846 2228">
    <p class='ocr_par' dir='ltr' id='par_1_38' title="bbox 277 2153 1846 2228">
     <span class='ocr_line' id='line_1_38' title="bbox 277 2153 1846 2228; baseline 0.001 -20"><span class='ocrx_word' id='word_1_254' title='bbox 277 2154 462 2210; x_wconf 79' lang='grc' dir='ltr'>δοῦναι</span> <span class='ocrx_word' id='word_1_255' title='bbox 492 2156 720 2227; x_wconf 86' lang='grc' dir='ltr'>ταύτησι</span> <span class='ocrx_word' id='word_1_256' title='bbox 751 2157 853 2227; x_wconf 79' lang='grc' dir='ltr'>τῆς</span> <span class='ocrx_word' id='word_1_257' title='bbox 881 2158 1066 2228; x_wconf 87' lang='grc' dir='ltr'>τιμῆς.</span> <span class='ocrx_word' id='word_1_258' title='bbox 1097 2157 1196 2210; x_wconf 90' lang='grc' dir='ltr'>Διά</span> <span class='ocrx_word' id='word_1_259' title='bbox 1223 2154 1279 2209; x_wconf 81' lang='grc' dir='ltr'>δὲ</span> <span class='ocrx_word' id='word_1_260' title='bbox 1308 2154 1402 2208; x_wconf 79' lang='grc' dir='ltr'><strong>τοῦ</strong></span> <span class='ocrx_word' id='word_1_261' title='bbox 1427 2153 1589 2223; x_wconf 76' lang='grc' dir='ltr'>ὲφοὺδ</span> <span class='ocrx_word' id='word_1_262' title='bbox 1620 2154 1846 2209; x_wconf 81' lang='grc' dir='ltr'>πλεῖστα</span> 
     </span>
    </p>
   </div>
   <div class='ocr_carea' id='block_1_39' title="bbox 280 2246 1355 2320">
    <p class='ocr_par' dir='ltr' id='par_1_39' title="bbox 280 2246 1355 2320">
     <span class='ocr_line' id='line_1_39' title="bbox 280 2246 1355 2320; baseline 0.001 -21"><span class='ocrx_word' id='word_1_263' title='bbox 280 2247 578 2319; x_wconf 84' lang='grc' dir='ltr'>προεδήλου</span> <span class='ocrx_word' id='word_1_264' title='bbox 607 2248 715 2303; x_wconf 86' lang='grc' dir='ltr'><strong>τῶν</strong></span> <span class='ocrx_word' id='word_1_265' title='bbox 740 2248 1121 2320; x_wconf 80' lang='grc' dir='ltr'>ἀγνοουμένων</span> <span class='ocrx_word' id='word_1_266' title='bbox 1147 2249 1176 2301; x_wconf 87' lang='grc' dir='ltr'>ὀ</span> <span class='ocrx_word' id='word_1_267' title='bbox 1201 2246 1355 2311; x_wconf 83' lang='grc' dir='ltr'>Θεός.</span> 
     </span>
    </p>
   </div>
   <div class='ocr_carea' id='block_1_40' title="bbox 350 2522 1847 2597">
    <p class='ocr_par' dir='ltr' id='par_1_40' title="bbox 350 2522 1847 2597">
     <span class='ocr_line' id='line_1_40' title="bbox 350 2522 1847 2597; baseline -0.006 -11"><span class='ocrx_word' id='word_1_268' title='bbox 350 2527 527 2597; x_wconf 72' lang='grc' dir='ltr'>Εἶπα,</span> <span class='ocrx_word' id='word_1_269' title='bbox 558 2530 624 2584; x_wconf 84' lang='lat'><strong>&#39;0</strong></span> <span class='ocrx_word' id='word_1_270' title='bbox 649 2526 813 2595; x_wconf 71' lang='grc' dir='ltr'>οἶκός</span> <span class='ocrx_word' id='word_1_271' title='bbox 850 2544 1000 2592; x_wconf 84' lang='grc' dir='ltr'>σου,</span> <span class='ocrx_word' id='word_1_272' title='bbox 1043 2529 1141 2583; x_wconf 82' lang='grc' dir='ltr'><strong>καί</strong></span> <span class='ocrx_word' id='word_1_273' title='bbox 1185 2529 1222 2583; x_wconf 82' lang='grc' dir='ltr'><strong>δ</strong></span> <span class='ocrx_word' id='word_1_274' title='bbox 1261 2522 1428 2592; x_wconf 77' lang='grc' dir='ltr'>οἶκος</span> <span class='ocrx_word' id='word_1_275' title='bbox 1478 2525 1583 2597; x_wconf 70' lang='grc' dir='ltr'>τοῦ</span> <span class='ocrx_word' id='word_1_276' title='bbox 1624 2526 1847 2592; x_wconf 81' lang='grc' dir='ltr'>πατρός</span> 
     </span>
    </p>
   </div>
   <div class='ocr_carea' id='block_1_41' title="bbox 275 2594 1845 2691">
    <p class='ocr_par' dir='ltr' id='par_1_41' title="bbox 275 2594 1845 2691">
     <span class='ocr_line' id='line_1_41' title="bbox 275 2594 1845 2691; baseline -0.008 -15"><span class='ocrx_word' id='word_1_277' title='bbox 275 2637 414 2677; x_wconf 89' lang='grc' dir='ltr'>σου.</span> <span class='ocrx_word' id='word_1_278' title='bbox 452 2594 612 2673; x_wconf 78' lang='grc' dir='ltr'>Δοκεῖ</span> <span class='ocrx_word' id='word_1_279' title='bbox 654 2619 754 2691; x_wconf 82' lang='grc' dir='ltr'>μὲν</span> <span class='ocrx_word' id='word_1_280' title='bbox 795 2620 830 2690; x_wconf 73' lang='grc' dir='ltr'><strong>η</strong></span> <span class='ocrx_word' id='word_1_281' title='bbox 876 2618 1183 2689; x_wconf 70' lang='grc' dir='ltr'>πρόρρησις</span> <span class='ocrx_word' id='word_1_282' title='bbox 1225 2616 1288 2669; x_wconf 82' lang='grc' dir='ltr'>τὸ</span> <span class='ocrx_word' id='word_1_283' title='bbox 1331 2614 1521 2668; x_wconf 84' lang='grc' dir='ltr'>τούτου</span> <span class='ocrx_word' id='word_1_284' title='bbox 1550 2594 1702 2681; x_wconf 60' lang='grc' dir='ltr'>Ῠένος</span> <span class='ocrx_word' id='word_1_285' title='bbox 1746 2613 1845 2681; x_wconf 82' lang='grc' dir='ltr'>τῆς</span> 
     </span>
    </p>
   </div>
   <div class='ocr_carea' id='block_1_42' title="bbox 276 2702 1845 2783">
    <p class='ocr_par' dir='ltr' id='par_1_42' title="bbox 276 2702 1845 2783">
     <span class='ocr_line' id='line_1_42' title="bbox 276 2702 1845 2783; baseline -0.006 -21"><span class='ocrx_word' id='word_1_286' title='bbox 276 2708 684 2783; x_wconf 74' lang='grc' dir='ltr'>ἀρχιερωσύνης</span> <span class='ocrx_word' id='word_1_287' title='bbox 741 2707 1002 2778; x_wconf 79' lang='grc' dir='ltr'>γυμνοῦν.</span> <span class='ocrx_word' id='word_1_288' title='bbox 1052 2706 1359 2760; x_wconf 77' lang='grc' dir='ltr'>Αίνίττεται</span> <span class='ocrx_word' id='word_1_289' title='bbox 1410 2704 1468 2757; x_wconf 75' lang='grc' dir='ltr'>δὲ</span> <span class='ocrx_word' id='word_1_290' title='bbox 1515 2703 1696 2773; x_wconf 82' lang='grc' dir='ltr'>πάσης</span> <span class='ocrx_word' id='word_1_291' title='bbox 1745 2702 1845 2771; x_wconf 79' lang='grc' dir='ltr'>τῆς</span> 
     </span>
    </p>
   </div>
   <div class='ocr_carea' id='block_1_43' title="bbox 276 2791 1846 2868">
    <p class='ocr_par' dir='ltr' id='par_1_43' title="bbox 276 2791 1846 2868">
     <span class='ocr_line' id='line_1_43' title="bbox 276 2791 1846 2868; baseline -0.001 -17"><span class='ocrx_word' id='word_1_292' title='bbox 276 2797 572 2868; x_wconf 78' lang='grc' dir='ltr'>Ἰουδαϊκῆς</span> <span class='ocrx_word' id='word_1_293' title='bbox 603 2798 699 2868; x_wconf 84' lang='grc' dir='ltr'>τὴν</span> <span class='ocrx_word' id='word_1_294' title='bbox 729 2797 948 2850; x_wconf 84' lang='grc' dir='ltr'>παῦσιν.</span> <span class='ocrx_word' id='word_1_295' title='bbox 1005 2793 1173 2850; x_wconf 77' lang='grc' dir='ltr'>Εἶπον</span> <span class='ocrx_word' id='word_1_296' title='bbox 1201 2797 1331 2866; x_wconf 77' lang='grc' dir='ltr'>γὰρ,</span> <span class='ocrx_word' id='word_1_297' title='bbox 1376 2796 1559 2868; x_wconf 66' lang='grc' dir='ltr'>φησιν,</span> <span class='ocrx_word' id='word_1_298' title='bbox 1604 2796 1663 2850; x_wconf 89' lang='lat'><strong>&#39;0</strong></span> <span class='ocrx_word' id='word_1_299' title='bbox 1699 2791 1846 2860; x_wconf 76' lang='grc' dir='ltr'>οἶκός</span> 
     </span>
    </p>
   </div>
   <div class='ocr_carea' id='block_1_44' title="bbox 278 2885 1845 2955">
    <p class='ocr_par' dir='ltr' id='par_1_44' title="bbox 278 2885 1845 2955">
     <span class='ocr_line' id='line_1_44' title="bbox 278 2885 1845 2955; baseline -0.001 -12"><span class='ocrx_word' id='word_1_300' title='bbox 278 2905 394 2954; x_wconf 84' lang='grc' dir='ltr'>σου,</span> <span class='ocrx_word' id='word_1_301' title='bbox 426 2891 519 2943; x_wconf 80' lang='grc' dir='ltr'><strong>καὶ</strong></span> <span class='ocrx_word' id='word_1_302' title='bbox 544 2889 573 2943; x_wconf 84' lang='grc' dir='ltr'><strong>ό</strong></span> <span class='ocrx_word' id='word_1_303' title='bbox 594 2885 740 2953; x_wconf 71' lang='grc' dir='ltr'>οἶκος</span> <span class='ocrx_word' id='word_1_304' title='bbox 766 2887 859 2942; x_wconf 78' lang='grc' dir='ltr'><strong>τοῦ</strong></span> <span class='ocrx_word' id='word_1_305' title='bbox 887 2888 1092 2955; x_wconf 85' lang='grc' dir='ltr'>πατρός</span> <span class='ocrx_word' id='word_1_306' title='bbox 1113 2904 1229 2952; x_wconf 89' lang='grc' dir='ltr'>σου,</span> <span class='ocrx_word' id='word_1_307' title='bbox 1257 2888 1589 2942; x_wconf 83' lang='grc' dir='ltr'>διελεύσεται</span> <span class='ocrx_word' id='word_1_308' title='bbox 1616 2887 1845 2941; x_wconf 67' lang='grc' dir='ltr'><strong>¹ἐνώπιόν</strong></span> 
     </span>
    </p>
   </div>
   <div class='ocr_carea' id='block_1_45' title="bbox 281 2976 1843 3048">
    <p class='ocr_par' dir='ltr' id='par_1_45' title="bbox 281 2976 1843 3048">
     <span class='ocr_line' id='line_1_45' title="bbox 281 2976 1843 3048; baseline -0.002 -16"><span class='ocrx_word' id='word_1_309' title='bbox 281 2996 384 3048; x_wconf 84' lang='grc' dir='ltr'><strong>μου</strong></span> <span class='ocrx_word' id='word_1_310' title='bbox 411 2978 515 3040; x_wconf 79' lang='grc' dir='ltr'>ἓως</span> <span class='ocrx_word' id='word_1_311' title='bbox 554 2977 771 3041; x_wconf 83' lang='grc' dir='ltr'>αἰῶνος.</span> <span class='ocrx_word' id='word_1_312' title='bbox 801 2976 970 3030; x_wconf 77' lang='grc' dir='ltr'>Τοῦτο</span> <span class='ocrx_word' id='word_1_313' title='bbox 998 2977 1054 3030; x_wconf 85' lang='grc' dir='ltr'>δὲ</span> <span class='ocrx_word' id='word_1_314' title='bbox 1093 2978 1154 3030; x_wconf 85' lang='grc' dir='ltr'><strong>οὐ</strong></span> <span class='ocrx_word' id='word_1_315' title='bbox 1186 2976 1264 3048; x_wconf 82' lang='grc' dir='ltr'>τῷ</span> <span class='ocrx_word' id='word_1_316' title='bbox 1296 2977 1525 3048; x_wconf 85' lang='grc' dir='ltr'>Ἰθάμαρ</span> <span class='ocrx_word' id='word_1_317' title='bbox 1556 2977 1843 3046; x_wconf 82' lang='grc' dir='ltr'>ὑπέσχετο,</span> 
     </span>
    </p>
   </div>
   <div class='ocr_carea' id='block_1_46' title="bbox 1944 1889 3514 1962">
    <p class='ocr_par' dir='ltr' id='par_1_46' title="bbox 1944 1889 3514 1962">
     <span class='ocr_line' id='line_1_46' title="bbox 1944 1889 3514 1962; baseline -0.004 -14"><span class='ocrx_word' id='word_1_318' title='bbox 1944 1901 2047 1958; x_wconf 88' lang='lat' dir='ltr'><strong>est,</strong></span> <span class='ocrx_word' id='word_1_319' title='bbox 2075 1894 2194 1946; x_wconf 82' lang='lat' dir='ltr'><strong>Heli</strong></span> <span class='ocrx_word' id='word_1_320' title='bbox 2221 1893 2461 1946; x_wconf 83' lang='lat' dir='ltr'><strong>divinam</strong></span> <span class='ocrx_word' id='word_1_321' title='bbox 2489 1892 2720 1962; x_wconf 77' lang='lat' dir='ltr'><strong>gratiam</strong></span> <span class='ocrx_word' id='word_1_322' title='bbox 2743 1932 2759 1956; x_wconf 91' lang='lat'><strong>,</strong></span> <span class='ocrx_word' id='word_1_323' title='bbox 2784 1906 2892 1960; x_wconf 91' lang='lat' dir='ltr'><strong>qna</strong></span> <span class='ocrx_word' id='word_1_324' title='bbox 2912 1906 3044 1957; x_wconf 90' lang='lat' dir='ltr'><strong>puer</strong></span> <span class='ocrx_word' id='word_1_325' title='bbox 3065 1889 3314 1954; x_wconf 82' lang='lat' dir='ltr'><strong>ﬂorebat,</strong></span> <span class='ocrx_word' id='word_1_326' title='bbox 3355 1889 3409 1943; x_wconf 89' lang='lat' dir='ltr'><strong>in</strong></span> <span class='ocrx_word' id='word_1_327' title='bbox 3448 1902 3514 1942; x_wconf 88' lang='lat' dir='ltr'><strong>eo</strong></span> 
     </span>
    </p>
   </div>
   <div class='ocr_carea' id='block_1_47' title="bbox 1944 1977 3516 2050">
    <p class='ocr_par' dir='ltr' id='par_1_47' title="bbox 1944 1977 3516 2050">
     <span class='ocr_line' id='line_1_47' title="bbox 1944 1977 3516 2050; baseline -0.004 -11"><span class='ocrx_word' id='word_1_328' title='bbox 1944 1979 2328 2039; x_wconf 82' lang='lat' dir='ltr'><strong>considerasse</strong></span> <span class='ocrx_word' id='word_1_329' title='bbox 2354 2000 2369 2047; x_wconf 84' lang='lat'><strong>;</strong></span> <span class='ocrx_word' id='word_1_330' title='bbox 2396 1984 2547 2045; x_wconf 91' lang='lat' dir='ltr'><strong>item,</strong></span> <span class='ocrx_word' id='word_1_331' title='bbox 2573 1980 2721 2050; x_wconf 91' lang='lat' dir='ltr'><strong>quod</strong></span> <span class='ocrx_word' id='word_1_332' title='bbox 2748 1981 3076 2035; x_wconf 87' lang='lat' dir='ltr'><strong>mirabiliter</strong></span> <span class='ocrx_word' id='word_1_333' title='bbox 3110 1980 3165 2033; x_wconf 91' lang='lat' dir='ltr'><strong>in</strong></span> <span class='ocrx_word' id='word_1_334' title='bbox 3190 1980 3364 2035; x_wconf 86' lang='lat' dir='ltr'><strong>lucem</strong></span> <span class='ocrx_word' id='word_1_335' title='bbox 3395 1977 3516 2034; x_wconf 89' lang='lat' dir='ltr'><strong>edi-</strong></span> 
     </span>
    </p>
   </div>
   <div class='ocr_carea' id='block_1_48' title="bbox 1942 2069 3514 2143">
    <p class='ocr_par' dir='ltr' id='par_1_48' title="bbox 1942 2069 3514 2143">
     <span class='ocr_line' id='line_1_48' title="bbox 1942 2069 3514 2143; baseline -0.006 -11"><span class='ocrx_word' id='word_1_336' title='bbox 1942 2084 2053 2140; x_wconf 86' lang='lat' dir='ltr'><strong>tus,</strong></span> <span class='ocrx_word' id='word_1_337' title='bbox 2071 2082 2267 2130; x_wconf 89' lang='lat' dir='ltr'><strong>etante</strong></span> <span class='ocrx_word' id='word_1_338' title='bbox 2296 2082 2511 2143; x_wconf 90' lang='lat' dir='ltr'><strong>partum</strong></span> <span class='ocrx_word' id='word_1_339' title='bbox 2547 2072 2844 2142; x_wconf 72' lang='lat' dir='ltr'><strong>prtedictus</strong></span> <span class='ocrx_word' id='word_1_340' title='bbox 2871 2078 3038 2126; x_wconf 85' lang='lat' dir='ltr'><strong>esset.</strong></span> <span class='ocrx_word' id='word_1_341' title='bbox 3059 2069 3321 2125; x_wconf 59' lang='lat' dir='ltr'><strong>Praeterea</strong></span> <span class='ocrx_word' id='word_1_342' title='bbox 3352 2070 3405 2123; x_wconf 92' lang='lat' dir='ltr'><strong>in</strong></span> <span class='ocrx_word' id='word_1_343' title='bbox 3433 2078 3514 2124; x_wconf 83' lang='lat' dir='ltr'><strong>ta-</strong></span> 
     </span>
    </p>
   </div>
   <div class='ocr_carea' id='block_1_49' title="bbox 1943 2159 3507 2228">
    <p class='ocr_par' dir='ltr' id='par_1_49' title="bbox 1943 2159 3507 2228">
     <span class='ocr_line' id='line_1_49' title="bbox 1943 2159 3507 2228; baseline -0.003 -8"><span class='ocrx_word' id='word_1_344' title='bbox 1943 2164 2239 2220; x_wconf 83' lang='lat' dir='ltr'><strong>bernaculo</strong></span> <span class='ocrx_word' id='word_1_345' title='bbox 2254 2161 2467 2218; x_wconf 91' lang='lat' dir='ltr'><strong>Domini</strong></span> <span class='ocrx_word' id='word_1_346' title='bbox 2496 2161 2763 2224; x_wconf 87' lang='lat' dir='ltr'><strong>enutrito,</strong></span> <span class='ocrx_word' id='word_1_347' title='bbox 2796 2170 2978 2228; x_wconf 91' lang='lat' dir='ltr'><strong>utpote</strong></span> <span class='ocrx_word' id='word_1_348' title='bbox 2994 2169 3207 2224; x_wconf 88' lang='lat' dir='ltr'><strong>sancto,</strong></span> <span class='ocrx_word' id='word_1_349' title='bbox 3230 2159 3507 2224; x_wconf 66' lang='lat' dir='ltr'><strong>Nazarao,</strong></span> 
     </span>
    </p>
   </div>
   <div class='ocr_carea' id='block_1_50' title="bbox 1942 2249 3512 2323">
    <p class='ocr_par' dir='ltr' id='par_1_50' title="bbox 1942 2249 3512 2323">
     <span class='ocr_line' id='line_1_50' title="bbox 1942 2249 3512 2323; baseline -0.003 -15"><span class='ocrx_word' id='word_1_350' title='bbox 1942 2262 1996 2309; x_wconf 91' lang='lat' dir='ltr'><strong>et</strong></span> <span class='ocrx_word' id='word_1_351' title='bbox 2015 2271 2042 2308; x_wconf 91' lang='lat' dir='ltr'><strong>a</strong></span> <span class='ocrx_word' id='word_1_352' title='bbox 2064 2253 2170 2308; x_wconf 83' lang='lat' dir='ltr'><strong>Deo</strong></span> <span class='ocrx_word' id='word_1_353' title='bbox 2192 2253 2492 2323; x_wconf 87' lang='lat' dir='ltr'><strong>postulato,</strong></span> <span class='ocrx_word' id='word_1_354' title='bbox 2520 2250 2574 2304; x_wconf 93' lang='lat' dir='ltr'><strong>id</strong></span> <span class='ocrx_word' id='word_1_355' title='bbox 2599 2250 2765 2320; x_wconf 91' lang='lat' dir='ltr'><strong>(quod</strong></span> <span class='ocrx_word' id='word_1_356' title='bbox 2790 2265 2986 2304; x_wconf 87' lang='lat' dir='ltr'><strong>nomen</strong></span> <span class='ocrx_word' id='word_1_357' title='bbox 3003 2250 3122 2317; x_wconf 83' lang='lat' dir='ltr'><strong>ejus</strong></span> <span class='ocrx_word' id='word_1_358' title='bbox 3144 2250 3303 2303; x_wconf 87' lang='lat' dir='ltr'><strong>etiam</strong></span> <span class='ocrx_word' id='word_1_359' title='bbox 3329 2249 3512 2304; x_wconf 77' lang='lat' dir='ltr'><strong>decla-</strong></span> 
     </span>
    </p>
   </div>
   <div class='ocr_carea' id='block_1_51' title="bbox 1942 2341 3509 2415">
    <p class='ocr_par' dir='ltr' id='par_1_51' title="bbox 1942 2341 3509 2415">
     <span class='ocr_line' id='line_1_51' title="bbox 1942 2341 3509 2415; baseline -0.004 -15"><span class='ocrx_word' id='word_1_360' title='bbox 1942 2347 2075 2415; x_wconf 91' lang='lat' dir='ltr'><strong>rat,)</strong></span> <span class='ocrx_word' id='word_1_361' title='bbox 2113 2346 2260 2400; x_wconf 86' lang='lat' dir='ltr'><strong>hunc</strong></span> <span class='ocrx_word' id='word_1_362' title='bbox 2309 2346 2476 2400; x_wconf 89' lang='lat' dir='ltr'><strong>etiam</strong></span> <span class='ocrx_word' id='word_1_363' title='bbox 2507 2344 2773 2397; x_wconf 83' lang='lat' dir='ltr'><strong>honorem</strong></span> <span class='ocrx_word' id='word_1_364' title='bbox 2812 2342 3096 2411; x_wconf 86' lang='lat' dir='ltr'><strong>probabile</strong></span> <span class='ocrx_word' id='word_1_365' title='bbox 3121 2352 3205 2395; x_wconf 85' lang='lat' dir='ltr'><strong>est</strong></span> <span class='ocrx_word' id='word_1_366' title='bbox 3230 2341 3509 2396; x_wconf 85' lang='lat' dir='ltr'><strong>habuisse.</strong></span> 
     </span>
    </p>
   </div>
   <div class='ocr_carea' id='block_1_52' title="bbox 1941 2432 3509 2506">
    <p class='ocr_par' dir='ltr' id='par_1_52' title="bbox 1941 2432 3509 2506">
     <span class='ocr_line' id='line_1_52' title="bbox 1941 2432 3509 2506; baseline -0.003 -15"><span class='ocrx_word' id='word_1_367' title='bbox 1941 2436 2207 2491; x_wconf 61' lang='lat' dir='ltr'><strong>Caeterum</strong></span> <span class='ocrx_word' id='word_1_368' title='bbox 2228 2451 2325 2506; x_wconf 82' lang='lat' dir='ltr'><strong>per</strong></span> <span class='ocrx_word' id='word_1_369' title='bbox 2357 2432 2532 2504; x_wconf 90' lang='lat' dir='ltr'><strong>ephod</strong></span> <span class='ocrx_word' id='word_1_370' title='bbox 2560 2432 2706 2487; x_wconf 86' lang='lat' dir='ltr'><strong>Deus</strong></span> <span class='ocrx_word' id='word_1_371' title='bbox 2738 2432 2909 2487; x_wconf 88' lang='lat' dir='ltr'><strong>multa</strong></span> <span class='ocrx_word' id='word_1_372' title='bbox 2932 2446 3129 2486; x_wconf 86' lang='lat' dir='ltr'><strong>arcana</strong></span> <span class='ocrx_word' id='word_1_373' title='bbox 3161 2432 3509 2501; x_wconf 68' lang='lat' dir='ltr'><strong>praedicebat.</strong></span> 
     </span>
    </p>
   </div>
   <div class='ocr_carea' id='block_1_53' title="bbox 2012 2512 3503 2595">
    <p class='ocr_par' dir='ltr' id='par_1_53' title="bbox 2012 2512 3503 2595">
     <span class='ocr_line' id='line_1_53' title="bbox 2012 2512 3503 2595; baseline -0.003 -18"><span class='ocrx_word' id='word_1_374' title='bbox 2012 2512 2180 2579; x_wconf 71' lang='lat' dir='ltr'><strong>Vens.</strong></span> <span class='ocrx_word' id='word_1_375' title='bbox 2211 2524 2303 2579; x_wconf 77' lang='lat'><strong>9.7.</strong></span> <span class='ocrx_word' id='word_1_376' title='bbox 2333 2522 2483 2585; x_wconf 72' lang='lat' dir='ltr'><strong>Dixi,</strong></span> <span class='ocrx_word' id='word_1_377' title='bbox 2516 2520 2719 2574; x_wconf 78' lang='lat' dir='ltr'><strong>Domus</strong></span> <span class='ocrx_word' id='word_1_378' title='bbox 2753 2531 2867 2584; x_wconf 85' lang='lat' dir='ltr'><strong>tua,</strong></span> <span class='ocrx_word' id='word_1_379' title='bbox 2901 2530 2953 2576; x_wconf 85' lang='lat' dir='ltr'><strong>et</strong></span> <span class='ocrx_word' id='word_1_380' title='bbox 2979 2521 3167 2575; x_wconf 76' lang='lat' dir='ltr'><strong>domus</strong></span> <span class='ocrx_word' id='word_1_381' title='bbox 3192 2522 3361 2595; x_wconf 78' lang='lat' dir='ltr'><strong>patris</strong></span> <span class='ocrx_word' id='word_1_382' title='bbox 3402 2522 3503 2586; x_wconf 85' lang='lat' dir='ltr'><strong>tui,</strong></span> 
     </span>
    </p>
   </div>
   <div class='ocr_carea' id='block_1_54' title="bbox 1944 2608 3508 2685">
    <p class='ocr_par' dir='ltr' id='par_1_54' title="bbox 1944 2608 3508 2685">
     <span class='ocr_line' id='line_1_54' title="bbox 1944 2608 3508 2685; baseline -0.004 -16"><span class='ocrx_word' id='word_1_383' title='bbox 1944 2615 2067 2670; x_wconf 68' lang='lat' dir='ltr'><strong>Hanc</strong></span> <span class='ocrx_word' id='word_1_384' title='bbox 2100 2616 2383 2685; x_wconf 60' lang='lat' dir='ltr'><strong>praedictio</strong></span> <span class='ocrx_word' id='word_1_385' title='bbox 2412 2611 2629 2667; x_wconf 80' lang='lat' dir='ltr'><strong>videtur</strong></span> <span class='ocrx_word' id='word_1_386' title='bbox 2661 2608 2930 2665; x_wconf 83' lang='lat' dir='ltr'><strong>familiam</strong></span> <span class='ocrx_word' id='word_1_387' title='bbox 2971 2610 3090 2665; x_wconf 78' lang='lat' dir='ltr'><strong>Heli</strong></span> <span class='ocrx_word' id='word_1_388' title='bbox 3122 2626 3337 2666; x_wconf 89' lang='lat' dir='ltr'><strong>summo</strong></span> <span class='ocrx_word' id='word_1_389' title='bbox 3370 2626 3508 2679; x_wconf 88' lang='lat' dir='ltr'><strong>pon-</strong></span> 
     </span>
    </p>
   </div>
   <div class='ocr_carea' id='block_1_55' title="bbox 1943 2700 3511 2774">
    <p class='ocr_par' dir='ltr' id='par_1_55' title="bbox 1943 2700 3511 2774">
     <span class='ocr_line' id='line_1_55' title="bbox 1943 2700 3511 2774; baseline -0.002 -15"><span class='ocrx_word' id='word_1_390' title='bbox 1943 2707 2150 2759; x_wconf 82' lang='lat' dir='ltr'><strong>tilicatu</strong></span> <span class='ocrx_word' id='word_1_391' title='bbox 2179 2704 2338 2774; x_wconf 75' lang='lat'><strong>511</strong></span> <span class='ocrx_word' id='word_1_392' title='bbox 2373 2702 2631 2772; x_wconf 77' lang='lat' dir='ltr'><strong>dejicere.</strong></span> <span class='ocrx_word' id='word_1_393' title='bbox 2665 2700 2920 2756; x_wconf 86' lang='lat' dir='ltr'><strong>Latenter</strong></span> <span class='ocrx_word' id='word_1_394' title='bbox 2946 2717 3076 2756; x_wconf 87' lang='lat' dir='ltr'><strong>vero</strong></span> <span class='ocrx_word' id='word_1_395' title='bbox 3108 2702 3274 2755; x_wconf 87' lang='lat' dir='ltr'><strong>totius</strong></span> <span class='ocrx_word' id='word_1_396' title='bbox 3298 2700 3511 2756; x_wconf 68' lang='lat' dir='ltr'><strong>Iudaici</strong></span> 
     </span>
    </p>
   </div>
   <div class='ocr_carea' id='block_1_56' title="bbox 1943 2789 3511 2861">
    <p class='ocr_par' dir='ltr' id='par_1_56' title="bbox 1943 2789 3511 2861">
     <span class='ocr_line' id='line_1_56' title="bbox 1943 2789 3511 2861; baseline -0.004 -8"><span class='ocrx_word' id='word_1_397' title='bbox 1943 2796 2235 2854; x_wconf 84' lang='lat' dir='ltr'><strong>sacerdotii</strong></span> <span class='ocrx_word' id='word_1_398' title='bbox 2269 2796 2429 2849; x_wconf 85' lang='lat' dir='ltr'><strong>linem</strong></span> <span class='ocrx_word' id='word_1_399' title='bbox 2468 2792 2669 2847; x_wconf 89' lang='lat' dir='ltr'><strong>innuit.</strong></span> <span class='ocrx_word' id='word_1_400' title='bbox 2705 2791 2825 2846; x_wconf 78' lang='lat' dir='ltr'><strong>Dixi</strong></span> <span class='ocrx_word' id='word_1_401' title='bbox 2865 2792 3034 2853; x_wconf 89' lang='lat' dir='ltr'><strong>enim,</strong></span> <span class='ocrx_word' id='word_1_402' title='bbox 3062 2792 3279 2861; x_wconf 89' lang='lat' dir='ltr'><strong>inquit:</strong></span> <span class='ocrx_word' id='word_1_403' title='bbox 3305 2789 3511 2847; x_wconf 75' lang='lat' dir='ltr'><strong>Domus</strong></span> 
     </span>
    </p>
   </div>
   <div class='ocr_carea' id='block_1_57' title="bbox 1945 2882 3513 2954">
    <p class='ocr_par' dir='ltr' id='par_1_57' title="bbox 1945 2882 3513 2954">
     <span class='ocr_line' id='line_1_57' title="bbox 1945 2882 3513 2954; baseline -0.003 -13"><span class='ocrx_word' id='word_1_404' title='bbox 1945 2898 2062 2949; x_wconf 88' lang='lat' dir='ltr'><strong>tua.</strong></span> <span class='ocrx_word' id='word_1_405' title='bbox 2092 2895 2147 2941; x_wconf 89' lang='lat' dir='ltr'><strong>et</strong></span> <span class='ocrx_word' id='word_1_406' title='bbox 2181 2888 2381 2940; x_wconf 80' lang='lat' dir='ltr'><strong>domus</strong></span> <span class='ocrx_word' id='word_1_407' title='bbox 2416 2884 2591 2954; x_wconf 89' lang='lat' dir='ltr'><strong>patris</strong></span> <span class='ocrx_word' id='word_1_408' title='bbox 2625 2884 2727 2949; x_wconf 87' lang='lat' dir='ltr'><strong>ttti,</strong></span> <span class='ocrx_word' id='word_1_409' title='bbox 2757 2882 3058 2938; x_wconf 88' lang='lat' dir='ltr'><strong>ambulabit</strong></span> <span class='ocrx_word' id='word_1_410' title='bbox 3083 2897 3266 2937; x_wconf 84' lang='lat' dir='ltr'><strong>coram</strong></span> <span class='ocrx_word' id='word_1_411' title='bbox 3307 2898 3391 2936; x_wconf 89' lang='lat' dir='ltr'><strong>me</strong></span> <span class='ocrx_word' id='word_1_412' title='bbox 3420 2898 3513 2937; x_wconf 86' lang='lat' dir='ltr'><strong>us-</strong></span> 
     </span>
    </p>
   </div>
   <div class='ocr_carea' id='block_1_58' title="bbox 1943 2973 3513 3047">
    <p class='ocr_par' dir='ltr' id='par_1_58' title="bbox 1943 2973 3513 3047">
     <span class='ocr_line' id='line_1_58' title="bbox 1943 2973 3513 3047; baseline -0.004 -15"><span class='ocrx_word' id='word_1_413' title='bbox 1943 2994 2050 3047; x_wconf 93' lang='lat' dir='ltr'><strong>que</strong></span> <span class='ocrx_word' id='word_1_414' title='bbox 2083 2977 2135 3029; x_wconf 91' lang='lat' dir='ltr'><strong>iu</strong></span> <span class='ocrx_word' id='word_1_415' title='bbox 2165 2980 2588 3045; x_wconf 84' lang='lat' dir='ltr'><strong>sempiternum.</strong></span> <span class='ocrx_word' id='word_1_416' title='bbox 2620 2974 2675 3029; x_wconf 92' lang='lat' dir='ltr'><strong>ltl</strong></span> <span class='ocrx_word' id='word_1_417' title='bbox 2720 2983 2902 3028; x_wconf 89' lang='lat' dir='ltr'><strong>autem</strong></span> <span class='ocrx_word' id='word_1_418' title='bbox 2937 2988 3044 3027; x_wconf 92' lang='lat' dir='ltr'><strong>non</strong></span> <span class='ocrx_word' id='word_1_419' title='bbox 3076 2973 3350 3027; x_wconf 88' lang='lat' dir='ltr'><strong>lthatnaro</strong></span> <span class='ocrx_word' id='word_1_420' title='bbox 3385 2987 3513 3043; x_wconf 83' lang='lat' dir='ltr'><strong>pro-</strong></span> 
     </span>
    </p>
   </div>
   <div class='ocr_carea' id='block_1_59' title="bbox 275 3052 1844 3164">
    <p class='ocr_par' dir='ltr' id='par_1_59' title="bbox 275 3065 1842 3141">
     <span class='ocr_line' id='line_1_59' title="bbox 275 3065 1842 3141; baseline -0.005 -16"><span class='ocrx_word' id='word_1_421' title='bbox 275 3069 411 3125; x_wconf 86' lang='grc' dir='ltr'>ἁλλά</span> <span class='ocrx_word' id='word_1_422' title='bbox 445 3068 524 3141; x_wconf 81' lang='grc' dir='ltr'><strong>τῷ</strong></span> <span class='ocrx_word' id='word_1_423' title='bbox 560 3067 792 3139; x_wconf 83' lang='grc' dir='ltr'>Ἀαρών.</span> <span class='ocrx_word' id='word_1_424' title='bbox 824 3066 1032 3120; x_wconf 78' lang='grc' dir='ltr'>Οὐκοῦν</span> <span class='ocrx_word' id='word_1_425' title='bbox 1058 3066 1195 3121; x_wconf 79' lang='grc' dir='ltr'>κατὰ</span> <span class='ocrx_word' id='word_1_426' title='bbox 1222 3066 1398 3135; x_wconf 83' lang='grc' dir='ltr'>πάσης</span> <span class='ocrx_word' id='word_1_427' title='bbox 1425 3065 1604 3120; x_wconf 72' lang='grc' dir='ltr'>αὐτῶν</span> <span class='ocrx_word' id='word_1_428' title='bbox 1628 3065 1842 3137; x_wconf 79' lang='grc' dir='ltr'><strong>ὰπεφῄ-</strong></span> 
     </span>
    </p>
   </div>
   <div class='ocr_carea' id='block_1_60' title="bbox 1947 3052 3514 3164">
    <p class='ocr_par' dir='ltr' id='par_1_60' title="bbox 1947 3052 3514 3134">
     <span class='ocr_line' id='line_1_60' title="bbox 1947 3052 3514 3134; baseline -0.003 -12"><span class='ocrx_word' id='word_1_429' title='bbox 1947 3068 2115 3131; x_wconf 89' lang='lat' dir='ltr'><strong>misit,</strong></span> <span class='ocrx_word' id='word_1_430' title='bbox 2150 3067 2242 3121; x_wconf 90' lang='lat' dir='ltr'><strong>sed</strong></span> <span class='ocrx_word' id='word_1_431' title='bbox 2268 3052 2495 3121; x_wconf 73' lang='lat' dir='ltr'><strong>Aaroni.</strong></span> <span class='ocrx_word' id='word_1_432' title='bbox 2532 3065 2588 3119; x_wconf 90' lang='lat' dir='ltr'><strong>lu</strong></span> <span class='ocrx_word' id='word_1_433' title='bbox 2615 3074 2728 3121; x_wconf 85' lang='lat' dir='ltr'><strong>tota</strong></span> <span class='ocrx_word' id='word_1_434' title='bbox 2752 3066 2939 3134; x_wconf 86' lang='lat' dir='ltr'><strong>itaque</strong></span> <span class='ocrx_word' id='word_1_435' title='bbox 2963 3066 3113 3120; x_wconf 91' lang='lat' dir='ltr'><strong>tribu</strong></span> <span class='ocrx_word' id='word_1_436' title='bbox 3146 3064 3392 3134; x_wconf 86' lang='lat' dir='ltr'><strong>ipsorum</strong></span> <span class='ocrx_word' id='word_1_437' title='bbox 3416 3079 3514 3119; x_wconf 80' lang='lat' dir='ltr'><strong>ex-</strong></span> 
     </span>
    </p>
   </div>
   <div class='ocr_carea' id='block_1_61' title="bbox 277 3157 1561 3230">
    <p class='ocr_par' dir='ltr' id='par_1_61' title="bbox 277 3157 1561 3230">
     <span class='ocr_line' id='line_1_61' title="bbox 277 3157 1561 3230; baseline -0.002 -17"><span class='ocrx_word' id='word_1_438' title='bbox 277 3177 406 3213; x_wconf 86' lang='grc' dir='ltr'>νατο</span> <span class='ocrx_word' id='word_1_439' title='bbox 430 3160 527 3228; x_wconf 82' lang='grc' dir='ltr'>τῆς</span> <span class='ocrx_word' id='word_1_440' title='bbox 556 3159 748 3230; x_wconf 76' lang='grc' dir='ltr'>φυλῆς,</span> <span class='ocrx_word' id='word_1_441' title='bbox 776 3159 871 3211; x_wconf 71' lang='grc' dir='ltr'>καὶ</span> <span class='ocrx_word' id='word_1_442' title='bbox 900 3159 1166 3228; x_wconf 86' lang='grc' dir='ltr'>μαρτυρεῖ</span> <span class='ocrx_word' id='word_1_443' title='bbox 1193 3157 1260 3210; x_wconf 83' lang='grc' dir='ltr'><strong>τὰ</strong></span> <span class='ocrx_word' id='word_1_444' title='bbox 1290 3157 1561 3228; x_wconf 83' lang='grc' dir='ltr'>δρώμενα.</span> 
     </span>
    </p>
   </div>
   <div class='ocr_carea' id='block_1_62' title="bbox 345 3242 1845 3319">
    <p class='ocr_par' dir='ltr' id='par_1_62' title="bbox 345 3242 1845 3319">
     <span class='ocr_line' id='line_1_62' title="bbox 345 3242 1845 3319; baseline -0.004 -13"><span class='ocrx_word' id='word_1_445' title='bbox 345 3252 452 3307; x_wconf 80' lang='grc' dir='ltr'><strong>Καὶ</strong></span> <span class='ocrx_word' id='word_1_446' title='bbox 479 3250 773 3319; x_wconf 74' lang='grc' dir='ltr'><strong>ἐπιϐλέψῃ</strong></span> <span class='ocrx_word' id='word_1_447' title='bbox 799 3251 1136 3319; x_wconf 81' lang='grc' dir='ltr'>κραταίωμα</span> <span class='ocrx_word' id='word_1_448' title='bbox 1171 3242 1352 3303; x_wconf 67' lang='grc' dir='ltr'>ναῶν,</span> <span class='ocrx_word' id='word_1_449' title='bbox 1394 3246 1466 3302; x_wconf 82' lang='grc' dir='ltr'>Τὸ</span> <span class='ocrx_word' id='word_1_450' title='bbox 1496 3248 1658 3319; x_wconf 77' lang='grc' dir='ltr'>ῥητὸν</span> <span class='ocrx_word' id='word_1_451' title='bbox 1686 3250 1845 3318; x_wconf 76' lang='grc' dir='ltr'>ἡστέ-</span> 
     </span>
    </p>
   </div>
   <div class='ocr_carea' id='block_1_63' title="bbox 281 3336 1843 3413">
    <p class='ocr_par' dir='ltr' id='par_1_63' title="bbox 281 3336 1843 3413">
     <span class='ocr_line' id='line_1_63' title="bbox 281 3336 1843 3413; baseline -0.005 -15"><span class='ocrx_word' id='word_1_452' title='bbox 281 3362 478 3412; x_wconf 79' lang='grc' dir='ltr'>ρισται,</span> <span class='ocrx_word' id='word_1_453' title='bbox 504 3344 642 3413; x_wconf 83' lang='grc' dir='ltr'>ὅπερ</span> <span class='ocrx_word' id='word_1_454' title='bbox 674 3342 845 3405; x_wconf 77' lang='grc' dir='ltr'>οὕτως</span> <span class='ocrx_word' id='word_1_455' title='bbox 874 3340 1103 3406; x_wconf 74' lang='grc' dir='ltr'>ἐξέδωκε</span> <span class='ocrx_word' id='word_1_456' title='bbox 1131 3340 1572 3411; x_wconf 55' lang='grc' dir='ltr'>Σύμμαχοςλίαι</span> <span class='ocrx_word' id='word_1_457' title='bbox 1594 3339 1699 3412; x_wconf 80' lang='grc' dir='ltr'><strong>ὄψῃ</strong></span> <span class='ocrx_word' id='word_1_458' title='bbox 1727 3336 1843 3391; x_wconf 74' lang='grc' dir='ltr'>θλῖ-</span> 
     </span>
    </p>
   </div>
   <div class='ocr_carea' id='block_1_64' title="bbox 274 3426 1840 3507">
    <p class='ocr_par' dir='ltr' id='par_1_64' title="bbox 274 3426 1840 3507">
     <span class='ocr_line' id='line_1_64' title="bbox 274 3426 1840 3507; baseline -0.004 -16"><span class='ocrx_word' id='word_1_459' title='bbox 274 3433 364 3507; x_wconf 70' lang='grc' dir='ltr'>ιζιιν</span> <span class='ocrx_word' id='word_1_460' title='bbox 381 3435 748 3507; x_wconf 78' lang='grc' dir='ltr'>κατοικήσεως</span> <span class='ocrx_word' id='word_1_461' title='bbox 771 3434 827 3487; x_wconf 81' lang='grc' dir='ltr'><strong>ἐν</strong></span> <span class='ocrx_word' id='word_1_462' title='bbox 852 3433 1009 3487; x_wconf 80' lang='grc' dir='ltr'>παντὶ</span> <span class='ocrx_word' id='word_1_463' title='bbox 1032 3426 1077 3501; x_wconf 80' lang='grc' dir='ltr'><strong>ᾧ</strong></span> <span class='ocrx_word' id='word_1_464' title='bbox 1102 3431 1589 3504; x_wconf 80' lang='grc' dir='ltr'>εὐεργετηθήσεται</span> <span class='ocrx_word' id='word_1_465' title='bbox 1605 3430 1840 3503; x_wconf 81' lang='grc' dir='ltr'>Ἰσραήλ.</span> 
     </span>
    </p>
   </div>
   <div class='ocr_carea' id='block_1_65' title="bbox 276 3521 1845 3592">
    <p class='ocr_par' dir='ltr' id='par_1_65' title="bbox 276 3521 1845 3592">
     <span class='ocr_line' id='line_1_65' title="bbox 276 3521 1845 3592; baseline -0.003 -14"><span class='ocrx_word' id='word_1_466' title='bbox 276 3526 432 3589; x_wconf 79' lang='grc' dir='ltr'>Τινὲς</span> <span class='ocrx_word' id='word_1_467' title='bbox 458 3525 536 3586; x_wconf 79' lang='grc' dir='ltr'>δὲ,</span> <span class='ocrx_word' id='word_1_468' title='bbox 571 3524 906 3592; x_wconf 79' lang='grc' dir='ltr'>κραταίωμα</span> <span class='ocrx_word' id='word_1_469' title='bbox 932 3522 1036 3588; x_wconf 85' lang='grc' dir='ltr'>ὢν,</span> <span class='ocrx_word' id='word_1_470' title='bbox 1067 3521 1348 3591; x_wconf 81' lang='grc' dir='ltr'>ὲκθέμενοι</span> <span class='ocrx_word' id='word_1_471' title='bbox 1378 3522 1549 3584; x_wconf 74' lang='grc' dir='ltr'>οὕτως</span> <span class='ocrx_word' id='word_1_472' title='bbox 1584 3523 1845 3591; x_wconf 68' lang='grc' dir='ltr'>ἑρμηνευ-</span> 
     </span>
    </p>
   </div>
   <div class='ocr_carea' id='block_1_66' title="bbox 280 3596 1841 3682">
    <p class='ocr_par' dir='ltr' id='par_1_66' title="bbox 280 3596 1841 3682">
     <span class='ocr_line' id='line_1_66' title="bbox 280 3596 1841 3682; baseline 0 -18"><span class='ocrx_word' id='word_1_473' title='bbox 280 3631 405 3667; x_wconf 85' lang='grc' dir='ltr'>σαν·</span> <span class='ocrx_word' id='word_1_474' title='bbox 443 3596 552 3667; x_wconf 75' lang='grc' dir='ltr'><strong>Τοῧ</strong></span> <span class='ocrx_word' id='word_1_475' title='bbox 582 3613 755 3678; x_wconf 77' lang='grc' dir='ltr'>ὄντος</span> <span class='ocrx_word' id='word_1_476' title='bbox 797 3612 958 3680; x_wconf 76' lang='grc' dir='ltr'>λέγει</span> <span class='ocrx_word' id='word_1_477' title='bbox 989 3612 1156 3665; x_wconf 85' lang='grc' dir='ltr'>Θεοῦ.</span> <span class='ocrx_word' id='word_1_478' title='bbox 1176 3613 1315 3679; x_wconf 69' lang='grc' dir='ltr'><strong>Ἐγὼ</strong></span> <span class='ocrx_word' id='word_1_479' title='bbox 1342 3612 1451 3681; x_wconf 79' lang='grc' dir='ltr'><strong>γὰρ</strong></span> <span class='ocrx_word' id='word_1_480' title='bbox 1481 3610 1620 3678; x_wconf 80' lang='grc' dir='ltr'>είμί,</span> <span class='ocrx_word' id='word_1_481' title='bbox 1655 3613 1841 3682; x_wconf 79' lang='grc' dir='ltr'>φησὶν,</span> 
     </span>
    </p>
   </div>
   <div class='ocr_carea' id='block_1_67' title="bbox 279 3700 1840 3773">
    <p class='ocr_par' dir='ltr' id='par_1_67' title="bbox 279 3700 1840 3773">
     <span class='ocr_line' id='line_1_67' title="bbox 279 3700 1840 3773; baseline -0.001 -17"><span class='ocrx_word' id='word_1_482' title='bbox 279 3704 312 3756; x_wconf 81' lang='grc' dir='ltr'><strong>ό</strong></span> <span class='ocrx_word' id='word_1_483' title='bbox 342 3705 445 3758; x_wconf 80' lang='grc' dir='ltr'><strong>ὧν.</strong></span> <span class='ocrx_word' id='word_1_484' title='bbox 481 3700 683 3757; x_wconf 76' lang='grc' dir='ltr'>Τούτου</span> <span class='ocrx_word' id='word_1_485' title='bbox 733 3703 1064 3773; x_wconf 89' lang='grc' dir='ltr'>κραταίωμα</span> <span class='ocrx_word' id='word_1_486' title='bbox 1102 3705 1340 3771; x_wconf 82' lang='grc' dir='ltr'>κέκτηκε</span> <span class='ocrx_word' id='word_1_487' title='bbox 1384 3704 1485 3771; x_wconf 79' lang='grc' dir='ltr'>τὴν</span> <span class='ocrx_word' id='word_1_488' title='bbox 1522 3702 1840 3773; x_wconf 78' lang='grc' dir='ltr'>ἱερωσύνην,</span> 
     </span>
    </p>
   </div>
   <div class='ocr_carea' id='block_1_68' title="bbox 278 3791 1843 3865">
    <p class='ocr_par' dir='ltr' id='par_1_68' title="bbox 278 3791 1843 3865">
     <span class='ocr_line' id='line_1_68' title="bbox 278 3791 1843 3865; baseline -0.001 -20"><span class='ocrx_word' id='word_1_489' title='bbox 278 3794 375 3863; x_wconf 72' lang='grc' dir='ltr'>τὴν</span> <span class='ocrx_word' id='word_1_490' title='bbox 421 3794 563 3848; x_wconf 81' lang='grc' dir='ltr'>κατὰ</span> <span class='ocrx_word' id='word_1_491' title='bbox 608 3793 708 3865; x_wconf 81' lang='grc' dir='ltr'>τὴν</span> <span class='ocrx_word' id='word_1_492' title='bbox 750 3793 902 3859; x_wconf 85' lang='grc' dir='ltr'>τάξιν</span> <span class='ocrx_word' id='word_1_493' title='bbox 933 3791 1286 3862; x_wconf 79' lang='grc' dir='ltr'>Μελχισεδέκ.</span> <span class='ocrx_word' id='word_1_494' title='bbox 1320 3792 1487 3855; x_wconf 84' lang='grc' dir='ltr'>Δίκας</span> <span class='ocrx_word' id='word_1_495' title='bbox 1532 3792 1588 3844; x_wconf 80' lang='grc' dir='ltr'>δὲ</span> <span class='ocrx_word' id='word_1_496' title='bbox 1632 3793 1843 3845; x_wconf 83' lang='grc' dir='ltr'>τέτικεν</span> 
     </span>
    </p>
   </div>
   <div class='ocr_carea' id='block_1_69' title="bbox 280 3878 1844 3955">
    <p class='ocr_par' dir='ltr' id='par_1_69' title="bbox 280 3878 1844 3955">
     <span class='ocr_line' id='line_1_69' title="bbox 280 3878 1844 3955; baseline -0.003 -19"><span class='ocrx_word' id='word_1_497' title='bbox 280 3882 418 3955; x_wconf 77' lang='grc' dir='ltr'>ὑπὲρ</span> <span class='ocrx_word' id='word_1_498' title='bbox 458 3881 565 3935; x_wconf 88' lang='grc' dir='ltr'><strong>τῶν</strong></span> <span class='ocrx_word' id='word_1_499' title='bbox 594 3882 797 3935; x_wconf 84' lang='grc' dir='ltr'>παίδων</span> <span class='ocrx_word' id='word_1_500' title='bbox 829 3880 967 3935; x_wconf 81' lang='grc' dir='ltr'>Ἦλί.</span> <span class='ocrx_word' id='word_1_501' title='bbox 1008 3880 1118 3934; x_wconf 81' lang='grc' dir='ltr'><strong>Καὶ</strong></span> <span class='ocrx_word' id='word_1_502' title='bbox 1149 3879 1322 3932; x_wconf 81' lang='grc' dir='ltr'>ταῦτα</span> <span class='ocrx_word' id='word_1_503' title='bbox 1361 3878 1697 3949; x_wconf 76' lang='grc' dir='ltr'>παραινέσας</span> <span class='ocrx_word' id='word_1_504' title='bbox 1745 3880 1844 3931; x_wconf 84' lang='grc' dir='ltr'><strong>αὺ-</strong></span> 
     </span>
    </p>
   </div>
   <div class='ocr_carea' id='block_1_70' title="bbox 276 3969 1843 4047">
    <p class='ocr_par' dir='ltr' id='par_1_70' title="bbox 276 3969 1843 4047">
     <span class='ocr_line' id='line_1_70' title="bbox 276 3969 1843 4047; baseline -0.003 -19"><span class='ocrx_word' id='word_1_505' title='bbox 276 3977 388 4038; x_wconf 85' lang='grc' dir='ltr'><strong>τοῖς</strong></span> <span class='ocrx_word' id='word_1_506' title='bbox 415 3973 485 4028; x_wconf 81' lang='grc' dir='ltr'><strong>τά</strong></span> <span class='ocrx_word' id='word_1_507' title='bbox 516 3975 881 4047; x_wconf 76' lang='grc' dir='ltr'>προσήκοντα.</span> <span class='ocrx_word' id='word_1_508' title='bbox 911 3973 984 4027; x_wconf 82' lang='grc' dir='ltr'><strong>Οὐ</strong></span> <span class='ocrx_word' id='word_1_509' title='bbox 1017 3971 1128 4043; x_wconf 81' lang='grc' dir='ltr'><strong>γὰρ</strong></span> <span class='ocrx_word' id='word_1_510' title='bbox 1155 3972 1263 4024; x_wconf 74' lang='grc' dir='ltr'>ἔδει</span> <span class='ocrx_word' id='word_1_511' title='bbox 1295 3970 1505 4033; x_wconf 84' lang='grc' dir='ltr'>τούτοις</span> <span class='ocrx_word' id='word_1_512' title='bbox 1526 3969 1843 4041; x_wconf 85' lang='grc' dir='ltr'>πραοτέρων</span> 
     </span>
    </p>
   </div>
   <div class='ocr_carea' id='block_1_71' title="bbox 278 4058 1843 4136">
    <p class='ocr_par' dir='ltr' id='par_1_71' title="bbox 278 4058 1843 4136">
     <span class='ocr_line' id='line_1_71' title="bbox 278 4058 1843 4136; baseline -0.006 -18"><span class='ocrx_word' id='word_1_513' title='bbox 278 4066 607 4136; x_wconf 75' lang='grc' dir='ltr'>φαρμάκων.</span> <span class='ocrx_word' id='word_1_514' title='bbox 624 4062 788 4117; x_wconf 85' lang='grc' dir='ltr'>Ἀλλά</span> <span class='ocrx_word' id='word_1_515' title='bbox 813 4063 950 4133; x_wconf 87' lang='grc' dir='ltr'><strong>μετά</strong></span> <span class='ocrx_word' id='word_1_516' title='bbox 986 4060 1207 4133; x_wconf 77' lang='grc' dir='ltr'>πρώτην</span> <span class='ocrx_word' id='word_1_517' title='bbox 1236 4061 1329 4114; x_wconf 68' lang='grc' dir='ltr'>καὶ</span> <span class='ocrx_word' id='word_1_518' title='bbox 1355 4059 1611 4130; x_wconf 82' lang='grc' dir='ltr'>δευτέραν</span> <span class='ocrx_word' id='word_1_519' title='bbox 1639 4058 1843 4129; x_wconf 80' lang='grc' dir='ltr'>παραί-</span> 
     </span>
    </p>
   </div>
   <div class='ocr_carea' id='block_1_72' title="bbox 277 4147 1839 4225">
    <p class='ocr_par' dir='ltr' id='par_1_72' title="bbox 277 4147 1839 4225">
     <span class='ocr_line' id='line_1_72' title="bbox 277 4147 1839 4225; baseline -0.003 -17"><span class='ocrx_word' id='word_1_520' title='bbox 277 4171 424 4225; x_wconf 84' lang='grc' dir='ltr'>νεσιν</span> <span class='ocrx_word' id='word_1_521' title='bbox 472 4155 581 4210; x_wconf 86' lang='grc' dir='ltr'><strong>τῶν</strong></span> <span class='ocrx_word' id='word_1_522' title='bbox 629 4153 789 4225; x_wconf 83' lang='grc' dir='ltr'>ίερῶν</span> <span class='ocrx_word' id='word_1_523' title='bbox 839 4152 1142 4224; x_wconf 76' lang='grc' dir='ltr'>περιϐόλων</span> <span class='ocrx_word' id='word_1_524' title='bbox 1188 4151 1355 4222; x_wconf 76' lang='grc' dir='ltr'>ἐχρῆν</span> <span class='ocrx_word' id='word_1_525' title='bbox 1400 4147 1839 4207; x_wconf 78' lang='grc' dir='ltr'>ἀπελαύνεσθαιο</span> 
     </span>
    </p>
   </div>
   <div class='ocr_carea' id='block_1_73' title="bbox 282 4242 1562 4319">
    <p class='ocr_par' dir='ltr' id='par_1_73' title="bbox 282 4242 1562 4319">
     <span class='ocr_line' id='line_1_73' title="bbox 282 4242 1562 4319; baseline -0.001 -20"><span class='ocrx_word' id='word_1_526' title='bbox 282 4250 614 4319; x_wconf 78' lang='grc' dir='ltr'>παρανομεῖν</span> <span class='ocrx_word' id='word_1_527' title='bbox 641 4246 747 4317; x_wconf 79' lang='grc' dir='ltr'><strong>γάρ</strong></span> <span class='ocrx_word' id='word_1_528' title='bbox 774 4245 871 4299; x_wconf 71' lang='grc' dir='ltr'>καὶ</span> <span class='ocrx_word' id='word_1_529' title='bbox 897 4246 1022 4308; x_wconf 84' lang='grc' dir='ltr'>τοὺς</span> <span class='ocrx_word' id='word_1_530' title='bbox 1046 4244 1236 4307; x_wconf 79' lang='grc' dir='ltr'>ἄλλους</span> <span class='ocrx_word' id='word_1_531' title='bbox 1266 4242 1562 4298; x_wconf 62' lang='grc' dir='ltr'>ἐδίδασκον.</span> 
     </span>
    </p>
   </div>
   <div class='ocr_carea' id='block_1_74' title="bbox 344 4602 1844 4676">
    <p class='ocr_par' dir='ltr' id='par_1_74' title="bbox 344 4602 1844 4676">
     <span class='ocr_line' id='line_1_74' title="bbox 344 4602 1844 4676; baseline -0.002 -15"><span class='ocrx_word' id='word_1_532' title='bbox 344 4604 453 4662; x_wconf 80' lang='grc' dir='ltr'>Καί</span> <span class='ocrx_word' id='word_1_533' title='bbox 480 4604 804 4674; x_wconf 76' lang='grc' dir='ltr'>ἀναστήσω</span> <span class='ocrx_word' id='word_1_534' title='bbox 828 4602 1060 4674; x_wconf 81' lang='grc' dir='ltr'>ἐμαυτῷ</span> <span class='ocrx_word' id='word_1_535' title='bbox 1080 4603 1234 4674; x_wconf 74' lang='grc' dir='ltr'>ἱερέα</span> <span class='ocrx_word' id='word_1_536' title='bbox 1264 4605 1512 4661; x_wconf 82' lang='grc' dir='ltr'>πιστόν..</span> <span class='ocrx_word' id='word_1_537' title='bbox 1537 4602 1721 4658; x_wconf 80' lang='grc' dir='ltr'>Ταῦτα</span> <span class='ocrx_word' id='word_1_538' title='bbox 1745 4605 1844 4676; x_wconf 86' lang='grc' dir='ltr'>ἀρ-</span> 
     </span>
    </p>
   </div>
   <div class='ocr_carea' id='block_1_75' title="bbox 282 4695 1844 4770">
    <p class='ocr_par' dir='ltr' id='par_1_75' title="bbox 282 4695 1844 4770">
     <span class='ocr_line' id='line_1_75' title="bbox 282 4695 1844 4770; baseline -0.003 -17"><span class='ocrx_word' id='word_1_539' title='bbox 282 4700 464 4770; x_wconf 89' lang='grc' dir='ltr'>μόττει</span> <span class='ocrx_word' id='word_1_540' title='bbox 510 4697 812 4767; x_wconf 84' lang='grc' dir='ltr'>ἀνθρώπων</span> <span class='ocrx_word' id='word_1_541' title='bbox 848 4697 946 4766; x_wconf 80' lang='grc' dir='ltr'>μὲν</span> <span class='ocrx_word' id='word_1_542' title='bbox 990 4695 1183 4760; x_wconf 76' lang='grc' dir='ltr'>οὐδενὶ,</span> <span class='ocrx_word' id='word_1_543' title='bbox 1221 4697 1369 4767; x_wconf 85' lang='grc' dir='ltr'>μόνῳ</span> <span class='ocrx_word' id='word_1_544' title='bbox 1413 4696 1470 4750; x_wconf 82' lang='grc' dir='ltr'>δὲ</span> <span class='ocrx_word' id='word_1_545' title='bbox 1522 4696 1601 4767; x_wconf 79' lang='grc' dir='ltr'>τῷ</span> <span class='ocrx_word' id='word_1_546' title='bbox 1654 4698 1844 4768; x_wconf 84' lang='grc' dir='ltr'>Κυρίῳ</span> 
     </span>
    </p>
   </div>
   <div class='ocr_carea' id='block_1_76' title="bbox 278 4786 1840 4863">
    <p class='ocr_par' dir='ltr' id='par_1_76' title="bbox 278 4786 1840 4863">
     <span class='ocr_line' id='line_1_76' title="bbox 278 4786 1840 4863; baseline -0.002 -21"><span class='ocrx_word' id='word_1_547' title='bbox 278 4788 433 4859; x_wconf 81' lang='grc' dir='ltr'>ἡμῶν</span> <span class='ocrx_word' id='word_1_548' title='bbox 472 4787 646 4857; x_wconf 81' lang='grc' dir='ltr'><strong>Ἰησοῦ</strong></span> <span class='ocrx_word' id='word_1_549' title='bbox 680 4786 920 4858; x_wconf 81' lang='grc' dir='ltr'>Χριστῷ,</span> <span class='ocrx_word' id='word_1_550' title='bbox 945 4786 1005 4850; x_wconf 81' lang='grc' dir='ltr'>ὃς</span> <span class='ocrx_word' id='word_1_551' title='bbox 1038 4788 1327 4858; x_wconf 83' lang='grc' dir='ltr'>ἀρχιερεὺς</span> <span class='ocrx_word' id='word_1_552' title='bbox 1348 4786 1506 4863; x_wconf 78' lang='grc' dir='ltr'>ἡμῶν</span> <span class='ocrx_word' id='word_1_553' title='bbox 1525 4786 1840 4859; x_wconf 85' lang='grc' dir='ltr'>ὠνομάσθη,</span> 
     </span>
    </p>
   </div>
   <div class='ocr_carea' id='block_1_77' title="bbox 276 4876 1842 4952">
    <p class='ocr_par' dir='ltr' id='par_1_77' title="bbox 276 4876 1842 4952">
     <span class='ocr_line' id='line_1_77' title="bbox 276 4876 1842 4952; baseline -0.001 -19"><span class='ocrx_word' id='word_1_554' title='bbox 276 4881 374 4950; x_wconf 84' lang='grc' dir='ltr'>τὴν</span> <span class='ocrx_word' id='word_1_555' title='bbox 398 4879 537 4952; x_wconf 79' lang='grc' dir='ltr'>ὑπὲρ</span> <span class='ocrx_word' id='word_1_556' title='bbox 564 4877 719 4949; x_wconf 78' lang='grc' dir='ltr'>ἡμῶν</span> <span class='ocrx_word' id='word_1_557' title='bbox 740 4876 930 4930; x_wconf 83' lang='grc' dir='ltr'>θυσίαν</span> <span class='ocrx_word' id='word_1_558' title='bbox 955 4877 1241 4949; x_wconf 80' lang='grc' dir='ltr'>ἀναφέρων</span> <span class='ocrx_word' id='word_1_559' title='bbox 1266 4876 1344 4948; x_wconf 80' lang='grc' dir='ltr'>τῷ</span> <span class='ocrx_word' id='word_1_560' title='bbox 1362 4877 1554 4948; x_wconf 82' lang='grc' dir='ltr'>Πατρί.</span> <span class='ocrx_word' id='word_1_561' title='bbox 1576 4879 1842 4951; x_wconf 79' lang='grc' dir='ltr'>Χριστοὺς</span> 
     </span>
    </p>
   </div>
   <div class='ocr_carea' id='block_1_78' title="bbox 275 4969 1841 5040">
    <p class='ocr_par' dir='ltr' id='par_1_78' title="bbox 275 4969 1841 5040">
     <span class='ocr_line' id='line_1_78' title="bbox 275 4969 1841 5040; baseline 0.002 -18"><span class='ocrx_word' id='word_1_562' title='bbox 275 4969 346 5022; x_wconf 77' lang='grc' dir='ltr'><strong>δὲ.</strong></span> <span class='ocrx_word' id='word_1_563' title='bbox 365 4969 490 5032; x_wconf 78' lang='grc' dir='ltr'>τους</span> <span class='ocrx_word' id='word_1_564' title='bbox 524 4969 704 5038; x_wconf 78' lang='grc' dir='ltr'>ἱεροὺς</span> <span class='ocrx_word' id='word_1_565' title='bbox 732 4969 1065 5031; x_wconf 86' lang='grc' dir='ltr'>ἀποστόλους</span> <span class='ocrx_word' id='word_1_566' title='bbox 1091 4969 1269 5033; x_wconf 85' lang='grc' dir='ltr'>καλεῖ,</span> <span class='ocrx_word' id='word_1_567' title='bbox 1302 4970 1396 5022; x_wconf 77' lang='grc' dir='ltr'>καὶ</span> <span class='ocrx_word' id='word_1_568' title='bbox 1418 4972 1545 5035; x_wconf 83' lang='grc' dir='ltr'>τοὺς</span> <span class='ocrx_word' id='word_1_569' title='bbox 1572 4972 1671 5040; x_wconf 72' lang='grc' dir='ltr'>τὴν</span> <span class='ocrx_word' id='word_1_570' title='bbox 1694 4971 1841 5025; x_wconf 82' lang='grc' dir='ltr'>ὲκεί-</span> 
     </span>
    </p>
   </div>
   <div class='ocr_carea' id='block_1_79' title="bbox 275 5055 1841 5129">
    <p class='ocr_par' dir='ltr' id='par_1_79' title="bbox 275 5055 1841 5129">
     <span class='ocr_line' id='line_1_79' title="bbox 275 5055 1841 5129; baseline 0.001 -17"><span class='ocrx_word' id='word_1_571' title='bbox 275 5074 381 5112; x_wconf 91' lang='grc' dir='ltr'><strong>νων</strong></span> <span class='ocrx_word' id='word_1_572' title='bbox 442 5055 853 5127; x_wconf 75' lang='grc' dir='ltr'>διαδεξαμένους</span> <span class='ocrx_word' id='word_1_573' title='bbox 909 5057 1273 5112; x_wconf 77' lang='grc' dir='ltr'>διδασκαλίαν.</span> <span class='ocrx_word' id='word_1_574' title='bbox 1331 5058 1552 5129; x_wconf 82' lang='grc' dir='ltr'>Χριστῷ</span> <span class='ocrx_word' id='word_1_575' title='bbox 1601 5060 1699 5129; x_wconf 83' lang='grc' dir='ltr'>μὲν</span> <span class='ocrx_word' id='word_1_576' title='bbox 1748 5057 1841 5114; x_wconf 83' lang='grc' dir='ltr'><strong>οὖν</strong></span> 
     </span>
    </p>
   </div>
   <div class='ocr_carea' id='block_1_80' title="bbox 277 5145 1841 5221">
    <p class='ocr_par' dir='ltr' id='par_1_80' title="bbox 277 5145 1841 5221">
     <span class='ocr_line' id='line_1_80' title="bbox 277 5145 1841 5221; baseline 0.003 -22"><span class='ocrx_word' id='word_1_577' title='bbox 277 5148 478 5219; x_wconf 86' lang='grc' dir='ltr'>κυρίως</span> <span class='ocrx_word' id='word_1_578' title='bbox 503 5145 779 5219; x_wconf 80' lang='grc' dir='ltr'>προσῆκεν</span> <span class='ocrx_word' id='word_1_579' title='bbox 806 5149 839 5217; x_wconf 79' lang='grc' dir='ltr'><strong>ἡ</strong></span> <span class='ocrx_word' id='word_1_580' title='bbox 873 5147 1198 5218; x_wconf 78' lang='grc' dir='ltr'>πρόρρησις,</span> <span class='ocrx_word' id='word_1_581' title='bbox 1224 5148 1367 5201; x_wconf 88' lang='grc' dir='ltr'><strong>κατά</strong></span> <span class='ocrx_word' id='word_1_582' title='bbox 1396 5148 1451 5200; x_wconf 82' lang='grc' dir='ltr'>δὲ</span> <span class='ocrx_word' id='word_1_583' title='bbox 1481 5147 1579 5218; x_wconf 81' lang='grc' dir='ltr'>τὴν</span> <span class='ocrx_word' id='word_1_584' title='bbox 1606 5151 1841 5221; x_wconf 77' lang='grc' dir='ltr'>ἱστορίαν</span> 
     </span>
    </p>
   </div>
   <div class='ocr_carea' id='block_1_81' title="bbox 1948 3155 3446 3230">
    <p class='ocr_par' dir='ltr' id='par_1_81' title="bbox 1948 3155 3446 3230">
     <span class='ocr_line' id='line_1_81' title="bbox 1948 3155 3446 3230; baseline -0.001 -18"><span class='ocrx_word' id='word_1_585' title='bbox 1948 3160 2152 3230; x_wconf 87' lang='lat' dir='ltr'><strong>posuit,</strong></span> <span class='ocrx_word' id='word_1_586' title='bbox 2181 3166 2229 3213; x_wconf 88' lang='lat' dir='ltr'><strong>et</strong></span> <span class='ocrx_word' id='word_1_587' title='bbox 2265 3166 2507 3213; x_wconf 84' lang='lat' dir='ltr'><strong>testatus</strong></span> <span class='ocrx_word' id='word_1_588' title='bbox 2539 3165 2623 3211; x_wconf 79' lang='lat' dir='ltr'><strong>est</strong></span> <span class='ocrx_word' id='word_1_589' title='bbox 2679 3172 2801 3225; x_wconf 74' lang='lat' dir='ltr'><strong>qua:</strong></span> <span class='ocrx_word' id='word_1_590' title='bbox 2822 3155 3045 3210; x_wconf 90' lang='lat' dir='ltr'><strong>viderit.</strong></span> <span class='ocrx_word' id='word_1_591' title='bbox 3442 3206 3446 3211; x_wconf 85' lang='lat'><strong>.</strong></span> 
     </span>
    </p>
   </div>
   <div class='ocr_carea' id='block_1_82' title="bbox 2019 3243 3514 3318">
    <p class='ocr_par' dir='ltr' id='par_1_82' title="bbox 2019 3243 3514 3318">
     <span class='ocr_line' id='line_1_82' title="bbox 2019 3243 3514 3318; baseline -0.002 -15"><span class='ocrx_word' id='word_1_592' title='bbox 2019 3249 2185 3305; x_wconf 75' lang='lat' dir='ltr'><strong>Vens.</strong></span> <span class='ocrx_word' id='word_1_593' title='bbox 2211 3250 2301 3306; x_wconf 73' lang='grc'><strong>52.</strong></span> <span class='ocrx_word' id='word_1_594' title='bbox 2328 3250 2567 3318; x_wconf 77' lang='lat' dir='ltr'><strong>Aspicies</strong></span> <span class='ocrx_word' id='word_1_595' title='bbox 2603 3249 2916 3317; x_wconf 82' lang='lat' dir='ltr'><strong>templorum</strong></span> <span class='ocrx_word' id='word_1_596' title='bbox 2950 3247 3363 3315; x_wconf 77' lang='lat' dir='ltr'><strong>ﬁrmamentum.</strong></span> <span class='ocrx_word' id='word_1_597' title='bbox 3389 3243 3514 3300; x_wconf 76' lang='lat' dir='ltr'><strong>Haec</strong></span> 
     </span>
    </p>
   </div>
   <div class='ocr_carea' id='block_1_83' title="bbox 1948 3335 3514 3409">
    <p class='ocr_par' dir='ltr' id='par_1_83' title="bbox 1948 3335 3514 3409">
     <span class='ocr_line' id='line_1_83' title="bbox 1948 3335 3514 3409; baseline -0.005 -14"><span class='ocrx_word' id='word_1_598' title='bbox 1948 3340 2112 3395; x_wconf 86' lang='lat' dir='ltr'><strong>verba</strong></span> <span class='ocrx_word' id='word_1_599' title='bbox 2150 3340 2416 3395; x_wconf 84' lang='lat' dir='ltr'><strong>asterisco</strong></span> <span class='ocrx_word' id='word_1_600' title='bbox 2440 3338 2645 3409; x_wconf 75' lang='lat' dir='ltr'><strong>lnotata</strong></span> <span class='ocrx_word' id='word_1_601' title='bbox 2682 3350 2834 3401; x_wconf 91' lang='lat' dir='ltr'><strong>sunt,</strong></span> <span class='ocrx_word' id='word_1_602' title='bbox 2872 3352 2997 3406; x_wconf 68' lang='lat' dir='ltr'><strong>qutc</strong></span> <span class='ocrx_word' id='word_1_603' title='bbox 3033 3335 3402 3406; x_wconf 87' lang='lat' dir='ltr'><strong>Symmachus</strong></span> <span class='ocrx_word' id='word_1_604' title='bbox 3432 3335 3514 3389; x_wconf 86' lang='lat' dir='ltr'><strong>sic</strong></span> 
     </span>
    </p>
   </div>
   <div class='ocr_carea' id='block_1_84' title="bbox 1948 3427 3512 3499">
    <p class='ocr_par' dir='ltr' id='par_1_84' title="bbox 1948 3427 3512 3499">
     <span class='ocr_line' id='line_1_84' title="bbox 1948 3427 3512 3499; baseline -0.006 -11"><span class='ocrx_word' id='word_1_605' title='bbox 1948 3431 2187 3488; x_wconf 84' lang='lat' dir='ltr'><strong>reddidit</strong></span> <span class='ocrx_word' id='word_1_606' title='bbox 2216 3430 2472 3487; x_wconf 81' lang='lat' dir='ltr'><strong>:Vitlebis</strong></span> <span class='ocrx_word' id='word_1_607' title='bbox 2524 3430 2833 3499; x_wconf 83' lang='lat' dir='ltr'><strong>angustiam</strong></span> <span class='ocrx_word' id='word_1_608' title='bbox 2862 3428 3243 3491; x_wconf 89' lang='lat' dir='ltr'><strong>habitationis,</strong></span> <span class='ocrx_word' id='word_1_609' title='bbox 3282 3427 3512 3481; x_wconf 87' lang='lat' dir='ltr'><strong>inomni</strong></span> 
     </span>
    </p>
   </div>
   <div class='ocr_carea' id='block_1_85' title="bbox 1948 3516 3515 3592">
    <p class='ocr_par' dir='ltr' id='par_1_85' title="bbox 1948 3516 3515 3592">
     <span class='ocr_line' id='line_1_85' title="bbox 1948 3516 3515 3592; baseline -0.005 -13"><span class='ocrx_word' id='word_1_610' title='bbox 1948 3538 2035 3590; x_wconf 91' lang='lat' dir='ltr'><strong>eo,</strong></span> <span class='ocrx_word' id='word_1_611' title='bbox 2071 3523 2127 3576; x_wconf 90' lang='lat' dir='ltr'><strong>in</strong></span> <span class='ocrx_word' id='word_1_612' title='bbox 2161 3537 2271 3592; x_wconf 90' lang='lat' dir='ltr'><strong>quo</strong></span> <span class='ocrx_word' id='word_1_613' title='bbox 2291 3521 2457 3577; x_wconf 81' lang='lat' dir='ltr'><strong>Israel</strong></span> <span class='ocrx_word' id='word_1_614' title='bbox 2487 3522 2750 3577; x_wconf 80' lang='lat' dir='ltr'><strong>beneﬁcio</strong></span> <span class='ocrx_word' id='word_1_615' title='bbox 2802 3519 3096 3573; x_wconf 81' lang='lat' dir='ltr'><strong>allicietur.</strong></span> <span class='ocrx_word' id='word_1_616' title='bbox 3123 3516 3353 3583; x_wconf 84' lang='lat' dir='ltr'><strong>Quidam</strong></span> <span class='ocrx_word' id='word_1_617' title='bbox 3383 3531 3515 3571; x_wconf 89' lang='lat' dir='ltr'><strong>vero</strong></span> 
     </span>
    </p>
   </div>
   <div class='ocr_carea' id='block_1_86' title="bbox 1950 3608 3513 3684">
    <p class='ocr_par' dir='ltr' id='par_1_86' title="bbox 1950 3608 3513 3684">
     <span class='ocr_line' id='line_1_86' title="bbox 1950 3608 3513 3684; baseline -0.004 -17"><span class='ocrx_word' id='word_1_618' title='bbox 1950 3613 2274 3684; x_wconf 84' lang='grc' dir='ltr'>κραταίωμα</span> <span class='ocrx_word' id='word_1_619' title='bbox 2303 3609 2378 3664; x_wconf 81' lang='grc' dir='ltr'>ὢν</span> <span class='ocrx_word' id='word_1_620' title='bbox 2410 3619 2770 3680; x_wconf 80' lang='lat' dir='ltr'><strong>exponentes,</strong></span> <span class='ocrx_word' id='word_1_621' title='bbox 2802 3609 2871 3663; x_wconf 86' lang='lat' dir='ltr'><strong>ad</strong></span> <span class='ocrx_word' id='word_1_622' title='bbox 2904 3609 3049 3664; x_wconf 90' lang='lat' dir='ltr'><strong>hunc</strong></span> <span class='ocrx_word' id='word_1_623' title='bbox 3085 3608 3310 3664; x_wconf 89' lang='lat' dir='ltr'><strong>modum</strong></span> <span class='ocrx_word' id='word_1_624' title='bbox 3337 3608 3513 3662; x_wconf 84' lang='lat' dir='ltr'><strong>inter-</strong></span> 
     </span>
    </p>
   </div>
   <div class='ocr_carea' id='block_1_87' title="bbox 1951 3695 3514 3774">
    <p class='ocr_par' dir='ltr' id='par_1_87' title="bbox 1951 3695 3514 3774">
     <span class='ocr_line' id='line_1_87' title="bbox 1951 3695 3514 3774; baseline -0.003 -18"><span class='ocrx_word' id='word_1_625' title='bbox 1951 3703 2152 3774; x_wconf 87' lang='lat' dir='ltr'><strong>pretati</strong></span> <span class='ocrx_word' id='word_1_626' title='bbox 2194 3708 2355 3757; x_wconf 89' lang='lat' dir='ltr'><strong>sunt:</strong></span> <span class='ocrx_word' id='word_1_627' title='bbox 2380 3698 2487 3753; x_wconf 83' lang='grc' dir='ltr'><strong>Τοῦ</strong></span> <span class='ocrx_word' id='word_1_628' title='bbox 2524 3700 2677 3763; x_wconf 74' lang='grc' dir='ltr'>ὄντος</span> <span class='ocrx_word' id='word_1_629' title='bbox 2709 3699 2859 3768; x_wconf 72' lang='grc' dir='ltr'>λέγει</span> <span class='ocrx_word' id='word_1_630' title='bbox 2891 3698 3051 3761; x_wconf 72' lang='grc' dir='ltr'>Θεοῦ,</span> <span class='ocrx_word' id='word_1_631' title='bbox 3082 3696 3135 3751; x_wconf 85' lang='lat' dir='ltr'><strong>id</strong></span> <span class='ocrx_word' id='word_1_632' title='bbox 3171 3707 3278 3761; x_wconf 91' lang='lat' dir='ltr'><strong>est,</strong></span> <span class='ocrx_word' id='word_1_633' title='bbox 3304 3695 3398 3750; x_wconf 84' lang='lat' dir='ltr'><strong>Dei</strong></span> <span class='ocrx_word' id='word_1_634' title='bbox 3426 3698 3514 3751; x_wconf 84' lang='lat' dir='ltr'><strong>di-</strong></span> 
     </span>
    </p>
   </div>
   <div class='ocr_carea' id='block_1_88' title="bbox 1952 3786 3510 3862">
    <p class='ocr_par' dir='ltr' id='par_1_88' title="bbox 1952 3786 3510 3862">
     <span class='ocr_line' id='line_1_88' title="bbox 1952 3786 3510 3862; baseline -0.006 -14"><span class='ocrx_word' id='word_1_635' title='bbox 1952 3794 2055 3859; x_wconf 90' lang='lat' dir='ltr'><strong>cit,</strong></span> <span class='ocrx_word' id='word_1_636' title='bbox 2098 3793 2193 3862; x_wconf 91' lang='lat' dir='ltr'><strong>qui</strong></span> <span class='ocrx_word' id='word_1_637' title='bbox 2229 3790 2471 3847; x_wconf 79' lang='lat' dir='ltr'><strong>exsistit.</strong></span> <span class='ocrx_word' id='word_1_638' title='bbox 2508 3788 2619 3860; x_wconf 76' lang='lat' dir='ltr'><strong>Ego</strong></span> <span class='ocrx_word' id='word_1_639' title='bbox 2666 3790 2812 3846; x_wconf 88' lang='lat' dir='ltr'><strong>enim</strong></span> <span class='ocrx_word' id='word_1_640' title='bbox 2842 3806 2982 3853; x_wconf 77' lang='lat' dir='ltr'><strong>sum,</strong></span> <span class='ocrx_word' id='word_1_641' title='bbox 3030 3789 3228 3858; x_wconf 90' lang='lat' dir='ltr'><strong>inqttit,</strong></span> <span class='ocrx_word' id='word_1_642' title='bbox 3254 3787 3274 3859; x_wconf 91' lang='lat'>[</span> <span class='ocrx_word' id='word_1_643' title='bbox 3301 3790 3329 3840; x_wconf 86' lang='grc' dir='ltr'>ὁ</span> <span class='ocrx_word' id='word_1_644' title='bbox 3364 3786 3510 3859; x_wconf 59' lang='lat' dir='ltr'><strong>tim]</strong></span> 
     </span>
    </p>
   </div>
   <div class='ocr_carea' id='block_1_89' title="bbox 1948 3872 3510 3961">
    <p class='ocr_par' dir='ltr' id='par_1_89' title="bbox 1948 3872 3510 3961">
     <span class='ocr_line' id='line_1_89' title="bbox 1948 3872 3510 3961; baseline -0.006 -19"><span class='ocrx_word' id='word_1_645' title='bbox 1948 3889 2039 3961; x_wconf 84' lang='lat' dir='ltr'><strong>qui</strong></span> <span class='ocrx_word' id='word_1_646' title='bbox 2085 3904 2223 3942; x_wconf 73' lang='lat' dir='ltr'><strong>sum.</strong></span> <span class='ocrx_word' id='word_1_647' title='bbox 2243 3886 2394 3943; x_wconf 78' lang='lat' dir='ltr'><strong>illius</strong></span> <span class='ocrx_word' id='word_1_648' title='bbox 2413 3872 2816 3940; x_wconf 78' lang='lat' dir='ltr'><strong>ﬁrmamentum</strong></span> <span class='ocrx_word' id='word_1_649' title='bbox 2832 3884 3121 3954; x_wconf 85' lang='lat' dir='ltr'><strong>appellavit</strong></span> <span class='ocrx_word' id='word_1_650' title='bbox 3144 3881 3510 3938; x_wconf 85' lang='lat' dir='ltr'><strong>sacerdotium</strong></span> 
     </span>
    </p>
   </div>
   <div class='ocr_carea' id='block_1_90' title="bbox 1949 3968 3510 4050">
    <p class='ocr_par' dir='ltr' id='par_1_90' title="bbox 1949 3968 3510 4050">
     <span class='ocr_line' id='line_1_90' title="bbox 1949 3968 3510 4050; baseline -0.005 -18"><span class='ocrx_word' id='word_1_651' title='bbox 1949 3978 2092 4050; x_wconf 90' lang='lat' dir='ltr'><strong>quod</strong></span> <span class='ocrx_word' id='word_1_652' title='bbox 2130 3988 2233 4032; x_wconf 88' lang='lat' dir='ltr'><strong>&#39;est</strong></span> <span class='ocrx_word' id='word_1_653' title='bbox 2288 3975 2588 4031; x_wconf 84' lang='lat' dir='ltr'><strong>secundum</strong></span> <span class='ocrx_word' id='word_1_654' title='bbox 2633 3974 2882 4028; x_wconf 90' lang='lat' dir='ltr'><strong>ordinem</strong></span> <span class='ocrx_word' id='word_1_655' title='bbox 2940 3970 3330 4025; x_wconf 77' lang='lat' dir='ltr'><strong>hlelchiscdec.</strong></span> <span class='ocrx_word' id='word_1_656' title='bbox 3392 3968 3510 4025; x_wconf 86' lang='lat' dir='ltr'><strong>lleli</strong></span> 
     </span>
    </p>
   </div>
   <div class='ocr_carea' id='block_1_91' title="bbox 1949 4061 3510 4134">
    <p class='ocr_par' dir='ltr' id='par_1_91' title="bbox 1949 4061 3510 4134">
     <span class='ocr_line' id='line_1_91' title="bbox 1949 4061 3510 4134; baseline -0.008 -9"><span class='ocrx_word' id='word_1_657' title='bbox 1949 4078 2157 4134; x_wconf 86' lang='lat' dir='ltr'><strong>autem,</strong></span> <span class='ocrx_word' id='word_1_658' title='bbox 2194 4069 2321 4124; x_wconf 89' lang='lat' dir='ltr'><strong>licet</strong></span> <span class='ocrx_word' id='word_1_659' title='bbox 2354 4067 2494 4122; x_wconf 72' lang='lat' dir='ltr'><strong>filios</strong></span> <span class='ocrx_word' id='word_1_660' title='bbox 2526 4066 2595 4120; x_wconf 91' lang='lat' dir='ltr'><strong>ad</strong></span> <span class='ocrx_word' id='word_1_661' title='bbox 2624 4066 2853 4120; x_wconf 88' lang='lat' dir='ltr'><strong>honesta</strong></span> <span class='ocrx_word' id='word_1_662' title='bbox 2876 4063 3050 4119; x_wconf 82' lang='lat' dir='ltr'><strong>oﬂicia</strong></span> <span class='ocrx_word' id='word_1_663' title='bbox 3073 4061 3401 4118; x_wconf 84' lang='lat' dir='ltr'><strong>adhortatus</strong></span> <span class='ocrx_word' id='word_1_664' title='bbox 3417 4064 3510 4125; x_wconf 83' lang='lat' dir='ltr'><strong>sit,</strong></span> 
     </span>
    </p>
   </div>
   <div class='ocr_carea' id='block_1_92' title="bbox 1948 4154 3631 4232">
    <p class='ocr_par' dir='ltr' id='par_1_92' title="bbox 1948 4154 3631 4232">
     <span class='ocr_line' id='line_1_92' title="bbox 1948 4154 3631 4232; baseline -0.007 -14"><span class='ocrx_word' id='word_1_665' title='bbox 1948 4172 2133 4218; x_wconf 88' lang='lat' dir='ltr'><strong>tamen</strong></span> <span class='ocrx_word' id='word_1_666' title='bbox 2166 4177 2265 4232; x_wconf 88' lang='lat' dir='ltr'><strong>pro</strong></span> <span class='ocrx_word' id='word_1_667' title='bbox 2294 4161 2375 4216; x_wconf 92' lang='lat' dir='ltr'><strong>eis</strong></span> <span class='ocrx_word' id='word_1_668' title='bbox 2400 4173 2588 4228; x_wconf 66' lang='lat' dir='ltr'><strong>poenas</strong></span> <span class='ocrx_word' id='word_1_669' title='bbox 2619 4155 2898 4230; x_wconf 88' lang='lat' dir='ltr'><strong>pependit.</strong></span> <span class='ocrx_word' id='word_1_670' title='bbox 2924 4155 3044 4208; x_wconf 79' lang='lat' dir='ltr'><strong>Non</strong></span> <span class='ocrx_word' id='word_1_671' title='bbox 3067 4154 3212 4209; x_wconf 88' lang='lat' dir='ltr'><strong>enitn</strong></span> <span class='ocrx_word' id='word_1_672' title='bbox 3241 4155 3415 4209; x_wconf 88' lang='lat' dir='ltr'><strong>lenem</strong></span> <span class='ocrx_word' id='word_1_673' title='bbox 3445 4154 3512 4208; x_wconf 89' lang='lat' dir='ltr'><strong>il-</strong></span> <span class='ocrx_word' id='word_1_674' title='bbox 3624 4172 3631 4179; x_wconf 71' lang='grc'><em>’</em></span> 
     </span>
    </p>
   </div>
   <div class='ocr_carea' id='block_1_93' title="bbox 1947 4244 3511 4317">
    <p class='ocr_par' dir='ltr' id='par_1_93' title="bbox 1947 4244 3511 4317">
     <span class='ocr_line' id='line_1_93' title="bbox 1947 4244 3511 4317; baseline -0.008 -6"><span class='ocrx_word' id='word_1_675' title='bbox 1947 4257 2016 4311; x_wconf 85' lang='lat' dir='ltr'><strong>lis</strong></span> <span class='ocrx_word' id='word_1_676' title='bbox 2054 4253 2320 4309; x_wconf 84' lang='lat' dir='ltr'><strong>medelam</strong></span> <span class='ocrx_word' id='word_1_677' title='bbox 2356 4248 2624 4304; x_wconf 84' lang='lat' dir='ltr'><strong>adhibere</strong></span> <span class='ocrx_word' id='word_1_678' title='bbox 2653 4247 2979 4317; x_wconf 85' lang='lat' dir='ltr'><strong>oportebat;</strong></span> <span class='ocrx_word' id='word_1_679' title='bbox 3025 4244 3144 4307; x_wconf 88' lang='lat' dir='ltr'><strong>sed,</strong></span> <span class='ocrx_word' id='word_1_680' title='bbox 3187 4252 3311 4314; x_wconf 86' lang='lat' dir='ltr'><strong>post</strong></span> <span class='ocrx_word' id='word_1_681' title='bbox 3347 4259 3511 4299; x_wconf 88' lang='lat' dir='ltr'><strong>unam</strong></span> 
     </span>
    </p>
   </div>
   <div class='ocr_carea' id='block_1_94' title="bbox 1947 4336 3513 4405">
    <p class='ocr_par' dir='ltr' id='par_1_94' title="bbox 1947 4336 3513 4405">
     <span class='ocr_line' id='line_1_94' title="bbox 1947 4336 3513 4405; baseline -0.008 -3"><span class='ocrx_word' id='word_1_682' title='bbox 1947 4355 2003 4402; x_wconf 89' lang='lat' dir='ltr'><strong>et</strong></span> <span class='ocrx_word' id='word_1_683' title='bbox 2033 4346 2258 4399; x_wconf 82' lang='lat' dir='ltr'><strong>alteram</strong></span> <span class='ocrx_word' id='word_1_684' title='bbox 2301 4340 2759 4403; x_wconf 86' lang='lat' dir='ltr'><strong>admonitionem,</strong></span> <span class='ocrx_word' id='word_1_685' title='bbox 2801 4336 3210 4392; x_wconf 88' lang='lat' dir='ltr'><strong>asacerdotutn</strong></span> <span class='ocrx_word' id='word_1_686' title='bbox 3243 4336 3513 4405; x_wconf 80' lang='lat' dir='ltr'><strong>dignitate</strong></span> 
     </span>
    </p>
   </div>
   <div class='ocr_carea' id='block_1_95' title="bbox 1867 4426 3514 4500">
    <p class='ocr_par' dir='ltr' id='par_1_95' title="bbox 1867 4426 3514 4500">
     <span class='ocr_line' id='line_1_95' title="bbox 1867 4426 3514 4500; baseline -0.005 -10"><span class='ocrx_word' id='word_1_687' title='bbox 1867 4444 1912 4499; x_wconf 82' lang='grc' dir='ltr'>ι)</span> <span class='ocrx_word' id='word_1_688' title='bbox 1942 4433 2226 4490; x_wconf 85' lang='lat' dir='ltr'><strong>amovendi</strong></span> <span class='ocrx_word' id='word_1_689' title='bbox 2254 4440 2411 4488; x_wconf 88' lang='lat' dir='ltr'><strong>erant</strong></span> <span class='ocrx_word' id='word_1_690' title='bbox 2444 4447 2458 4483; x_wconf 90' lang='lat'><strong>:</strong></span> <span class='ocrx_word' id='word_1_691' title='bbox 2491 4429 2792 4500; x_wconf 70' lang='lat' dir='ltr'><strong>prmsertitu</strong></span> <span class='ocrx_word' id='word_1_692' title='bbox 2825 4443 2950 4482; x_wconf 89' lang='lat' dir='ltr'><strong>cum</strong></span> <span class='ocrx_word' id='word_1_693' title='bbox 2982 4427 3108 4483; x_wconf 88' lang='lat' dir='ltr'><strong>aliis</strong></span> <span class='ocrx_word' id='word_1_694' title='bbox 3149 4428 3313 4482; x_wconf 89' lang='lat' dir='ltr'><strong>etiam</strong></span> <span class='ocrx_word' id='word_1_695' title='bbox 3364 4426 3514 4496; x_wconf 76' lang='lat' dir='ltr'><strong>leges</strong></span> 
     </span>
    </p>
   </div>
   <div class='ocr_carea' id='block_1_96' title="bbox 1944 4520 2920 4590">
    <p class='ocr_par' dir='ltr' id='par_1_96' title="bbox 1944 4520 2920 4590">
     <span class='ocr_line' id='line_1_96' title="bbox 1944 4520 2920 4590; baseline -0.009 -9"><span class='ocrx_word' id='word_1_696' title='bbox 1944 4524 2180 4581; x_wconf 81' lang='lat' dir='ltr'><strong>violandi</strong></span> <span class='ocrx_word' id='word_1_697' title='bbox 2215 4523 2559 4576; x_wconf 85' lang='lat' dir='ltr'><strong>occasionem</strong></span> <span class='ocrx_word' id='word_1_698' title='bbox 2594 4520 2920 4590; x_wconf 59' lang='lat' dir='ltr'><strong>praeberent.</strong></span> 
     </span>
    </p>
   </div>
   <div class='ocr_carea' id='block_1_97' title="bbox 2015 4608 3512 4677">
    <p class='ocr_par' dir='ltr' id='par_1_97' title="bbox 2015 4608 3512 4677">
     <span class='ocr_line' id='line_1_97' title="bbox 2015 4608 3512 4677; baseline -0.004 -11"><span class='ocrx_word' id='word_1_699' title='bbox 2015 4613 2186 4668; x_wconf 72' lang='lat' dir='ltr'><strong>Vsus.</strong></span> <span class='ocrx_word' id='word_1_700' title='bbox 2220 4611 2309 4665; x_wconf 80' lang='lat'><strong>&#39;55.</strong></span> <span class='ocrx_word' id='word_1_701' title='bbox 2343 4609 2626 4666; x_wconf 75' lang='lat' dir='ltr'><strong>Suscitabo</strong></span> <span class='ocrx_word' id='word_1_702' title='bbox 2649 4608 2775 4662; x_wconf 82' lang='lat' dir='ltr'><strong>mihi</strong></span> <span class='ocrx_word' id='word_1_703' title='bbox 2806 4609 2910 4677; x_wconf 79' lang='lat' dir='ltr'><strong>ipsi</strong></span> <span class='ocrx_word' id='word_1_704' title='bbox 2926 4610 3253 4663; x_wconf 78' lang='lat' dir='ltr'><strong>sacerdotem</strong></span> <span class='ocrx_word' id='word_1_705' title='bbox 3279 4608 3512 4670; x_wconf 77' lang='lat' dir='ltr'><strong>ﬁdelem.</strong></span> 
     </span>
    </p>
   </div>
   <div class='ocr_carea' id='block_1_98' title="bbox 1944 4698 3510 4766">
    <p class='ocr_par' dir='ltr' id='par_1_98' title="bbox 1944 4698 3510 4766">
     <span class='ocr_line' id='line_1_98' title="bbox 1944 4698 3510 4766; baseline -0.003 -7"><span class='ocrx_word' id='word_1_706' title='bbox 1944 4702 2072 4760; x_wconf 60' lang='lat' dir='ltr'><strong>Haec</strong></span> <span class='ocrx_word' id='word_1_707' title='bbox 2107 4702 2313 4758; x_wconf 88' lang='lat' dir='ltr'><strong>nemini</strong></span> <span class='ocrx_word' id='word_1_708' title='bbox 2349 4702 2596 4755; x_wconf 88' lang='lat' dir='ltr'><strong>omniunt</strong></span> <span class='ocrx_word' id='word_1_709' title='bbox 2634 4701 2973 4766; x_wconf 85' lang='lat' dir='ltr'><strong>mortalium,</strong></span> <span class='ocrx_word' id='word_1_710' title='bbox 3008 4698 3103 4754; x_wconf 90' lang='lat' dir='ltr'><strong>sed</strong></span> <span class='ocrx_word' id='word_1_711' title='bbox 3135 4700 3239 4754; x_wconf 85' lang='lat' dir='ltr'><strong>soli</strong></span> <span class='ocrx_word' id='word_1_712' title='bbox 3284 4699 3510 4754; x_wconf 63' lang='lat' dir='ltr'><strong>Domino</strong></span> 
     </span>
    </p>
   </div>
   <div class='ocr_carea' id='block_1_99' title="bbox 1944 4789 3512 4861">
    <p class='ocr_par' dir='ltr' id='par_1_99' title="bbox 1944 4789 3512 4861">
     <span class='ocr_line' id='line_1_99' title="bbox 1944 4789 3512 4861; baseline -0.004 -11"><span class='ocrx_word' id='word_1_713' title='bbox 1944 4804 2135 4850; x_wconf 90' lang='lat' dir='ltr'><strong>nostro</strong></span> <span class='ocrx_word' id='word_1_714' title='bbox 2170 4792 2296 4847; x_wconf 81' lang='lat' dir='ltr'><strong>Jesu</strong></span> <span class='ocrx_word' id='word_1_715' title='bbox 2329 4792 2560 4847; x_wconf 84' lang='lat' dir='ltr'><strong>Christo</strong></span> <span class='ocrx_word' id='word_1_716' title='bbox 2588 4797 2931 4861; x_wconf 83' lang='lat' dir='ltr'><strong>competunt,</strong></span> <span class='ocrx_word' id='word_1_717' title='bbox 2962 4790 3053 4858; x_wconf 91' lang='lat' dir='ltr'><strong>qui</strong></span> <span class='ocrx_word' id='word_1_718' title='bbox 3082 4804 3206 4843; x_wconf 88' lang='lat' dir='ltr'><strong>cum</strong></span> <span class='ocrx_word' id='word_1_719' title='bbox 3235 4789 3384 4843; x_wconf 84' lang='lat' dir='ltr'><strong>Patri</strong></span> <span class='ocrx_word' id='word_1_720' title='bbox 3414 4805 3512 4859; x_wconf 85' lang='lat' dir='ltr'><strong>pro</strong></span> 
     </span>
    </p>
   </div>
   <div class='ocr_carea' id='block_1_100' title="bbox 1941 4879 3501 4946">
    <p class='ocr_par' dir='ltr' id='par_1_100' title="bbox 1941 4879 3501 4946">
     <span class='ocr_line' id='line_1_100' title="bbox 1941 4879 3501 4946; baseline -0.006 -6"><span class='ocrx_word' id='word_1_721' title='bbox 1941 4885 2104 4941; x_wconf 89' lang='lat' dir='ltr'><strong>nobis</strong></span> <span class='ocrx_word' id='word_1_722' title='bbox 2138 4883 2418 4938; x_wconf 83' lang='lat' dir='ltr'><strong>victimam</strong></span> <span class='ocrx_word' id='word_1_723' title='bbox 2453 4881 2772 4942; x_wconf 52' lang='lat' dir='ltr'><strong>obtulisset,</strong></span> <span class='ocrx_word' id='word_1_724' title='bbox 2818 4894 3073 4933; x_wconf 89' lang='lat' dir='ltr'><strong>summus</strong></span> <span class='ocrx_word' id='word_1_725' title='bbox 3099 4887 3288 4933; x_wconf 86' lang='lat' dir='ltr'><strong>noster</strong></span> <span class='ocrx_word' id='word_1_726' title='bbox 3334 4879 3501 4946; x_wconf 86' lang='lat' dir='ltr'><strong>ponti-</strong></span> 
     </span>
    </p>
   </div>
   <div class='ocr_carea' id='block_1_101' title="bbox 1945 4970 3508 5047">
    <p class='ocr_par' dir='ltr' id='par_1_101' title="bbox 1945 4970 3508 5047">
     <span class='ocr_line' id='line_1_101' title="bbox 1945 4970 3508 5047; baseline -0.003 -17"><span class='ocrx_word' id='word_1_727' title='bbox 1945 4977 2033 5033; x_wconf 79' lang='lat' dir='ltr'><strong>fex</strong></span> <span class='ocrx_word' id='word_1_728' title='bbox 2083 4975 2393 5047; x_wconf 86' lang='lat' dir='ltr'><strong>appellatus</strong></span> <span class='ocrx_word' id='word_1_729' title='bbox 2427 4980 2533 5027; x_wconf 87' lang='lat' dir='ltr'><strong>est.</strong></span> <span class='ocrx_word' id='word_1_730' title='bbox 2574 4971 2826 5025; x_wconf 80' lang='lat' dir='ltr'><strong>Christus</strong></span> <span class='ocrx_word' id='word_1_731' title='bbox 2868 4979 3082 5033; x_wconf 68' lang='lat' dir='ltr'><strong>autem,</strong></span> <span class='ocrx_word' id='word_1_732' title='bbox 3134 4970 3250 5024; x_wconf 88' lang='lat' dir='ltr'><strong>sive</strong></span> <span class='ocrx_word' id='word_1_733' title='bbox 3291 4978 3508 5033; x_wconf 84' lang='lat' dir='ltr'><strong>unctos,</strong></span> 
     </span>
    </p>
   </div>
   <div class='ocr_carea' id='block_1_102' title="bbox 1942 5059 3513 5137">
    <p class='ocr_par' dir='ltr' id='par_1_102' title="bbox 1942 5059 3513 5137">
     <span class='ocr_line' id='line_1_102' title="bbox 1942 5059 3513 5137; baseline -0.006 -15"><span class='ocrx_word' id='word_1_734' title='bbox 1942 5076 2168 5124; x_wconf 90' lang='lat' dir='ltr'><strong>sanctos</strong></span> <span class='ocrx_word' id='word_1_735' title='bbox 2192 5066 2477 5137; x_wconf 89' lang='lat' dir='ltr'><strong>apostolos</strong></span> <span class='ocrx_word' id='word_1_736' title='bbox 2502 5068 2682 5125; x_wconf 82' lang='lat' dir='ltr'><strong>vocat,</strong></span> <span class='ocrx_word' id='word_1_737' title='bbox 2714 5068 2768 5115; x_wconf 93' lang='lat' dir='ltr'><strong>et</strong></span> <span class='ocrx_word' id='word_1_738' title='bbox 2799 5059 2928 5115; x_wconf 88' lang='lat' dir='ltr'><strong>illos</strong></span> <span class='ocrx_word' id='word_1_739' title='bbox 2964 5060 3057 5129; x_wconf 90' lang='lat' dir='ltr'><strong>qui</strong></span> <span class='ocrx_word' id='word_1_740' title='bbox 3093 5060 3403 5115; x_wconf 87' lang='lat' dir='ltr'><strong>doctrinam</strong></span> <span class='ocrx_word' id='word_1_741' title='bbox 3432 5061 3513 5130; x_wconf 80' lang='lat' dir='ltr'><strong>ip-</strong></span> 
     </span>
    </p>
   </div>
   <div class='ocr_carea' id='block_1_103' title="bbox 1941 5150 3512 5226">
    <p class='ocr_par' dir='ltr' id='par_1_103' title="bbox 1941 5150 3512 5226">
     <span class='ocr_line' id='line_1_103' title="bbox 1941 5150 3512 5226; baseline -0.006 -11"><span class='ocrx_word' id='word_1_742' title='bbox 1941 5172 2129 5214; x_wconf 90' lang='lat' dir='ltr'><strong>sorum</strong></span> <span class='ocrx_word' id='word_1_743' title='bbox 2176 5156 2607 5226; x_wconf 87' lang='lat' dir='ltr'><strong>amplectuntur.</strong></span> <span class='ocrx_word' id='word_1_744' title='bbox 2660 5150 2883 5208; x_wconf 85' lang='lat' dir='ltr'><strong>Christo</strong></span> <span class='ocrx_word' id='word_1_745' title='bbox 2931 5151 3099 5221; x_wconf 76' lang='lat' dir='ltr'><strong>igitur</strong></span> <span class='ocrx_word' id='word_1_746' title='bbox 3145 5151 3399 5220; x_wconf 83' lang='lat' dir='ltr'><strong>proprie.</strong></span> <span class='ocrx_word' id='word_1_747' title='bbox 3454 5160 3512 5205; x_wconf 86' lang='lat' dir='ltr'><strong>et</strong></span> 
     </span>
    </p>
   </div>
   <div class='ocr_carea' id='block_1_104' title="bbox 274 5230 1881 5311">
    <p class='ocr_par' dir='ltr' id='par_1_104' title="bbox 274 5230 1881 5311">
     <span class='ocr_line' id='line_1_104' title="bbox 274 5230 1881 5311; baseline 0.003 -20"><span class='ocrx_word' id='word_1_748' title='bbox 274 5239 354 5310; x_wconf 84' lang='grc' dir='ltr'>τῷ</span> <span class='ocrx_word' id='word_1_749' title='bbox 385 5239 625 5303; x_wconf 78' lang='grc' dir='ltr'>Σαδοὺκ,</span> <span class='ocrx_word' id='word_1_750' title='bbox 660 5238 718 5301; x_wconf 78' lang='grc' dir='ltr'>ὃς</span> <span class='ocrx_word' id='word_1_751' title='bbox 758 5240 823 5291; x_wconf 83' lang='grc' dir='ltr'>ὲκ</span> <span class='ocrx_word' id='word_1_752' title='bbox 854 5230 950 5291; x_wconf 79' lang='grc' dir='ltr'>τοῦ</span> <span class='ocrx_word' id='word_1_753' title='bbox 985 5238 1251 5311; x_wconf 78' lang='grc' dir='ltr'>Ἐλεάζαρ</span> <span class='ocrx_word' id='word_1_754' title='bbox 1283 5240 1538 5309; x_wconf 84' lang='grc' dir='ltr'>κατάγων</span> <span class='ocrx_word' id='word_1_755' title='bbox 1573 5241 1634 5294; x_wconf 86' lang='grc' dir='ltr'>τὸ</span> <span class='ocrx_word' id='word_1_756' title='bbox 1662 5243 1838 5309; x_wconf 84' lang='grc' dir='ltr'>γένος,</span> <span class='ocrx_word' id='word_1_757' title='bbox 1866 5272 1881 5281; x_wconf 73' lang='lat'><strong>~</strong></span> 
     </span>
    </p>
   </div>
   <div class='ocr_carea' id='block_1_105' title="bbox 275 5330 1726 5403">
    <p class='ocr_par' dir='ltr' id='par_1_105' title="bbox 275 5330 1726 5403">
     <span class='ocr_line' id='line_1_105' title="bbox 275 5330 1726 5403; baseline 0.003 -21"><span class='ocrx_word' id='word_1_758' title='bbox 275 5330 373 5400; x_wconf 79' lang='grc' dir='ltr'>τὴν</span> <span class='ocrx_word' id='word_1_759' title='bbox 409 5330 816 5403; x_wconf 87' lang='grc' dir='ltr'>ἀρχιερωσύνην</span> <span class='ocrx_word' id='word_1_760' title='bbox 852 5330 940 5385; x_wconf 67' lang='grc' dir='ltr'><strong>διὰ</strong></span> <span class='ocrx_word' id='word_1_761' title='bbox 974 5331 1069 5385; x_wconf 84' lang='grc' dir='ltr'><strong>τοῦ</strong></span> <span class='ocrx_word' id='word_1_762' title='bbox 1106 5332 1453 5402; x_wconf 81' lang='grc' dir='ltr'>Σολομῶντος</span> <span class='ocrx_word' id='word_1_763' title='bbox 1490 5331 1726 5397; x_wconf 73' lang='grc' dir='ltr'>ἐδέξατο.</span> 
     </span>
    </p>
   </div>
   <div class='ocr_carea' id='block_1_106' title="bbox 1939 5241 3509 5319">
    <p class='ocr_par' dir='ltr' id='par_1_106' title="bbox 1939 5241 3509 5319">
     <span class='ocr_line' id='line_1_106' title="bbox 1939 5241 3509 5319; baseline -0.006 -17"><span class='ocrx_word' id='word_1_764' title='bbox 1939 5246 2341 5319; x_wconf 86' lang='lat' dir='ltr'><strong>principaliter,</strong></span> <span class='ocrx_word' id='word_1_765' title='bbox 2380 5246 2485 5301; x_wconf 92' lang='lat' dir='ltr'><strong>hoc</strong></span> <span class='ocrx_word' id='word_1_766' title='bbox 2526 5241 2844 5299; x_wconf 84' lang='lat' dir='ltr'><strong>vaticinium</strong></span> <span class='ocrx_word' id='word_1_767' title='bbox 2890 5242 3174 5305; x_wconf 84' lang='lat' dir='ltr'><strong>convenit;</strong></span> <span class='ocrx_word' id='word_1_768' title='bbox 3205 5241 3509 5297; x_wconf 90' lang='lat' dir='ltr'><strong>secundum</strong></span> 
     </span>
    </p>
   </div>
   <div class='ocr_carea' id='block_1_107' title="bbox 1939 5329 3509 5402">
    <p class='ocr_par' dir='ltr' id='par_1_107' title="bbox 1939 5329 3509 5402">
     <span class='ocr_line' id='line_1_107' title="bbox 1939 5329 3509 5402; baseline -0.004 -11"><span class='ocrx_word' id='word_1_769' title='bbox 1939 5335 2225 5392; x_wconf 87' lang='lat' dir='ltr'><strong>historiam</strong></span> <span class='ocrx_word' id='word_1_770' title='bbox 2255 5344 2459 5400; x_wconf 89' lang='lat' dir='ltr'><strong>autem,</strong></span> <span class='ocrx_word' id='word_1_771' title='bbox 2483 5331 2824 5402; x_wconf 87' lang='lat' dir='ltr'><strong>Sadoco,qui</strong></span> <span class='ocrx_word' id='word_1_772' title='bbox 2850 5330 2920 5385; x_wconf 87' lang='lat' dir='ltr'><strong>ab</strong></span> <span class='ocrx_word' id='word_1_773' title='bbox 2933 5329 3191 5385; x_wconf 77' lang='lat' dir='ltr'><strong>Eleazaro</strong></span> <span class='ocrx_word' id='word_1_774' title='bbox 3209 5346 3380 5401; x_wconf 79' lang='lat' dir='ltr'><strong>genus</strong></span> <span class='ocrx_word' id='word_1_775' title='bbox 3408 5331 3509 5385; x_wconf 83' lang='lat' dir='ltr'><strong>du-</strong></span> 
     </span>
    </p>
   </div>
   <div class='ocr_carea' id='block_1_108' title="bbox 1938 5423 3506 5499">
    <p class='ocr_par' dir='ltr' id='par_1_108' title="bbox 1938 5423 3506 5499">
     <span class='ocr_line' id='line_1_108' title="bbox 1938 5423 3506 5499; baseline -0.002 -16"><span class='ocrx_word' id='word_1_776' title='bbox 1938 5443 2090 5497; x_wconf 78' lang='lat' dir='ltr'><strong>cens,</strong></span> <span class='ocrx_word' id='word_1_777' title='bbox 2105 5444 2201 5499; x_wconf 89' lang='lat' dir='ltr'><strong>per</strong></span> <span class='ocrx_word' id='word_1_778' title='bbox 2221 5427 2565 5483; x_wconf 86' lang='lat' dir='ltr'><strong>Salomonem</strong></span> <span class='ocrx_word' id='word_1_779' title='bbox 2590 5441 2864 5481; x_wconf 92' lang='lat' dir='ltr'><strong>summum</strong></span> <span class='ocrx_word' id='word_1_780' title='bbox 2878 5424 3256 5493; x_wconf 78' lang='lat' dir='ltr'><strong>pontiﬁcatum</strong></span> <span class='ocrx_word' id='word_1_781' title='bbox 3274 5423 3506 5494; x_wconf 86' lang='lat' dir='ltr'><strong>accepit.</strong></span> 
     </span>
    </p>
   </div>
   <div class='ocr_carea' id='block_1_109' title="bbox 2584 5516 2858 5573">
    <p class='ocr_par' dir='ltr' id='par_1_109' title="bbox 2584 5516 2858 5573">
     <span class='ocr_line' id='line_1_109' title="bbox 2584 5516 2858 5573; baseline -0.004 0"><span class='ocrx_word' id='word_1_782' title='bbox 2584 5517 2733 5573; x_wconf 82' lang='lat' dir='ltr'><strong>CAP.</strong></span> <span class='ocrx_word' id='word_1_783' title='bbox 2770 5516 2858 5572; x_wconf 85' lang='lat' dir='ltr'><strong>Ill.</strong></span> 
     </span>
    </p>
   </div>
   <div class='ocr_carea' id='block_1_110' title="bbox 2009 5600 3556 5679">
    <p class='ocr_par' dir='ltr' id='par_1_110' title="bbox 2009 5600 3556 5679">
     <span class='ocr_line' id='line_1_110' title="bbox 2009 5600 3556 5679; baseline -0.006 -15"><span class='ocrx_word' id='word_1_784' title='bbox 2009 5608 2177 5664; x_wconf 66' lang='lat' dir='ltr'><strong>Vens.</strong></span> <span class='ocrx_word' id='word_1_785' title='bbox 2218 5609 2273 5664; x_wconf 81' lang='lat'><strong>5.</strong></span> <span class='ocrx_word' id='word_1_786' title='bbox 2310 5608 2377 5662; x_wconf 83' lang='lat' dir='ltr'><strong>Et</strong></span> <span class='ocrx_word' id='word_1_787' title='bbox 2430 5610 2743 5679; x_wconf 76' lang='lat' dir='ltr'><strong>priusquam</strong></span> <span class='ocrx_word' id='word_1_788' title='bbox 2795 5608 3012 5663; x_wconf 77' lang='lat' dir='ltr'><strong>lucerna</strong></span> <span class='ocrx_word' id='word_1_789' title='bbox 3060 5606 3159 5661; x_wconf 75' lang='lat' dir='ltr'><strong>Dei</strong></span> <span class='ocrx_word' id='word_1_790' title='bbox 3202 5611 3506 5672; x_wconf 68' lang='lat' dir='ltr'><strong>purpurata</strong></span> <span class='ocrx_word' id='word_1_791' title='bbox 3532 5600 3556 5615; x_wconf 79' lang='lat'><strong>‘</strong></span> 
     </span>
    </p>
   </div>
   <div class='ocr_carea' id='block_1_111' title="bbox 1937 5695 3507 5769">
    <p class='ocr_par' dir='ltr' id='par_1_111' title="bbox 1937 5695 3507 5769">
     <span class='ocr_line' id='line_1_111' title="bbox 1937 5695 3507 5769; baseline -0.005 -15"><span class='ocrx_word' id='word_1_792' title='bbox 1937 5710 2089 5755; x_wconf 76' lang='lat' dir='ltr'><strong>esset.</strong></span> <span class='ocrx_word' id='word_1_793' title='bbox 2141 5699 2429 5767; x_wconf 87' lang='lat' dir='ltr'><strong>Quomodo</strong></span> <span class='ocrx_word' id='word_1_794' title='bbox 2482 5699 2627 5756; x_wconf 87' lang='lat' dir='ltr'><strong>Deus</strong></span> <span class='ocrx_word' id='word_1_795' title='bbox 2691 5699 3004 5769; x_wconf 84' lang='lat' dir='ltr'><strong>apparuerit</strong></span> <span class='ocrx_word' id='word_1_796' title='bbox 3054 5695 3336 5757; x_wconf 82' lang='lat' dir='ltr'><strong>Samueli,</strong></span> <span class='ocrx_word' id='word_1_797' title='bbox 3379 5707 3507 5747; x_wconf 80' lang='lat' dir='ltr'><strong>cum</strong></span> 
     </span>
    </p>
   </div>
   <div class='ocr_carea' id='block_1_112' title="bbox 857 5509 1220 5565">
    <p class='ocr_par' dir='ltr' id='par_1_112' title="bbox 857 5509 1220 5565">
     <span class='ocr_line' id='line_1_112' title="bbox 857 5509 1220 5565; baseline 0.011 -5"><span class='ocrx_word' id='word_1_798' title='bbox 857 5509 1103 5561; x_wconf 78' lang='grc' dir='ltr'><strong>ΚΕΦΑΔ.</strong></span> <span class='ocrx_word' id='word_1_799' title='bbox 1144 5509 1220 5565; x_wconf 86' lang='grc' dir='ltr'><strong>Γ⁹.</strong></span> 
     </span>
    </p>
   </div>
   <div class='ocr_carea' id='block_1_113' title="bbox 344 5597 1834 5675">
    <p class='ocr_par' dir='ltr' id='par_1_113' title="bbox 344 5597 1834 5675">
     <span class='ocr_line' id='line_1_113' title="bbox 344 5597 1834 5675; baseline 0.007 -25"><span class='ocrx_word' id='word_1_800' title='bbox 344 5597 455 5653; x_wconf 76' lang='grc' dir='ltr'><strong>Καὶ</strong></span> <span class='ocrx_word' id='word_1_801' title='bbox 479 5601 512 5651; x_wconf 83' lang='grc' dir='ltr'><strong>ό</strong></span> <span class='ocrx_word' id='word_1_802' title='bbox 538 5599 765 5666; x_wconf 76' lang='grc' dir='ltr'><strong>⁶ίύχνος</strong></span> <span class='ocrx_word' id='word_1_803' title='bbox 788 5600 893 5653; x_wconf 83' lang='grc' dir='ltr'>τοῦ</span> <span class='ocrx_word' id='word_1_804' title='bbox 919 5602 1064 5656; x_wconf 87' lang='grc' dir='ltr'>Θεοῦ</span> <span class='ocrx_word' id='word_1_805' title='bbox 1093 5601 1274 5670; x_wconf 56' lang='lat' dir='ltr'><strong>«ptri;</strong></span> <span class='ocrx_word' id='word_1_806' title='bbox 1300 5605 1834 5675; x_wconf 72' lang='grc' dir='ltr'>ἐπισκευασθῆναι.</span> 
     </span>
    </p>
   </div>
   <div class='ocr_carea' id='block_1_114' title="bbox 274 5688 1836 5769">
    <p class='ocr_par' dir='ltr' id='par_1_114' title="bbox 274 5688 1836 5769">
     <span class='ocr_line' id='line_1_114' title="bbox 274 5688 1836 5769; baseline 0.006 -26"><span class='ocrx_word' id='word_1_807' title='bbox 274 5688 555 5743; x_wconf 78' lang='grc' dir='ltr'>Δείκνυσιν</span> <span class='ocrx_word' id='word_1_808' title='bbox 599 5688 672 5753; x_wconf 85' lang='grc' dir='ltr'>ὡς</span> <span class='ocrx_word' id='word_1_809' title='bbox 721 5690 879 5755; x_wconf 60' lang='grc' dir='ltr'>εὐθὺς</span> <span class='ocrx_word' id='word_1_810' title='bbox 929 5692 1066 5762; x_wconf 79' lang='grc' dir='ltr'>μετὰ</span> <span class='ocrx_word' id='word_1_811' title='bbox 1111 5692 1207 5766; x_wconf 71' lang='grc' dir='ltr'>τὴν</span> <span class='ocrx_word' id='word_1_812' title='bbox 1252 5695 1488 5765; x_wconf 76' lang='grc' dir='ltr'>ἑσπέραν</span> <span class='ocrx_word' id='word_1_813' title='bbox 1519 5697 1836 5769; x_wconf 70' lang='grc' dir='ltr'>ἀρξαμένων</span> 
     </span>
    </p>
   </div>
  </div>
