3986 6218
313 312 456 381 1093

1312 302 1912 365 COMMMENTARII
1951 302 2031 363 IN
2081 302 2229 365 LIB.
2265 304 2292 363 Ι
2333 303 2623 369 REGUM.

3450 310 3589 377 1094

312 426 679 502 ὁμολογοῦντα
699 425 911 483 πενίαν.
942 424 1148 480 Τούτου
1182 420 1346 494 χάριν
1380 419 1590 491 βεὸαιοϊ
1641 419 1741 489 τὴν
1790 417 1890 490 τῆς

2009 417 2189 473 sticam
2207 418 2584 478 ditIieultateni
2602 422 2787 479 I'ateri.
2809 423 3072 497 Hancquc
3097 426 3167 482 ob
3196 443 3419 486 causam
3451 446 3590 500 prae-

313 521 594 595 βασιλείας
616 518 954 588 ἐπαγγελίαν
979 519 1105 581 ταῖς
1128 514 1488 588 προρρήσεσι.

380 612 493 667 Καὶ
514 608 843 680 στραφήσῃ
871 611 958 675 εἰς
983 607 1172 676 ἄνδρα
1194 605 1413 660 ἄλλον.
1456 598 1677 671 Ἐπειδὴ
1704 598 1895 671 ἀγροι-
1938 672 1943 675 ἱ

311 720 407 766 κος
461 697 554 772 ἦν,
605 701 876 771 γεωργεῖν
929 697 1296 767 ἐπιστάμενος
1328 693 1524 765 μόνον,
1581 690 1894 763 χειροτονή-

312 812 413 859 σας
444 792 608 848 αύτὸν
638 792 886 863 βασιλέα,
921 789 1203 862 βασιλικὸν
1232 786 1383 858 αὐτῷ
1430 784 1689 857 φρόνημα
1729 783 1895 837 δέδω-

306 904 428 942 κεν.

373 980 443 1033 ει
469 978 568 1032 καὶ
600 976 804 1033 Σαοὺλ
831 976 900 1030 ἐν
925 972 1256 1045 προφήταις
1286 986 1306 1035 ;
1339 969 1657 1040 Σύμμαχος,
1686 966 1780 1039 Μὴ
1815 966 1896 1021 ἔτι

309 1074 406 1128 καὶ
445 1070 655 1136 Σαούλ;
688 1069 802 1123 Ούκ
827 1068 952 1139 ἔσχε
980 1067 1037 1120 δὲ
1069 1064 1313 1136 διηνεκὲς
1338 1067 1442 1134 τῆς
1466 1061 1802 1134 προφητείας
1833 1060 1895 1114 τὸ

308 1166 578 1236 χάρισμα,
606 1164 686 1225 είς
743 1161 978 1232 δήλωσιν
1003 1159 1058 1212 δὲ
1091 1158 1190 1227 τῆς
1241 1154 1621 1225 πνευματικῆς
1685 1153 1895 1223 δωρεᾶς

308 1256 430 1310 κατ’
459 1257 668 1308 ἐκεῖνον
714 1252 1090 1323 προεφήτευσε
1136 1249 1226 1302 τὸν
1263 1246 1477 1316 καιρόν,
1508 1244 1695 1307 Ούτως
1722 1244 1813 1297 καὶ
1844 1244 1894 1295 οἱ

309 1347 682 1416 ἐϐδομήκοντα
707 1341 1092 1414 πρεσϐύτεροι,
1126 1324 1419 1405 εὐθὺςμέν
1450 1334 1764 1401 ἐκλεγέντες
1788 1330 1894 1384 ὑπὸ

309 1436 592 1500 Μωῦσὲως
638 1433 1007 1506 προφητεύειν
1073 1430 1357 1499 ἠξίωνται,
1399 1428 1466 1487 ,ού
1514 1427 1624 1497 μὴν
1676 1424 1757 1477 ἔτι
1800 1423 1895 1476 καὶ

311 1530 452 1602 μετά
481 1529 671 1583 ταῦτα.
696 1525 1053 1595 Σοφιζόμενοι
1071 1523 1130 1576 δὲ
1168 1522 1322 1592 παρὰ
1346 1519 1503 1586 Θεοῦ,
1527 1517 1620 1571 τοῦ
1642 1516 1772 1570 λαοῦ
1796 1516 1895 1580 τὰς

307 1620 752 1693 ἀμφισϐητήσεις
776 1618 1008 1671 διέλυον.

1997 507 2334 567 dictionibus
2369 515 2523 585 regni
2558 516 2982 586 promissionem
3016 518 3334 577 confirmat.

2069 601 2236 658 Vens.
2261 604 2393 659 6.Et
2423 608 2476 660 in
2504 608 2671 662 alium
2697 610 2868 664 virum
2892 612 3201 666 mutaberis.
3230 610 3369 677 Quia
3398 627 3589 684 agres—

2000 695 2068 750 tis
2107 706 2247 764 erat,
2284 707 2338 752 et
2372 708 2581 753 tantum
2618 709 2822 755 terram
2853 702 3035 756 colere
3070 711 3325 763 noverat.
3370 705 3584 763 deiecto

1998 787 2051 841 in
2087 804 2292 859 regem,
2327 790 2536 861 regium
2582 793 2826 847 animum
2869 792 3100 848 indidit.

2070 960 2231 1015 Vens.
2264 962 2351 1016 II.
2388 960 2532 1017 Num
2563 973 2613 1019 et
2645 964 2782 1020 Saut
2807 967 2944 1022 inter
2976 967 3257 1037 prophetas
3278 971 3304 1025 7
3333 968 3588 1042 Symma—
3621 1018 3633 1029 .

1998 1050 2155 1113 chus,
2186 1048 2326 1104 Num
2362 1052 2523 1107 etiam
2577 1052 2792 1119 adhuc,
2826 1054 3107 1125 deinceps,
3148 1069 3201 1110 ct
3249 1051 3420 1111 Saul'?
3469 1057 3585 1111 Non

1998 1149 2178 1195 autem
2217 1152 2485 1213 perpetuo
2533 1152 2588 1198 et
2618 1146 2970 1209 continenter
3032 1150 3334 1218 prophetiae
3372 1149 3580 1203 donum

1998 1232 2211 1298 habuit,
2247 1235 2365 1300 sed,
2406 1243 2465 1288 ut
2522 1235 2811 1303 spirituale
2842 1238 3046 1293 donum
3099 1256 3223 1294 eum
3285 1241 3588 1311 accepisse

2000 1323 2353 1378 manifestum
2391 1330 2560 1391 esset,
2596 1327 2689 1381 illo
2717 1330 2885 1382 etiam
2923 1340 3164 1400 tempore
3205 1334 3583 1403 prophetarit.

2001 1413 2093 1468 Sic
2145 1416 2307 1469 etiam
2352 1419 2698 1488 septuaginta
2753 1420 3000 1476 seniores
3035 1438 3065 1474 a
3122 1421 3307 1493 Moyse
3364 1423 3586 1491 delecti,

1999 1522 2123 1560 mox
2156 1508 2459 1577 prophetite
2507 1510 2652 1564 dono
2683 1511 2894 1583 dignati
2934 1521 3082 1576 sunt,
3120 1530 3229 1573 non
3276 1524 3456 1570 tamen
3509 1517 3583 1572 ita

1997 1599 2286 1669 deinceps.
2319 1599 2612 1656 Prudentia
2648 1619 2776 1656 vero
2812 1620 2840 1657 a
2882 1606 2988 1659 Deo
3056 1607 3335 1671 instructi,
3394 1610 3582 1679 populi

1998 1704 2194 1745 causas
2249 1700 2303 1745 et
2329 1695 2734 1751 controversias
2764 1696 3118 1751 dirimebant.

352 1799 365 1806 “
389 1795 451 1850 '0
476 1793 696 1860 οίκεῗος
734 1790 946 1847 αὐτοῦ.
974 1858 975 1863 η
999 1788 1236 1853 ’Δκύλας
1283 1787 1472 1859 φησιν,
1504 1786 1531 1838 ὁ
1556 1782 1882 1854 πατράδελο

2033 1846 2039 1853 ε
2064 1780 2231 1835 Vens.
2261 1783 2347 1837 15.
2384 1784 2738 1851 Domesticus,
2768 1791 2875 1841 sive
2897 1788 3224 1859 propinquus
3244 1789 3382 1858 ejus.
3414 1789 3585 1861 Aqui-

353 1904 443 1955 ος.

305 1905 996 2045 ςροιὲιίκατιικληροιῗιται
1024 1971 1195 2043 φυλὴ
1216 1967 1523 2037 Βενιαμίν.
1581 1966 1717 2020 osse
1777 1967 1889 2029 τοὶς

306 2066 472 2130 θείοις
518 2058 826 2138 προφήταις
892 2064 1181 2117 ἐπίστευον
1213 2061 1265 2115 οἰ
1305 2058 1545 2130 πονηρίᾳ
1592 2054 1881 2120 συζῶντες.

317 2159 404 2222 Ὡς
421 2158 487 2212 ἂν
508 2154 603 2211 οὖν
629 2158 704 2228 μὴ
733 2154 1014 2220 τοπάζωσι
1061 2155 1287 2225 χάριτος
1340 2149 1690 2220 ἀνθρωπίνης
1744 2143 1889 2200 εἶναι

304 2249 404 2320 τὴν
433 2250 632 2321 ψῆφον,
662 2247 849 2319 κλήρῳ
891 2246 999 2318 τὴν,
1028 2246 1212 2316 κρίσιν
1255 2240 1581 2313 ἐπέτρεψεν,
1608 2241 1668 2293 τὸ
1696 2238 1889 2293 δοκοῦν

304 2342 625 2413 ἐμφαίνοντι
648 2341 725 2411 τῷ
756 2340 902 2411 Θεῷ.
959 2337 1284 2410 Κληρωθεὶς
1310 2336 1367 2389 δὲ
1396 2335 1569 2388 Σαοὺλ
1621 2331 1888 2404 ἐπειράθη

304 2433 507 2500 λαθεῖν,
539 2433 679 2503 ὑπὲρ
713 2432 814 2503 τὴν
847 2430 1007 2497 ἀξίαν
1064 2426 1232 2484 αὐτοῦ
1270 2425 1371 2499 τὴν
1426 2424 1676 2489 ἐξουσίαν
1721 2422 1887 2494 ὀρῶν.

317 2524 451 2578 Ὑπὸ
504 2524 640 2579 Θεοῦ
666 2523 724 2577 δὲ
749 2523 827 2595 τῷ
860 2522 1117 2593 προφήτῃ
1160 2518 1396 2591 δεχθεὶς,
1439 2516 1535 2588 τὴν
1565 2516 1661 2569 ἐπὶ
1687 2514 1889 2577 παντὸς

305 2616 399 2670 τοῦ
420 2615 551 2672 λαοῦ
572 2614 912 2689 χειροτονίαν
935 2611 1177 2678 ἐδέξατο.

886 2872 1139 2949 uisam.
1177 2870 1281 2925 lA'.

387 2972 492 3030 Ἐν
513 2969 593 3038 τῷ
612 2968 893 3039 ἐξορύξαι
918 2964 1088 3037 ὑμῶν
1119 2964 1364 3018 πάντων
1415 2959 1621 3025 δεξιὸν
1663 2958 1889 3027 ὀφθαλ-

1992 1872 2041 1926 Ia
2071 1873 2206 1927 dicit
2279 1875 2941 1947 πατράδελφοςωειιιιιυε.

2063 1961 2226 2019 Vens.
2258 1964 2348 2020 20.
2385 1965 2452 2018 Et
2480 1971 2617 2037 [orte
2644 1970 2890 2023 educitur
2921 1969 3091 2024 tribus
3119 1968 3426 2038 Benjamiu.
3457 1968 3588 2024 Pia-

1989 2053 2075 2109 vis
2102 2054 2304 2110 studiis
2340 2067 2448 2111 tam
2499 2058 2707 2115 addicti
2744 2069 2928 2124 erant,
2966 2069 3026 2115 ut
3069 2061 3237 2116 etiam
3291 2060 3578 2131 prophetis

1990 2145 2082 2199 Dei
2119 2146 2277 2201 [idem
2327 2164 2438 2203 non
2488 2150 2851 2208 adhiberent.
2895 2153 2975 2207 Ne
3020 2152 3192 2223 igitur
3259 2152 3584 2222 suﬂ'ragium

1991 2236 2218 2293 humani
2283 2241 2452 2295 studii
2535 2251 2589 2296 et
2651 2242 2858 2301 favoris
2916 2260 3041 2303 esse
3123 2242 3583 2313 suspicarentur,

1998 2328 2137 2382 Sorti
2188 2328 2463 2398 judicium
2504 2334 2756 2401 permisit
2804 2336 3092 2404 propheta,
3134 2346 3213 2400 ut,
3268 2334 3417 2404 quod
3477 2333 3587 2388 Deo

1991 2418 2165 2471 visum
2207 2428 2374 2483 esset,
2410 2419 2752 2478 declararet.
2791 2424 2921 2478 Saul
2954 2440 3108 2491 vero,
3135 2424 3247 2494 jam
3304 2435 3456 2481 sorte
3485 2425 3584 2479 de-

1991 2505 2190 2571 lectus,
2227 2507 2589 2564 considerans
2625 2510 2767 2565 hanc
2799 2520 3154 2581 potestatem,
3194 2528 3294 2567 sua
3336 2513 3583 2582 dignita-

1991 2604 2071 2660 te,
2104 2605 2157 2650 et
2189 2597 2405 2652 meritis
2450 2598 2617 2667 longe
2648 2601 3095 2656 excellentiorem
3156 2605 3584 2673 ct‘superiorem

1988 2700 2113 2741 esse
2143 2726 2159 2751 ,
2209 2689 2421 2741 occulte
2452 2688 2624 2743 latere
2666 2690 2934 2745 tentabat.
2968 2691 3072 2746 Sed
3122 2706 3152 2744 a
3189 2691 3298 2747 Deo
3340 2692 3587 2750 Sainucli

1990 2784 2270 2842 ostensus,
2307 2778 2404 2832 toti
2437 2780 2641 2849 populo
2668 2782 2956 2849 praefectus
2986 2792 3088 2836 est.

2640 2870 2795 2926 CAP.
2835 2870 2926 2925 XI.

2062 2956 2226 3012 Vens.
2260 2957 2314 3013 2.
2352 2957 2420 3013 Ut
2451 2960 2597 3015 vobis
2631 2960 2872 3014 omnibus
2907 2961 3091 3015 dexter
3126 2966 3309 3015 oculus
3343 2969 3584 3018 eruatur.

302 3066 441 3137 μόν.
504 3064 843 3136 ’Δχρήστους
894 3061 1093 3122 αὐτοὺς
1164 3048 1244 3121 είς
1315 3054 1551 3124 πόλεμον
1606 3052 1887 3121 ἀποφῆναι

2009 3051 2273 3103 sraclitas
2325 3050 2467 3104 bello
2529 3051 2755 3106 inutiles
2811 3053 3041 3107 reddere
3104 3053 3296 3107 voluit.
3351 3052 3587 3109 Sinister

306 3128 674 3230 βουλόμενος.-
708 3156 766 3208 '0
800 3154 910 3226 γὰρ
952 3152 1240 3223 εὐώνυμος
1274 3149 1576 3220 ὀφθαλμὸς,
1606 3149 1675 3217 τῇ
1701 3144 1887 3198 ἀσπίδι

2009 3142 2136 3193 :nim
2187 3141 2383 3195 oculus
2411 3141 2606 3211 clypeo
2639 3141 2878 3210 tegitur;
2916 3142 3112 3196 dextro
3152 3151 3364 3205 autem,
3397 3143 3584 3197 hostes

305 3250 667 3313 καλύπτεται,
695 3249 723 3302 ὁ
743 3246 801 3301 δὲ
817 3246 1013 3312 δεξιδς,
1044 3246 1172 3308 τοὺς
1222 3240 1522 3311 πολεμίους
1551 3239 1682 3310 ὁρᾷ*
1709 3231 1771 3291 οὗ
1803 3253 1888 3299 τις

305 3341 694 3412 ἐστερημένος,
723 3339 1017 3401 εὐάλωτος.
1049 3335 1207 3390 Οὖτω
1230 3331 1611 3403 καὶιδυνάμεις
1641 3331 1696 3382 αί
1720 3344 1889 3398 πονη-

307 3431 483 3503 ραὶτά
505 3430 655 3497 δεξιά
701 3427 812 3482 τῶν
867 3426 1163 3499 νοημάτων
1226 3423 1588 3495 περικόπτειν
1629 3418 1884 3486 ἐπείγον-

303 3540 415 3577 ται.
548 3608 551 3609 ⁷
684 3646 691 3653 ι
905 3608 1161 3663 ΚΕΦΑΛ.
1187 3606 1291 3659 IB'.
1798 3601 1847 3637 ⁵

389 3726 781 3792 Ἀποκρίθητε
825 3723 955 3776 κατ’
995 3719 1144 3787 ἐμοῦ
1168 3718 1429 3771 ἐνώπιον
1479 3714 1720 3781 Κυρίου.
1754 3712 1890 3782 Κρι-

305 3817 402 3890 τής
424 3817 499 3870 ὢν
529 3816 778 3880 ἐξίστατο
807 3814 907 3883 τῆς
939 3808 1210 3875 ἐξουσίας,
1240 3809 1335 3861 καὶ
1365 3806 1570 3874 ταύτην
1593 3803 1888 3874 παρεδίδου

305 3909 386 3980 τῷ
417 3906 645 3979 βασιλεῖ.
678 3906 785 3960 Ka‘t
809 3904 875 3958 τὰ
905 3903 1027 3956 καθ’
1056 3900 1250 3954 ἐαυτὸν
1293 3896 1488 3959 εἰπὼν,
1527 3893 1622 3948 καὶ
1665 3891 1888 3962 σύμψη-

305 4016 405 4067 φον
431 3997 775 4065 κτησάμενος
818 3994 908 4047 τὸν
946 3989 1077 4045 λαδν
1110 3989 1210 4059 τὴν
1250 3987 1475 4056 ἔννομον
1500 3983 1712 4038 ἐκείνου
1736 3981 1888 4049 ἐξου-

308 4084 430 4141 σίαν
479 4084 743 4151 ἐδίδαξεν.

376 4257 488 4313 Καὶ
524 4257 644 4312 νῦν
668 4254 1026 4320 κατάστητε,
1052 4247 1153 4303 καί
1184 4245 1413 4300 δικάσω
1436 4242 1612 4313 ὑμᾶς,
1632 4241 1890 4321 ἐνώπιον

306 4354 567 4420 Κουρίου,
607 4350 702 4402 καὶ
743 4348 815 4400 τά
862 4345 1012 4415 ἑξῆς.
1048 4343 1347 4412 Σύμμαχος
1399 4336 1591 4400 οὕτως.
1632 4335 1742 4388 Καὶ
1792 4333 1888 4387 νῦν

1991 3230 2324 3300 aspicimus;
2346 3246 2458 3301 quo
2483 3233 2528 3286 si
2566 3232 2691 3301 quis
2720 3232 2987 3300 privetur,
3015 3232 3177 3287 facile
3199 3232 3461 3286 vincitur.
3494 3231 3586 3287 Sic

1991 3320 2324 3376 adversaria:
2357 3323 2520 3376 etiam
2553 3331 2859 3395 potestates
2910 3323 3074 3378 nobis
3118 3321 3347 3378 dextros
3393 3323 3584 3378 oculos

1990 3410 2204 3480 eripere
2219 3455 2222 3458 .
2236 3422 2508 3466 conantur
2527 3448 2543 3465 .

2634 3584 2788 3640 CAP.
2839 3584 2952 3639 XII.

2062 3694 2228 3751 Vens.
2261 3697 2314 3750 5.
2345 3694 2672 3765 Respondcte
2724 3708 2913 3750 contra
2957 3714 3038 3752 me
3094 3715 3275 3753 coram
3334 3698 3585 3757 Domina.

1992 3788 2239 3853 Samuel,
2276 3797 2497 3842 amotus
2526 3788 2595 3842 ab
2627 3786 2806 3842 otIicio
2849 3788 3081 3856 judicis,
3123 3806 3280 3844 suam
3334 3802 3585 3861 potesta-
3615 3788 3627 3808 ‘

1990 3885 2100 3932 tem
2142 3878 2197 3932 in
2235 3892 2420 3948 regem
2453 3878 2760 3943 transtulit,
2795 3888 2851 3933 et
2906 3895 3030 3934 cum
3090 3880 3158 3936 de
3218 3883 3384 3938 rebus
3414 3922 3431 3949 ,
3466 3897 3588 3952 quae

1987 3984 2142 4024 suam
2172 3983 2464 4038 personam
2494 3970 2860 4040 attingebant,
2892 3970 3055 4025 verba
3082 3969 3325 4035 fecisset,
3349 3990 3590 4028 consen-

1989 4060 2324 4129 tientemque
2358 4060 2619 4130 populum
2646 4060 2894 4126 traheret,
2929 4061 3170 4131 legitime
3230 4063 3386 4117 illum
3429 4073 3586 4134 pote-

1991 4158 2187 4207 statem
2219 4166 2411 4221 gerere
2437 4152 2663 4207 docuit.
3055 4202 3070 4221 ,

2068 4241 2239 4299 Vens.
2278 4244 2331 4298 7.
2374 4242 2534 4300 Nunc
2561 4246 2725 4317 igitur
2753 4245 3050 4308 consistite,
3087 4256 3134 4300 et
3187 4244 3446 4315 judicabo
3501 4263 3589 4301 ros

1987 4350 2173 4390 coram
2235 4334 2483 4401 Domino,
2514 4345 2572 4392 et
2614 4352 2738 4407 qua:
2793 4346 3127 4408 sequuntur.
3190 4336 3285 4393 Sic
3341 4336 3594 4408 Symma-
3642 4343 3651 4351 ”

308 4444 649 4512 παράστητε,
691 4441 801 4507 ἵνα,
853 4435 1125 4509 διακριθῶ
1176 4435 1315 4505 πρὸς
1372 4434 1517 4502 ὑμᾶς
1573 4429 1884 4501 ἔμπροσθεν

2009 4430 2153 4494 :lius,
2176 4428 2334 4483 Nunc
2356 4437 2521 4495 state,
2557 4439 2617 4484 ut
2653 4430 2927 4499 dijudicer
2954 4446 2984 4484 a
3005 4430 3162 4486 vobis
3188 4446 3378 4485 coram
3401 4432 3590 4484 Domi-

308 4536 537 4606 Κυρίου.
574 4534 703 4603 περ)⁸
729 4530 917 4583 πασῶν
957 4529 1067 4583 τῶν
1097 4524 1478 4596 ἐλεημοσυνῶν
1526 4523 1622 4577 τοῦ
1654 4523 1885 4592 Κυρίου,

307 4622 383 4682 ὧν
413 4624 687 4695 ἐποίησεν.

909 4709 1162 4765 ΚΕΦΔΛ.
1193 4707 1295 4763 ΙΓ’.

388 4832 521 4896 ΥΙὸς
553 4826 836 4883 ἐνιαυτοῦ
868 4823 1068 4878 Σαοὺλ
1095 4823 1166 4876 ἐν
1191 4820 1272 4886 τῷ
1287 4821 1652 4886 βασιλεύειν
1672 4819 1878 4872 αὐτόν.

266 4902 270 4906 Δ
318 4923 380 4975 ὐ
419 4921 715 4991 Σύμμαχος
746 4918 1028 4985 ἐξέδωκεν,
1052 4913 1185 4980 υίὸς
1216 4913 1297 4979 ὡς
1324 4913 1631 4977 ἐνιαύσιος
1672 4909 1890 4963 Σαούλ.

314 5012 471 5082 Δηλοῖ
497 5011 553 5064 δὲ
578 5010 735 5064 τοῦτο
772 5012 869 5078 τὴν
898 5006 1180 5076 ἁπλότητα
1219 5005 1316 5074 τῆς
1365 5003 1545 5073 ψυχῆς
1571 5001 1666 5055 τοῦ
1698 5000 1891 5065 Σαοὺλ,

311 5108 377 5176 ἣν
411 5100 525 5174 εἶχε
556 5101 878 5173 βασιλεύων,
912 5095 1056 5172 ᾗπερ
1081 5098 1181 5149 ούκ
1209 5098 1302 5149 ἐπὶ
1324 5097 1575 5156 πλεῖστον
1599 5095 1891 5165 ἐχρήσατο.

313 5197 479 5251 Ὅθεν
537 5195 882 5267 πρόσκειται.
941 5192 1050 5246 Καὶ
1087 5191 1181 5243 δύο
1242 5188 1337 5261 ἐτη
1391 5188 1741 5242 ἐϐασίλευσεν
1802 5186 1896 5237 ἐπὶ.

328 5288 549 5360 Ἰσραὴλ
573 5327 591 5354 ,
630 5288 770 5358 μετὰ
812 5286 911 5356 τῆς
946 5283 1252 5354 ἁπλότητος
1283 5281 1506 5353 δηλαδή.
1533 5281 1669 5334 Μεθ’
1695 5280 1731 5334 ἀ
1756 5281 1894 5332 ὑπο-

320 5380 504 5445 κλίνας
534 5380 670 5449 πρὸς
695 5377 983 5449 πονηρίαν,
1013 5376 1113 5445 τῆς
1163 5374 1314 5439 θείας
1359 5373 1711 5442 γεγύμνωται
1737 5375 1895 5442 χάρι-

1993 4533 2087 4581 no,
2118 4518 2187 4574 de
2231 4519 2380 4573 omni
2441 4522 2828 4577 misericordia
2906 4519 3073 4593 quam
3128 4521 3396 4577 Dominus
3439 4524 3594 4577 exhi-

1991 4612 2135 4667 buit.

2640 4708 2796 4766 CAP.
2861 4709 3002 4765 XIII.

2068 4820 2232 4876 Vens.
2271 4821 2322 4875 I.
2350 4821 2485 4877 Cum
2505 4820 2640 4878 Saul
2664 4833 2931 4893 regnaret,
2959 4823 3104 4892 ﬁlius
3123 4826 3283 4878 unius
3309 4824 3590 4880 annierat.

1989 4911 2363 4982 Symmachus
2424 4913 2675 4983 eprnit,
2735 4914 2871 4967 sicut
2927 4929 3058 4981 puer
3114 4916 3421 4969 anniculus.
3471 4918 3594 4981 Quo

1998 5004 2165 5057 verbo
2199 5005 2528 5075 sin-plicitas
2562 5006 2732 5058 animi
2763 5008 2938 5075 ipsius
2973 5006 3313 5072 ostenditur,
3341 5023 3508 5078 quam
3540 5014 3592 5062 in

1998 5108 2168 5163 regno
2199 5093 2411 5159 habuit,
2443 5110 2550 5164 qua
2585 5105 2770 5147 tamen
2804 5110 2913 5147 non
2948 5096 3113 5165 longo
3164 5103 3414 5166 tempore
3462 5114 3595 5153 usus

1997 5194 2105 5239 est.
2139 5184 2413 5248 Quocirca
2447 5185 2692 5250 additur,
2715 5192 2770 5236 et
2799 5184 3015 5239 duobus
3045 5187 3205 5241 annis
3227 5188 3479 5258 regnavit
3500 5204 3593 5243 su-

2000 5289 2097 5343 per
2129 5273 2319 5340 Israel,
2372 5290 2568 5343 nempe
2621 5291 2747 5329 cum
2794 5275 2885 5328 illa
2936 5290 3150 5329 morum
3206 5278 3593 5347 simplicitate,

1999 5363 2198 5418 Postea
2231 5364 2296 5418 ad
2332 5365 2651 5434 pravitatem
2680 5365 3004 5433 declinans,
3039 5370 3222 5422 divina
3280 5371 3458 5439 gratia
3501 5370 3587 5423 de.

320 5490 430 5531 τος.
472 5471 686 5525 Ὅθενὸ
717 5468 922 5534 λοιπὸς,
963 5467 1021 5521 ὃν
1051 5466 1395 5528 ἐϐασίλευσε,
1442 5465 1634 5538 χρόνος
1682 5468 1747 5534 τῇ
1804 5463 1890 5516 τοῦ

2009 5459 2241 5513 stitutus
2278 5466 2362 5510 est
2459 5458 2585 5511 Inde
2641 5459 2916 5527 reliquum
2989 5461 3155 5513 etiam
3216 5470 3453 5529 tempus,
3486 5476 3596 5528 qm.

325 5563 387 5613 Σ.
400 5561 493 5615 obit
511 5563 574 5632 δη
583 5561 839 5631 μαγωγίᾳ
854 5558 1193 5626 λελόγισται.

389 5739 494 5792 Καὶ
516 5734 816 5799 ἐπάταξεν
865 5733 1151 5791 Ἰωνάθην
1201 5731 1305 5787 τὸν
1357 5730 1611 5801 Νασείμ.
1658 5730 1888 5793 Ἀκύλας

1926 5590 1945 5619 ,
2011 5548 2143 5603 Saul
2206 5565 2432 5619 regnum
2496 5551 2921 5617 administravit,
2977 5552 3365 5622 gubernatimii
3419 5553 3597 5620 ipsms

2010 5638 2346 5709 assignatum
2380 5648 2485 5695 est.

2071 5732 2235 5789 Vens.
2278 5733 2330 5789 5.
2377 5732 2444 5787 Et
2497 5735 2755 5804 percussit
2804 5733 3077 5789 Jouathau
3122 5731 3336 5789 Nasim.
3401 5731 3600 5804 Aquila
