3986 6218
383 332 520 396 1105

1388 342 1918 408 COMMENTARII
1960 347 2039 406 IN
2071 348 2269 408 LIB.I
2307 349 2575 410 REGUM

3477 351 3612 417 1106

462 447 600 499 Ἀλλ’
637 448 785 518 ὅμως
811 437 990 521 φθόνῳ
1030 452 1298 508 δουλεύων
1324 457 1350 508 6
1390 457 1562 511 Σαοὺλ
1587 458 1680 511 τὸν
1709 459 1803 513 τοῦ
1834 463 1939 514 Δα-

2113 461 2367 516 Attamen
2399 462 2619 517 invidiae
2648 461 2938 533 indulgens
2972 462 3103 517 Saul
3134 475 3364 520 mortem
3395 464 3613 519 Davidis

377 540 463 593 ὁὶδ
507 541 741 612 ἐτήρησε
803 542 1056 600 θάνατον.
1097 546 1226 599 Ὅτε
1280 547 1337 601 δὲ
1386 548 1660 605 σέσωσται
1707 551 1798 606 διὰ
1845 552 1948 620 τῆς

376 631 613 702 Μελχὸλ,
653 630 752 707 ᾖσε
793 635 884 688 τὸν
921 643 1001 706 νη¹
1030 636 1247 707 ψαλμόν
1269 655 1284 671 ·
1327 658 1346 691 ι
1387 639 1605 708 Ἑξελοῦ
1648 660 1716 712 με
1746 644 1810 696 ὲκ
1839 641 1949 696 τῶν

377 722 588 793 ἐχθρῶν
615 741 737 794 μου,
772 727 800 779 ὁ
820 726 972 791 Θεός.
1007 748 1027 781 ι
1060 726 1122 784 C.
1147 728 1212 784 L.
1857 763 1859 765 ί

454 896 681 965 Ὅμοιον
719 899 825 971 τῷ·
864 921 882 954 ι
918 904 1045 958 Ἐάν
1078 907 1160 968 τις
1192 925 1251 960 σε
1285 909 1612 983 ἀγγαρεύσῃ
1655 915 1835 983 μίλιον
1863 916 1942 982 ἓν,

380 982 561 1083 ὖτὶαγε
596 988 713 1083 μετ’
743 992 1076 1083 αύτούλδύω.
1104 1014 1121 1046 ι
1165 997 1546 1054 Ἐπιτάττεται
1718 1007 1747 1059 ὀ
1780 1006 1947 1060 Δαόὶδ

381 1076 641 1138 φοῗεῦσαι
668 1076 860 1131 ἑκατὸν
889 1078 1246 1150 ἀλλοφύλους,
1271 1087 1367 1140 καὶ
1404 1087 1716 1155 διακοσίους
1739 1094 1943 1162 ἀνεῖλε,

382 1165 717 1217 καταπατῶν
747 1167 846 1236 τὴν
870 1169 965 1222 τοῦ
1013 1173 1186 1227 Σαοὺλ
1212 1177 1501 1248 ἐπήρειαν,
1537 1182 1680 1235 κατὰ
1716 1184 1815 1254 τὴν
1853 1185 1946 1239 τοῦ

382 1250 541 1320 λόγου
568 1252 799 1310 ἔκδοσιν.
837 1257 900 1311 C.
936 1258 996 1313 L.

878 1368 889 1381 κ
970 1352 1219 1410 ΚΕΦΑΛ.
1260 1355 1362 1410 ΙΘ’.

450 1432 557 1499 Καὶ
578 1432 795 1489 ἐλαϐεν
813 1440 1057 1509 Μελχὸλ
1071 1442 1144 1498 τὰ
1155 1444 1500 1517 κενοῖ-ἀέρια,
1528 1468 1641 1505 κ.τ.
1657 1452 1945 1518 λ.Ἀκύλας

381 1522 743 1590 μορφώματα
765 1527 948 1597 φησιν,
979 1532 1073 1583 καὶ
1110 1532 1171 1585 τὸ
1189 1530 1346 1606 ἧπαρ
1375 1538 1484 1591 τῶν
1516 1542 1709 1608 αἰγῶν,
1745 1544 1808 1596 τὸ
1838 1546 1947 1598 πᾶν

380 1609 582 1680 πλῆθος
609 1615 705 1668 καὶ
732 1621 1165 1691 στρογγύλωμα
1206 1626 1431 1696 τριχῶν,
1468 1632 1855 1698 φυγαδεύσασα
1890 1636 1948 1688 δὲ

376 1698 469 1753 τὸν
502 1703 689 1770 Δαόὶδς
716 1706 815 1777 τὴν
841 1708 1029 1781 κλίνην
1058 1712 1141 1773 είς
1170 1715 1579 1786 ἁρρωστοῦντος
1612 1722 1944 1794 ἐσχημάτισε

374 1793 849 1886 τύπονςίματίων
893 1800 991 1868 μὲν
1046 1802 1251 1874 πλῆθος
1281 1806 1637 1877 ἐπιϐαλοῦσα,
1670 1793 1941 1886 στρογγύ-
1974 1795 2016 1849 Β

376 1881 533 1949 λωμα
565 1883 623 1937 δὲ
670 1888 872 1957 τριχῶν
908 1890 1173 1947 ὑποθεῖσα
1207 1898 1320 1960 τοῖς
1365 1898 1625 1969 ἱματίοις,
1674 1881 1824 1956 ὥστε
1852 1881 1943 1967 μι-

377 1974 595 2066 μεῖσθαι
625 1976 724 2048 τὴν
754 1981 1017 2052 κεφαλήν.
1055 1986 1211 2048 Τινὲς
1243 1988 1301 2041 δὲ
1346 1991 1699 2062 μορφώματα
1728 1994 1827 2066 τὴν
1861 1998 1942 2049 εί-

374 2063 507 2158 κόνα
537 2066 669 2134 φασὶ
693 2067 790 2122 τοῦ
817 2071 1002 2138 Δαϐὶδ,
1026 2073 1092 2144 ἢν
1112 2078 1224 2140 τοῖς
1249 2079 1484 2147 ἱματίοις
1512 2063 1942 2158 ὲκὰλυψεξπλὴν

373 2154 647 2249 ξενίωντοῦ
677 2160 972 2231 προσώπου
1000 2166 1224 2235 μορίων.
1246 2169 1319 2221 Τὸ
1341 2169 1398 2223 δὲ
1428 2172 1537 2225 τῶν
1566 2175 1739 2243 αἰγῶν
1762 2154 1935 2249 ἧπαρ,

372 2245 559 2338 ἐπειδὴ
573 2265 754 2338 ηφασιν
776 2252 908 2319 αύτό
930 2269 1073 2320 τινες
1094 2256 1360 2312 κινεῖσθαι
1389 2262 1551 2333 μέχρι
1575 2265 1769 2319 πολλοῦ
1786 2245 1942 2338 ’μετὰ

381 2336 471 2405 τὴν
501 2337 597 2391 τοῦ
633 2339 775 2403 ζὼου
808 2345 1043 2416 σφαγήν.

442 2429 549 2482 Καὶ
572 2430 809 2500 ἐγένετο
847 2434 945 2489 ἐπὶ
992 2437 1134 2504 τοὺς
1158 2439 1452 2508 ἀγγέλους
1482 2445 1681 2500 Σαοὺλ
1709 2449 1942 2518 πνεῦμα

375 2520 546 2586 Θεοῦ,
561 2523 659 2576 καὶ
675 2526 1154 2594 προεφήτευσαν.
1176 2533 1302 2596 Πῶς
1319 2527 1469 2589 οὗτοι
1500 2542 1938 2609 προφητεύουσι;

376 2610 493 2676 πῶς
526 2613 586 2667 δὲ
611 2616 704 2680 καὶ
736 2616 906 2677 Σαοὺλ
935 2618 1200 2691 ὖστερον;
1233 2624 1487 2696 Διάφορα
1517 2628 1697 2684 τοίνυν
1723 2633 1815 2685 τοῦ
1848 2636 1946 2687 As-

377 2703 576 2793 σπότου
609 2705 678 2759 τὰ
731 2708 1001 2780 θήρατρα.
1036 2713 1176 2777 Τοὺς
1225 2714 1324 2782 μὲν
1356 2716 1466 2787 γὰρ
1525 2718 1595 2793 βι*
1638 2720 1943 2793 ἀνθρώπων

373 2792 633 2864 θηρεύειδ
685 2800 811 2861 τοὺς
877 2800 935 2854 δὲ
1003 2803 1239 2875 ἀορασίᾳ
1310 2788 1551 2876 θηρεύεί.
1610 2788 1788 2882 Ὅπερ
1850 2816 1943 2869 ἐπὶ

386 2886 694 2942 Ἐλισσαίου
739 2892 1052 2962 γεγένηται.
1083 2895 1315 2964 Τούτους
1364 2900 1421 2954 δὲ
1462 2902 1551 2956 διὰ
1600 2906 1943 2976 προφητικῆς

375 2976 598 3046 χάριτος
625 2980 716 3033 τὸν
746 2982 910 3038 Δαϐὶδ
954 2986 1273 3042 ἀποκτεῖναι
1304 2990 1604 3047 κεκώλυκε.
1638 2995 1747 3048 Καὶ
1772 2998 1943 3051 Σαοὺλ

2051 562 2266 619 semper
2315 551 2499 606 animo
2547 550 2820 606 volvebat.
2867 551 2968 618 Qui
3018 562 3372 623 posteaquam
3408 554 3612 608 auxilio

2048 642 2279 697 Melchol
2335 645 2523 701 salvus
2573 654 2857 709 evaserat,
2904 644 3418 713 quinquagesimum
3462 652 3613 698 octa~

2048 748 2172 787 vum
2229 734 2429 791 cecinit
2475 736 2745 806 psalmum
2785 753 2797 789 :
2844 753 2863 786 ι
2908 734 3067 806 Eripe
3121 750 3207 790 me
3256 735 3326 790 de
3372 718 3613 791 inimicis

2049 822 2207 886 meis,
2240 823 2384 880 Deus
2417 840 2572 881 meus
2599 825 2643 878 ⁷.
2679 843 2699 876 ι
2987 816 2995 823 ’
3026 824 3027 827 “

2120 912 2312 970 Simile
2359 924 2445 971 est
2489 915 2569 969 illi
2619 914 2767 969 dicto
2797 932 2809 967 :
2836 919 2866 964 ἰ
2903 912 2960 968 Si
2990 914 3116 984 quis
3152 924 3207 968 te
3245 912 3615 984 angariaverit

2050 1022 2219 1060 unum
2270 1007 2526 1072 milliare,
2557 1005 2694 1061 vade
2737 1020 2861 1060 cum
2910 1019 2977 1059 eo
3003 1004 3090 1059 vel
3112 1003 3225 1058 duo
3246 1003 3289 1059 ⁸.
3324 1021 3343 1054 ‹
3370 1001 3616 1072 Namque

2052 1096 2215 1151 David
2247 1106 2464 1151 centum
2493 1096 2827 1167 alienigenas
2858 1090 3165 1149 interﬁcere
3189 1094 3396 1164 iussus,
3420 1093 3620 1149 ducen-

2047 1191 2133 1241 tos
2166 1185 2389 1251 occidit,
2422 1201 2532 1240 non
2578 1185 2761 1241 habita
2806 1183 2992 1240 Saulis
3039 1184 3346 1240 insolentia:
3382 1185 3612 1250 ratione,

2049 1284 2105 1330 ut
2139 1276 2363 1331 historia
2397 1276 2584 1330 refert.
3024 1276 3029 1277 “

2663 1365 2820 1420 CAP.
2857 1364 2999 1439 xix.

2110 1456 2274 1512 Vsus.
2311 1457 2397 1510 t3.
2435 1455 2636 1511 Michol
2676 1457 2869 1529 accepit
2912 1456 3244 1524 cenotaphia,
3277 1466 3385 1511 etc.
3419 1455 3614 1531 Aquila

2051 1546 2415 1618 μορφώματα,
2449 1546 2499 1600 id
2543 1553 2627 1601 est
2676 1546 2880 1616 ﬁguras
2929 1545 3084 1611 dicit,
3119 1553 3172 1600 et
3216 1546 3384 1615 hepar
3422 1560 3610 1615 capra.

2049 1655 2193 1701 rum,
2224 1653 2557 1708 omnemque
2589 1637 3020 1701 multitudinem,
3050 1646 3105 1692 et
3145 1637 3612 1695 convolutionem.

2050 1728 2467 1798 στρογγύλωμα,
2502 1728 2756 1797 pilorum.
2797 1726 3036 1781 Dimisso
3085 1741 3214 1780 vero
3255 1724 3478 1788 Davide,
3540 1725 3614 1780 le-

2045 1825 2194 1871 ctum
2242 1817 2573 1887 composuit,
2604 1824 2864 1886 tanquam
2910 1814 3254 1886 argrotantis,
3293 1814 3465 1868 multa
3513 1816 3616 1866 im-

2041 1922 2253 1978 p0nens
2311 1907 2655 1970 vestimenta,
2690 1907 3105 1962 conversionem
3160 1906 3327 1977 etiam
3377 1904 3613 1977 pilorum

2042 1997 2297 2069 ponendo
2344 1997 2449 2052 sub
2495 2007 2693 2060 veSIes,
2726 1996 2955 2061 idolum,
2993 2006 3188 2065 praeter
3231 1993 3496 2071 quasdam
3543 1994 3626 2047 fa-

2041 2091 2145 2145 ciei
2188 2100 2392 2160 partes,
2431 2088 2695 2144 contexit.
2725 2088 3028 2158 Caprarum
3056 2096 3238 2142 autem
3269 2084 3438 2156 hepar
3469 2083 3617 2139 adhi.

2040 2180 2187 2245 buit,
2235 2194 2301 2234 eo
2354 2178 2501 2248 quod
2550 2176 2774 2247 quidam
2826 2176 3042 2240 dicant,
3099 2182 3341 2230 mactato
3391 2173 3614 2229 animali

2041 2275 2188 2347 longi
2225 2274 2484 2344 temporis
2517 2273 2694 2344 spatio
2725 2271 3010 2342 palpitare.

2112 2453 2273 2521 velis.
2315 2453 2403 2508 20.
2449 2450 2516 2507 Et
2554 2452 2688 2506 venit
2732 2466 2887 2518 super
2914 2438 3133 2503 nuntios
3181 2447 3363 2503 Saulis
3394 2448 3613 2516 spiritus

2047 2543 2171 2607 Dei,
2216 2552 2268 2598 et
2322 2542 2723 2611 prophetarum.
2782 2540 3071 2607 Quomodo
3127 2540 3204 2613 illi
3261 2539 3610 2611 prophetam,

2042 2632 2315 2703 quomodo
2362 2640 2550 2702 postea
2594 2630 2767 2685 Saul?
2796 2629 2959 2684 Varia
2992 2630 3185 2699 utique
3231 2630 3449 2683 Domini
3486 2637 3613 2684 sunt

2045 2729 2204 2784 retia.
2236 2727 2513 2795 Quosdam
2549 2728 2692 2782 enim
2729 2725 3014 2780 hominum
3049 2739 3240 2794 opera,
3277 2734 3331 2778 et
3362 2722 3613 2777 ministe—

2046 2820 2129 2871 rio
2159 2819 2337 2886 capit;
2366 2818 2637 2887 quosdam
2668 2816 2914 2870 caecitate
2943 2822 3188 2869 venatur.
3217 2811 3273 2867 ld
3298 2814 3443 2887 quod
3470 2814 3614 2869 acci-

2044 2909 2124 2964 dit
2156 2910 2495 2978 temporibus
2541 2908 2744 2963 Elisaei.
2787 2905 2913 2978 Illos
2960 2913 3139 2960 autem
3192 2919 3289 2974 per
3336 2904 3615 2974 propheti—

2044 3014 2164 3053 cam
2210 3000 2442 3071 gratiam
2485 2999 2743 3053 Davidem
2789 2999 3098 3054 interﬁcere
3145 2995 3442 3067 prohibuit.
3484 2993 3613 3047 Saul

374 3067 456 3127 δὲ,
508 3071 647 3135 μετὰ
695 3073 904 3137 πάντας
961 3076 1164 3143 ἐλθὼν,
1226 3080 1333 3135 τῶν
1379 3083 1479 3152 τῆς
1533 3085 1943 3158 φιλανθρωπίας

2058 3067 2235 3154 etiam,
2267 3092 2358 3159 qui
2398 3101 2520 3160 post
2563 3104 2756 3145 omnes
2785 3090 2953 3153 venit,
2988 3086 3345 3143 humanitatis
3375 3086 3615 3139 vinculis

378 3162 633 3253 τυγχάνει
674 3163 909 3234 δεσμῶν.
961 3169 1302 3241 Προφητεύει
1359 3176 1459 3245 μὲν
1510 3177 1641 3249 γὰρ,
1698 3181 1815 3233 ἀλλ’
1845 3183 1943 3253 οὐχ

378 3251 591 3344 ὁμοίωςΔ
628 3258 742 3344 τοῖς
799 3258 999 3323 ἄλλοις.
1041 3263 1281 3330 Ἀνάξιος
1310 3267 1418 3344 γᾴρ
1460 3268 1535 3321 ῶν
1569 3271 1668 3341 τῆς
1700 3251 1941 3344 χάριτος,

379 3342 684 3431 γυμνωθεὶς
713 3345 813 3415 τῆς
848 3348 1076 3418 ἐσθῆτος
1114 3336 1454 3424 πανημέρίος
1494 3336 1942 3431 ἔκειτο.“’1έδήλου

377 3430 432 3483 δὲ
467 3432 529 3483 τὸ
552 3433 741 3504 σχῆμα
766 3436 866 3507 τὴν
889 3439 987 3507 τῆς
1019 3438 1296 3509 βασιλείας
1320 3446 1629 3516 ἀφαίρεσιν.
1656 3450 1763 3502 Καὶ
1790 3451 1943 3514 δίκας

374 3521 434 3573 δὲ
468 3522 603 3575 τίνει
637 3524 730 3577 τοῦ
767 3529 1111 3596 προφητικοῦ
1152 3536 1573 3606 καταφρονήσας
1608 3539 1940 3608 πνεύματος.

378 3614 457 3683 Τῇ
492 3616 602 3686 γὰρ
630 3620 773 3671 κατὰ
804 3622 970 3673 Δαϐὶδ
1006 3624 1143 3694 ὀργῇ
1194 3627 1257 3677 τὸ
1292 3627 1435 3681 θεῖον
1468 3628 1657 3700 ὕϐρισε
1702 3634 1941 3704 Πνεῦμα.

390 3704 671 3759 Ἐντεῦθεν
699 3707 756 3761 δὲ
783 3709 963 3778 δῆλον,
992 3711 1066 3774 ὡς
1097 3714 1124 3764 ὁ
1165 3713 1509 3784 κολλώμενος
1548 3719 1746 3786 ἁγίοις,
1791 3723 1945 3788 ἆγιος

381 3791 564 3859 ἔσται,
597 3794 700 3848 κᾶν
732 3798 996 3869 πρότερον
1104 3803 1363 3873 πονηρύς⁹
1405 3806 1498 3871 καὶ
1541 3808 1773 3877 μάλιστα
1797 3852 1811 3875 ,
1869 3815 1943 3882 μὴ

380 3883 761 3957 παλινδρομῶν
786 3885 942 3953 αὖθις
968 3892 1063 3945 ἐπὶ
1093 3893 1162 3946 τὰ
1186 3895 1451 3965 πρότερα.

973 4070 1220 4124 ΚΕΦΑΛ.
1266 4074 1350 4129 κν.

450 4156 859 4227 Ἀποκαλύψει
884 4160 947 4215 τὸ
981 4159 1158 4243 ditior
1184 4180 1318 4228 μου.
1351 4163 1667 4237 Σύμμαχος,
1695 4167 1835 4221 Ἐὰν
1858 4168 1944 4237 μὴ

378 4247 625 4317 δηλώσῃ
655 4252 742 4314 εἰς
761 4248 958 4317 ἀκοήν
981 4269 1121 4321 μου.
1156 4252 1218 4307 C.
1248 4253 1311 4307 L.

447 4341 540 4402 Τὸ,
581 4341 1033 4410 Ἐμπέπὶηιησται
1050 4344 1277 4410 μεταξὺ
1299 4344 1465 4413 ἐμοῦ,
1501 4348 1591 4399 καὶ
1609 4347 1755 4418 ἑξῆς,
1781 4350 1940 4403 Ἀκύ-

2052 3183 2298 3236 irn-titus
2339 3190 2445 3237 est.
2488 3181 2789 3251 Prnphetat
2836 3182 3003 3246 enim,
3050 3179 3144 3235 sed
3188 3194 3294 3232 non
3338 3177 3614 3236 similiter.

2051 3282 2103 3326 ul
2144 3274 2360 3342 reliqui.
2390 3272 2651 3341 Indignus
2684 3271 2830 3326 enim
2866 3270 3059 3342 gratia,
3092 3276 3244 3323 veste
3272 3275 3470 3323 exutus
3503 3273 3615 3320 tota

2049 3364 2403 3435 diej‘acebat.
2442 3362 2674 3418 Habitus
2722 3372 2901 3418 autem
2951 3362 3042 3417 ille
3090 3360 3241 3432 regni
3288 3358 3614 3415 ablationcm

2051 3455 2418 3525 signiﬁcabat.
2444 3454 2644 3509 Pinnas
2671 3454 2799 3514 item
2825 3453 2975 3508 dedit
2998 3460 3222 3523 propter
3247 3457 3615 3520 contemptum

2051 3544 2353 3614 pmphctici
2396 3546 2647 3613 spiritus.
2698 3543 2780 3597 lra
2817 3544 2960 3597 enim
2995 3553 3187 3596 contra
3226 3540 3505 3606 Davidem,
3536 3541 3617 3592 di-

2051 3636 2234 3686 vinum
2279 3632 2543 3703 Spiritum
2597 3634 2933 3687 contumelia
2987 3632 3185 3689 all'ecit.
3239 3633 3383 3686 Hinc
3433 3639 3615 3685 autem

2051 3721 2402 3774 manifestum
2429 3727 2514 3775 est
2571 3721 2737 3785 quod.
2766 3721 2856 3785 qui
2886 3720 3091 3774 sanctis
3119 3720 3379 3782 adlizeret,
3406 3728 3457 3773 et
3488 3735 3620 3773 con-

2051 3821 2321 3872 versatur,
2362 3819 2588 3863 sanctus
2622 3808 2874 3869 elliritur,
2904 3809 3007 3862 etsi
3053 3818 3177 3862 ante
3213 3809 3392 3865 malus
3431 3809 3616 3863 luerit.

2054 3898 2220 3968 quue
2267 3906 2379 3954 tum
2424 3899 2677 3962 maxime,
2712 3900 2755 3953 si
2808 3899 2875 3954 ad
2928 3898 3113 3970 priora
3157 3900 3337 3955 denuo
3382 3917 3487 3955 non
3534 3915 3620 3955 rc-

2050 4002 2259 4045 currat.

2695 4082 2847 4137 CAl‘.
2902 4081 3018 4135 XX.

2122 4170 2285 4227 \‘ens’.
2326 4174 2408 4227 1'5.
2448 4173 2627 4242 Neque
2654 4174 2905 4227 rerelabit
2936 4176 3157 4228 auribus
3191 4177 3337 4229 meis.
3372 4177 3617 4246 Symma-

2054 4268 2212 4331 chus,
2250 4264 2372 4318 Nisi
2402 4266 2715 4319 indicaverit
2746 4267 2954 4319 audimi
2981 4283 3112 4319 meo.

2124 4356 2250 4419 Pro,
2304 4356 2563 4422 lmpletur
2619 4357 2757 4410 inter
2804 4374 2905 4420 me,
2952 4369 3059 4415 etc.
3108 4359 3305 4426 Aquila
3357 4369 3411 4413 et
3461 4358 3617 4429 Sym-

379 4430 477 4492 λας
506 4433 600 4484 καὶ
622 4432 922 4503 Σύμμαχος
946 4438 993 4498 ⁸,
1018 4434 1201 4487 Ὅσον
1228 4434 1401 4504 ,βῆμα
1434 4437 1775 4509 ἀναμείναξὺ
1799 4441 1945 4509 ἐμοῦ

2058 4448 2279 4503 machus
2308 4447 2513 4503 habent
2545 4467 2557 4502 :
2592 4448 2863 4516 Quantum
2889 4450 3087 4522 gradus
3122 4452 3259 4505 inter
3290 4467 3370 4505 me
3401 4460 3449 4504 et
3475 4467 3618 4506 mor-

382 4518 477 4571 καὶ
507 4518 614 4573 τοῦ
644 4520 927 4574 θανάτου.
965 4523 1028 4576 C.
1056 4522 1115 4577 L.

466 4609 763 4678 Ἡγάπησε
810 4612 1024 4681 ψυχὴν
1060 4615 1410 4683 ἀγαπῶντος
1450 4619 1653 4673 αὐτόν.
1703 4622 1951 4686 Ἀκύλας,

382 4699 544 4753 Κατὰ
575 4700 690 4767 τὴν
711 4701 921 4771 ψυχὴν
954 4704 1160 4757 αὑτοῦ.
1191 4704 1254 4759 C.
1284 4704 1348 4758 L.
1487 4772 1502 4783 '

457 4790 551 4855 Τὸ,
599 4790 1109 4858 Ἔπισκεπήσεται
1132 4792 1168 4859 ἡ
1192 4793 1448 4862 καθέδρα
1470 4812 1610 4861 σου,
1631 4799 1951 4870 Σύμμαχος,

385 4880 814 4947 Ζητηθήσετας.
861 4882 923 4935 C.
958 4882 1016 4935 L.
1092 4940 1102 4949 η

458 4971 867 5040 Τρισσεύσεις.
896 4975 1152 5037 Ἀκύλας,
1177 4977 1332 5045 τρεῖς
1354 4979 1576 5048 ἡμέρας
1598 4983 1914 5051 ἀναμενεῖς
1935 5003 1948 5015 ·

2053 4550 2177 4593 lem.

2125 4614 2291 4685 Vleas.
2328 4629 2415 4683 l7.
2450 4628 2714 4699 Diligebat
2753 4631 2989 4684 animam
3029 4631 3143 4699 ejus
3176 4631 3263 4701 qui
3293 4631 3466 4697 ipsum
3495 4629 3619 4684 dili‘

2048 4718 2217 4787 gebat.
2255 4720 2468 4788 Aquila,
2499 4720 2577 4772 uti
2617 4735 2768 4773 suam
2803 4723 3058 4774 animum.

2123 4809 2246 4872 Pro,
2295 4807 2612 4879 Contegetur
2641 4810 2808 4864 sessio
2855 4820 2947 4863 tua
2982 4850 2996 4874 ,
3044 4807 3408 4881 Symmachus
3437 4811 3619 4875 habet,

2050 4899 2387 4967 Requiretur.

2123 4988 2493 5057 Τρισσεύσεις.
2551 4990 2771 5060 Aquila,
2820 4992 2987 5045 tribus
3041 4990 3227 5047 diebus
3272 4993 3618 5062 exspectabis.

381 5063 468 5117 διὰ
497 5064 551 5117 τί
575 5064 631 5117 δὲ
660 5065 735 5134 τῷ
757 5067 919 5119 Δαὸὶδ
948 5066 1036 5120 διὰ
1068 5067 1238 5136 βελῶν
1261 5070 1427 5139 ἤγουν
1450 5073 1713 5128 ἀκοντίων
1734 5075 1831 5146 τὴν
1857 5077 1951 5130 τοῦ

382 5156 621 5225 πατέρος
657 5159 924 5226 ἐμήνυσεν
976 5160 1233 5214 Ίωνάθαν
1288 5163 1618 5235 ἐπιϐουλήνς
1659 5168 1821 5231 Τινὲς
1865 5171 1950 5224 διὰ

379 5250 472 5301 τὸν
504 5250 716 5319 οἰκέτην
735 5251 920 5318 φασὶν,
952 5252 1037 5304 ἵνα
1071 5252 1145 5323 μὴ
1164 5252 1312 5325 μάθῃ
1348 5256 1416 5307 τὰ
1444 5259 1780 5329 μηνυόμενα.
1807 5260 1948 5314 Ἀλλ’

382 5337 508 5409 ἐξῆν
533 5341 626 5393 καὶ
655 5339 800 5410 μόνῳ
830 5343 1239 5412 φραγενέσθαι
1263 5362 1276 5375 ·
1310 5345 1427 5399 ἀλλ’
1453 5349 1552 5400 οὐκ
1584 5350 1647 5403 ἂν
1677 5349 1777 5419 τὴν
1839 5353 1941 5407 ὑπ-

2050 5081 2230 5146 Quare
2278 5089 2462 5136 autem
2512 5080 2786 5141 Jonathan
2841 5099 2937 5151 per
2977 5083 3184 5153 iactum
3239 5084 3493 5149 telorum,
3528 5094 3623 5137 aut

2049 5173 2546 5240 certejaculorum,
2579 5172 2768 5229 Davidi
2809 5175 2985 5244 patris
3014 5174 3243 5230 insidias
3290 5174 3623 5229 declaravit?

2050 5264 2281 5330 Quidam
2312 5273 2529 5334 propter
2562 5279 2781 5319 servum
2812 5264 3006 5319 dicunt
3033 5264 3147 5318 haec
3178 5264 3321 5318 facta
3351 5280 3497 5321 esse.
3532 5279 3619 5326 nc,

2056 5354 2186 5421 quid
2211 5352 2636 5422 signiﬁcaretur,
2659 5362 3039 5423 cognosceret.
3068 5356 3137 5409 At
3168 5356 3436 5425 potuisset
3473 5356 3623 5408 solus

426 5516 476 5589 ,⁷
512 5514 654 5571 Psal.
691 5521 904 5579 Lvmﬂ.
979 5520 1000 5549 ⁸
1034 5518 1222 5576 Matth.
1253 5537 1307 5585 v,
1344 5522 1433 5576 4|.

3222 5574 3253 5590 ρ

1693 5610 1927 5665 νΑιιιεΕ
1965 5600 2370 5669 LECTIONES.

458 5707 480 5733 ι
507 5697 598 5761 Τὸ,
630 5697 942 5770 Σύμμαχος,
975 5702 1030 5753 ἐν
1057 5700 1133 5770 τῷ
1167 5700 1263 5771 τῆς
1290 5701 1424 5761 Αὑγ.
1456 5701 1581 5758 κώδ.
1614 5704 1673 5755 ού
1701 5706 1894 5757 κεῖται.
