3986 6218
375 327 510 392 1109

1376 339 1911 402 COMMENTARII
1956 342 2036 402 ΙΝ
2077 345 2220 406 LIB.
2248 347 2273 405 Ι
2305 347 2597 408 REGUM-

3479 304 3610 398 tuo

371 448 484 506 τοῖς
515 445 612 498 σὺν
639 444 820 516 αὐτῶν
839 449 936 519 τῆς
958 447 1115 516 ἁγίας
1146 449 1239 502 καὶ
1269 451 1546 523 ἱερατικῆς
1571 453 1796 525 τροφῆς,
1824 457 1932 524 μεῖ-

2050 457 2321 524 pontifex,
2377 459 2561 512 Davidi
2595 495 2607 519 ,
2651 463 2704 508 et
2750 453 2870 525 ejus
2915 452 3248 517 comitibus,
3300 453 3608 505 concedi-us

372 533 464 597 ζον
492 536 704 606 ἐφρόνει
736 537 835 608 τῆς
858 538 964 592 τῶν
996 539 1206 600 πολλῶν
1235 541 1504 608 διανοίας.

439 717 901 787 Πυνθανόμενος
945 717 1034 781 δὲ,
1080 721 1132 774 ει
1161 723 1389 790 καθαρὰ
1417 723 1490 778 τὰ
1523 724 1804 795 παιδάρια
1822 723 1939 781 ἀπὸ

369 809 673 876 γυναικός.
730 808 984 879 Παρέστη
1040 821 1102 873 ﬁ,
1157 811 1239 864 ὅτι
1293 813 1326 882 ἡ
1381 813 1690 886 καθαρότης
1764 818 1856 870 καὶ
1907 819 1938 888 ἡ

369 897 565 964 ἁγνεία
604 898 878 968 ἰσοτίμους
907 901 1022 962 τοῖς
1055 901 1260 972 ἱερεῦσι
1292 905 1457 958 ποιεῖ.

439 989 597 1042 Κατὰ
635 989 906 1061 ἐρώτησιν
942 992 1234 1060 ἀνάγνωθι,
1278 995 1560 1048 τουτέστι·
1592 999 1702 1051 Καὶ
1735 998 1938 1068 ταύτην

369 1080 468 1148 τὴν
497 1079 613 1134 ὁδὸν
637 1081 857 1134 καλέσαι
883 1081 946 1134 ἄν
979 1099 1063 1146 τις
1097 1082 1325 1152 βέϐηλον
1345 1125 1360 1149 ,
1390 1084 1511 1154 ἣτις
1564 1087 1822 1156 ἡγίασται
1851 1089 1939 1142 διὰ

369 1173 437 1222 τὰ
472 1167 640 1242 σκεύη
677 1189 804 1242 μου,
834 1174 1080 1226 τουτέστι
1123 1177 1220 1243 τὴν
1263 1173 1538 1239 ἐξόπλισίν
1585 1194 1710 1246 μου,
1756 1179 1852 1232 καὶ
1877 1180 1940 1233 τὸ

369 1259 462 1312 ἐπὶ
491 1260 725 1332 πόλεμόν
744 1280 817 1336 με
835 1263 1090 1330 ἀπιέναι;
1118 1265 1287 1334 Δῆλον
1307 1267 1369 1318 ὲκ
1403 1267 1618 1330 τούτου,
1643 1269 1716 1334 ὡς
1751 1287 1940 1324 σκευο-

369 1351 526 1422 φόροι
559 1353 711 1416 δντες
743 1355 792 1406 oi
828 1354 1037 1420 παῖδες,
1072 1357 1167 1408 καὶ
1189 1355 1257 1409 τὰ
1281 1357 1420 1410 ὅπλα
1463 1359 1626 1412 αὐτοῦ
1653 1359 1938 1430 βαστάζον·

365 1459 474 1507 τες,
499 1443 800 1512 ἡγνίζοντο,
831 1444 1064 1510 ἐξιόντος
1091 1447 1254 1500 αὐτοῦ
1280 1449 1371 1502 ἐπὶ
1399 1449 1632 1520 πόλεμον
1655 1451 1704 1506 δ.
1737 1453 1860 1506 Ὅτι
1881 1454 1938 1507 δὲ

365 1535 431 1588 τὰ
460 1535 723 1608 παιδάρια
743 1537 1072 1608 ἠκολούθουν
1103 1539 1251 1610 αὐτῷ
1283 1540 1356 1602 ὡς
1388 1544 1739 1615 σκευοφόροι,
1779 1547 1936 1618 δῆλον

365 1627 428 1678 ὲκ
450 1625 680 1694 πολλῶν,
715 1631 810 1683 καὶ
836 1631 972 1695 τέως
995 1632 1060 1686 ἐκ
1095 1633 1190 1686 τοῦ
1223 1636 1408 1703 τέλους
1441 1639 1538 1710 τῆς
1574 1640 1797 1712 πρώτης
1829 1645 1936 1696 τῶν

368 1717 682 1783 Βασιλειῶν,
737 1720 865 1776 ἔνθα
908 1723 1072 1794 φησί·
1112 1743 1132 1778 ι
1165 1727 1276 1782 Καὶ
1325 1727 1448 1783 εἶπε
1479 1733 1653 1786 Σαοὺλ
1681 1734 1818 1804 πρὸς
1843 1735 1936 1788 τὸν

366 1807 590 1900 αἴροντα
616 1810 686 1864 τὰ
724 1813 892 1885 σκεύη
920 1815 1087 1870 αὐτοῦ
1109 1829 1120 1842 ’
1139 1819 1350 1874 Σπάσαι
1397 1822 1498 1894 τὴν
1536 1825 1810 1894 ῥομφαίαν
1841 1843 1934 1880 σου

367 1901 461 1954 καὶ
492 1901 862 1974 ἀποκέντησόν
897 1924 964 1976 με
1001 1910 1060 1961 ὲν
1097 1910 1260 1982 αὑτῇι
1303 1931 1322 1964 ι
1357 1914 1466 1968 Καὶ
1505 1917 1656 1984 παρὰ
1693 1918 1751 1970 τὸ
1785 1919 1936 1984 τέλος

364 1995 465 2064 τῆς
491 1993 750 2066 δευτέρας
777 2000 942 2068 φησὶν
967 2001 1026 2055 ὲν
1063 2005 1126 2073 τῇ
1153 2004 1532 2076 ἀπαριθμήσει
1557 2008 1666 2062 τῶν
1693 2009 1935 2065 δυνατῶν

365 2085 460 2138 τοῦ
486 2087 651 2141 Δασίδ
674 2105 690 2120 θ
727 2109 746 2140 ι
784 2091 823 2142 Γ
825 2091 995 2163 ελωρὲ
1018 2095 1047 2147 ό
1091 2096 1407 2166 Βηρωθαίος
1439 2099 1618 2171 αἴρων
1663 2102 1732 2154 τὰ
1763 2103 1932 2172 σκεύη

378 2175 536 2230 Ἰωὰὸ
567 2178 685 2232 υἱοῦ
734 2179 990 2253 Σαρουῖα.
1030 2204 1047 2237 ι
1103 2185 1273 2240 Τοῦτο
1317 2185 1413 2242 οὖν
1463 2189 1612 2258 λέγει
1642 2191 1877 2246 ἐνταῦθα
1905 2192 1934 2243 ὁ

368 2267 565 2332 Δαείδῇ
599 2268 942 2341 Ἦγνισμένοι
974 2273 1111 2327 εἰσὶν
1141 2278 1189 2329 οί
1227 2279 1440 2342 παῖδες,
1473 2280 1562 2334 διὰ
1583 2281 1643 2333 τὸ
1677 2283 1936 2350 σκευοφό-

369 2379 496 2432 ρους
532 2363 729 2427 αὒτοὺς
751 2358 909 2432 εἶναι,
945 2367 992 2419 εί
1022 2369 1117 2422 καὶ
1137 2368 1204 2422 τὰ
1231 2371 1462 2438 μάλιστα
1485 2372 1579 2426 νῦν
1603 2374 1690 2428 διὰ
1716 2376 1777 2429 τὸ
1801 2376 1932 2444 φεύ·

367 2465 506 2518 γειν,
541 2451 679 2504 ὅπλα
701 2453 800 2504 οὐκ
829 2454 1146 2525 ἐπεφέρετο.
1183 2457 1244 2510 C.
1287 2457 1350 2510 L.

304 2603 320 2625 .
437 2539 557 2595 Τῶν
581 2542 762 2610 μέντοι
795 2545 906 2607 τοῖς
928 2545 1162 2613 ἱερεῦσιν
1182 2546 1489 2619 ἀπονενεμη
1499 2549 1673 2620 μένων
1698 2553 1936 2621 μεταλα-

367 2629 475 2683 6ὼν
497 2634 525 2684 ὁ
557 2631 739 2697 saeta,
773 2634 1076 2705 προύδήλου
1121 2636 1222 2706 τὴν
1261 2639 1396 2691 πᾶσι
1457 2643 1935 2714 προτεθησομένην

365 2725 478 2786 τοῖς
500 2724 746 2778 εὐσεϐέσι
770 2726 1045 2796 τράπεζαν
1074 2731 1366 2802 μυστικήν.
1404 2732 1510 2785 Τοῦ
1534 2733 1643 2804 γὰρ
1675 2739 1934 2788 Δεσποτι-

365 2813 464 2867 κοῦ
510 2813 763 2884 σώματος
807 2817 1005 2888 ὁμοίως
1062 2820 1568 2892 μεταλαμϐάνουσιν
1621 2829 1787 2898 ίερείς
1843 2833 1936 2887 καὶ

365 2905 482 2960 λαοὶ
516 2917 563 2972 ο,
597 2908 712 2961 ὅσοι
744 2910 1006 2980 μετέσχον
1038 2910 1131 2964 τοῦ
1171 2911 1316 2967 Θείου
1345 2914 1742 2990 βαπτίσματος.

2047 546 2229 599 cibum
2262 556 2538 612 sanctum,
2572 555 2626 602 ct
2655 544 3043 615 pontificalem,
3079 543 3200 612 plus
3223 557 3384 611 quam
3418 545 3610 614 vulgus

2047 637 2314 706 sapiebat.

2113 725 2283 780 Vens.
2317 726 2371 780 4.
2425 725 2794 794 Interrogans,
2847 741 2915 777 an
2959 723 3082 793 puri
3128 739 3159 775 ιι
3191 709 3410 774 muliere
3461 724 3612 788 pueri

2042 815 2504 872 essent.05tendit
2530 815 2880 870 sanctitatem
2929 824 2984 868 et
3009 812 3395 866 castimoniam
3420 812 3608 864 eodem

2043 909 2146 964 nos
2177 925 2300 963 cum
2337 906 2692 978 pontificibus
2727 907 2933 960 ltouore
2973 903 3172 972 dignos
3199 899 3431 955 ellicere.

2115 997 2511 1068 lnterrogando
2552 997 2666 1050 haec
2703 995 2854 1055 efl‘er,
2907 994 3054 1048 hunc
3091 993 3142 1046 in
3179 992 3436 1044 modum:
3470 988 3606 1042 Num

2041 1091 2166 1159 quis
2198 1089 2479 1158 profanam
2513 1086 2868 1156 appellaverit
2924 1083 3065 1138 hanc
3123 1085 3440 1152 vuum-qua:
3485 1097 3612 1136 sart-

2040 1179 2276 1234 etifteata
2307 1185 2499 1246 estper
2529 1191 2655 1230 vasa
2689 1190 2828 1237 mea,
2863 1174 2915 1228 id
2941 1183 3022 1228 est
3051 1184 3385 1227 armaturam
3413 1188 3608 1234 meam,

2040 1285 2144 1325 nec
2179 1285 2285 1323 non
2317 1283 2382 1323 eo
2415 1267 2559 1337 quod
2591 1267 2656 1320 ad
2689 1267 2892 1320 bellum
2928 1258 3252 1334 proficiscor
3278 1280 3294 1334 ξ
3321 1263 3463 1318 unde
3509 1278 3608 1330 ap-

2038 1369 2195 1431 paret
2237 1374 2429 1416 servos
2478 1359 2599 1428 ejus
2640 1358 2760 1427 qui,
2807 1357 2926 1427 ipso
2959 1357 3025 1410 ad
3062 1355 3371 1410 faciendum
3406 1354 3606 1408 bellum

2040 1451 2456 1522 progrediente,
2501 1463 2632 1504 vasa
2687 1459 2852 1518 atque
2895 1462 3047 1500 arma
3095 1446 3216 1516 ejus
3275 1445 3605 1514 portabant,

2039 1541 2414 1597 sanctificatos
2487 1557 2630 1598 esse.
2697 1539 2853 1606 Quod
2911 1547 3092 1593 autem
3159 1537 3405 1592 nonnulli
3463 1537 3605 1592 servi

2038 1634 2217 1704 ipsum
2244 1633 2419 1688 secuti
2452 1632 2564 1685 sint
2593 1646 2720 1685 vasa
2747 1637 3046 1700 gestantes,
3079 1640 3272 1700 prarter
3303 1629 3470 1683 multa
3503 1629 3607 1682 alia

2037 1725 2444 1781 demonstratur
2463 1739 2526 1777 ex
2548 1713 2652 1775 fin'e
2671 1719 2832 1790 primi
2857 1719 3168 1788 Regnorum
3189 1719 3338 1780 libri,
3364 1719 3454 1772 ubi
3479 1718 3609 1790 legi-

1967 1797 2008 1852 Β
2040 1825 2164 1869 tur:
2199 1834 2216 1866 ι
2259 1812 2326 1885 Et
2347 1814 2483 1868 dixit
2521 1811 2652 1866 Saul
2677 1812 2742 1866 ad
2774 1827 2896 1865 eum
2941 1810 3031 1878 qui
3062 1810 3236 1880 ipsius
3266 1823 3393 1862 vasa
3421 1817 3607 1878 porta-

2036 1907 2162 1959 bat:
2191 1905 2410 1974 Stringe
2439 1903 2678 1974 gladium
2715 1911 2866 1955 tuum
2896 1915 3070 1970 eoque
3105 1916 3191 1954 me
3224 1897 3478 1968 transfige
3507 1899 3547 1951 ’.
3583 1916 3601 1948 ι

2037 1997 2101 2050 Ει
2127 2013 2320 2052 versus
2351 1997 2512 2050 finem
2557 1995 2786 2051 secundi
2820 1994 2984 2058 libri,
3033 1993 3124 2046 ubi
3154 1993 3424 2062 primores
3449 1989 3608 2044 Davi-

2036 2089 2120 2144 dis
2149 2096 2533 2154 recensentur,
2567 2087 2682 2141 haec
2726 2085 2938 2140 habes:
2991 2102 3010 2134 ι
3049 2083 3248 2138 Gelore
3291 2081 3607 2136 Berothazus

2034 2182 2127 2250 qui
2168 2180 2418 2250 portabat
2446 2193 2573 2235 vasa
2602 2176 2760 2240 Joab,
2807 2177 2904 2230 filii
2951 2177 3156 2231 Sarviae
3189 2175 3254 2229 ‘°.
3296 2193 3314 2227 ι
3353 2173 3466 2228 Hoc
3504 2175 3606 2244 igi-

2035 2283 2124 2326 tttr
2157 2271 2322 2326 David
2374 2272 2548 2326 dicit:
2586 2270 2932 2324 Sanctificati
2976 2276 3105 2323 sunt
3156 2266 3298 2322 servi
3350 2282 3415 2320 eo
3460 2267 3603 2336 quod

2036 2375 2164 2415 vasa
2197 2360 2413 2414 ferunt:
2452 2359 2703 2428 quamvis
2735 2373 2884 2413 nunc
2915 2357 3173 2428 quidem,
3210 2355 3342 2426 quia
3390 2355 3444 2408 in
3481 2355 3603 2423 fuga

2033 2461 2209 2515 erant,
2241 2465 2392 2506 arma
2427 2465 2533 2504 non
2566 2448 2922 2504 inferrentur.

2106 2542 2260 2609 Quod
2317 2550 2498 2598 autem
2559 2539 2729 2594 David
2787 2528 3182 2608 eoruquua:
3227 2537 3604 2594 sacerdotibus

2036 2637 2310 2706 assignata
2368 2641 2562 2697 erant,
2611 2633 2884 2703 particeps
2946 2629 3123 2686 factus
3175 2639 3296 2694 est,
3351 2629 3605 2684 omnibus

2035 2727 2140 2796 piis
2187 2740 2430 2778 mensam
2485 2725 2770 2794 mysticam
2825 2719 3233 2794 proponendam
3295 2735 3420 2776 esse
3479 2719 3607 2775 inde

2039 2813 2387 2870 manifestum
2412 2823 2518 2870 est.
2544 2813 2830 2868 Dominico
2859 2813 3002 2868 enim
3037 2826 3268 2881 corpore
3293 2811 3608 2866 sacerdotes

2036 2911 2260 2980 pariter,
2291 2915 2344 2962 et
2371 2907 2492 2962 laici
2523 2908 2875 2978 participant,
2921 2910 3191 2976 quotquot
3255 2902 3398 2959 sacri
3431 2903 3605 2972 bapti-

2038 3003 2230 3059 smatis
2262 3001 2557 3072 participes
2591 2999 2717 3055 facti
2750 3007 2898 3056 sunt.

435 3071 756 3183 Ἐλεύθεροι.
781 3083 836 3183 5—3:
876 3084 972 3183 τόν
1009 3086 1179 3183 ὲαϐξδ
1206 3088 1308 3160 τῆς
1335 3092 1530 3183 ὲκῖτοῦ
1576 3099 1768 3164 φαγεῖν
1801 3115 1934 3153 κατ-
1961 3123 2004 3183 C
2111 3071 2364 3148 Davidem
2402 3071 2472 3146 eo
2496 3091 2642 3162 quod
2679 3090 3002 3156 comederit,
3048 3090 3256 3144 nullam
3288 3085 3606 3142 accusatio-

363 3171 588 3242 ηγορίας
616 3175 708 3226 καὶ
735 3178 763 3228 ό
786 3176 976 3247 Σωτὴρ
1007 3176 1225 3246 ἔδειξεν,
1266 3182 1345 3244 είς
1375 3182 1483 3258 τὴν
1521 3185 1659 3256 ὑπὲρ
1691 3187 1798 3242 τῶν
1831 3208 1933 3258 μα-

365 3259 544 3332 Θητῶν
571 3263 867 3338 ἀπολογίαν
890 3267 1049 3322 τοῦτο
1077 3269 1314 3341 εἰρηκὼς
1341 3274 1403 3326 τὸ
1435 3257 1700 3348 διήγημα.
1739 3280 1797 3336 C.

431 3443 539 3498 Kal
564 3443 602 3511 ἠ
625 3443 763 3512 ὁδὸς
793 3448 942 3516 αὕτη
958 3450 1248 3518 βέϐηλος.
1279 3453 1586 3521 Είπὼν,ὄτι
1620 3463 1766 3529 τρεῖς
1796 3463 1931 3532 ἡμέ-

361 3549 460 3605 ρας
487 3536 804 3605 ήγνεύκασι,
839 3541 1222 3610 προστέθεικεν
1282 3545 1364 3598 ὄτι
1402 3547 1490 3600 διὰ
1509 3547 1607 3618 τὴν
1640 3556 1932 3620 προκειμέ-

361 3643 458 3692 νην
489 3627 804 3694 ἀναγκαίως
841 3631 939 3698 τῆς
978 3633 1129 3702 ἱερᾶς
1158 3637 1368 3706 τροφῆς
1399 3640 1802 3715 μεταλήψεται,
1850 3655 1930 3710 ὡς

358 3715 424 3809 διν
572 3718 744 3809 αότῆς
763 3721 1104 3789 κρατυνοεὶς,
1129 3727 1196 3777 τὰ
1224 3731 1557 3799 προκείμενα
1583 3737 1924 3809 κατορθώσῃ.

360 3807 431 3859 Τὸ
472 3808 528 3860 δὲ
551 3807 850 3874 βέϐηλον,
893 3811 992 3863 οὐκ
1033 3813 1126 3865 ἐπὶ
1154 3815 1247 3868 τοῦ
1278 3817 1619 3889 ἀκαθάρτου
1659 3807 1925 3892 τέθεικεν,

356 3899 472 3952 ἀλλ’
503 3900 594 3952 ἐπὶ
637 3899 731 3953 τοῦ
777 3901 864 3970 μὴ
922 3903 1103 3970 ἱεροῦ.
1139 3906 1262 3961 ὅθεν
1293 3909 1386 3962 καὶ
1428 3912 1660 3980 Ἀκύλας
1699 3920 1928 3985 λαῖκὴν

353 3989 636 4054 ἐξέδωκεν.
687 3992 1001 4058 Τουτέστιν,
1041 3997 1089 4048 εί
1137 3998 1230 4050 καὶ
1264 4000 1439 4068 ἱερεὺς
1485 4005 1745 4076 οὐκεὶμὶ,
1789 4010 1927 4064 ἀλλὰ

355 4083 700 4153 προφητικῆς
723 4085 996 4155 τετύχηκα
1017 4087 1258 4159 χάριτος.
1286 4090 1460 4162 Σκεύη
1486 4095 1594 4166 γὰρ
1613 4099 1789 4152 αὐτῶν
1830 4104 1926 4156 καὶ

353 4173 648 4240 πανοπλία,
675 4175 707 4244 ἡ
743 4175 1092 4245 πνευματικὴ
1124 4175 1322 4247 δωρεά.
1684 4209 1691 4216 -
1773 4167 1776 4170 ⁴

419 4347 540 4401 Ὅτι
573 4350 686 4403 οὐκ
717 4349 888 4406 ἔστιν
925 4351 1096 4421 ἑτέρα
1127 4356 1332 4422 ’παρὲξ
1365 4357 1556 4426 αὐτῆς
1605 4355 1742 4418 ὦδε.
1785 4368 1922 4420 Οὐδὲ

2041 3201 2162 3240 nem
2199 3185 2534 3246 incurrisse,
2583 3183 2748 3236 etiam
2783 3181 3036 3236 Salvator
3067 3180 3488 3245 demonstravit,
3512 3179 3604 3234 ubi

2041 3287 2100 3330 nt
2122 3277 2424 3347 discipulos
2450 3290 2582 3332 suos
2611 3272 2948 3340 defenderet,
2970 3273 3135 3344 hujus
3165 3271 3243 3328 rei
3270 3271 3604 3327 mentionem

2041 3369 2190 3423 fecit.
2891 3422 2909 3432 _

2100 3459 2282 3520 Naris.
2309 3460 2364 3515 5.
2411 3460 2478 3514 Et
2523 3463 2742 3515 via/uec
2786 3459 3033 3526 impura,
3080 3465 3130 3509 et
3175 3454 3429 3524 profana.
3468 3450 3604 3506 Cum

2038 3551 2104 3604 ad
2159 3561 2274 3605 tres
2326 3551 2445 3605 dies
2503 3551 2885 3605 sanctillcatos
2931 3561 3054 3602 esse
3099 3547 3368 3612 dixisset,
3405 3542 3608 3611 adjecit

2037 3656 2096 3696 se
2139 3641 2204 3694 ad
2260 3641 2364 3694 iter
2415 3641 2757 3713 propositum
2805 3637 3246 3701 conficiendum,
3292 3635 3606 3705 impellente

2035 3733 2386 3795 necessitate,
2425 3733 2568 3787 sacri
2602 3731 2710 3784 cibi
2747 3738 2955 3800 partem
2991 3738 3351 3798 accepturum
3379 3731 3607 3790 esse,ut

2035 3823 2366 3877 necessitate
2403 3823 2581 3876 victus
2625 3838 2736 3875 rem
2785 3831 3107 3892 praesentem
3155 3819 3512 3879 defenderet,
3551 3827 3604 3870 et

2031 3914 2350 3982 corrigeret.
2379 3912 2838 3984 Bé6qlov,autem
2865 3928 2972 3966 non
3001 3927 3099 3982 pro
3132 3911 3465 3980 ἀκαθάρτου,
3497 3907 3596 3962 sed

2031 4021 2129 4074 pro
2167 4003 2244 4074 μὴ
2288 4003 2458 4080 ἱεροῦ,
2497 4005 2547 4057 id
2584 4011 2698 4068 est,
2738 4019 2845 4058 non
2901 4011 3127 4065 sancto,
3183 4003 3385 4070 posuit.
3440 3998 3600 4054 Unde

2028 4096 2223 4164 Aquila
2255 4096 2417 4149 etiam
2458 4096 2649 4148 luicam
2673 4094 2943 4164 exposuit.
2983 4095 3084 4148 hoc
3123 4103 3204 4146 est
3231 4109 3244 4144 :
3271 4091 3380 4144 Etsi
3421 4105 3601 4143 sacer-

2028 4186 2126 4239 dos
2163 4201 2267 4238 non
2297 4186 2400 4239 sim
2434 4173 2467 4244 ,’
2501 4185 2704 4238 donum
2744 4182 3125 4253 propheticum
3183 4181 3415 4248 adeptus
3455 4194 3597 4231 sum.

2029 4276 2170 4331 Vasa
2203 4279 2347 4330 cnim
2375 4276 2518 4346 ejus,
2556 4285 2609 4331 et
2642 4284 2941 4336 armatura,
2987 4274 3190 4328 donum
3229 4271 3534 4342 spirituale.

2099 4369 2266 4424 Vens.
2307 4368 2360 4422 9.
2421 4367 2543 4422 Non
2600 4369 2740 4422 alius
2773 4378 2846 4420 est
2895 4369 2978 4420 hic
3019 4375 3210 4434 prrcter
3261 4365 3419 4417 hunc.
3481 4360 3596 4414 Non

347 4441 456 4531 γὰρ
490 4439 618 4511 ἐξῆν
654 4443 712 4494 ἐν
741 4446 806 4512 τῇ
841 4448 1012 4516 σκηνῇ
1069 4447 1164 4500 τοῦ
1217 4448 1350 4502 Θεοῦ
1398 4451 1750 4510 ἀποτίθεσθαι
1781 4461 1920 4514 ὅπλα

2040 4463 2172 4516 :nim
2203 4463 2285 4516 fas
2316 4470 2458 4521 erat,
2498 4461 2549 4513 in
2587 4459 2946 4514 tabernaculo
2974 4457 3184 4512 Domini
3219 4471 3372 4510 arma
3399 4455 3595 4509 bellica

349 4528 824 4622 adepturidiim
857 4535 964 4622 γὰρ
985 4537 1231 4590 ἀνέκειτο
1258 4543 1648 4610 χαριστήριον
1681 4550 1756 4613 εἰς
1787 4553 1922 4622 μνή-

298 4652 308 4662 .
351 4635 458 4690 μην
485 4620 582 4690 τῆς
612 4621 770 4692 νίκης
802 4621 878 4692 τῷ
903 4625 1001 4692 τὴν
1035 4624 1190 4694 νίκην
1223 4628 1614 4706 δωρησαμένῳ.

416 4803 530 4898 1(αέ
547 4807 958 4898 προσεποιεῖτο
983 4808 1051 4860 ἐν
1073 4809 1146 4878 τῇ
1169 4812 1356 4882 ἡμέρᾳ
1384 4819 1608 4888 ἐκείνῃ,
1627 4825 1724 4878 καὶ
1741 4827 1914 4898 saw-
2004 4822 2019 4840 '

350 4892 873 4961 πάνιζὲν.“Λκύλας,
899 4903 1174 4967 παρείετο
1203 4907 1300 4959 καὶ
1336 4911 1767 4981 προσέκρουεν.

902 5075 1152 5132 ΚΕΦΛΛ.
1201 5079 1330 5138 KB’.

413 5157 819 5249 Δυσσεδεστέρα
837 5161 892 5214 δὲ
911 5162 1020 5216 τῶν
1045 5165 1220 5220 ἄλλων
1244 5171 1276 5240 ἡ
1299 5174 1439 5227 κατὰ
1461 5177 1569 5230 τῶν
1601 5182 1791 5249 ἱερέων
1815 5187 1908 5240 τοῦ

343 5242 613 5344 ξαοὺλιαῢ
626 5261 684 5344 τη
719 5250 1017 5344 μιαιφονία.
1047 5252 1153 5307 Τοῦ
1187 5257 1284 5326 μὲν
1316 5259 1423 5332 γὰρ
1454 5263 1588 5319 Θεοῦ
1616 5242 1786 5344 ἄρδην
1819 5275 1909 5328 τὸν

352 5335 596 5417 ’ᾼμαλὴκ
629 5338 890 5408 ἀφανίσαι
933 5349 1358 5419 προστεταχότος
1384 5393 1399 5419 ,
1447 5335 1784 5430 παρήκουσε,
1815 5370 1910 5422 καὶ

403 5487 593 5560 'llleg.
634 5510 788 5559 xxxi,
987 5499 1028 5529 ¹⁰
1059 5497 1102 5552 ll
1139 5501 1270 5572 Heg.
1297 5521 1454 5573 xxm,
1484 5511 1575 5567 37.

2028 4569 2308 4619 reponere.
2361 4553 2460 4606 llie
2497 4561 2676 4605 autem
2725 4551 2943 4622 gladius
2977 4557 3096 4604 erat
3130 4548 3488 4620 χαριστήριον
3519 4546 3594 4614 (id

2023 4653 2148 4707 est,
2217 4661 2420 4700 munus
2476 4646 2778 4714 repositum
2833 4644 2884 4696 in
2939 4642 3263 4696 memoriam
3329 4639 3593 4708 victoriae)

2023 4735 2154 4798 Deo,
2186 4737 2280 4805 qui
2315 4736 2606 4791 victoriam
2643 4735 2816 4805 gratis
2841 4735 3176 4788 contulerat.

2099 4825 2257 4882 Vens.
2296 4828 2378 4880 10.
2429 4826 2495 4880 Et
2523 4826 2813 4880 simulabat
2842 4827 2894 4879 in
2923 4826 3006 4880 die
3033 4825 3151 4887 illa,
3193 4834 3240 4877 et
3267 4821 3591 4890 verberabat.

2017 4918 2235 4985 Aquila,
2267 4921 2526 4988 παρεῖετο
2551 4920 2644 4972 καὶ
2667 4919 3055 4987 προσέκρουεν,
3086 4917 3136 4969 id
3189 4924 3275 4971 est
3305 4915 3490 4969 aderat
3545 4923 3594 4966 ct

2019 5009 2376 5076 reprimebat;
2413 5011 2520 5073 vel,
2547 5011 2895 5079 percutiebat.

2635 5099 2785 5154 CAP.
2820 5097 2990 5152 XXII.

2091 5188 2212 5245 llaec
2250 5191 2304 5244 in
2336 5190 2656 5247 sacerdotes
2681 5192 2981 5247 commissa
3013 5205 3042 5244 a
3067 5189 3230 5245 Saule
3261 5189 3436 5244 credes
3466 5203 3586 5240 out-

2018 5281 2167 5336 nium
2200 5286 2436 5338 maxime
2490 5283 2850 5338 exsecrabilis
2888 5287 2994 5336 est.
3037 5281 3171 5335 Cum
3220 5281 3364 5335 enim
3399 5295 3428 5333 ιι
3480 5279 3589 5337 Deo

2018 5373 2346 5430 Amalecitas
2375 5375 2639 5430 radicitus
2664 5383 2910 5429 evertere
2937 5373 3130 5444 jussus
3159 5383 3326 5434 esset,
3364 5371 3420 5423 in
3454 5370 3583 5423 obe-

457 5669 471 5685 ,
520 5671 538 5685 ,
733 5675 745 5685 _
932 5680 943 5685 _
987 5682 1048 5685 __
1109 5683 1116 5685 ξ
1653 5605 1932 5663 νΑιιιΑῖι

2045 5611 2313 5672 TIONES.
2877 5663 2890 5675 .

378 5682 404 5710 ιι
457 5671 471 5685 ’
615 5691 652 5704 -
789 5695 810 5708 ο
1295 5687 1320 5698 ³
1379 5690 1401 5706 ’ν
1484 5691 1506 5707 σε
1588 5694 1610 5709 ν
1801 5695 1826 5706 ο
2877 5671 2890 5675 ’

385 5671 868 5784 ιέέέξπέῇἰὶἷῖὲς
899 5680 958 5784 ..ξ’
978 5682 1202 5784 Eii?
1481 5693 1555 5759 οὲν
1583 5709 1708 5766 W-
1874 5698 1901 5750 δ
1929 5699 2115 5770 Δαωδ.
2157 5704 2217 5756 οὐ
2247 5706 2489 5778 περιέχει
2547 5711 2573 5763 ὁ
2606 5710 2702 5780 τῆς
2728 5710 2859 5780 Mr:-
3097 5711 3212 5766 τε.
3242 5709 3302 5767 ιι.
3330 5703 3398 5784 ἧς
3429 5711 3582 5779 κοινῇ

337 5741 531 5806 «ivra;
569 5741 868 5817 μετέχομεν
899 5752 945 5803 oi
978 5755 1175 5808 πιστοί.
