3986 6218
283 354 416 423 1113

1315 373 1846 436 COMMENTABII
1887 377 1967 438 IN
2011 380 2156 440 LIB.
2197 379 2226 440 Ι
2249 381 2518 444 REGUM

3385 389 3518 454 1114

284 469 524 522 ἐναντίον
547 469 647 541 τῷ,
678 487 698 522 ‹
727 471 789 526 El
810 473 1165 530 ἀνταπέδωκα
1201 482 1312 542 τοῖς
1330 483 1740 537 ἀνταποδιδοῦσί
1763 503 1854 553 μοι

1969 490 2150 545 ausam
2184 506 2297 545 sua:
2329 492 2626 562 impietatis
2667 491 2928 549 invidiam
2975 495 3222 558 habebat,
3250 513 3410 568 quam
3451 517 3520 557 ex

282 561 453 614 κακά’
480 579 500 612 ι
535 563 600 616 τὸ
627 563 699 632 μὴ
737 566 896 633 μόνον
921 567 1104 633 αὐτὸν,
1121 568 1255 623 ἀλλὰ
1274 573 1367 626 καὶ
1383 574 1507 638 τοὺς
1533 575 1694 629 αὐτοῦ
1716 577 1852 629 πάν-

173 677 176 684 -
280 666 380 710 τας
413 647 623 704 ἀνελεῖν
666 657 1106 724 κατεπείγεσθαι.
1158 661 1296 732 Πρὸς
1337 661 1366 715 δ
1395 647 1604 734 ῥητέον,
1632 665 1706 729 ὡς
1734 667 1852 720 οὐδὲ

283 741 672 796 ἀνταπέδωκεν
688 747 754 800 ἐκ
783 748 878 818 τῆς
901 749 994 802 τοῦ
1021 750 1156 805 Θεοῦ
1181 755 1559 826 κεκωλυμένος
1578 759 1850 828 προνοίας,

283 833 382 904 τῆς
409 836 476 886 τὰ
525 835 632 889 τῶν
665 837 836 904 ἁγίων
866 841 1290 914 ἀναπληρούσης
1336 847 1694 918 ἐλλείμματα.
1755 851 1854 904 Διά

284 924 451 978 ταῦτα
472 928 614 997 τάχα
629 929 792 998 φησίν
809 947 823 962 ·
851 931 1020 998 (Ἐγὼ
1035 934 1091 986 δὲ
1116 930 1269 988 εἷπον
1292 938 1348 988 ὲν
1378 939 1443 1009 τῇ
1473 938 1696 1010 εὐθηνίᾳ
1717 957 1843 1007 μου,

288 1017 364 1070 Οὐ
390 1017 464 1088 μὴ
490 1019 735 1074 σαλευθῶ
757 1025 836 1086 είς
857 1025 948 1076 τὸν
970 1026 1159 1082 αἰῶνα.
1193 1027 1385 1100 Κύριε,
1411 1032 1466 1082 ἐν
1487 1030 1564 1101 τῷ
1589 1030 1855 1103 θελήματί

289 1125 384 1160 σου
417 1109 700 1182 παράσχου
736 1113 813 1183 τῷ
838 1115 1024 1170 κάλλει
1064 1135 1164 1188 μου
1198 1119 1448 1190 δύναμιν,
1480 1123 1857 1194 Ἀπέστρεψας

287 1201 342 1254 δὲ
371 1202 432 1256 τὸ
467 1203 757 1274 πρόσωπόν
787 1225 902 1274 σου,
945 1211 1036 1263 καὶ
1067 1212 1332 1283 ἐγενήθην
1362 1217 1786 1286 τεταραγμένος.
1834 1237 1852 1267 ι

290 1293 544 1376 Γίνονται⁸
559 1294 666 1366 γὰρ
692 1297 1130 1376 ἐγκαταλείψεις,
1161 1303 1293 1374 πρὸς
1323 1303 1383 1356 τὸ
1416 1305 1491 1376 μὴ
1514 1307 1636 1369 τοὺς
1669 1307 1857 1374 ἁγίους

290 1371 630 1454 ἐπαίρεσθαι,
659 1385 734 1450 ὡς
759 1375 947 1459 Πέτρῳ
971 1393 1118 1461 παρὰ
1141 1371 1237 1463 τὴν
1264 1371 1512 1465 ἄρνησιν,
1546 1399 1638 1450 καὶ
1660 1371 1856 1467 Παύλῳ

289 1473 518 1541 ἄγγελος
553 1475 749 1530 Σατάν.
786 1478 879 1532 Διδ
916 1482 1010 1533 καὶ
1040 1481 1100 1534 τὸ
1127 1485 1192 1553 τῇ
1228 1485 1452 1556 προνοίᾳ
1481 1485 1861 1556 διλκονισάμε-

293 1580 382 1662 νον
404 1565 637 1662 γύναιον
672 1568 1125 1662 ὑπερηγάπησεν,
1173 1573 1249 1638 ὼς
1291 1575 1458 1642 εἰκὸς,
1491 1575 1567 1638 ὡς
1609 1577 1860 1647 ἐμποδὼν

291 1654 441 1726 αὐτῷ
475 1654 774 1729 γενομένην
824 1661 916 1714 τοῦ
969 1663 1194 1726 πάθους.
1245 1665 1318 1718 Τδ
1350 1664 1406 1718 δὲ
1443 1667 1655 1727 Νσϐἀλ,
1689 1668 1860 1740 ἑρμη-

291 1744 506 1798 νεύεται
535 1747 850 1816 ἀφροσύνη
873 1767 886 1782 ·
919 1750 994 1814 ὠς
1041 1754 1134 1806 καὶ
1168 1755 1306 1825 γυνή
1337 1772 1492 1826 φησι,
1553 1758 1649 1810 καὶ
1684 1759 1718 1830 ἡ
1751 1758 1863 1812 τῶν

1961 591 2106 634 metu
2169 583 2454 637 annitt‘endi
2488 585 2670 654 .regni
2736 595 3078 656 conceperat.
3155 587 3520 646 Nihilominus

1962 677 2142 724 tamen
2175 681 2376 741 pugnat
2400 687 2523 727 cum
2564 673 2695 728 illo:
2729 691 2746 724 ι
2772 671 2828 728 Si
2871 676 3071 730 malum
3123 681 3343 748 rependi
3390 683 3520 735 mihi

1963 758 2106 810 mala
2135 759 2535 827 inferentibus;
2574 779 2592 814 ι
2617 763 2762 832 quod
2797 778 2904 817 non
2939 763 3098 818 modo
3133 765 3199 820 ad
3231 765 3518 822 delendum

1961 843 2220 902 Nabalem
2253 888 2267 912 ,
2328 849 2423 904 sed
2470 850 2538 904 ad
2585 859 2753 934 totam
2806 853 2970 906 etiam
3027 853 3204 922 ipsius
3255 855 3519 909 familiam

1962 937 2394 993 exscindendum
2439 949 2719 1010 properat.
2772 941 2851 996 Ad
2903 959 3024 1008 qua:
3060 943 3348 1000 dicendum
3395 954 3520 1008 est,

1963 1026 2244 1090 Davidetn,
2279 1028 2601 1098 prohibente
2633 1029 2815 1084 divina
2852 1029 3200 1087 Providentia
3233 1033 3377 1105 (qua:
3408 1035 3520 1098 illa,

1961 1131 2082 1184 qua
2119 1118 2326 1171 Sanctis
2361 1120 2590 1182 desunt,
2638 1122 2916 1189 resarcit),
2951 1124 3152 1175 malum
3189 1139 3296 1177 non
3328 1140 3520 1193 repen—

1961 1205 2130 1260 disse.
2164 1203 2302 1258 Hinc
2331 1205 2472 1260 forte
2501 1209 2632 1262 dicit
2661 1225 2672 1261 :
2705 1228 2723 1260 ι
2761 1201 2876 1262 Dixi
2913 1211 2966 1264 in
2995 1212 3327 1266 abundantia
3363 1231 3516 1266 mea:

1962 1296 2080 1350 Non
2134 1299 2519 1354 commovebor
2581 1300 2635 1353 in
2697 1309 2983 1356 aeternum.
3041 1301 3306 1369 Domine,
3367 1303 3524 1372 juxta

1962 1391 2300 1444 voluntatem
2354 1399 2500 1444 tuam
2552 1393 2854 1460 praestitisti
2911 1395 3080 1448 robur
3127 1394 3310 1450 deco’ri
3370 1413 3523 1460 meo;

1965 1487 2216 1534 avertens
2239 1480 2427 1534 faciem
2455 1490 2624 1544 tuam,
2653 1485 3012 1539 conturbatus
3037 1500 3157 1540 sum
3177 1485 3242 1539 ¹⁰.
3268 1505 3286 1536 ι
3312 1486 3528 1540 Matient

1965 1579 2109 1632 enim
2161 1579 2215 1632 in
2265 1578 2476 1634 sanctis
2529 1581 2807 1650 reliquiae,
2851 1595 2920 1636 ne
2965 1581 3322 1640 insolescant.
3355 1581 3424 1636 Ut
3473 1583 3528 1635 in

1967 1669 2149 1736 Petro,
2209 1679 2434 1740 propter
2487 1672 2859 1740 negationem;
2931 1671 2984 1724 in
3046 1671 3239 1736 Paulo,
3301 1675 3530 1739 angelus

1970 1763 2160 1818 Satan.
2194 1761 2536 1832 Quapropter
2585 1763 2723 1818 hanc
2754 1765 2917 1818 etiam
2966 1766 3367 1829 mulierculam,
3403 1782 3530 1834 pro—

306 1834 614 1906 Ἑϐραϊκῶν
649 1840 930 1910 ὀνομάτων
947 1843 1218 1914 ἑρμηνεία
1249 1847 1589 1917 παρέδωκεν.
1621 1843 1698 1922 τῌ
1724 1868 1862 1922 συμ-

1969 1857 2218 1913 videmiae
2266 1856 2360 1910 Dei
2409 1855 2832 1920 inservientem,
2870 1865 2929 1911 ut
2964 1873 3061 1927 par
3092 1865 3246 1922 erat,
3287 1858 3533 1927 impense

297 1925 490 1994 φωνῶν
513 1927 772 1994 Ἀκύλας,
805 1930 1064 1994 ἐξέδωκεν
1084 1951 1096 1964 ·
1131 1935 1473 2003 Ἀπόρευσις
1501 1940 1630 2006 μετ’
1653 1942 1858 1998 αὐτοῦ.

296 2015 405 2069 Τοῦ
443 2017 552 2088 γὰρ
579 2019 841 2090 λογισμοῦ
875 2023 1233 2095 ὑποῤῥέοντός
1261 2045 1318 2082 τε
1355 2030 1448 2083 καὶ
1482 2031 1864 2104 σϐεννυμένου,

293 2105 356 2158 τὸ
386 2106 489 2176 τῆς
539 2111 850 2184 ἀφροσύνης
900 2114 1108 2182 γίνεται
1160 2118 1350 2194 πάθος.
1405 2122 1656 2194 Δηφθείη
1703 2126 1750 2179 δ’
1803 2127 1869 2180 ἂν

295 2193 471 2250 ταῦτα
498 2201 586 2251 καῖ
618 2201 700 2264 είς
728 2203 820 2256 τὸν
852 2205 1068 2274 πρῶτον
1113 2208 1262 2272 λαὸν,
1303 2211 1394 2264 τὸν
1426 2193 1738 2284 ἀγνώμονα.
1777 2219 1866 2269 καὶ

300 2286 448 2368 κακά
475 2289 587 2341 ἀντ’
613 2287 836 2359 ἀγαθῶν
881 2295 1265 2352 ἀποδεδωκότα
1303 2301 1549 2375 Χριστῷ.
1573 2305 1666 2369 Ἐξ
1696 2299 1872 2375 οὗπερ

300 2380 334 2446 ὴ
363 2378 456 2431 τοῦ
493 2379 630 2434 Θεοῦ
660 2381 886 2454 λατρεία
921 2387 1221 2454 μετέπεσεν
1258 2391 1339 2454 είς
1383 2386 1474 2446 τὸν
1516 2393 1634 2446 νέον
1685 2395 1870 2461 Δαϐὶδ,

300 2467 367 2520 δι’
414 2469 481 2540 ἦν
529 2473 810 2537 παντελῶς
858 2474 960 2527 οὐκ
1028 2477 1298 2541 ἀπώλετο,
1351 2482 1446 2538 ἐπὶ
1493 2485 1560 2553 τῇ
1593 2483 1875 2555 ἀφροσύνῃ

306 2563 637 2638 συγγνώμην
663 2567 866 2636 λαϐὼν,
890 2569 1134 2635 εἰπόντος
1172 2571 1266 2625 τοῦ
1321 2573 1558 2644 Χριστοῦ
1579 2589 1592 2604 ·
1625 2591 1643 2622 ι
1674 2575 1873 2643 Πάτερ,

306 2655 444 2724 ἄφες
477 2656 690 2721 αὐτοῖς·
715 2660 776 2712 οὐ
799 2661 907 2729 γὰρ
939 2657 1143 2713 οίδασιν
1161 2660 1188 2714 δ
1211 2662 1477 2716 ποιοῦσιν.
1519 2681 1540 2712 ι
1568 2663 1656 2714 Ἔν
1673 2658 1756 2726 οἷς
1781 2663 1877 2734 ζη-

305 2747 414 2800 τῶν
441 2747 634 2819 βρῶμα
657 2750 752 2822 οὐχ
779 2745 958 2823 εὗρεν,
985 2753 1060 2816 ὡς
1081 2754 1200 2807 οὐδὲ
1222 2755 1280 2807 ὲν
1305 2758 1372 2827 τῇ
1401 2759 1563 2826 συκῇ,
1583 2759 1650 2827 τῇ
1681 2757 1878 2810 τυπού-

309 2857 376 2911 an
402 2840 500 2910 τὴν
523 2840 789 2898 Ἰουδαίων
809 2845 1158 2916 Συναγωγήν.
1183 2846 1248 2900 τί
1264 2847 1465 2919 δήποτε
1494 2847 1551 2902 δὲ
1573 2847 1878 2920 ὀμωμοκὼς

308 2939 337 2990 ὁ
375 2936 538 2992 Δαϐὶδ
569 2937 661 2992 καὶ
694 2939 879 3002 αὐτὸν,
914 2937 1151 3007 καὶτοὺς
1184 2945 1280 2998 σὺν
1305 2945 1454 3017 αὐτῷ
1473 2946 1727 3009 κτείνειν,
1752 2965 1884 3018 παρο

316 3028 414 3100 έϐη
472 3030 564 3084 τὸν
596 3031 789 3102 ὃρκον;
823 3033 1044 3104 Ῥητέον
1079 3031 1256 3098 οῦνὼς
1289 3037 1318 3090 ὁ
1361 3037 1460 3108 μὲν
1497 3039 1659 3110 ὅρκος
1693 3033 1760 3110 ἦν
1787 3038 1881 3092 τοῦ

311 3117 518 3173 δικαίου
554 3119 728 3192 θυμοῦ
751 3138 764 3154 °
793 3125 826 3194 ή
858 3124 914 3178 δὲ
937 3125 1119 3192 φειδὼ,
1160 3125 1253 3180 τοῦ
1280 3126 1558 3198 σώφρονος
1595 3129 1878 3200 λογισμοῦ.

1967 1948 2207 2011 amavit,
2248 1947 2449 2016 quippe
2488 1961 2616 2015 Qlla!_
2641 1946 2920 2014 impedivit
2949 1963 3071 2001 eum
3093 1986 3109 2012 ,
3151 1963 3218 2002 ne
3248 1962 3412 2002 casus
3445 1948 3536 2003 ille

1968 2041 2148 2095 tristis
2179 2039 2629 2107 subsequeretur.
2659 2034 2857 2101 Nabal,
2887 2038 2931 2093 si
2974 2038 3326 2110 interpretari
3357 2038 3492 2094 velis
3516 2077 3533 2101 ,

1968 2140 2049 2188 est
2075 2129 2450 2200 imprudentia.
2475 2128 2738 2183 Similiter
2755 2129 2997 2198 loquitur
3023 2130 3191 2184 etiam
3217 2131 3452 2200 Ahigail,
3480 2139 3534 2184 et

1973 2222 2361 2276 llcbraicorum
2393 2234 2613 2290 quoque
2657 2220 2940 2274 nominum
2997 2222 3378 2291 interpretatio
3443 2237 3532 2276 re-

1973 2310 2225 2377 spondet.
2265 2309 2364 2363 Cui
2419 2309 2745 2378 astipulatur
2799 2309 3037 2378 Aquila,
3096 2312 3186 2378 qui
3238 2311 3533 2380 exposuit,

1985 2399 2305 2469 Ἀπόρευσις
2333 2400 2452 2468 μετ’
2471 2397 2656 2451 αὐτοῦ.
2674 2396 2810 2452 Nam
2841 2397 3148 2462 recedente,
3182 2407 3236 2453 et
3261 2401 3533 2456 exstincta

1977 2487 2206 2546 ratione,
2257 2487 2640 2556 imprudentia
2685 2486 2900 2542 alfectio
2929 2491 3145 2542 teritur.
3203 2489 3374 2544 Porro
3427 2492 3540 2545 haec

1976 2578 2146 2631 veteri
2199 2579 2414 2646 ingrato
2460 2577 2663 2648 populo
2719 2579 3124 2647 relinquantur,
3179 2581 3272 2650 qui
3317 2581 3542 2636 Christo

1979 2683 2076 2738 pro
2101 2669 2377 2724 beneﬁciis
2419 2669 2684 2722 maleﬁcia
2719 2669 2986 2739 rependit,
3025 2685 3094 2734 ex.
3126 2685 3236 2738 quo
3266 2671 3332 2725 ad
3357 2671 3542 2740 junio-

1979 2775 2093 2816 rem
2136 2759 2394 2815 Davidem
2443 2761 2624 2815 cultus
2679 2759 2773 2814 Dei
2827 2760 3116 2816 devolutus
3161 2769 3274 2826 est,
3323 2769 3546 2832 propter

1980 2868 2139 2925 quem
2187 2853 2394 2908 cultum
2448 2851 2684 2921 pepulus
2729 2850 2842 2914 ille,
2889 2867 2995 2905 non
3057 2850 3303 2906 funditus
3347 2853 3542 2928 periit,

1982 2955 2204 3015 propter
2268 2943 2637 3015 ignorantiam
2707 2942 2920 2996 veniam
2985 2943 3264 3012 adeptus,
3330 2942 3546 2998 dicente

1981 3039 2203 3095 Christo
2233 3055 2246 3090 :
2281 3055 2300 3088 ι
2337 3034 2516 3098 Pater,
2555 3035 2780 3106 ignosce
2807 3035 2912 3100 eis,
2955 3036 3211 3091 nesciunt
3229 3035 3374 3090 enim
3418 3033 3546 3103 quid

1983 3129 2188 3184 faciant
2211 3127 2274 3180 '°.
2302 3146 2322 3179 ι
2359 3127 2417 3181 ln
2448 3127 2650 3196 quibus
2669 3140 2794 3180 cum
2825 3140 2945 3195 quas
2970 3125 3188 3182 sivisset
3213 3125 3418 3186 cibum,
3438 3137 3546 3178 non

314 3209 615 3282 Δεξάμενος
661 3215 772 3285 γὰρ
818 3218 916 3286 τῆς
942 3217 1224 3285 Ἀϐιγαίας
1255 3219 1352 3290 τὴν
1399 3221 1656 3282 ἱκετείαν,
1687 3221 1864 3276 ἔσϐεσε

1987 3221 2214 3280 invenit.
2241 3218 2699 3289 quemadmodum
2736 3231 2838 3274 nec
2862 3219 2917 3273 in
2943 3219 3037 3273 illa
3069 3217 3196 3280 lien,
3219 3231 3342 3288 qua:
3373 3213 3542 3286 Syna-

313 3300 405 3352 τδν
431 3300 631 3372 θυμόν·
666 3303 888 3374 ἄμεινον
917 3307 1025 3376 γὰρ
1050 3309 1363 3380 παραϐῆναι
1403 3311 1505 3381 τῆς
1539 3313 1768 3383 ἀπειλῆς
1795 3313 1864 3366 τδπ

1985 3326 2134 3381 goga:
2150 3307 2460 3364 Judteorum
2482 3316 2670 3377 typum
2697 3304 3158 3378 prtel’erebat.Cur
3180 3306 3344 3376 igitur
3359 3303 3550 3367 David,

313 3392 457 3462 ὅρον,
498 3393 532 3464 ἢ
563 3395 816 3451 τοσοῦτον
837 3400 1168 3475 ἐργάσασθαι
1204 3401 1386 3469 φόνον.

1987 3403 2082 3472 qui
2113 3408 2302 3456 sancte
2328 3399 2535 3469 juravit
2581 3414 2642 3454 se
2684 3413 2791 3453 non
2828 3397 2990 3453 modo
3027 3395 3286 3452 Nabalem
3309 3437 3322 3459 ,
3375 3395 3467 3451 sed
3498 3403 3556 3449 et

318 3497 485 3542 totam
513 3486 692 3556 ipsius
733 3489 996 3544 fairiiliam
1027 3492 1371 3557 deleturum,
1418 3493 1644 3548 violavit
1728 3493 2143 3561 jnramentum?
2185 3491 2484 3558 Dicendum
2543 3498 2628 3557 est
2677 3489 3051 3559 juramentum
3107 3488 3269 3558 justas
3333 3488 3555 3559 iracun.

316 3577 420 3632 die
449 3575 654 3643 fuisse;
683 3579 1107 3632 misericordiam
1136 3596 1262 3634 vero
1291 3580 1573 3650 prudentis
1618 3582 1844 3635 rationis
1901 3588 1956 3635 et
2012 3579 2250 3636 consilii.
2296 3579 2530 3646 Accepta
2569 3579 2713 3632 enim
2775 3575 3174 3646 supplicatione
3237 3575 3512 3646 Abigaelis
3537 3611 3554 3635 ,

321 3667 575 3720 restinxit
607 3666 863 3721 furorem.
915 3667 1100 3723 Satius
1131 3669 1274 3722 enim
1301 3677 1403 3730 est,
1431 3685 1553 3737 qua:
1579 3670 1814 3722 minatus
1833 3685 1892 3723 es
1929 3669 2221 3740 negligere,
2253 3681 2415 3735 quam
2447 3674 2652 3719 tantam
2680 3664 2880 3720 eadem
2905 3665 3100 3718 facere.

387 3754 695 3822 οὐροῦντα
710 3759 860 3825 πρὸς
881 3757 1108 3825 τοῖχον.
1127 3760 1242 3810 Οὐκ
1257 3759 1411 3826 οὗρεῖ
1436 3776 1518 3822 τις
1545 3759 1739 3823 ἑστὼς,
1770 3760 1862 3812 οὐδ

2068 3757 2236 3814 Vsus.
2265 3757 2356 3812 22.
2383 3755 2704 3826 litigantem
2737 3755 2808 3809 ad
2838 3757 3111 3825 parietem.
3129 3753 3240 3810 Nec
3264 3753 3555 3824 quisquam

324 3845 460 3918 πρὸς
487 3848 686 3916 τοῖχον,
724 3849 772 3898 εί
801 3846 877 3917 μὴ
927 3847 1200 3917 σχολάζοι.
1247 3847 1414 3901 Τοῦτο
1441 3843 1535 3902 οὗν
1585 3866 1777 3920 φησιν,
1813 3851 1864 3902 ὅτ

1999 3857 2154 3906 stans
2194 3849 2410 3918 mingit,
2453 3862 2632 3918 neque
2671 3848 2736 3901 ad
2768 3848 3053 3916 parietem,
3099 3847 3207 3900 nisi
3247 3847 3418 3899 otium
3461 3845 3563 3897 ha-

325 3939 421 3990 καὶ
458 3935 551 3989 τὸν
582 3936 887 4006 ἀμέριμνον
914 3939 1007 3991 καὶ
1041 3939 1209 4008 μηδὲν
1248 3938 1634 4009 προσδοκῶντα
1665 3939 1856 3992 παθεῖν

2002 3938 2145 3994 heat.
2210 3938 2326 3990 Hoc
2365 3936 2533 4007 igitur
2584 3935 2719 3990 dicit
2771 3935 2920 4005 quod
2969 3947 3224 3990 securum
3253 3948 3474 4004 quoque
3507 3942 3561 3986 et

329 4027 358 4099 ἢ
393 4025 657 4097 οὐροῦντα
702 4029 839 4097 πρὸς
885 4031 1086 4098 τοῖχον,
1133 4028 1224 4082 τὸν
1257 4029 1499 4092 ἀσθενῶς
1531 4016 1864 4100 διακείμενον

2003 4044 2127 4086 sese
2155 4028 2290 4082 nihil
2336 4041 2627 4098 passurum
2677 4034 3089 4096 exspectantem
3133 4040 3242 4080 non
3271 4025 3562 4093 relinquet.

329 4117 422 4170 καὶ
457 4116 652 4188 στῆναι
681 4117 804 4188 δίχα
829 4118 924 4172 τοῦ
957 4119 1259 4190 ἐρείδεσθαι
1288 4120 1364 4190 τῷ
1391 4120 1554 4190 τοίχῳ
1573 4119 1864 4174 ἀδυνατοῦν

2001 4121 2095 4178 Vel
2115 4122 2448 4190 mingentem
2469 4120 2536 4175 ad
2556 4120 2843 4190 parietem,
2863 4119 3140 4173 intirmum
3167 4118 3324 4180 dicit,
3350 4125 3405 4172 et
3422 4127 3568 4171 stare

327 4223 417 4261 τα.
446 4208 631 4262 Ἀλλοι
664 4209 723 4262 δὲ
753 4209 862 4263 τὸν
899 4211 1057 4264 κύνα
1077 4211 1358 4282 εἰρήκασι.
1400 4209 1570 4264 Τοῦτο
1611 4211 1721 4282 γὰρ
1750 4212 1864 4264 enim

2001 4228 2108 4266 non
2140 4211 2434 4274 valentem,
2461 4210 2567 4264 nisi
2606 4208 2815 4279 pariete
2841 4206 3124 4261 lulciatur.
3151 4206 3256 4260 Alii
3285 4221 3463 4259 canem
3487 4205 3568 4258 in-

329 4295 472 4360 ἔθος.
521 4299 606 4362 Ὠς
635 4297 702 4353 ἂν
728 4301 777 4353 εξ
812 4299 1176 4368 ἔλεγεν,Ἕως
1203 4300 1360 4364 κυνὸς
1389 4302 1486 4371 οὐχ
1513 4301 1864 4373 ὑπολείψομαι

2001 4296 2399 4374 terpretantur,
2427 4301 2553 4372 quia
2594 4297 2910 4370 huiusmodi
2943 4297 3104 4354 istius
3145 4311 3346 4351 mores.
3399 4293 3568 4361 Quasi

330 4386 393 4441 Co
431 4385 490 4440 l1-
2001 4395 2208 4450 diceret
2257 4392 2436 4448 Deus:
2472 4390 2655 4460 Usque
2698 4389 2773 4444 ad
2827 4403 3019 4444 canem
3076 4402 3186 4441 non
3241 4387 3566 4455 relinquam.

403 4476 500 4528 Ἐγ
531 4475 681 4542 ἐμοὶ,
697 4477 874 4544 Κύριέ
889 4495 1029 4546 μου,
1053 4477 1090 4544 ἡ
1108 4477 1326 4541 ἀδικία,
1347 4478 1468 4532 ἀντὶ
1485 4477 1603 4540 τοῦ,
1631 4479 1776 4548 ἐμοὶ,
1799 4495 1864 4548 φη

1969 4523 1980 4568 γ
2072 4482 2140 4537 In
2197 4499 2277 4538 me
2326 4483 2428 4546 sit,
2474 4481 2697 4535 Domine
2753 4480 2848 4542 mi,
2900 4480 3009 4533 hac
3071 4478 3377 4573 iniquitas:-
3433 4491 3569 4573 pro,

337 4567 411 4632 ai,
447 4565 683 4634 λόγισαι,
717 4565 794 4628 ὡς
825 4568 961 4638 αὐτῇ
1003 4569 1333 4638 ἀδικησάσῃ.
1385 4570 1448 4622 Ἦ
1483 4569 1558 4640 μὴ
1595 4570 1864 4640 ἀδικήσασ

1969 4564 1974 4568 ’
2007 4575 2142 4628 mihi
2185 4571 2462 4628 innocenti
2495 4571 2638 4626 hanc
2683 4569 3012 4638 injustitiam
3077 4568 3308 4636 imputa.
3337 4564 3459 4619 Haec
3491 4566 3574 4616 di-

335 4657 512 4712 ταῦτά
530 4675 716 4728 φησιν,
751 4658 835 4711 ἵνα
863 4660 891 4710 ὁ
917 4659 1124 4723 δίκαιος
1159 4660 1326 4714 Δαϐὶδ
1361 4661 1532 4732 ταύτῃ
1570 4660 1638 4714 τὰ
1667 4660 1758 4714 τοῦ
1785 4659 1864 4712 ⁷ίιδι

2011 4666 2086 4720 cit
2115 4667 2382 4720 innocens
2414 4671 2471 4718 ut
2513 4663 2701 4734 justus
2759 4659 2934 4714 David
3000 4658 3219 4713 veniam
3267 4655 3438 4726 iniqui
3473 4651 3573 4723 ipsi

339 4753 574 4820 κηκότος
605 4749 921 4819 χαρίσηται.
955 4749 1017 4804 C.
1055 4750 1119 4805 L.

2015 4758 2315 4812 concedat.

412 4863 487 4914 Τὸ
515 4861 718 4916 Νάϐαλ
749 4863 803 4914 δὲ
831 4861 1002 4931 ὄνομα
1033 4863 1328 4931 μετέϐαλεν
1359 4865 1390 4934 ἡ
1439 4863 1713 4931 Ἀϐιγαία,
1744 4862 1772 4915 ὅ
1795 4865 1864 4914 ὲσί

2075 4873 2285 4943 Abigail
2327 4887 2457 4926 vero
2496 4868 2914 4924 transformavit
2969 4877 3169 4918 nomen
3218 4861 3400 4916 Nabal
3433 4861 3576 4930 quod

345 4953 618 5023 θρηνῶδες
668 4955 972 5025 ἐπίρρημα.
1018 4954 1268 5018 Τοιοῦτος
1313 4957 1422 5026 γάρ
1463 4958 1717 5018 κάκεῖνος
1762 4954 1864 5020 diu

2021 4971 2105 5016 est
2161 4963 2413 5032 planctus
2463 4971 2788 5028 cOgnomen.
2849 4955 2943 5010 Ille
2980 4955 3182 5008 etenim
3234 4954 3436 5024 dignus
3465 4963 3582 5008 erat

347 5042 570 5114 ορήνου.
595 5041 658 5097 C.
691 5041 750 5095 L.

2011 5053 2251 5122 planctu.

419 5155 529 5207 Kal
565 5153 679 5219 τὴν
711 5151 944 5221 ψυχὴν,
978 5153 1163 5222 φησιν.
1211 5151 1439 5219 ἐχθρῶν
1493 5168 1609 5208 σου
1651 5155 1864 5222 σερε-ςγδι

2093 5162 2158 5215 Et
2193 5162 2524 5215 inimicorum
2551 5169 2779 5221 tuorum,
2831 5158 3032 5228 inquit,
3077 5157 3258 5212 anima
3295 5154 3582 5209 relabitur.

351 5243 584 5311 νήσεις.
636 5243 888 5297 Τοιοῦτόν
930 5258 1099 5314 φησι·
1131 5246 1238 5298 Καὶ
1269 5246 1364 5298 ἐὰν
1415 5246 1489 5308 ὡς
1544 5249 1601 5298 ὲν
1652 5247 1864 5314 σφενδόι

2019 5252 2185 5319 Quasi
2207 5250 2443 5304 diceret:
2469 5247 2694 5302 Etiamsi
2725 5249 2886 5314 quasi
2921 5248 2975 5300 in
3009 5246 3175 5301 funda
3210 5243 3506 5315 aliquando
3532 5244 3584 5294 in

358 5339 485 5390 ποτε
516 5336 748 5406 εὑρεθῇς
789 5339 846 5388 ὲν
882 5337 1028 5405 μέσῳ
1056 5335 1164 5387 τῶν
1203 5335 1411 5406 ἐχθρῶν
1442 5352 1557 5398 σου,
1588 5337 1689 5388 οὐκ
1734 5336 1864 5390 ἀποτ

2027 5341 2206 5394 medio
2253 5340 2605 5392 inimicorum
2660 5347 2882 5390 tuorum
2939 5337 3196 5391 inventus
3254 5336 3443 5395 fueris,
3481 5347 3586 5385 non

357 5430 623 5500 ναχθήσῃ,
656 5429 774 5482 οὐδὲ
801 5427 1235 5500 σφενδονηθήσῃο
1285 5433 1334 5482 οἱ
1369 5429 1550 5499 μέντοι
1595 5430 1779 5500 ἐχθροί
1825 5447 1864 5483 σι

2028 5428 2349 5490 excutieris,
2383 5441 2562 5495 neque
2631 5427 2906 5481 rotahitur
2967 5427 3147 5480 anima
3207 5433 3321 5478 tua.
3375 5421 3588 5476 Inimici

357 5523 656 5592 ἀποτιναχθ
669 5522 900 5594 ἔσονται.

2029 5535 2158 5574 vero
2188 5517 2264 5570 tui
2301 5515 2665 5569 excutientur.
3104 5559 3112 5566 .

428 5615 539 5670 Καὶ
565 5617 676 5668 οὐκ
703 5617 871 5670 ἔσται
897 5630 995 5668 σοι
1012 5612 1634 5683 βδελυγμός.’Δκύλας,
1662 5613 1864 5683 ,ιυγμΐε

2091 5609 2256 5662 Vens.
2308 5608 2396 5659 3|.
2457 5605 2523 5660 Et
2575 5623 2674 5660 non
2733 5608 2831 5660 erit
2891 5607 2983 5660 tibi
3044 5605 3197 5658 homo
3247 5600 3589 5659 abominatio,

435 5735 500 5771 ω’
529 5735 676 5792 Psal.
711 5747 857 5802 unt,
889 5737 938 5800 7,
974 5737 1024 5788 8.
1105 5733 1185 5764 '°“
1221 5731 1356 5788 Luc.
1392 5744 1542 5785 mn.
1575 5734 1659 5787 δι.
