3986 6218
306 295 434 362 1133

1292 252 1847 363 ἘΟΜΜΕΝΤΑΠΙΙ
1884 302 1962 364 IN
2002 303 2147 364 LIB.
2181 305 2244 364 II
2280 304 2570 366 REGUM.

3417 302 3552 368 1136

371 415 477 467 Καὶ
507 417 539 469 d
563 416 819 482 Φιλετθι,
851 417 950 472 καὶ
977 421 1010 472 ὁ
1029 417 1261 486 Χερηθί.
1303 417 1444 483 Τοὺς
1488 419 1869 491 σφενδονήτας,

2046 420 2212 476 Vens.
2241 423 2327 476 l8.
2363 421 2594 476 Philethi
2626 431 2676 474 et
2707 417 2934 474 Cltereti.
2985 418 3352 482 Jaculatores.
3386 427 3442 472 et
3461 434 3554 474 ss-

302 512 389 558 καὶ
413 508 542 570 τοὺς
564 509 809 574 τοξότας,
842 511 986 564 οὕτω
1019 511 1199 564 καλεῖ.

900 601 1150 654 ΚΕΦΑΛ.
1189 601 1272 654 H'.

375 687 522 754 Τοὺς
565 690 863 758 μανδύας.
925 692 995 743 Ἦ
1055 689 1122 742 τὰ
1171 688 1487 757 καλούμενα
1529 691 1874 762 Ἀρκαδίκια,

299 779 331 850 ἢ
365 781 432 834 τὰ
469 783 692 852 μαντία.
742 782 800 836 '0
832 783 890 836 δὲ
928 781 1182 846 Ἀκύλας,
1207 781 1488 850 χιτῶνας,
1531 785 1721 854 φησίν.

882 985 1135 1039 ΚΕΦΑΛ.
1165 986 1245 1042 Θ’.

372 1074 482 1128 Καὶ
514 1079 566 1130 εί
587 1077 841 1144 ὑγιαίνει
869 1079 900 1130 ό
930 1079 1215 1146 πόλεμος.
1277 1077 1444 1149 ’Δλλη
1497 1077 1734 1140 ἑκδοσις,
1779 1078 1875 1131 καὶ

299 1167 386 1232 είς
415 1165 664 1235 εἰρήνην
681 1167 790 1222 τοῦ
811 1167 1104 1236 πολέμου.

817 1264 826 1274 ’
893 1261 1149 1313 ΚΕΦΑΛ.
1184 1261 1242 1314 I'.

261 1343 265 1358 ¹
374 1349 485 1404 Τοῦ
517 1349 767 1418 ποιῆσαι
813 1349 893 1416 τῷ
953 1350 1127 1416 ἀνδρί
1155 1349 1236 1415 τῷ
1261 1349 1438 1415 ξένῳ.
1491 1349 1654 1404 Ξένον
1717 1350 1878 1403 καλεῖ

204 1460 213 1468 ·
298 1439 392 1492 τὸν
413 1439 646 1508 πονηρὸν
667 1438 944 1506 λογισμὸν,
961 1439 1038 1501 ὡς
1059 1438 1256 1503 ἔξωθεν
1276 1441 1408 1510 ἡμῖν
1445 1438 1876 1511 προσϐάλλοντα,

301 1530 397 1582 καὶ
427 1528 502 1599 μὴ
535 1529 676 1582 κατὰ
697 1529 857 1607 φύσιν
884 1529 1013 1582 ὄντα
1047 1531 1104 1582 ὲν
1130 1532 1285 1599 ἡμῖν.

375 1622 494 1675 Ὅτι
523 1620 692 1686 ἄξιος
719 1624 753 1674 ό
781 1620 955 1690 ἀνὴρ,
987 1624 1021 1676 ὀ
1044 1622 1310 1690 ποιήσας
1343 1622 1542 1687 τοῦτο,
1596 1623 1878 1678 θανάτου.

303 1712 478 1765 Τοῦτο
518 1713 636 1782 μὲν,
681 1712 1043 1781 ύπερϐολικόν
1065 1729 1080 1742 ο
1113 1712 1172 1765 τὸ
1201 1712 1256 1766 δὲ
1279 1713 1536 1766 ἀποτῖσαι
1569 1715 1875 1782 τετραπλα-

303 1803 476 1864 σίονα,
505 1802 644 1855 κατὰ
673 1806 856 1872 νόμον.

369 1890 540 1948 Εἶναί
562 1910 662 1946 σοι
711 1897 798 1958 εὶς
837 1891 1113 1962 γυναῖκα.
1169 1891 1520 1946 Αίνίττεταιό
1562 1894 1745 1961 λόγος,
1796 1896 1879 1947 ὃτι

305 1984 516 2038 πλέονὸ
543 1985 674 2046 Θεὸς
729 1984 1062 2053 ἐχαλέπηνεν
1127 1983 1223 2034 ἐπὶ
1275 1983 1353 2053 τῷ
1397 1983 1638 2054 γὰμῳ,ἢ
1678 1987 1743 2054 τῇ
1778 1986 1884 2055 πρὸ

301 2077 494 2130 τούτου
550 2078 783 2148 μοιχεία.
836 2077 948 2144 Τὴν
1007 2075 1108 2145 μὲν
1135 2075 1268 2146 γὰρ,
1299 2075 1452 2144 πόθῳ
1486 2076 1756 2145 καρωθεὶς
1797 2077 1882 2140 ἑξ-

305 2166 628 2235 ειργάσατοο
655 2169 684 2219 ὀ
711 2166 790 2230 δὲ,
815 2166 1078 2236 λογισμοῦ
1130 2165 1530 2232 συγκατάθεσιν
1591 2165 1724 2236 ἔχει.
1751 2168 1881 2220 Δέον

304 2256 413 2323 γὰρ
426 2257 515 2310 ἐπὶ
545 2257 760 2326 μοιχείᾳ
803 2256 898 2309 καὶ
921 2257 1067 2325 φόνῳ
1111 2255 1350 2326 θρηνεῖν,
1385 2255 1552 2326 γάμῳ
1573 2257 1880 2328 παρανόμῳ

307 2344 497 2420 συνῄνε
507 2362 560 2398 σε
569 2384 584 2400 .

380 2618 485 2673 Kal
506 2617 776 2686 λήψομαι
807 2615 914 2681 τὰς
941 2613 1253 2682 γυναῖκας,
1290 2615 1384 2668 καὶ
1415 2611 1588 2668 δώσω
1623 2613 1703 2680 τῷ
1724 2619 1884 2682 aln-

267 2703 272 2706 ’
304 2713 446 2766 dior
472 2725 608 2764 σου.
647 2707 874 2777 Ὅμοιον
905 2705 979 2774 τῷ
1005 2721 1018 2735 ’
1055 2725 1072 2755 ι
1101 2705 1420 2776 Παρὲδωκεν
1453 2707 1649 2769 αὐτοὺς
1682 2708 1710 2758 6
1751 2707 1884 2769 Θεὸς

305 2807 384 2856 si:
411 2802 556 2870 πάθη
590 2799 836 2868 ἀτιμίας.
856 2798 990 2850 »Τοῦ
1025 2795 1160 2849 Θεοῦ
1184 2795 1376 2866 δηλοῦν
1397 2797 1495 2867 τὴν
1515 2796 1882 2867 συγχώρησιν.

307 2893 482 2944 Ὅπου
511 2908 573 2959 γε
596 2891 690 2944 καὶ
727 2887 924 2943 Ἰακὼϐ
983 2888 1080 2955 τὴν
1121 2888 1323 2957 Σίκιμα
1352 2888 1505 2957 παρὰ
1529 2887 1755 2958 γνώμην
1785 2887 1886 2940 αύ-

305 2983 400 3035 τοῦ
428 2983 903 3051 καταστραφεῖσαν
938 2979 1043 3032 ὑπὸ
1065 2977 1292 3048 Συμεὼν
1327 2979 1424 3030 καὶ
1458 2976 1592 3030 Λευῖ
1619 2977 1728 3031 τῶν
1752 2979 1882 3030 παί-

223 3083 248 3104 ο
307 3073 434 3132 δων,
470 3067 550 3134 οἷς
612 3070 951 3140 ἐπηράσατο,
999 3067 1364 3139 κληρονομίαν
1415 3065 1597 3134 ἀφιεὶς
1642 3066 1878 3136 Ἰωσήφο

314 3183 333 3214 ι
365 3163 466 3214 Ἦν
492 3161 705 3228 ἔλαϐον,
731 3162 881 3232 φησὶ,
912 3158 988 3230 τῷ
1023 3160 1162 3230 τόξῳ
1205 3173 1326 3229 μου,
1353 3177 1372 3208 ι
1403 3156 1463 3210 τὸ
1484 3156 1593 3210 τῶν
1625 3158 1755 3212 υἱῶν
1782 3159 1882 3212 αύ-

307 3252 424 3316 τοῦ,
460 3253 551 3304 καὶ
606 3251 757 3323 παρά
801 3249 1030 3322 γνώμην
1069 3250 1310 3321 γεγονὸς,
1375 3246 1746 3317 οἰκειούμενος
1792 3249 1886 3321 ἐρ-

345 3359 424 3397 ον.

345 3360 424 3397 ον.

309 3360 345 3410 γ
383 3437 466 3488 Οὐ
481 3435 569 3504 μὴ
602 3433 934 3501 ἀποθάνῃς.
962 3432 1191 3487 Διπλοῦν
1221 3433 1364 3488 κατὰ
1386 3435 1477 3488 τὸν
1514 3435 1673 3506 νόμον
1689 3431 1885 3500 ὤφειλε

311 3525 561 3587 θάνατον,
598 3526 691 3576 ἐπὶ
719 3527 934 3595 μοιχείᾳ
993 3526 1090 3577 καὶ
1123 3524 1289 3594 φόνῳ,
1316 3528 1408 3578 τὸν
1439 3525 1496 3578 δὲ
1521 3527 1554 3595 ἡ
1588 3529 1686 3595 τῆς
1709 3526 1888 3594 ἁμαρο

201 3622 210 3630 ·
308 3616 429 3677 τίας
460 3615 720 3684 ὁμολογία
743 3617 1111 3688 παρήνεγκεν.

385 3789 768 3858 Παρώργιονας
817 3789 943 3855 τοῖς
997 3791 1294 3856 ἐναντίοις
1358 3793 1592 3859 Κύριον.
1649 3793 1886 3855 ’Δκύλας

313 3879 662 3950 σαφέστερον,
688 3879 1066 3946 παρώξυνας,
1094 3880 1278 3949 φησὶν.
1314 3881 1456 3947 τοὺς
1485 3882 1742 3951 ἐχθροὺς
1773 3886 1887 3937 Κυ-

302 3971 461 4041 ρίου.
492 3970 808 4039 Γυμνωθεὶς
851 3971 962 4040 γὰρ
1003 3972 1100 4038 τῆς
1147 3968 1298 4033 Θείας
1340 3971 1688 4042 κηδεμονίας,
1739 3991 1884 4044 παρ-

308 4061 569 4118 εσκεύασε
602 4061 728 4124 τοὺς
763 4060 1093 4129 ἀλλοφύλους
1135 4063 1314 4134 νικᾷν,
1357 4063 1452 4115 καὶ
1490 4064 1636 4132 μέγα
1665 4067 1884 4132 φρονεῖν

307 4155 449 4206 κατὰ
479 4151 572 4206 τοῦ
609 4151 719 4205 τῶν
767 4152 907 4205 ὅλων
937 4151 1095 4205 Θεοῦ.
1127 4152 1478 4223 Προσήλυτος
1518 4152 1575 4205 δὲ
1604 4151 1807 4222 Οὐρίας
1834 4163 1880 4206 ι).

305 4245 566 4298 Χετταῖον
591 4243 700 4316 γὰρ
729 4241 894 4297 αὐτόν
925 4259 1092 4312 φησιν
1119 4243 1149 4295 6
1172 4243 1324 4307 Θεὸς.

375 4336 483 4390 Καὶ
518 4337 550 4389 ό
582 4338 713 4400 υἱός
749 4350 889 4396 σου,
923 4338 955 4390 ό
980 4335 1208 4405 τεχθείς
1237 4351 1358 4397 σοι,
1390 4335 1622 4404 θανάτῳ
1649 4338 1877 4392 ἀποθαο

1977 513 2228 584 gittarios
2253 513 2356 567 hoc
2387 512 2608 566 nomine
2633 507 2890 578 appellat.

2516 595 3008 669 CAR.VHI[XL

2049 692 2214 746 Vens.
2242 693 2297 746 4,
2323 691 2608 746 Prrescidit
2633 699 2796 742 vestes
2837 689 3092 758 ipsorum.
3149 685 3243 742 Vel
3263 702 3381 749 eas.
3413 703 3555 758 quas

1978 784 2278 838 Arcadicas
2317 782 2610 848 nominat;
2647 781 2749 843 vel,
2785 779 2854 833 τὰ
2907 778 3126 849 μαντία.
3156 779 3354 850 Aquila
3384 779 3554 838 inter-

1980 883 2254 946 pretatur,
2284 874 2540 944 χιτῶνας.

2527 962 2800 1020 CAP.IX
2859 961 3000 1034 [κη.

2051 1056 2216 1110 Vens.
2276 1055 2330 1110 7.
2397 1057 2463 1111 Si
2505 1056 2698 1109 bellum
2762 1055 3062 1110 invalescit.
3118 1054 3240 1109 Alia
3283 1054 3563 1125 expositio

1982 1148 2167 1212 habet,
2198 1157 2248 1202 et
2275 1149 2327 1201 in
2369 1143 2552 1216 pacem
2572 1147 2720 1201 belli.

2532 1234 2776 1290 CAP.X
2843 1234 3010 1306 [xui

2052 1326 2218 1382 Vens.
2243 1328 2296 1382 4.
2338 1327 2404 1382 Ut
2422 1337 2680 1382 mactaret
2698 1329 2807 1382 viro
2847 1329 3058 1397 Itaspiti.
3093 1325 3323 1382 Pravam
3356 1329 3563 1398 cogita-

1984 1419 2187 1473 tionem
2231 1420 2501 1490 hospitem
2536 1419 2795 1488 appellat,
2821 1428 2881 1472 ut
2911 1434 3032 1488 quae
3051 1416 3368 1473 forinsecus
3398 1417 3560 1473 nobis

1982 1509 2335 1573 immittatur,
2366 1518 2420 1563 et
2449 1524 2563 1563 non
2597 1516 2796 1562 natura
2829 1509 2990 1563 nobis
3014 1508 3168 1562 insit.

2056 1597 2221 1653 Vens.
2256 1598 2311 1654 5.
2348 1599 2463 1664 Vir,
2492 1598 2584 1666 qui
2607 1597 2871 1666 fecithoc,
2902 1595 3094 1667 dignus
3115 1605 3190 1650 est
3221 1603 3408 1650 morte.
3444 1591 3562 1650 Hoc

1986 1690 2202 1760 quidem
2236 1689 2456 1742 modum
2489 1687 2974 1754 excedit,reddere
3003 1701 3132 1742 vero
3163 1683 3560 1756 quadruplum.

1916 1784 1962 1841 Β
1990 1780 2246 1850 congruit
2281 1794 2406 1833 cum
2443 1779 2578 1847 lege.

2059 1871 2224 1926 Vsus.
2261 1871 2316 1925 9.
2372 1869 2439 1924 Ut
2483 1869 2580 1923 tibi
2622 1880 2755 1924 esset
2814 1870 2871 1923 in
2903 1884 3145 1923 uxorem.
3194 1864 3311 1922 Hac
3344 1865 3565 1920 ratione

1986 1962 2226 2016 obscure
2247 1961 2592 2032 signiﬁcatur
2637 1959 2807 2016 Deum
2841 1959 2965 2030 plus
2987 1959 3091 2014 boc
3108 1956 3364 2028 conjugio
3389 1955 3564 2011 olren-

1988 2067 2109 2105 sum
2140 2067 2284 2115 esse,
2341 2066 2506 2121 quam
2571 2049 2864 2114 adulterio,
2917 2050 3066 2118 quod
3109 2047 3215 2103 hoc
3262 2047 3562 2117 praecessit.

1987 2141 2331 2197 Adulterium
2367 2141 2514 2197 enim
2556 2142 2856 2212 cupiditate
2884 2141 3065 2196 victus
3093 2139 3404 2204 commisit;
3438 2153 3568 2192 cou-

1983 2230 2195 2299 jugium
2256 2242 2441 2285 autem
2525 2229 2944 2285 deliberationis
3005 2243 3296 2284 assensum
3379 2227 3562 2282 habet.

1986 2322 2238 2390 Cumque
2262 2329 2488 2392 propter
2545 2321 2878 2376 adulterium
2920 2329 2978 2376 et
3009 2318 3368 2375 homicidium
3403 2319 3562 2390 plan-

1986 2429 2116 2482 gere
2158 2413 2406 2476 deberet,
2433 2413 2568 2483 ipse,
2635 2413 2989 2467 matrimonio
3027 2418 3222 2466 contra
3252 2411 3400 2483 leges
3431 2425 3566 2468 con-

1987 2515 2189 2571 tracto,
2219 2522 2344 2562 eum
2377 2520 2440 2560 ea
2476 2505 2601 2560 vita:
2631 2505 3088 2560 consuetudinem
3135 2504 3346 2560 habuit.

2057 2596 2224 2652 Vens.
2262 2597 2349 2651 11.
2385 2594 2595 2650 Tollam
2615 2611 2806 2650 uxores
2829 2605 2971 2657 tuas,
2985 2606 3034 2650 et
3060 2594 3199 2650 dabo
3217 2611 3308 2649 eos
3334 2603 3565 2662 tuo-pro-

1987 2688 2202 2756 pinquo.
2237 2685 2429 2741 Simile
2487 2693 2573 2742 est
2632 2685 2794 2739 huic:
2826 2704 2845 2736 ι
2908 2684 3163 2740 Tradidit
3215 2700 3312 2742 eos
3339 2685 3484 2740 Deus
3509 2687 3566 2740 in

1987 2776 2320 2846 cupiditates
2373 2775 2693 2846 ignominia:
2715 2775 2783 2829 ".
2817 2793 2836 2826 ι
2870 2773 2963 2828 Dei
3019 2774 3438 2846 permissionem
3488 2774 3565 2832 si-

1987 2868 2276 2939 gniﬁcans.
2314 2865 2772 2937 Quandoquidem
2827 2866 2995 2921 etiam
3026 2864 3197 2922 Iacob
3219 2866 3287 2922 de
3318 2865 3564 2932 Sicbem,

1987 2968 2181 3014 contra
2242 2958 2412 3014 animi
2485 2959 2573 3013 sui
2604 2958 2936 3013 sententiam
2937 2997 2966 3028 δ
3003 2972 3033 3019 α
3066 2956 3322 3013 Simeone
3349 2967 3404 3013 et
3433 2955 3567 3013 Levi

1990 3049 2116 3105 ﬁliis
2151 3063 2368 3114 eversa,
2395 3061 2538 3120 quos
2593 3046 2838 3116 devovit,
2872 3047 3070 3103 relicta
3101 3047 3422 3103 haereditate
3461 3049 3568 3120 ipsi

1903 3123 2246 3211 c.losepho,
2308 3142 2386 3194 ita
2451 3139 2740 3210 loquitur:
2805 3157 2825 3192 ι
2892 3137 3066 3206 Quam
3119 3147 3382 3210 ceperunt
3433 3154 3570 3195 arcu

1988 3247 2150 3301 meo;
2194 3254 2211 3285 ι
2245 3232 2462 3289 facinus
2484 3234 2722 3289 ﬁliorum
2762 3248 2990 3288 suorum
3015 3272 3031 3298 ,
3067 3244 3258 3289 contra
3309 3235 3569 3289 volunta-

1982 3338 2093 3383 tem
2126 3343 2281 3383 suam
2315 3327 2522 3382 editum
2559 3328 2665 3384 sibi
2699 3327 3012 3386 ascribens.

2057 3421 2224 3478 Vsus.
2255 3421 2345 3477 15.
2368 3419 2494 3476 Non
2517 3420 3011 3492 morieris.Duplici
3034 3429 3234 3488 morte,
3267 3421 3570 3478 secundum

1986 3512 2184 3581 legem,
2213 3509 2527 3580 puniendus
2581 3517 2723 3566 erat.
2777 3509 3048 3574 Primum,
3101 3518 3328 3580 propter
3357 3509 3574 3564 adulte-

1984 3605 2126 3656 rium
2151 3620 2167 3668 ;
2203 3601 2424 3662 deinde.
2446 3611 2673 3671 propter
2698 3601 3082 3655 homicidium.
3107 3600 3382 3657 Caeterum
3418 3615 3560 3656 cou-

1985 3692 2158 3748 l‘essio
2199 3699 2553 3760 peccatorum
2585 3704 2804 3760 poenam
2834 3689 3141 3745 transtulit.

2059 3782 2228 3839 Vsus.
2275 3782 2720 3838 H.Adversariis
2765 3777 3174 3853 [παρώργισας]
3201 3779 3427 3834 irritasti
3465 3783 3573 3836 llo-

1987 3874 2210 3926 minum.
2243 3871 2444 3942 Aquila
2475 3871 2692 3940 planius
2716 3870 2878 3934 dicit,
2903 3869 3250 3941 παρώξυνας,
3289 3868 3571 3924 Exacuisti

1985 3960 2159 4014 hostes
2190 3957 2426 4013 Domini.
2481 3957 2574 4010 Dei
2619 3957 2766 4012 enim
2815 3958 3204 4027 procuratione
3244 3958 3567 4020 destitutus.
3642 3953 3651 3964 ’
3763 3964 3773 3972 ’

1987 4051 2169 4107 οίῒεοίι
2224 4059 2281 4104 ut
2315 4049 2636 4119 alienigenae
2681 4049 2918 4105 victores
2949 4049 3271 4110 evaderent.
3297 4057 3350 4103 et
3378 4065 3570 4120 super-

1986 4145 2171 4200 birent
2207 4153 2402 4197 contra
2445 4140 2692 4195 universi
2746 4140 3115 4195 conditorem.
3173 4140 3336 4195 Urius
3385 4153 3562 4194 autem

1986 4235 2316 4307 prosclytus.
2347 4231 2653 4288 Chettmum
2691 4231 2839 4286 enim
2879 4231 3022 4288 Deus
3054 4231 3316 4302 appellat.

2057 4322 2126 4376 Et
2163 4322 2309 4392 ﬁlius
2349 4330 2493 4384 tuus,
2525 4321 2617 4391 qui
2647 4320 2744 4373 tibi
2773 4329 2932 4373 natus
2953 4328 3052 4383 est,
3083 4322 3356 4374 morietur.
3391 4319 3562 4377 Filius

303 4424 512 4480 νεῖται.
540 4425 798 4496 Ἔλεγχος
837 4425 946 4497 γὰρ
975 4422 1074 4496 τῆς
1105 4426 1448 4496 παρανομίας
1491 4428 1701 4496 ἐγίνετο
1747 4426 1876 4492 ζῶν.

2008 4412 2130 4466 :nim
2191 4417 2476 4480 superstes
2534 4418 2900 4479 transgressae
2974 4407 3110 4478 legis
3171 4417 3560 4478 argumentum

307 4516 581 4580 Εὐσεϐοῦς
609 4517 702 4584 οὖν
732 4516 997 4586 βασιλέως
1026 4517 1322 4589 κηδόμενος
1353 4520 1382 4572 6
1407 4519 1559 4583 Θεὸς,
1597 4521 1658 4573 τὸ
1690 4521 1880 4574 τούτου

2008 4511 2124 4558 :rat.
2160 4501 2302 4558 Deus
2330 4503 2534 4572 itaque,
2561 4500 2635 4571 pii
2677 4501 2820 4571 regis
2848 4513 3036 4554 curam
3083 4513 3305 4570 gerens,
3339 4500 3565 4556 sustulit

307 4610 656 4680 παρήνεγκεν
685 4608 908 4673 ὄνειδος.

381 4701 540 4753 Ἤτοι
583 4699 860 4769 μοιχίδιον.
896 4700 1160 4763 Τοσοῦτος
1209 4701 1266 4754 δὲ
1313 4704 1342 4755 6
1371 4703 1734 4775 καταδληθεὶς
1781 4705 1880 4776 τῆς

310 4793 599 4862 μετανοίας
646 4791 894 4861 καρπὸς,
945 4791 1021 4854 ὡς
1059 4792 1154 4844 καὶ
1207 4795 1528 4866 προπάτορα
1579 4795 1742 4848 αὑτὸν
1781 4797 1882 4865 τῆς

1987 4596 2108 4665 ejus
2136 4593 2512 4664 opprobrium.

2059 4685 2294 4739 Puerum
2328 4684 2538 4739 scilicet
2573 4680 2964 4738 adulterinum.
2999 4677 3065 4733 Et
3093 4687 3277 4734 tantus
3309 4678 3412 4735 fuit
3443 4695 3564 4752 pa:-

1988 4778 2234 4833 nitentiae
2281 4777 2490 4830 fructus
2520 4784 2581 4830 ut
2603 4790 2738 4832 avus
2785 4775 2900 4844 ipse
2941 4771 3148 4828 Christi
3185 4773 3564 4852 generationis

308 4884 450 4937 κατὰ
483 4885 660 4954 σάρκα
684 4885 989 4954 γεννήσεως
1013 4882 1207 4938 ἑαυτοῦ
1229 4887 1294 4938 ὲκ
1317 4887 1522 4958 ταύτης
1553 4889 1879 4960 γεγενῆσθαι

2012 4867 2282 4922 ecundum
2314 4880 2536 4920 carnem
2572 4881 2638 4920 ex
2669 4865 2858 4920 eadem
2891 4863 3120 4919 muliere
3150 4873 3526 4942 nasceretur“

306 4974 405 5044 τῆς
432 4974 712 5041 γυναικός.
744 4973 808 5028 C.
843 4972 908 5028 L.
1661 5030 1673 5042 ,

376 5064 656 5119 Ειεδίδια.
705 5065 958 5132 Ἀκύλας,
1009 5067 1220 5122 ἕνεκεν
1263 5070 1504 5138 Κυρίου.
1558 5070 1879 5143 Σύμμαχος,

305 5157 394 5222 εις
425 5156 693 5219 βασιλέα
715 5155 1156 5226 ἀφωρισμένον.

377 5244 490 5299 Καὶ
517 5245 824 5315 διέπρισεν
855 5247 924 5301 ἐν
957 5250 1223 5316 πρίοσιν.
1255 5251 1370 5304 Ούκ
1410 5251 1693 5323 ὠμότητος
1723 5253 1876 5324 τοῦρ-

305 5352 434 5408 γον,
485 5336 620 5390 ἀλλὰ
674 5337 886 5403 δικαίας
939 5340 1148 5410 ποινῆς.
1187 5341 1309 5396 Τῶν
1355 5343 1466 5416 γὰρ
1508 5343 1876 5417 Ἰσραηλιτῶν,

412 5507 461 5542 ⁸⁸
504 5507 665 5562 Rom.
690 5525 728 5569 ι,
766 5509 853 5563 26.

2051 5066 2282 5122 ledidia.
2312 5065 2529 5136 Aquila,
2572 5073 2786 5135 propter
2821 5061 3134 5118 Dominum.
3167 5060 3559 5134 Symmachus,

1980 5169 2306 5232 segregatum
2337 5161 2392 5212 in
2427 5174 2616 5229 regem.

1979 5260 1988 5274 '
2057 5249 2226 5304 Vens.
2267 5250 2358 5304 3i.
2399 5247 2700 5304 Combussit
2739 5264 2896 5315 super
2926 5265 3125 5302 serras.
3178 5246 3298 5303 Non
3329 5245 3564 5303 crudeli-

1988 5343 2118 5397 tatis
2150 5341 2245 5398 sed
2281 5341 2443 5411 justa:
2475 5354 2650 5410 pretia.-
2697 5353 2835 5409 Opus
2883 5337 3006 5393 fuit.
3061 5339 3388 5394 Ammonita:
3414 5337 3560 5393 enim

1610 5604 1848 5661 VARIIE
1888 5603 2296 5660 LECTIONES.
2734 5645 2742 5654 .

376 5699 409 5743 ι»
429 5691 566 5749 Male
588 5695 700 5750 lucc
719 5710 935 5766 quoque
955 5696 1122 5752 codex
1151 5693 1402 5752 Larateri
1439 5699 1726 5768 ‘separabat
1766 5713 1792 5751 τι
1829 5697 2299 5768 przecedentibus;
2333 5699 2490 5768 quasi
2510 5707 2712 5768 textus,
2742 5715 2854 5757 non
2889 5699 3138 5772 Procopii
3164 5701 3327 5757 verba
3348 5716 3554 5792 essent.
