  <div class='ocr_page' id='page_1' title='image "/cluster/home/n/w/nwhite01/storage/ocr_20150623/87:1/hvd.32044073502353/576.png"; bbox 0 0 3986 6218; ppageno 0'>
   <div class='ocr_carea' id='block_1_1' title="bbox 383 358 514 426">
    <p class='ocr_par' dir='ltr' id='par_1_1' title="bbox 383 358 514 426">
     <span class='ocr_line' id='line_1_1' title="bbox 383 358 514 426; baseline 0.015 -2"><span class='ocrx_word' id='word_1_1' title='bbox 383 358 514 426; x_wconf 72' lang='grc'><strong>1141</strong></span> 
     </span>
    </p>
   </div>
   <div class='ocr_carea' id='block_1_2' title="bbox 1365 359 2618 431">
    <p class='ocr_par' dir='ltr' id='par_1_2' title="bbox 1365 359 2618 431">
     <span class='ocr_line' id='line_1_2' title="bbox 1365 359 2618 431; baseline -0.006 -2"><span class='ocrx_word' id='word_1_2' title='bbox 1365 367 1897 431; x_wconf 80' lang='lat' dir='ltr'><strong>COMMENTARII</strong></span> <span class='ocrx_word' id='word_1_3' title='bbox 1932 367 2012 428; x_wconf 85' lang='lat' dir='ltr'><strong>IN</strong></span> <span class='ocrx_word' id='word_1_4' title='bbox 2034 366 2181 427; x_wconf 83' lang='lat' dir='ltr'><strong>LIB.</strong></span> <span class='ocrx_word' id='word_1_5' title='bbox 2223 365 2286 425; x_wconf 91' lang='lat' dir='ltr'><strong>II</strong></span> <span class='ocrx_word' id='word_1_6' title='bbox 2325 359 2618 424; x_wconf 86' lang='lat' dir='ltr'><strong>REGUM.</strong></span> 
     </span>
    </p>
   </div>
   <div class='ocr_carea' id='block_1_3' title="bbox 3482 344 3613 410">
    <p class='ocr_par' dir='ltr' id='par_1_3' title="bbox 3482 344 3613 410">
     <span class='ocr_line' id='line_1_3' title="bbox 3482 344 3613 410; baseline 0 0"><span class='ocrx_word' id='word_1_7' title='bbox 3482 344 3613 410; x_wconf 68' lang='grc' dir='ltr'>ιιιε</span> 
     </span>
    </p>
   </div>
   <div class='ocr_carea' id='block_1_4' title="bbox 377 460 1954 547">
    <p class='ocr_par' dir='ltr' id='par_1_4' title="bbox 377 472 1945 547">
     <span class='ocr_line' id='line_1_4' title="bbox 377 472 1945 547; baseline 0.001 -19"><span class='ocrx_word' id='word_1_8' title='bbox 377 473 634 529; x_wconf 78' lang='grc' dir='ltr'><strong>ἀνελόντα</strong></span> <span class='ocrx_word' id='word_1_9' title='bbox 660 472 750 527; x_wconf 75' lang='grc' dir='ltr'><strong>τὸν</strong></span> <span class='ocrx_word' id='word_1_10' title='bbox 790 472 1161 546; x_wconf 76' lang='grc' dir='ltr'>’Ᾱὸεσσαλώμ.</span> <span class='ocrx_word' id='word_1_11' title='bbox 1196 475 1365 539; x_wconf 74' lang='grc' dir='ltr'>Αὐτὸς</span> <span class='ocrx_word' id='word_1_12' title='bbox 1400 478 1506 547; x_wconf 82' lang='grc' dir='ltr'><strong>γάρ</strong></span> <span class='ocrx_word' id='word_1_13' title='bbox 1532 480 1561 530; x_wconf 99' lang='lat'><strong>6</strong></span> <span class='ocrx_word' id='word_1_14' title='bbox 1583 478 1716 541; x_wconf 82' lang='grc' dir='ltr'>Θεὸς</span> <span class='ocrx_word' id='word_1_15' title='bbox 1744 477 1945 547; x_wconf 84' lang='grc' dir='ltr'>προλα-</span> 
     </span>
    </p>
   </div>
   <div class='ocr_carea' id='block_1_5' title="bbox 2070 460 3614 547">
    <p class='ocr_par' dir='ltr' id='par_1_5' title="bbox 2070 460 3614 533">
     <span class='ocr_line' id='line_1_5' title="bbox 2070 460 3614 533; baseline -0.012 -2"><span class='ocrx_word' id='word_1_16' title='bbox 2070 492 2172 531; x_wconf 91' lang='lat' dir='ltr'><strong>nen</strong></span> <span class='ocrx_word' id='word_1_17' title='bbox 2210 474 2510 530; x_wconf 79' lang='lat' dir='ltr'><strong>interfecit.</strong></span> <span class='ocrx_word' id='word_1_18' title='bbox 2560 469 2696 524; x_wconf 84' lang='lat' dir='ltr'><strong>Nam</strong></span> <span class='ocrx_word' id='word_1_19' title='bbox 2752 465 2894 521; x_wconf 86' lang='lat' dir='ltr'><strong>Deus</strong></span> <span class='ocrx_word' id='word_1_20' title='bbox 2942 464 3058 533; x_wconf 91' lang='lat' dir='ltr'><strong>ipse</strong></span> <span class='ocrx_word' id='word_1_21' title='bbox 3088 460 3428 531; x_wconf 66' lang='lat' dir='ltr'><strong>prteveniens</strong></span> <span class='ocrx_word' id='word_1_22' title='bbox 3463 460 3614 513; x_wconf 81' lang='lat' dir='ltr'><strong>illum</strong></span> 
     </span>
    </p>
   </div>
   <div class='ocr_carea' id='block_1_6' title="bbox 377 566 1939 640">
    <p class='ocr_par' dir='ltr' id='par_1_6' title="bbox 377 566 1939 640">
     <span class='ocr_line' id='line_1_6' title="bbox 377 566 1939 640; baseline 0.003 -21"><span class='ocrx_word' id='word_1_23' title='bbox 377 566 490 619; x_wconf 70' lang='grc' dir='ltr'>δὼν</span> <span class='ocrx_word' id='word_1_24' title='bbox 520 566 826 637; x_wconf 70' lang='grc' dir='ltr'><strong>ἐκρέμασεν</strong></span> <span class='ocrx_word' id='word_1_25' title='bbox 849 574 874 605; x_wconf 83' lang='grc'><strong>⁸</strong></span> <span class='ocrx_word' id='word_1_26' title='bbox 911 567 1073 620; x_wconf 80' lang='grc' dir='ltr'>αὐτὸν</span> <span class='ocrx_word' id='word_1_27' title='bbox 1120 568 1179 621; x_wconf 72' lang='grc' dir='ltr'>ἐν</span> <span class='ocrx_word' id='word_1_28' title='bbox 1220 570 1333 632; x_wconf 89' lang='grc' dir='ltr'>τοῖς</span> <span class='ocrx_word' id='word_1_29' title='bbox 1383 572 1482 638; x_wconf 85' lang='grc' dir='ltr'>τῆς</span> <span class='ocrx_word' id='word_1_30' title='bbox 1520 570 1679 640; x_wconf 78' lang='grc' dir='ltr'>δρυὸς</span> <span class='ocrx_word' id='word_1_31' title='bbox 1705 570 1939 634; x_wconf 82' lang='grc' dir='ltr'><strong>κλάδοις,</strong></span> 
     </span>
    </p>
   </div>
   <div class='ocr_carea' id='block_1_7' title="bbox 375 651 1944 731">
    <p class='ocr_par' dir='ltr' id='par_1_7' title="bbox 375 651 1944 731">
     <span class='ocr_line' id='line_1_7' title="bbox 375 651 1944 731; baseline 0.003 -21"><span class='ocrx_word' id='word_1_32' title='bbox 375 651 466 710; x_wconf 78' lang='grc' dir='ltr'><strong>οἷα</strong></span> <span class='ocrx_word' id='word_1_33' title='bbox 495 655 799 726; x_wconf 79' lang='grc' dir='ltr'><strong>κακοῦργον</strong></span> <span class='ocrx_word' id='word_1_34' title='bbox 842 656 1283 727; x_wconf 78' lang='grc' dir='ltr'>βασανιζόμενον.</span> <span class='ocrx_word' id='word_1_35' title='bbox 1336 658 1514 730; x_wconf 86' lang='grc' dir='ltr'>Ὅπερ</span> <span class='ocrx_word' id='word_1_36' title='bbox 1543 664 1561 696; x_wconf 69' lang='grc' dir='ltr'>ι</span> <span class='ocrx_word' id='word_1_37' title='bbox 1610 662 1944 731; x_wconf 84' lang='grc' dir='ltr'>θεασάμενος</span> 
     </span>
    </p>
   </div>
   <div class='ocr_carea' id='block_1_8' title="bbox 390 747 1944 823">
    <p class='ocr_par' dir='ltr' id='par_1_8' title="bbox 390 747 1944 823">
     <span class='ocr_line' id='line_1_8' title="bbox 390 747 1944 823; baseline 0.002 -21"><span class='ocrx_word' id='word_1_38' title='bbox 390 747 570 814; x_wconf 76' lang='grc' dir='ltr'>Ἰωάσ,</span> <span class='ocrx_word' id='word_1_39' title='bbox 600 751 692 803; x_wconf 83' lang='grc' dir='ltr'>τὸν</span> <span class='ocrx_word' id='word_1_40' title='bbox 738 747 839 818; x_wconf 75' lang='grc' dir='ltr'>μὲν</span> <span class='ocrx_word' id='word_1_41' title='bbox 873 751 1088 819; x_wconf 84' lang='grc' dir='ltr'>πατέρα</span> <span class='ocrx_word' id='word_1_42' title='bbox 1131 751 1430 822; x_wconf 86' lang='grc' dir='ltr'>κεχρῆσθαι</span> <span class='ocrx_word' id='word_1_43' title='bbox 1460 755 1526 823; x_wconf 86' lang='grc' dir='ltr'><strong>τῇ</strong></span> <span class='ocrx_word' id='word_1_44' title='bbox 1565 752 1944 823; x_wconf 78' lang='grc' dir='ltr'>φιλανθρωπίᾳ</span> 
     </span>
    </p>
   </div>
   <div class='ocr_carea' id='block_1_9' title="bbox 378 841 1943 915">
    <p class='ocr_par' dir='ltr' id='par_1_9' title="bbox 378 841 1943 915">
     <span class='ocr_line' id='line_1_9' title="bbox 378 841 1943 915; baseline 0 -19"><span class='ocrx_word' id='word_1_45' title='bbox 378 841 692 907; x_wconf 80' lang='grc' dir='ltr'>κατέλιπεν,</span> <span class='ocrx_word' id='word_1_46' title='bbox 723 842 884 905; x_wconf 77' lang='grc' dir='ltr'>αὐτὸς</span> <span class='ocrx_word' id='word_1_47' title='bbox 922 842 980 895; x_wconf 79' lang='grc' dir='ltr'>δὲ</span> <span class='ocrx_word' id='word_1_48' title='bbox 1022 841 1223 911; x_wconf 74' lang='grc' dir='ltr'>ἔχρησε</span> <span class='ocrx_word' id='word_1_49' title='bbox 1267 842 1345 911; x_wconf 82' lang='grc' dir='ltr'><strong>τῷ</strong></span> <span class='ocrx_word' id='word_1_50' title='bbox 1376 843 1495 913; x_wconf 86' lang='grc' dir='ltr'><strong>Θεῷ</strong></span> <span class='ocrx_word' id='word_1_51' title='bbox 1532 845 1629 915; x_wconf 85' lang='grc' dir='ltr'>τὴν</span> <span class='ocrx_word' id='word_1_52' title='bbox 1662 844 1805 898; x_wconf 78' lang='grc' dir='ltr'>κατὰ</span> <span class='ocrx_word' id='word_1_53' title='bbox 1849 844 1943 896; x_wconf 80' lang='grc' dir='ltr'>τοῦ</span> 
     </span>
    </p>
   </div>
   <div class='ocr_carea' id='block_1_10' title="bbox 392 930 1946 1004">
    <p class='ocr_par' dir='ltr' id='par_1_10' title="bbox 392 930 1946 1004">
     <span class='ocr_line' id='line_1_10' title="bbox 392 930 1946 1004; baseline 0 -19"><span class='ocrx_word' id='word_1_54' title='bbox 392 932 745 1002; x_wconf 80' lang='grc' dir='ltr'>Ἀὄεσσαλὼμ</span> <span class='ocrx_word' id='word_1_55' title='bbox 769 930 971 998; x_wconf 80' lang='grc' dir='ltr'>δεξιὰν,</span> <span class='ocrx_word' id='word_1_56' title='bbox 999 930 1096 984; x_wconf 77' lang='grc' dir='ltr'>καὶ</span> <span class='ocrx_word' id='word_1_57' title='bbox 1123 932 1217 986; x_wconf 76' lang='grc' dir='ltr'><strong>ἐπὶ</strong></span> <span class='ocrx_word' id='word_1_58' title='bbox 1251 935 1318 1003; x_wconf 81' lang='grc' dir='ltr'><strong>τῇ</strong></span> <span class='ocrx_word' id='word_1_59' title='bbox 1352 933 1718 1004; x_wconf 81' lang='grc' dir='ltr'>μυσαρωτὰτῃ</span> <span class='ocrx_word' id='word_1_60' title='bbox 1746 934 1946 1003; x_wconf 83' lang='grc' dir='ltr'>καρδίᾳ</span> 
     </span>
    </p>
   </div>
   <div class='ocr_carea' id='block_1_11' title="bbox 375 1023 1801 1094">
    <p class='ocr_par' dir='ltr' id='par_1_11' title="bbox 375 1023 1801 1094">
     <span class='ocr_line' id='line_1_11' title="bbox 375 1023 1801 1094; baseline 0 -17"><span class='ocrx_word' id='word_1_61' title='bbox 375 1024 446 1078; x_wconf 81' lang='grc' dir='ltr'>τὰ</span> <span class='ocrx_word' id='word_1_62' title='bbox 481 1023 607 1094; x_wconf 80' lang='grc' dir='ltr'>βέλη</span> <span class='ocrx_word' id='word_1_63' title='bbox 639 1024 936 1093; x_wconf 81' lang='grc' dir='ltr'>κατέπηξε.</span> <span class='ocrx_word' id='word_1_64' title='bbox 1646 1025 1708 1081; x_wconf 88' lang='lat' dir='ltr'><strong>C.</strong></span> <span class='ocrx_word' id='word_1_65' title='bbox 1740 1025 1801 1078; x_wconf 89' lang='lat' dir='ltr'><strong>L.</strong></span> 
     </span>
    </p>
   </div>
   <div class='ocr_carea' id='block_1_12' title="bbox 446 1114 1947 1187">
    <p class='ocr_par' dir='ltr' id='par_1_12' title="bbox 446 1114 1947 1187">
     <span class='ocr_line' id='line_1_12' title="bbox 446 1114 1947 1187; baseline -0.001 -18"><span class='ocrx_word' id='word_1_66' title='bbox 446 1114 558 1169; x_wconf 74' lang='lat' dir='ltr'><strong>Kal</strong></span> <span class='ocrx_word' id='word_1_67' title='bbox 584 1114 923 1182; x_wconf 79' lang='grc' dir='ltr'>ἐδάκρυσεν</span> <span class='ocrx_word' id='word_1_68' title='bbox 962 1117 996 1170; x_wconf 84' lang='grc' dir='ltr'><em>ὁ</em></span> <span class='ocrx_word' id='word_1_69' title='bbox 1028 1116 1350 1182; x_wconf 72' lang='grc' dir='ltr'>βασιλεύς.</span> <span class='ocrx_word' id='word_1_70' title='bbox 1389 1116 1448 1169; x_wconf 89' lang='lat'><strong>&#39;0</strong></span> <span class='ocrx_word' id='word_1_71' title='bbox 1490 1116 1600 1187; x_wconf 79' lang='grc' dir='ltr'><strong>γὰρ</strong></span> <span class='ocrx_word' id='word_1_72' title='bbox 1636 1116 1725 1170; x_wconf 87' lang='grc' dir='ltr'><strong>διά</strong></span> <span class='ocrx_word' id='word_1_73' title='bbox 1760 1115 1947 1183; x_wconf 83' lang='grc' dir='ltr'>φιλαν-</span> 
     </span>
    </p>
   </div>
   <div class='ocr_carea' id='block_1_13' title="bbox 375 1204 1947 1276">
    <p class='ocr_par' dir='ltr' id='par_1_13' title="bbox 375 1204 1947 1276">
     <span class='ocr_line' id='line_1_13' title="bbox 375 1204 1947 1276; baseline 0.002 -18"><span class='ocrx_word' id='word_1_74' title='bbox 375 1204 627 1276; x_wconf 87' lang='grc' dir='ltr'>θρωπίαν</span> <span class='ocrx_word' id='word_1_75' title='bbox 661 1204 934 1276; x_wconf 80' lang='grc' dir='ltr'><strong>πενθήσας</strong></span> <span class='ocrx_word' id='word_1_76' title='bbox 977 1206 1069 1259; x_wconf 81' lang='grc' dir='ltr'>τὸν</span> <span class='ocrx_word' id='word_1_77' title='bbox 1105 1205 1302 1272; x_wconf 76' lang='grc' dir='ltr'>Σαοὺλ,</span> <span class='ocrx_word' id='word_1_78' title='bbox 1344 1206 1463 1270; x_wconf 85' lang='grc' dir='ltr'><strong>πῶς</strong></span> <span class='ocrx_word' id='word_1_79' title='bbox 1500 1209 1592 1260; x_wconf 67' lang='grc' dir='ltr'><strong>ἐπὶ</strong></span> <span class='ocrx_word' id='word_1_80' title='bbox 1631 1207 1819 1272; x_wconf 73' lang='grc' dir='ltr'>παιδὸς</span> <span class='ocrx_word' id='word_1_81' title='bbox 1846 1209 1947 1263; x_wconf 78' lang='grc' dir='ltr'><strong>οὐκ</strong></span> 
     </span>
    </p>
   </div>
   <div class='ocr_carea' id='block_1_14' title="bbox 375 1289 1947 1370">
    <p class='ocr_par' dir='ltr' id='par_1_14' title="bbox 375 1289 1947 1370">
     <span class='ocr_line' id='line_1_14' title="bbox 375 1289 1947 1370; baseline 0.004 -23"><span class='ocrx_word' id='word_1_82' title='bbox 375 1294 442 1347; x_wconf 74' lang='grc' dir='ltr'>ἂν</span> <span class='ocrx_word' id='word_1_83' title='bbox 472 1294 698 1365; x_wconf 67' lang='grc' dir='ltr'>ἐνικήθη</span> <span class='ocrx_word' id='word_1_84' title='bbox 717 1297 784 1365; x_wconf 78' lang='grc' dir='ltr'>τῇ</span> <span class='ocrx_word' id='word_1_85' title='bbox 817 1294 1018 1364; x_wconf 72' lang='grc' dir='ltr'>φύσεις</span> <span class='ocrx_word' id='word_1_86' title='bbox 1050 1295 1253 1367; x_wconf 84' lang='grc' dir='ltr'>Θρηνεῖ</span> <span class='ocrx_word' id='word_1_87' title='bbox 1282 1297 1339 1350; x_wconf 84' lang='grc' dir='ltr'>δὲ</span> <span class='ocrx_word' id='word_1_88' title='bbox 1370 1289 1461 1350; x_wconf 67' lang='grc' dir='ltr'><strong>καὶ</strong></span> <span class='ocrx_word' id='word_1_89' title='bbox 1493 1298 1568 1361; x_wconf 87' lang='grc' dir='ltr'>ὡς</span> <span class='ocrx_word' id='word_1_90' title='bbox 1603 1298 1831 1370; x_wconf 72' lang='grc' dir='ltr'>εὐσεϐὴς</span> <span class='ocrx_word' id='word_1_91' title='bbox 1854 1299 1947 1353; x_wconf 82' lang='grc' dir='ltr'>τὸν</span> 
     </span>
    </p>
   </div>
   <div class='ocr_carea' id='block_1_15' title="bbox 376 1383 1699 1456">
    <p class='ocr_par' dir='ltr' id='par_1_15' title="bbox 376 1383 1699 1456">
     <span class='ocr_line' id='line_1_15' title="bbox 376 1383 1699 1456; baseline 0.002 -18"><span class='ocrx_word' id='word_1_92' title='bbox 376 1383 465 1438; x_wconf 83' lang='grc' dir='ltr'><strong>διὰ</strong></span> <span class='ocrx_word' id='word_1_93' title='bbox 505 1383 872 1455; x_wconf 70' lang='grc' dir='ltr'>μεταμελείας</span> <span class='ocrx_word' id='word_1_94' title='bbox 903 1384 1122 1454; x_wconf 80' lang='grc' dir='ltr'>ἰαθῆναι</span> <span class='ocrx_word' id='word_1_95' title='bbox 1160 1384 1359 1456; x_wconf 77' lang='grc' dir='ltr'>μηκέτι</span> <span class='ocrx_word' id='word_1_96' title='bbox 1383 1385 1699 1456; x_wconf 77' lang='grc' dir='ltr'><strong>δυνάμενον.</strong></span> 
     </span>
    </p>
   </div>
   <div class='ocr_carea' id='block_1_16' title="bbox 962 1559 1349 1615">
    <p class='ocr_par' dir='ltr' id='par_1_16' title="bbox 962 1559 1349 1615">
     <span class='ocr_line' id='line_1_16' title="bbox 962 1559 1349 1615; baseline 0.005 -2"><span class='ocrx_word' id='word_1_97' title='bbox 962 1559 1212 1613; x_wconf 78' lang='grc' dir='ltr'><strong>ΚΕΦΑΛ.</strong></span> <span class='ocrx_word' id='word_1_98' title='bbox 1248 1561 1349 1615; x_wconf 83' lang='lat' dir='ltr'><strong>IZ&#39;.</strong></span> 
     </span>
    </p>
   </div>
   <div class='ocr_carea' id='block_1_17' title="bbox 447 1648 1949 1723">
    <p class='ocr_par' dir='ltr' id='par_1_17' title="bbox 447 1648 1949 1723">
     <span class='ocr_line' id='line_1_17' title="bbox 447 1648 1949 1723; baseline 0.001 -17"><span class='ocrx_word' id='word_1_99' title='bbox 447 1652 515 1706; x_wconf 83' lang='lat' dir='ltr'><strong>El</strong></span> <span class='ocrx_word' id='word_1_100' title='bbox 536 1648 623 1719; x_wconf 83' lang='grc' dir='ltr'>μὴ</span> <span class='ocrx_word' id='word_1_101' title='bbox 648 1650 1121 1720; x_wconf 78' lang='grc' dir='ltr'><strong>ἀρχιστράτηγος</strong></span> <span class='ocrx_word' id='word_1_102' title='bbox 1145 1651 1260 1720; x_wconf 69' lang='grc' dir='ltr'>ἐστι</span> <span class='ocrx_word' id='word_1_103' title='bbox 1278 1669 1403 1721; x_wconf 80' lang='grc' dir='ltr'>μοι.</span> <span class='ocrx_word' id='word_1_104' title='bbox 1444 1652 1508 1706; x_wconf 80' lang='lat' dir='ltr'><strong>El</strong></span> <span class='ocrx_word' id='word_1_105' title='bbox 1536 1652 1644 1723; x_wconf 81' lang='grc' dir='ltr'>γὰρ</span> <span class='ocrx_word' id='word_1_106' title='bbox 1682 1653 1778 1708; x_wconf 78' lang='grc' dir='ltr'>καὶ</span> <span class='ocrx_word' id='word_1_107' title='bbox 1817 1654 1949 1709; x_wconf 87' lang='grc' dir='ltr'>πολ-</span> 
     </span>
    </p>
   </div>
   <div class='ocr_carea' id='block_1_18' title="bbox 306 1739 1950 1811">
    <p class='ocr_par' dir='ltr' id='par_1_18' title="bbox 306 1739 1950 1811">
     <span class='ocr_line' id='line_1_18' title="bbox 306 1739 1950 1811; baseline 0.003 -20"><span class='ocrx_word' id='word_1_108' title='bbox 306 1756 313 1761; x_wconf 65' lang='lat'><strong><em>&#39;</em></strong></span> <span class='ocrx_word' id='word_1_109' title='bbox 375 1740 500 1804; x_wconf 76' lang='grc' dir='ltr'>λοὺς</span> <span class='ocrx_word' id='word_1_110' title='bbox 526 1741 665 1811; x_wconf 78' lang='grc' dir='ltr'>ὑπερ</span> <span class='ocrx_word' id='word_1_111' title='bbox 691 1740 857 1794; x_wconf 72' lang='grc' dir='ltr'>Δαδὶδ</span> <span class='ocrx_word' id='word_1_112' title='bbox 884 1741 913 1793; x_wconf 95' lang='lat'><strong>6</strong></span> <span class='ocrx_word' id='word_1_113' title='bbox 959 1739 1116 1793; x_wconf 68' lang='grc' dir='ltr'>Ίωὰϐ</span> <span class='ocrx_word' id='word_1_114' title='bbox 1159 1740 1428 1811; x_wconf 82' lang='grc' dir='ltr'>ύπὲμεινη</span> <span class='ocrx_word' id='word_1_115' title='bbox 1450 1753 1479 1781; x_wconf 77' lang='grc' dir='ltr'>ιι</span> <span class='ocrx_word' id='word_1_116' title='bbox 1509 1743 1807 1810; x_wconf 81' lang='grc' dir='ltr'>κινδύνους,</span> <span class='ocrx_word' id='word_1_117' title='bbox 1831 1743 1950 1797; x_wconf 88' lang='grc' dir='ltr'>ἀλλ’</span> 
     </span>
    </p>
   </div>
   <div class='ocr_carea' id='block_1_19' title="bbox 2043 553 3617 637">
    <p class='ocr_par' dir='ltr' id='par_1_19' title="bbox 2043 553 3617 637">
     <span class='ocr_line' id='line_1_19' title="bbox 2043 553 3617 637; baseline -0.011 -16"><span class='ocrx_word' id='word_1_118' title='bbox 2043 582 2278 637; x_wconf 86' lang='lat' dir='ltr'><strong>quercus</strong></span> <span class='ocrx_word' id='word_1_119' title='bbox 2331 565 2500 620; x_wconf 88' lang='lat' dir='ltr'><strong>ramis</strong></span> <span class='ocrx_word' id='word_1_120' title='bbox 2542 558 2849 630; x_wconf 89' lang='lat' dir='ltr'><strong>suspendit,</strong></span> <span class='ocrx_word' id='word_1_121' title='bbox 2898 563 2959 610; x_wconf 93' lang='lat' dir='ltr'><strong>ut</strong></span> <span class='ocrx_word' id='word_1_122' title='bbox 3013 553 3144 608; x_wconf 88' lang='lat' dir='ltr'><strong>talia</strong></span> <span class='ocrx_word' id='word_1_123' title='bbox 3181 559 3464 622; x_wconf 83' lang='lat' dir='ltr'><strong>pateretur</strong></span> <span class='ocrx_word' id='word_1_124' title='bbox 3511 553 3617 604; x_wconf 85' lang='lat' dir='ltr'><strong>iste</strong></span> 
     </span>
    </p>
   </div>
   <div class='ocr_carea' id='block_1_20' title="bbox 2045 642 3616 727">
    <p class='ocr_par' dir='ltr' id='par_1_20' title="bbox 2045 642 3616 727">
     <span class='ocr_line' id='line_1_20' title="bbox 2045 642 3616 727; baseline -0.014 -15"><span class='ocrx_word' id='word_1_125' title='bbox 2045 657 2347 727; x_wconf 86' lang='lat' dir='ltr'><strong>improbus.</strong></span> <span class='ocrx_word' id='word_1_126' title='bbox 2391 654 2546 719; x_wconf 85' lang='lat' dir='ltr'><strong>Quod</strong></span> <span class='ocrx_word' id='word_1_127' title='bbox 2580 665 2704 706; x_wconf 90' lang='lat' dir='ltr'><strong>cum</strong></span> <span class='ocrx_word' id='word_1_128' title='bbox 2751 647 2980 703; x_wconf 81' lang='lat' dir='ltr'><strong>vidisset</strong></span> <span class='ocrx_word' id='word_1_129' title='bbox 3013 643 3173 705; x_wconf 84' lang='lat' dir='ltr'><strong>Joab,</strong></span> <span class='ocrx_word' id='word_1_130' title='bbox 3232 653 3442 713; x_wconf 82' lang='lat' dir='ltr'><strong>patrem</strong></span> <span class='ocrx_word' id='word_1_131' title='bbox 3485 642 3616 709; x_wconf 79' lang='lat' dir='ltr'><strong>qui-</strong></span> 
     </span>
    </p>
   </div>
   <div class='ocr_carea' id='block_1_21' title="bbox 2043 733 3613 808">
    <p class='ocr_par' dir='ltr' id='par_1_21' title="bbox 2043 733 3613 808">
     <span class='ocr_line' id='line_1_21' title="bbox 2043 733 3613 808; baseline -0.012 -5"><span class='ocrx_word' id='word_1_132' title='bbox 2043 749 2165 804; x_wconf 90' lang='lat' dir='ltr'><strong>dem</strong></span> <span class='ocrx_word' id='word_1_133' title='bbox 2195 749 2272 802; x_wconf 91' lang='lat' dir='ltr'><strong>uti</strong></span> <span class='ocrx_word' id='word_1_134' title='bbox 2316 744 2659 801; x_wconf 83' lang='lat' dir='ltr'><strong>humanitate</strong></span> <span class='ocrx_word' id='word_1_135' title='bbox 2705 738 2953 808; x_wconf 78' lang='lat' dir='ltr'><strong>reliquit,</strong></span> <span class='ocrx_word' id='word_1_136' title='bbox 3011 736 3128 805; x_wconf 89' lang='lat' dir='ltr'><strong>ipse</strong></span> <span class='ocrx_word' id='word_1_137' title='bbox 3172 748 3302 788; x_wconf 79' lang='lat' dir='ltr'><strong>vero</strong></span> <span class='ocrx_word' id='word_1_138' title='bbox 3335 733 3613 787; x_wconf 80' lang='lat' dir='ltr'><strong>dexteram</strong></span> 
     </span>
    </p>
   </div>
   <div class='ocr_carea' id='block_1_22' title="bbox 2044 824 3620 894">
    <p class='ocr_par' dir='ltr' id='par_1_22' title="bbox 2044 824 3620 894">
     <span class='ocr_line' id='line_1_22' title="bbox 2044 824 3620 894; baseline -0.01 0"><span class='ocrx_word' id='word_1_139' title='bbox 2044 839 2156 894; x_wconf 89' lang='lat' dir='ltr'><strong>Deo</strong></span> <span class='ocrx_word' id='word_1_140' title='bbox 2183 844 2373 893; x_wconf 90' lang='lat' dir='ltr'><strong>contra</strong></span> <span class='ocrx_word' id='word_1_141' title='bbox 2417 834 2681 891; x_wconf 83' lang='lat' dir='ltr'><strong>Ahsalom</strong></span> <span class='ocrx_word' id='word_1_142' title='bbox 2713 827 3103 893; x_wconf 83' lang='lat' dir='ltr'><strong>commodavit,</strong></span> <span class='ocrx_word' id='word_1_143' title='bbox 3149 834 3204 881; x_wconf 91' lang='lat' dir='ltr'><strong>et</strong></span> <span class='ocrx_word' id='word_1_144' title='bbox 3251 824 3306 880; x_wconf 93' lang='lat' dir='ltr'><strong>in</strong></span> <span class='ocrx_word' id='word_1_145' title='bbox 3337 824 3620 880; x_wconf 84' lang='lat' dir='ltr'><strong>scelestis-</strong></span> 
     </span>
    </p>
   </div>
   <div class='ocr_carea' id='block_1_23' title="bbox 2046 922 2890 987">
    <p class='ocr_par' dir='ltr' id='par_1_23' title="bbox 2046 922 2890 987">
     <span class='ocr_line' id='line_1_23' title="bbox 2046 922 2890 987; baseline -0.013 -1"><span class='ocrx_word' id='word_1_146' title='bbox 2046 931 2187 987; x_wconf 89' lang='lat' dir='ltr'><strong>simo</strong></span> <span class='ocrx_word' id='word_1_147' title='bbox 2235 928 2402 984; x_wconf 86' lang='lat' dir='ltr'><strong>corde</strong></span> <span class='ocrx_word' id='word_1_148' title='bbox 2433 927 2653 982; x_wconf 86' lang='lat' dir='ltr'><strong>lanceas</strong></span> <span class='ocrx_word' id='word_1_149' title='bbox 2690 922 2890 977; x_wconf 78' lang='lat' dir='ltr'><strong>inﬁxit.</strong></span> 
     </span>
    </p>
   </div>
   <div class='ocr_carea' id='block_1_24' title="bbox 2123 1095 3612 1172">
    <p class='ocr_par' dir='ltr' id='par_1_24' title="bbox 2123 1095 3612 1172">
     <span class='ocr_line' id='line_1_24' title="bbox 2123 1095 3612 1172; baseline -0.007 -15"><span class='ocrx_word' id='word_1_150' title='bbox 2123 1104 2285 1161; x_wconf 72' lang='lat' dir='ltr'><strong>Vens.</strong></span> <span class='ocrx_word' id='word_1_151' title='bbox 2338 1105 2428 1160; x_wconf 73' lang='lat'><strong>35.</strong></span> <span class='ocrx_word' id='word_1_152' title='bbox 2472 1103 2543 1157; x_wconf 82' lang='lat' dir='ltr'><strong>Et</strong></span> <span class='ocrx_word' id='word_1_153' title='bbox 2593 1103 2735 1172; x_wconf 79' lang='lat' dir='ltr'><strong>ﬂevit</strong></span> <span class='ocrx_word' id='word_1_154' title='bbox 2792 1115 2906 1155; x_wconf 68' lang='lat' dir='ltr'><strong>rex.</strong></span> <span class='ocrx_word' id='word_1_155' title='bbox 2966 1096 3253 1164; x_wconf 86' lang='lat' dir='ltr'><strong>Quomodo</strong></span> <span class='ocrx_word' id='word_1_156' title='bbox 3290 1095 3436 1150; x_wconf 90' lang='lat' dir='ltr'><strong>enim</strong></span> <span class='ocrx_word' id='word_1_157' title='bbox 3501 1096 3612 1160; x_wconf 82' lang='lat' dir='ltr'><strong>ille,</strong></span> 
     </span>
    </p>
   </div>
   <div class='ocr_carea' id='block_1_25' title="bbox 2046 1185 3621 1267">
    <p class='ocr_par' dir='ltr' id='par_1_25' title="bbox 2046 1185 3621 1267">
     <span class='ocr_line' id='line_1_25' title="bbox 2046 1185 3621 1267; baseline -0.009 -15"><span class='ocrx_word' id='word_1_158' title='bbox 2046 1197 2142 1267; x_wconf 85' lang='lat' dir='ltr'><strong>qui</strong></span> <span class='ocrx_word' id='word_1_159' title='bbox 2192 1204 2415 1265; x_wconf 87' lang='lat' dir='ltr'><strong>propter</strong></span> <span class='ocrx_word' id='word_1_160' title='bbox 2456 1192 2852 1249; x_wconf 89' lang='lat' dir='ltr'><strong>humanitatem</strong></span> <span class='ocrx_word' id='word_1_161' title='bbox 2910 1188 3129 1243; x_wconf 86' lang='lat' dir='ltr'><strong>Saulem</strong></span> <span class='ocrx_word' id='word_1_162' title='bbox 3187 1186 3347 1251; x_wconf 77' lang='lat' dir='ltr'><strong>luxit,</strong></span> <span class='ocrx_word' id='word_1_163' title='bbox 3391 1185 3505 1254; x_wconf 88' lang='lat' dir='ltr'><strong>jam</strong></span> <span class='ocrx_word' id='word_1_164' title='bbox 3567 1187 3621 1239; x_wconf 88' lang='lat' dir='ltr'><strong>iu</strong></span> 
     </span>
    </p>
   </div>
   <div class='ocr_carea' id='block_1_26' title="bbox 2049 1276 3615 1343">
    <p class='ocr_par' dir='ltr' id='par_1_26' title="bbox 2049 1276 3615 1343">
     <span class='ocr_line' id='line_1_26' title="bbox 2049 1276 3615 1343; baseline -0.008 -1"><span class='ocrx_word' id='word_1_165' title='bbox 2049 1290 2144 1343; x_wconf 86' lang='lat' dir='ltr'><strong>ﬁlii</strong></span> <span class='ocrx_word' id='word_1_166' title='bbox 2179 1287 2333 1342; x_wconf 89' lang='lat' dir='ltr'><strong>obitu</strong></span> <span class='ocrx_word' id='word_1_167' title='bbox 2360 1300 2391 1340; x_wconf 90' lang='lat' dir='ltr'><strong>a</strong></span> <span class='ocrx_word' id='word_1_168' title='bbox 2414 1293 2610 1339; x_wconf 88' lang='lat' dir='ltr'><strong>natura</strong></span> <span class='ocrx_word' id='word_1_169' title='bbox 2632 1297 2741 1338; x_wconf 91' lang='lat' dir='ltr'><strong>non</strong></span> <span class='ocrx_word' id='word_1_170' title='bbox 2773 1277 3126 1336; x_wconf 79' lang='lat' dir='ltr'><strong>vinceretur?</strong></span> <span class='ocrx_word' id='word_1_171' title='bbox 3160 1276 3427 1331; x_wconf 66' lang='lat' dir='ltr'><strong>Praeterea</strong></span> <span class='ocrx_word' id='word_1_172' title='bbox 3459 1276 3615 1330; x_wconf 91' lang='lat' dir='ltr'><strong>illum</strong></span> 
     </span>
    </p>
   </div>
   <div class='ocr_carea' id='block_1_27' title="bbox 2047 1368 3623 1449">
    <p class='ocr_par' dir='ltr' id='par_1_27' title="bbox 2047 1368 3623 1449">
     <span class='ocr_line' id='line_1_27' title="bbox 2047 1368 3623 1449; baseline -0.01 -15"><span class='ocrx_word' id='word_1_173' title='bbox 2047 1381 2130 1434; x_wconf 88' lang='lat' dir='ltr'><strong>vir</strong></span> <span class='ocrx_word' id='word_1_174' title='bbox 2162 1380 2285 1449; x_wconf 91' lang='lat' dir='ltr'><strong>pius</strong></span> <span class='ocrx_word' id='word_1_175' title='bbox 2314 1377 2584 1447; x_wconf 86' lang='lat' dir='ltr'><strong>deplorat,</strong></span> <span class='ocrx_word' id='word_1_176' title='bbox 2612 1375 2708 1445; x_wconf 89' lang='lat' dir='ltr'><strong>qui</strong></span> <span class='ocrx_word' id='word_1_177' title='bbox 2741 1387 2837 1442; x_wconf 89' lang='lat' dir='ltr'><strong>per</strong></span> <span class='ocrx_word' id='word_1_178' title='bbox 2871 1368 3256 1441; x_wconf 74' lang='lat' dir='ltr'><strong>pcenitentiam</strong></span> <span class='ocrx_word' id='word_1_179' title='bbox 3290 1368 3478 1420; x_wconf 87' lang='lat' dir='ltr'><strong>curari</strong></span> <span class='ocrx_word' id='word_1_180' title='bbox 3505 1382 3623 1420; x_wconf 87' lang='lat' dir='ltr'><strong>am-</strong></span> 
     </span>
    </p>
   </div>
   <div class='ocr_carea' id='block_1_28' title="bbox 2049 1468 2566 1540">
    <p class='ocr_par' dir='ltr' id='par_1_28' title="bbox 2049 1468 2566 1540">
     <span class='ocr_line' id='line_1_28' title="bbox 2049 1468 2566 1540; baseline -0.01 -17"><span class='ocrx_word' id='word_1_181' title='bbox 2049 1470 2193 1540; x_wconf 89' lang='lat' dir='ltr'><strong>plius</strong></span> <span class='ocrx_word' id='word_1_182' title='bbox 2224 1483 2331 1523; x_wconf 90' lang='lat' dir='ltr'><strong>non</strong></span> <span class='ocrx_word' id='word_1_183' title='bbox 2370 1468 2566 1537; x_wconf 88' lang='lat' dir='ltr'><strong>potuit.</strong></span> 
     </span>
    </p>
   </div>
   <div class='ocr_carea' id='block_1_29' title="bbox 2539 1550 3134 1623">
    <p class='ocr_par' dir='ltr' id='par_1_29' title="bbox 2539 1550 3134 1623">
     <span class='ocr_line' id='line_1_29' title="bbox 2539 1550 3134 1623; baseline -0.008 -11"><span class='ocrx_word' id='word_1_184' title='bbox 2539 1555 2694 1612; x_wconf 82' lang='lat' dir='ltr'><strong>CAP.</strong></span> <span class='ocrx_word' id='word_1_185' title='bbox 2732 1551 2876 1609; x_wconf 74' lang='lat' dir='ltr'><strong>XVII</strong></span> <span class='ocrx_word' id='word_1_186' title='bbox 2935 1550 3084 1623; x_wconf 75' lang='lat' dir='ltr'><strong>[XIX</strong></span> <span class='ocrx_word' id='word_1_187' title='bbox 3099 1550 3134 1623; x_wconf 89' lang='grc' dir='ltr'>Ι.</span> 
     </span>
    </p>
   </div>
   <div class='ocr_carea' id='block_1_30' title="bbox 2190 1641 3627 1713">
    <p class='ocr_par' dir='ltr' id='par_1_30' title="bbox 2190 1641 3627 1713">
     <span class='ocr_line' id='line_1_30' title="bbox 2190 1641 3627 1713; baseline -0.007 -9"><span class='ocrx_word' id='word_1_188' title='bbox 2190 1651 2361 1707; x_wconf 71' lang='lat' dir='ltr'><strong>Vsus.</strong></span> <span class='ocrx_word' id='word_1_189' title='bbox 2404 1651 2490 1704; x_wconf 78' lang='grc'><strong>15.</strong></span> <span class='ocrx_word' id='word_1_190' title='bbox 2553 1646 2803 1701; x_wconf 77' lang='lat' dir='ltr'><strong>Summus</strong></span> <span class='ocrx_word' id='word_1_191' title='bbox 2847 1645 3136 1713; x_wconf 78' lang='lat' dir='ltr'><strong>imperator</strong></span> <span class='ocrx_word' id='word_1_192' title='bbox 3182 1643 3313 1697; x_wconf 75' lang='lat' dir='ltr'><strong>milii</strong></span> <span class='ocrx_word' id='word_1_193' title='bbox 3357 1644 3482 1697; x_wconf 77' lang='lat' dir='ltr'><strong>eris.</strong></span> <span class='ocrx_word' id='word_1_194' title='bbox 3522 1641 3627 1695; x_wconf 84' lang='lat' dir='ltr'><strong>Ta-</strong></span> 
     </span>
    </p>
   </div>
   <div class='ocr_carea' id='block_1_31' title="bbox 2052 1733 3618 1806">
    <p class='ocr_par' dir='ltr' id='par_1_31' title="bbox 2052 1733 3618 1806">
     <span class='ocr_line' id='line_1_31' title="bbox 2052 1733 3618 1806; baseline -0.009 -7"><span class='ocrx_word' id='word_1_195' title='bbox 2052 1744 2214 1799; x_wconf 88' lang='lat' dir='ltr'><strong>metsi</strong></span> <span class='ocrx_word' id='word_1_196' title='bbox 2241 1742 2380 1796; x_wconf 85' lang='lat' dir='ltr'><strong>Joab</strong></span> <span class='ocrx_word' id='word_1_197' title='bbox 2420 1740 2590 1794; x_wconf 86' lang='lat' dir='ltr'><strong>multa</strong></span> <span class='ocrx_word' id='word_1_198' title='bbox 2629 1736 2873 1806; x_wconf 89' lang='lat' dir='ltr'><strong>pericula</strong></span> <span class='ocrx_word' id='word_1_199' title='bbox 2905 1749 3008 1803; x_wconf 88' lang='lat' dir='ltr'><strong>pro</strong></span> <span class='ocrx_word' id='word_1_200' title='bbox 3044 1733 3245 1788; x_wconf 86' lang='lat' dir='ltr'><strong>Davide</strong></span> <span class='ocrx_word' id='word_1_201' title='bbox 3307 1733 3618 1797; x_wconf 83' lang='lat' dir='ltr'><strong>subiverit;</strong></span> 
     </span>
    </p>
   </div>
   <div class='ocr_carea' id='block_1_32' title="bbox 374 1818 1954 1905">
    <p class='ocr_par' dir='ltr' id='par_1_32' title="bbox 374 1828 1946 1905">
     <span class='ocr_line' id='line_1_32' title="bbox 374 1828 1946 1905; baseline 0.003 -22"><span class='ocrx_word' id='word_1_202' title='bbox 374 1832 555 1901; x_wconf 64' lang='grc' dir='ltr'>ἐμίσει</span> <span class='ocrx_word' id='word_1_203' title='bbox 577 1830 771 1884; x_wconf 85' lang='grc' dir='ltr'>τούτου</span> <span class='ocrx_word' id='word_1_204' title='bbox 796 1829 860 1883; x_wconf 77' lang='grc' dir='ltr'>τὸ</span> <span class='ocrx_word' id='word_1_205' title='bbox 885 1828 1108 1901; x_wconf 80' lang='grc' dir='ltr'>θράσος.</span> <span class='ocrx_word' id='word_1_206' title='bbox 1148 1832 1423 1901; x_wconf 81' lang='grc' dir='ltr'>Ἠνείχετο</span> <span class='ocrx_word' id='word_1_207' title='bbox 1454 1832 1513 1885; x_wconf 74' lang='grc' dir='ltr'>δὲ</span> <span class='ocrx_word' id='word_1_208' title='bbox 1544 1832 1632 1886; x_wconf 82' lang='grc' dir='ltr'><strong>διά</strong></span> <span class='ocrx_word' id='word_1_209' title='bbox 1652 1851 1712 1887; x_wconf 85' lang='grc' dir='ltr'><strong>τε</strong></span> <span class='ocrx_word' id='word_1_210' title='bbox 1742 1834 1842 1905; x_wconf 80' lang='grc' dir='ltr'>τὴν</span> <span class='ocrx_word' id='word_1_211' title='bbox 1864 1837 1946 1899; x_wconf 85' lang='grc' dir='ltr'><strong>είς</strong></span> 
     </span>
    </p>
   </div>
   <div class='ocr_carea' id='block_1_33' title="bbox 2070 1818 3631 1905">
    <p class='ocr_par' dir='ltr' id='par_1_33' title="bbox 2077 1825 3631 1904">
     <span class='ocr_line' id='line_1_33' title="bbox 2077 1825 3631 1904; baseline -0.009 -14"><span class='ocrx_word' id='word_1_212' title='bbox 2077 1851 2170 1904; x_wconf 83' lang='lat' dir='ltr'><strong>pse</strong></span> <span class='ocrx_word' id='word_1_213' title='bbox 2192 1845 2375 1887; x_wconf 87' lang='lat' dir='ltr'><strong>tamen</strong></span> <span class='ocrx_word' id='word_1_214' title='bbox 2403 1827 2866 1883; x_wconf 74' lang='lat' dir='ltr'><strong>audaciamillins</strong></span> <span class='ocrx_word' id='word_1_215' title='bbox 2898 1825 3142 1880; x_wconf 84' lang='lat' dir='ltr'><strong>hominis</strong></span> <span class='ocrx_word' id='word_1_216' title='bbox 3173 1825 3299 1879; x_wconf 90' lang='lat' dir='ltr'><strong>odio</strong></span> <span class='ocrx_word' id='word_1_217' title='bbox 3334 1838 3631 1894; x_wconf 82' lang='lat' dir='ltr'><strong>proseque-</strong></span> 
     </span>
    </p>
   </div>
   <div class='ocr_carea' id='block_1_34' title="bbox 375 1920 1943 1995">
    <p class='ocr_par' dir='ltr' id='par_1_34' title="bbox 375 1920 1943 1995">
     <span class='ocr_line' id='line_1_34' title="bbox 375 1920 1943 1995; baseline 0.003 -20"><span class='ocrx_word' id='word_1_218' title='bbox 375 1922 538 1978; x_wconf 78' lang='grc' dir='ltr'>αὐτὸν</span> <span class='ocrx_word' id='word_1_219' title='bbox 569 1920 802 1988; x_wconf 77' lang='grc' dir='ltr'>εὖνοιαν,</span> <span class='ocrx_word' id='word_1_220' title='bbox 832 1923 899 1993; x_wconf 81' lang='grc' dir='ltr'>ῆν</span> <span class='ocrx_word' id='word_1_221' title='bbox 923 1922 1128 1984; x_wconf 75' lang='grc' dir='ltr'>ἐκεῖνος</span> <span class='ocrx_word' id='word_1_222' title='bbox 1157 1921 1447 1989; x_wconf 79' lang='grc' dir='ltr'>ἐφύλαττε,</span> <span class='ocrx_word' id='word_1_223' title='bbox 1482 1925 1575 1977; x_wconf 71' lang='grc' dir='ltr'>καὶ</span> <span class='ocrx_word' id='word_1_224' title='bbox 1593 1924 1776 1988; x_wconf 85' lang='grc' dir='ltr'>δεδιὼς</span> <span class='ocrx_word' id='word_1_225' title='bbox 1805 1925 1943 1995; x_wconf 79' lang='grc' dir='ltr'>ἅμα,</span> 
     </span>
    </p>
   </div>
   <div class='ocr_carea' id='block_1_35' title="bbox 379 2013 1948 2093">
    <p class='ocr_par' dir='ltr' id='par_1_35' title="bbox 379 2013 1948 2093">
     <span class='ocr_line' id='line_1_35' title="bbox 379 2013 1948 2093; baseline 0.004 -28"><span class='ocrx_word' id='word_1_226' title='bbox 379 2015 455 2082; x_wconf 85' lang='grc' dir='ltr'>μή</span> <span class='ocrx_word' id='word_1_227' title='bbox 480 2030 533 2093; x_wconf 73' lang='grc' dir='ltr'><strong>τι</strong></span> <span class='ocrx_word' id='word_1_228' title='bbox 560 2013 827 2085; x_wconf 76' lang='grc' dir='ltr'>βουλεύσῃ</span> <span class='ocrx_word' id='word_1_229' title='bbox 858 2013 1144 2085; x_wconf 77' lang='grc' dir='ltr'>νεώτερον.</span> <span class='ocrx_word' id='word_1_230' title='bbox 1178 2013 1295 2068; x_wconf 79' lang='grc' dir='ltr'><strong>Νῦν</strong></span> <span class='ocrx_word' id='word_1_231' title='bbox 1323 2014 1381 2068; x_wconf 84' lang='grc' dir='ltr'>δὲ</span> <span class='ocrx_word' id='word_1_232' title='bbox 1406 2015 1595 2086; x_wconf 79' lang='grc' dir='ltr'>καιρὸν</span> <span class='ocrx_word' id='word_1_233' title='bbox 1620 2015 1816 2088; x_wconf 83' lang='grc' dir='ltr'>εὑρὼν,</span> <span class='ocrx_word' id='word_1_234' title='bbox 1851 2018 1948 2089; x_wconf 77' lang='grc' dir='ltr'>τὴν</span> 
     </span>
    </p>
   </div>
   <div class='ocr_carea' id='block_1_36' title="bbox 378 2103 1950 2176">
    <p class='ocr_par' dir='ltr' id='par_1_36' title="bbox 378 2103 1950 2176">
     <span class='ocr_line' id='line_1_36' title="bbox 378 2103 1950 2176; baseline 0.002 -19"><span class='ocrx_word' id='word_1_235' title='bbox 378 2105 715 2176; x_wconf 80' lang='grc' dir='ltr'>στρατηγίαν</span> <span class='ocrx_word' id='word_1_236' title='bbox 746 2103 1141 2174; x_wconf 72' lang='grc' dir='ltr'>ἐπαγγέλλεται</span> <span class='ocrx_word' id='word_1_237' title='bbox 1169 2103 1249 2174; x_wconf 85' lang='grc' dir='ltr'><strong>τῷ</strong></span> <span class='ocrx_word' id='word_1_238' title='bbox 1291 2105 1553 2175; x_wconf 81' lang='grc' dir='ltr'>’Δμεσσᾷ,</span> <span class='ocrx_word' id='word_1_239' title='bbox 1581 2105 1641 2159; x_wconf 82' lang='grc' dir='ltr'><strong>δν</strong></span> <span class='ocrx_word' id='word_1_240' title='bbox 1666 2106 1950 2173; x_wconf 80' lang='grc' dir='ltr'><strong>ἀπέδειξεν</strong></span> 
     </span>
    </p>
   </div>
   <div class='ocr_carea' id='block_1_37' title="bbox 390 2192 1949 2266">
    <p class='ocr_par' dir='ltr' id='par_1_37' title="bbox 390 2192 1949 2266">
     <span class='ocr_line' id='line_1_37' title="bbox 390 2192 1949 2266; baseline 0.002 -18"><span class='ocrx_word' id='word_1_241' title='bbox 390 2194 748 2266; x_wconf 78' lang='grc' dir='ltr'>Ἀὅεσσαλὼμ</span> <span class='ocrx_word' id='word_1_242' title='bbox 806 2195 1136 2266; x_wconf 87' lang='grc' dir='ltr'>στρατηγόν.</span> <span class='ocrx_word' id='word_1_243' title='bbox 1170 2192 1281 2249; x_wconf 89' lang='grc' dir='ltr'>Ἦν</span> <span class='ocrx_word' id='word_1_244' title='bbox 1321 2194 1378 2248; x_wconf 81' lang='grc' dir='ltr'>δὲ</span> <span class='ocrx_word' id='word_1_245' title='bbox 1417 2196 1512 2248; x_wconf 70' lang='grc' dir='ltr'>καὶ</span> <span class='ocrx_word' id='word_1_246' title='bbox 1537 2195 1701 2261; x_wconf 82' lang='grc' dir='ltr'>αὐτὸς</span> <span class='ocrx_word' id='word_1_247' title='bbox 1732 2198 1949 2265; x_wconf 81' lang='grc' dir='ltr'>ἀδελφι-</span> 
     </span>
    </p>
   </div>
   <div class='ocr_carea' id='block_1_38' title="bbox 376 2283 1951 2358">
    <p class='ocr_par' dir='ltr' id='par_1_38' title="bbox 376 2283 1951 2358">
     <span class='ocr_line' id='line_1_38' title="bbox 376 2283 1951 2358; baseline 0.003 -21"><span class='ocrx_word' id='word_1_248' title='bbox 376 2284 500 2348; x_wconf 82' lang='grc' dir='ltr'>δοῦς</span> <span class='ocrx_word' id='word_1_249' title='bbox 525 2285 602 2356; x_wconf 85' lang='grc' dir='ltr'><strong>τῷ</strong></span> <span class='ocrx_word' id='word_1_250' title='bbox 637 2284 821 2338; x_wconf 82' lang='grc' dir='ltr'>Δαὸίδ.</span> <span class='ocrx_word' id='word_1_251' title='bbox 863 2285 930 2337; x_wconf 87' lang='lat'><strong>&#39;0</strong></span> <span class='ocrx_word' id='word_1_252' title='bbox 955 2284 1145 2355; x_wconf 86' lang='grc' dir='ltr'>μαθὼν</span> <span class='ocrx_word' id='word_1_253' title='bbox 1184 2283 1363 2353; x_wconf 78' lang='grc' dir='ltr'>Ἰωὰ6,</span> <span class='ocrx_word' id='word_1_254' title='bbox 1394 2287 1740 2358; x_wconf 83' lang='grc' dir='ltr'>προσχήματι</span> <span class='ocrx_word' id='word_1_255' title='bbox 1771 2288 1951 2358; x_wconf 81' lang='grc' dir='ltr'>φιλίας</span> 
     </span>
    </p>
   </div>
   <div class='ocr_carea' id='block_1_39' title="bbox 378 2375 929 2431">
    <p class='ocr_par' dir='ltr' id='par_1_39' title="bbox 378 2375 929 2431">
     <span class='ocr_line' id='line_1_39' title="bbox 378 2375 929 2431; baseline 0 -2"><span class='ocrx_word' id='word_1_256' title='bbox 378 2375 566 2430; x_wconf 81' lang='grc' dir='ltr'>τοῦτον</span> <span class='ocrx_word' id='word_1_257' title='bbox 589 2377 929 2431; x_wconf 80' lang='grc' dir='ltr'>ἀπέκτεινεν.</span> 
     </span>
    </p>
   </div>
   <div class='ocr_carea' id='block_1_40' title="bbox 970 2649 1371 2705">
    <p class='ocr_par' dir='ltr' id='par_1_40' title="bbox 970 2649 1371 2705">
     <span class='ocr_line' id='line_1_40' title="bbox 970 2649 1371 2705; baseline 0.002 -1"><span class='ocrx_word' id='word_1_258' title='bbox 970 2650 1223 2705; x_wconf 76' lang='grc' dir='ltr'><strong>ΚΕΦΔΛ.</strong></span> <span class='ocrx_word' id='word_1_259' title='bbox 1262 2649 1371 2705; x_wconf 83' lang='lat' dir='ltr'><strong>IH&#39;.</strong></span> 
     </span>
    </p>
   </div>
   <div class='ocr_carea' id='block_1_41' title="bbox 454 2740 1957 2812">
    <p class='ocr_par' dir='ltr' id='par_1_41' title="bbox 454 2740 1957 2812">
     <span class='ocr_line' id='line_1_41' title="bbox 454 2740 1957 2812; baseline 0.001 -18"><span class='ocrx_word' id='word_1_260' title='bbox 454 2740 560 2795; x_wconf 73' lang='grc' dir='ltr'><strong>Καὶ</strong></span> <span class='ocrx_word' id='word_1_261' title='bbox 579 2740 836 2806; x_wconf 74' lang='grc' dir='ltr'>ἐξελύθη</span> <span class='ocrx_word' id='word_1_262' title='bbox 860 2740 1059 2796; x_wconf 79' lang='grc' dir='ltr'>Δασίδ.</span> <span class='ocrx_word' id='word_1_263' title='bbox 1087 2740 1406 2812; x_wconf 78' lang='grc' dir='ltr'>Πρεσϐύτης</span> <span class='ocrx_word' id='word_1_264' title='bbox 1430 2741 1539 2812; x_wconf 82' lang='grc' dir='ltr'><strong>γὰρ</strong></span> <span class='ocrx_word' id='word_1_265' title='bbox 1567 2740 1663 2808; x_wconf 83' lang='grc' dir='ltr'>ὢν,</span> <span class='ocrx_word' id='word_1_266' title='bbox 1692 2742 1784 2796; x_wconf 61' lang='grc' dir='ltr'><strong>καὶ⁵</strong></span> <span class='ocrx_word' id='word_1_267' title='bbox 1806 2742 1957 2795; x_wconf 84' lang='grc' dir='ltr'>πλεῖ-</span> 
     </span>
    </p>
   </div>
   <div class='ocr_carea' id='block_1_42' title="bbox 385 2832 1954 2904">
    <p class='ocr_par' dir='ltr' id='par_1_42' title="bbox 385 2832 1954 2904">
     <span class='ocr_line' id='line_1_42' title="bbox 385 2832 1954 2904; baseline 0.001 -20"><span class='ocrx_word' id='word_1_268' title='bbox 385 2848 487 2885; x_wconf 87' lang='grc' dir='ltr'><strong>στα</strong></span> <span class='ocrx_word' id='word_1_269' title='bbox 512 2832 1025 2903; x_wconf 84' lang='grc' dir='ltr'>προμαχεσάμενος,</span> <span class='ocrx_word' id='word_1_270' title='bbox 1051 2832 1251 2886; x_wconf 84' lang='grc' dir='ltr'>ἀπεῖπε</span> <span class='ocrx_word' id='word_1_271' title='bbox 1275 2832 1354 2903; x_wconf 82' lang='grc' dir='ltr'>τῷ</span> <span class='ocrx_word' id='word_1_272' title='bbox 1377 2833 1609 2903; x_wconf 85' lang='grc' dir='ltr'>σώματι,</span> <span class='ocrx_word' id='word_1_273' title='bbox 1635 2832 1749 2886; x_wconf 86' lang='grc' dir='ltr'>ἀλλ’</span> <span class='ocrx_word' id='word_1_274' title='bbox 1777 2832 1954 2904; x_wconf 75' lang='grc' dir='ltr'>ἐσώθη</span> 
     </span>
    </p>
   </div>
   <div class='ocr_carea' id='block_1_43' title="bbox 386 2919 1959 2993">
    <p class='ocr_par' dir='ltr' id='par_1_43' title="bbox 386 2919 1959 2993">
     <span class='ocr_line' id='line_1_43' title="bbox 386 2919 1959 2993; baseline 0.003 -20"><span class='ocrx_word' id='word_1_275' title='bbox 386 2920 703 2991; x_wconf 81' lang='grc' dir='ltr'>παραδόξως</span> <span class='ocrx_word' id='word_1_276' title='bbox 731 2919 827 2974; x_wconf 82' lang='grc' dir='ltr'><strong>τοῦ</strong></span> <span class='ocrx_word' id='word_1_277' title='bbox 854 2921 1108 2990; x_wconf 80' lang='grc' dir='ltr'>γίγαντος</span> <span class='ocrx_word' id='word_1_278' title='bbox 1134 2922 1231 2985; x_wconf 83' lang='grc' dir='ltr'><strong>τὰς</strong></span> <span class='ocrx_word' id='word_1_279' title='bbox 1260 2923 1447 2993; x_wconf 88' lang='grc' dir='ltr'>χεῖρας</span> <span class='ocrx_word' id='word_1_280' title='bbox 1471 2922 1768 2992; x_wconf 84' lang='grc' dir='ltr'>διαφυγών.</span> <span class='ocrx_word' id='word_1_281' title='bbox 1798 2923 1959 2993; x_wconf 85' lang='grc' dir='ltr'>Δηλοῖ</span> 
     </span>
    </p>
   </div>
   <div class='ocr_carea' id='block_1_44' title="bbox 385 3013 1960 3085">
    <p class='ocr_par' dir='ltr' id='par_1_44' title="bbox 385 3013 1960 3085">
     <span class='ocr_line' id='line_1_44' title="bbox 385 3013 1960 3085; baseline 0.001 -19"><span class='ocrx_word' id='word_1_282' title='bbox 385 3014 441 3066; x_wconf 82' lang='grc' dir='ltr'>δὲ</span> <span class='ocrx_word' id='word_1_283' title='bbox 488 3015 522 3083; x_wconf 82' lang='grc' dir='ltr'><strong>ὴ</strong></span> <span class='ocrx_word' id='word_1_284' title='bbox 569 3013 784 3084; x_wconf 80' lang='grc' dir='ltr'>Γραφὴ,</span> <span class='ocrx_word' id='word_1_285' title='bbox 824 3013 901 3078; x_wconf 83' lang='grc' dir='ltr'><strong>ὡς</strong></span> <span class='ocrx_word' id='word_1_286' title='bbox 932 3014 1104 3077; x_wconf 75' lang='grc' dir='ltr'>οὕτως</span> <span class='ocrx_word' id='word_1_287' title='bbox 1147 3015 1373 3069; x_wconf 70' lang='grc' dir='ltr'>ἐκάλουν</span> <span class='ocrx_word' id='word_1_288' title='bbox 1402 3016 1453 3068; x_wconf 80' lang='grc' dir='ltr'>οἱ</span> <span class='ocrx_word' id='word_1_289' title='bbox 1476 3016 1597 3069; x_wconf 78' lang='grc' dir='ltr'>τότε</span> <span class='ocrx_word' id='word_1_290' title='bbox 1626 3016 1753 3080; x_wconf 79' lang='grc' dir='ltr'>τοὺς</span> <span class='ocrx_word' id='word_1_291' title='bbox 1789 3015 1960 3085; x_wconf 85' lang='grc' dir='ltr'>μεγά-</span> 
     </span>
    </p>
   </div>
   <div class='ocr_carea' id='block_1_45' title="bbox 385 3101 1959 3176">
    <p class='ocr_par' dir='ltr' id='par_1_45' title="bbox 385 3101 1959 3176">
     <span class='ocr_line' id='line_1_45' title="bbox 385 3101 1959 3176; baseline 0.003 -21"><span class='ocrx_word' id='word_1_292' title='bbox 385 3102 510 3166; x_wconf 87' lang='grc' dir='ltr'>λους</span> <span class='ocrx_word' id='word_1_293' title='bbox 546 3101 625 3169; x_wconf 82' lang='grc' dir='ltr'>τῷ</span> <span class='ocrx_word' id='word_1_294' title='bbox 674 3102 908 3173; x_wconf 83' lang='grc' dir='ltr'>σώματι,</span> <span class='ocrx_word' id='word_1_295' title='bbox 956 3103 1051 3157; x_wconf 74' lang='grc' dir='ltr'>καὶ</span> <span class='ocrx_word' id='word_1_296' title='bbox 1096 3103 1287 3176; x_wconf 75' lang='grc' dir='ltr'>ῥώμην</span> <span class='ocrx_word' id='word_1_297' title='bbox 1328 3104 1539 3174; x_wconf 78' lang='grc' dir='ltr'>ἄμαχον</span> <span class='ocrx_word' id='word_1_298' title='bbox 1585 3105 1828 3176; x_wconf 80' lang='grc' dir='ltr'>ἔχοντας,</span> <span class='ocrx_word' id='word_1_299' title='bbox 1863 3108 1959 3161; x_wconf 71' lang='grc' dir='ltr'><strong>καὶ</strong></span> 
     </span>
    </p>
   </div>
   <div class='ocr_carea' id='block_1_46' title="bbox 386 3190 1961 3268">
    <p class='ocr_par' dir='ltr' id='par_1_46' title="bbox 386 3190 1961 3268">
     <span class='ocr_line' id='line_1_46' title="bbox 386 3190 1961 3268; baseline 0.006 -25"><span class='ocrx_word' id='word_1_300' title='bbox 386 3190 510 3244; x_wconf 76' lang='grc' dir='ltr'>οὔτε</span> <span class='ocrx_word' id='word_1_301' title='bbox 525 3193 651 3256; x_wconf 78' lang='grc' dir='ltr'>τοὺς</span> <span class='ocrx_word' id='word_1_302' title='bbox 683 3192 984 3260; x_wconf 73' lang='grc' dir='ltr'>δυσσεϐεῖς,</span> <span class='ocrx_word' id='word_1_303' title='bbox 1025 3193 1149 3249; x_wconf 71' lang='grc' dir='ltr'>οὔτε</span> <span class='ocrx_word' id='word_1_304' title='bbox 1181 3196 1307 3259; x_wconf 83' lang='grc' dir='ltr'>τοὺς</span> <span class='ocrx_word' id='word_1_305' title='bbox 1328 3195 1740 3268; x_wconf 85' lang='grc' dir='ltr'>πολυχρονίους,</span> <span class='ocrx_word' id='word_1_306' title='bbox 1774 3198 1849 3262; x_wconf 84' lang='grc' dir='ltr'>ὥς</span> <span class='ocrx_word' id='word_1_307' title='bbox 1880 3217 1961 3253; x_wconf 88' lang='grc' dir='ltr'>τι-</span> 
     </span>
    </p>
   </div>
   <div class='ocr_carea' id='block_1_47' title="bbox 387 3282 875 3355">
    <p class='ocr_par' dir='ltr' id='par_1_47' title="bbox 387 3282 875 3355">
     <span class='ocr_line' id='line_1_47' title="bbox 387 3282 875 3355; baseline 0.008 -20"><span class='ocrx_word' id='word_1_308' title='bbox 387 3299 476 3347; x_wconf 84' lang='grc' dir='ltr'><strong>νες</strong></span> <span class='ocrx_word' id='word_1_309' title='bbox 506 3282 875 3355; x_wconf 71' lang='grc' dir='ltr'>ὑπετόπησαν.</span> 
     </span>
    </p>
   </div>
   <div class='ocr_carea' id='block_1_48' title="bbox 975 3461 1371 3517">
    <p class='ocr_par' dir='ltr' id='par_1_48' title="bbox 975 3461 1371 3517">
     <span class='ocr_line' id='line_1_48' title="bbox 975 3461 1371 3517; baseline 0.008 -3"><span class='ocrx_word' id='word_1_310' title='bbox 975 3461 1225 3517; x_wconf 75' lang='grc' dir='ltr'>ΚΕΦΔΛ.</span> <span class='ocrx_word' id='word_1_311' title='bbox 1269 3462 1371 3517; x_wconf 85' lang='grc' dir='ltr'><strong>ΙΘ’.</strong></span> 
     </span>
    </p>
   </div>
   <div class='ocr_carea' id='block_1_49' title="bbox 471 3546 1961 3622">
    <p class='ocr_par' dir='ltr' id='par_1_49' title="bbox 471 3546 1961 3622">
     <span class='ocr_line' id='line_1_49' title="bbox 471 3546 1961 3622; baseline 0.001 -21"><span class='ocrx_word' id='word_1_312' title='bbox 471 3546 642 3613; x_wconf 75' lang='grc' dir='ltr'><strong>Ἀνὴρ</strong></span> <span class='ocrx_word' id='word_1_313' title='bbox 669 3549 739 3602; x_wconf 74' lang='grc' dir='ltr'><strong>ἐκ</strong></span> <span class='ocrx_word' id='word_1_314' title='bbox 785 3547 1007 3615; x_wconf 81' lang='grc' dir='ltr'>Γάδης.</span> <span class='ocrx_word' id='word_1_315' title='bbox 1083 3549 1336 3616; x_wconf 79' lang='grc' dir='ltr'>Ἀκύλας,</span> <span class='ocrx_word' id='word_1_316' title='bbox 1390 3550 1725 3617; x_wconf 79' lang='grc' dir='ltr'>ἀντίδικος,</span> <span class='ocrx_word' id='word_1_317' title='bbox 1798 3553 1961 3622; x_wconf 70' lang='grc' dir='ltr'>ἢγουν</span> 
     </span>
    </p>
   </div>
   <div class='ocr_carea' id='block_1_50' title="bbox 391 3637 1603 3711">
    <p class='ocr_par' dir='ltr' id='par_1_50' title="bbox 391 3637 1603 3711">
     <span class='ocr_line' id='line_1_50' title="bbox 391 3637 1603 3711; baseline 0.006 -22"><span class='ocrx_word' id='word_1_318' title='bbox 391 3637 702 3705; x_wconf 82' lang='grc' dir='ltr'>ἀντιλογίας</span> <span class='ocrx_word' id='word_1_319' title='bbox 720 3654 735 3670; x_wconf 89' lang='grc'><strong>·</strong></span> <span class='ocrx_word' id='word_1_320' title='bbox 765 3639 795 3691; x_wconf 88' lang='lat'><strong>6</strong></span> <span class='ocrx_word' id='word_1_321' title='bbox 815 3637 875 3691; x_wconf 61' lang='grc' dir='ltr'>δὲ</span> <span class='ocrx_word' id='word_1_322' title='bbox 905 3638 1224 3711; x_wconf 83' lang='grc' dir='ltr'>Σύμμαχος,</span> <span class='ocrx_word' id='word_1_323' title='bbox 1255 3643 1603 3711; x_wconf 80' lang='grc' dir='ltr'>πρόμετρος.</span> 
     </span>
    </p>
   </div>
   <div class='ocr_carea' id='block_1_51' title="bbox 988 3818 1364 3874">
    <p class='ocr_par' dir='ltr' id='par_1_51' title="bbox 988 3818 1364 3874">
     <span class='ocr_line' id='line_1_51' title="bbox 988 3818 1364 3874; baseline 0.008 -4"><span class='ocrx_word' id='word_1_324' title='bbox 988 3818 1243 3872; x_wconf 77' lang='grc' dir='ltr'><strong>ΚΕΦΛΛ.</strong></span> <span class='ocrx_word' id='word_1_325' title='bbox 1277 3819 1364 3874; x_wconf 83' lang='grc' dir='ltr'><strong>Κ’.</strong></span> 
     </span>
    </p>
   </div>
   <div class='ocr_carea' id='block_1_52' title="bbox 468 3903 1965 3976">
    <p class='ocr_par' dir='ltr' id='par_1_52' title="bbox 468 3903 1965 3976">
     <span class='ocr_line' id='line_1_52' title="bbox 468 3903 1965 3976; baseline 0.005 -18"><span class='ocrx_word' id='word_1_326' title='bbox 468 3903 617 3971; x_wconf 88' lang='grc' dir='ltr'>Τοὺς</span> <span class='ocrx_word' id='word_1_327' title='bbox 647 3906 871 3975; x_wconf 77' lang='grc' dir='ltr'>λόγους</span> <span class='ocrx_word' id='word_1_328' title='bbox 895 3906 1006 3976; x_wconf 83' lang='grc' dir='ltr'>τῆς</span> <span class='ocrx_word' id='word_1_329' title='bbox 1031 3907 1194 3976; x_wconf 83' lang='grc' dir='ltr'>ᾠδῆς</span> <span class='ocrx_word' id='word_1_330' title='bbox 1224 3911 1463 3975; x_wconf 79' lang='grc' dir='ltr'>ταύτης.</span> <span class='ocrx_word' id='word_1_331' title='bbox 1513 3908 1668 3963; x_wconf 83' lang='grc' dir='ltr'>Μετά</span> <span class='ocrx_word' id='word_1_332' title='bbox 1711 3912 1840 3972; x_wconf 84' lang='grc' dir='ltr'>τοὺς</span> <span class='ocrx_word' id='word_1_333' title='bbox 1869 3926 1965 3966; x_wconf 65' lang='grc' dir='ltr'>που</span> 
     </span>
    </p>
   </div>
   <div class='ocr_carea' id='block_1_53' title="bbox 390 3991 1966 4070">
    <p class='ocr_par' dir='ltr' id='par_1_53' title="bbox 390 3991 1966 4070">
     <span class='ocr_line' id='line_1_53' title="bbox 390 3991 1966 4070; baseline 0.003 -23"><span class='ocrx_word' id='word_1_334' title='bbox 390 3991 593 4066; x_wconf 82' lang='grc' dir='ltr'>λέμους</span> <span class='ocrx_word' id='word_1_335' title='bbox 638 3996 907 4063; x_wconf 70' lang='grc' dir='ltr'>ἐπινίκιον</span> <span class='ocrx_word' id='word_1_336' title='bbox 951 3998 1028 4069; x_wconf 88' lang='grc' dir='ltr'>τῷ</span> <span class='ocrx_word' id='word_1_337' title='bbox 1077 3998 1197 4070; x_wconf 83' lang='grc' dir='ltr'><strong>Θεῷ</strong></span> <span class='ocrx_word' id='word_1_338' title='bbox 1242 4000 1583 4053; x_wconf 78' lang='grc' dir='ltr'>συντέθεικεν</span> <span class='ocrx_word' id='word_1_339' title='bbox 1630 3999 1817 4065; x_wconf 81' lang='grc' dir='ltr'>ὕμνον.</span> <span class='ocrx_word' id='word_1_340' title='bbox 1853 4002 1966 4053; x_wconf 79' lang='grc' dir='ltr'><strong>Καὶ</strong></span> 
     </span>
    </p>
   </div>
   <div class='ocr_carea' id='block_1_54' title="bbox 396 4088 1967 4163">
    <p class='ocr_par' dir='ltr' id='par_1_54' title="bbox 396 4088 1967 4163">
     <span class='ocr_line' id='line_1_54' title="bbox 396 4088 1967 4163; baseline 0.004 -24"><span class='ocrx_word' id='word_1_341' title='bbox 396 4088 728 4158; x_wconf 78' lang='grc' dir='ltr'>προφητεύει</span> <span class='ocrx_word' id='word_1_342' title='bbox 759 4088 1002 4160; x_wconf 73' lang='grc' dir='ltr'>περὶτοῦ</span> <span class='ocrx_word' id='word_1_343' title='bbox 1031 4091 1300 4144; x_wconf 82' lang='grc' dir='ltr'>Δεσπότου</span> <span class='ocrx_word' id='word_1_344' title='bbox 1321 4091 1577 4163; x_wconf 57' lang='grc' dir='ltr'>Χριστοῦ</span> <span class='ocrx_word' id='word_1_345' title='bbox 1606 4092 1720 4146; x_wconf 80' lang='grc' dir='ltr'>ἔστι</span> <span class='ocrx_word' id='word_1_346' title='bbox 1747 4093 1803 4145; x_wconf 84' lang='grc' dir='ltr'>δὲ</span> <span class='ocrx_word' id='word_1_347' title='bbox 1827 4091 1967 4163; x_wconf 78' lang='grc' dir='ltr'>πλὴν</span> 
     </span>
    </p>
   </div>
   <div class='ocr_carea' id='block_1_55' title="bbox 394 4180 1299 4253">
    <p class='ocr_par' dir='ltr' id='par_1_55' title="bbox 394 4180 1299 4253">
     <span class='ocr_line' id='line_1_55' title="bbox 394 4180 1299 4253; baseline 0.007 -23"><span class='ocrx_word' id='word_1_348' title='bbox 394 4180 592 4248; x_wconf 85' lang='grc' dir='ltr'>ὀλίγων</span> <span class='ocrx_word' id='word_1_349' title='bbox 613 4184 641 4235; x_wconf 89' lang='lat'><strong>6</strong></span> <span class='ocrx_word' id='word_1_350' title='bbox 664 4181 829 4245; x_wconf 82' lang='grc' dir='ltr'>αὐτὸς</span> <span class='ocrx_word' id='word_1_351' title='bbox 850 4181 927 4252; x_wconf 82' lang='grc' dir='ltr'><strong>τῷ</strong></span> <span class='ocrx_word' id='word_1_352' title='bbox 957 4185 1000 4246; x_wconf 78' lang='grc' dir='ltr'><strong>ζ’</strong></span> <span class='ocrx_word' id='word_1_353' title='bbox 1028 4182 1231 4253; x_wconf 81' lang='grc' dir='ltr'>ψαλμῷ</span> <span class='ocrx_word' id='word_1_354' title='bbox 1247 4192 1299 4236; x_wconf 70' lang='grc' dir='ltr'>ν.</span> 
     </span>
    </p>
   </div>
   <div class='ocr_carea' id='block_1_56' title="bbox 967 4273 1390 4328">
    <p class='ocr_par' dir='ltr' id='par_1_56' title="bbox 967 4273 1390 4328">
     <span class='ocr_line' id='line_1_56' title="bbox 967 4273 1390 4328; baseline 0.002 -3"><span class='ocrx_word' id='word_1_355' title='bbox 967 4273 1219 4328; x_wconf 80' lang='grc' dir='ltr'>ΚΕΦΑΛ.</span> <span class='ocrx_word' id='word_1_356' title='bbox 1261 4274 1390 4326; x_wconf 80' lang='lat' dir='ltr'><strong>KA&#39;.</strong></span> 
     </span>
    </p>
   </div>
   <div class='ocr_carea' id='block_1_57' title="bbox 465 4360 1968 4436">
    <p class='ocr_par' dir='ltr' id='par_1_57' title="bbox 465 4360 1968 4436">
     <span class='ocr_line' id='line_1_57' title="bbox 465 4360 1968 4436; baseline 0.005 -24"><span class='ocrx_word' id='word_1_357' title='bbox 465 4360 709 4429; x_wconf 70' lang='grc' dir='ltr'>Πνεῦμα</span> <span class='ocrx_word' id='word_1_358' title='bbox 733 4362 953 4430; x_wconf 83' lang='grc' dir='ltr'>Κυρίου</span> <span class='ocrx_word' id='word_1_359' title='bbox 977 4361 1288 4430; x_wconf 73' lang='grc' dir='ltr'>ἐλάλησεν</span> <span class='ocrx_word' id='word_1_360' title='bbox 1307 4364 1378 4416; x_wconf 81' lang='grc' dir='ltr'><strong>ἐν</strong></span> <span class='ocrx_word' id='word_1_361' title='bbox 1404 4364 1553 4432; x_wconf 80' lang='grc' dir='ltr'>ἐμοί.</span> <span class='ocrx_word' id='word_1_362' title='bbox 1589 4364 1968 4436; x_wconf 82' lang='grc' dir='ltr'>Λίσχυνθήτω-</span> 
     </span>
    </p>
   </div>
   <div class='ocr_carea' id='block_1_58' title="bbox 2053 1910 3648 1984">
    <p class='ocr_par' dir='ltr' id='par_1_58' title="bbox 2053 1910 3648 1984">
     <span class='ocr_line' id='line_1_58' title="bbox 2053 1910 3648 1984; baseline -0.009 -3"><span class='ocrx_word' id='word_1_363' title='bbox 2053 1929 2235 1982; x_wconf 87' lang='lat' dir='ltr'><strong>batur.</strong></span> <span class='ocrx_word' id='word_1_364' title='bbox 2294 1922 2528 1977; x_wconf 87' lang='lat' dir='ltr'><strong>Ferebat</strong></span> <span class='ocrx_word' id='word_1_365' title='bbox 2580 1926 2761 1971; x_wconf 89' lang='lat' dir='ltr'><strong>autem</strong></span> <span class='ocrx_word' id='word_1_366' title='bbox 2813 1930 2939 1971; x_wconf 88' lang='lat' dir='ltr'><strong>eum</strong></span> <span class='ocrx_word' id='word_1_367' title='bbox 2994 1910 3394 1978; x_wconf 84' lang='lat' dir='ltr'><strong>nihilominus,</strong></span> <span class='ocrx_word' id='word_1_368' title='bbox 3430 1915 3648 1984; x_wconf 89' lang='lat' dir='ltr'><strong>partim-</strong></span> 
     </span>
    </p>
   </div>
   <div class='ocr_carea' id='block_1_59' title="bbox 2057 2004 3632 2088">
    <p class='ocr_par' dir='ltr' id='par_1_59' title="bbox 2057 2004 3632 2088">
     <span class='ocr_line' id='line_1_59' title="bbox 2057 2004 3632 2088; baseline -0.009 -16"><span class='ocrx_word' id='word_1_369' title='bbox 2057 2024 2277 2088; x_wconf 91' lang='lat' dir='ltr'><strong>propter</strong></span> <span class='ocrx_word' id='word_1_370' title='bbox 2309 2009 2767 2074; x_wconf 73' lang='lat' dir='ltr'><strong>benevolentiam,</strong></span> <span class='ocrx_word' id='word_1_371' title='bbox 2803 2019 2967 2076; x_wconf 86' lang='lat' dir='ltr'><strong>quam</strong></span> <span class='ocrx_word' id='word_1_372' title='bbox 3016 2019 3143 2075; x_wconf 86' lang='lat' dir='ltr'><strong>erga</strong></span> <span class='ocrx_word' id='word_1_373' title='bbox 3192 2004 3452 2061; x_wconf 82' lang='lat' dir='ltr'><strong>Davidem</strong></span> <span class='ocrx_word' id='word_1_374' title='bbox 3500 2006 3632 2059; x_wconf 90' lang='lat' dir='ltr'><strong>reti-</strong></span> 
     </span>
    </p>
   </div>
   <div class='ocr_carea' id='block_1_60' title="bbox 2056 2092 3629 2169">
    <p class='ocr_par' dir='ltr' id='par_1_60' title="bbox 2056 2092 3629 2169">
     <span class='ocr_line' id='line_1_60' title="bbox 2056 2092 3629 2169; baseline -0.006 -13"><span class='ocrx_word' id='word_1_375' title='bbox 2056 2103 2236 2166; x_wconf 85' lang='lat' dir='ltr'><strong>nebat,</strong></span> <span class='ocrx_word' id='word_1_376' title='bbox 2270 2098 2470 2169; x_wconf 87' lang='lat' dir='ltr'><strong>partim</strong></span> <span class='ocrx_word' id='word_1_377' title='bbox 2525 2102 2797 2159; x_wconf 86' lang='lat' dir='ltr'><strong>metuens,</strong></span> <span class='ocrx_word' id='word_1_378' title='bbox 2828 2108 2898 2149; x_wconf 90' lang='lat' dir='ltr'><strong>ne</strong></span> <span class='ocrx_word' id='word_1_379' title='bbox 2941 2093 3109 2148; x_wconf 86' lang='lat' dir='ltr'><strong>rebus</strong></span> <span class='ocrx_word' id='word_1_380' title='bbox 3161 2094 3318 2148; x_wconf 82' lang='lat' dir='ltr'><strong>novis</strong></span> <span class='ocrx_word' id='word_1_381' title='bbox 3364 2092 3629 2148; x_wconf 86' lang='lat' dir='ltr'><strong>studeret.</strong></span> 
     </span>
    </p>
   </div>
   <div class='ocr_carea' id='block_1_61' title="bbox 2054 2183 3629 2260">
    <p class='ocr_par' dir='ltr' id='par_1_61' title="bbox 2054 2183 3629 2260">
     <span class='ocr_line' id='line_1_61' title="bbox 2054 2183 3629 2260; baseline -0.007 -13"><span class='ocrx_word' id='word_1_382' title='bbox 2054 2191 2174 2248; x_wconf 72' lang='lat' dir='ltr'><strong>lam</strong></span> <span class='ocrx_word' id='word_1_383' title='bbox 2214 2190 2379 2260; x_wconf 78' lang='lat' dir='ltr'><strong>igitur</strong></span> <span class='ocrx_word' id='word_1_384' title='bbox 2412 2186 2877 2259; x_wconf 85' lang='lat' dir='ltr'><strong>opportunitatem</strong></span> <span class='ocrx_word' id='word_1_385' title='bbox 2907 2192 3125 2250; x_wconf 90' lang='lat' dir='ltr'><strong>nactus,</strong></span> <span class='ocrx_word' id='word_1_386' title='bbox 3168 2183 3430 2247; x_wconf 85' lang='lat' dir='ltr'><strong>Amesan,</strong></span> <span class='ocrx_word' id='word_1_387' title='bbox 3466 2197 3629 2252; x_wconf 88' lang='lat' dir='ltr'><strong>quem</strong></span> 
     </span>
    </p>
   </div>
   <div class='ocr_carea' id='block_1_62' title="bbox 2057 2274 3629 2342">
    <p class='ocr_par' dir='ltr' id='par_1_62' title="bbox 2057 2274 3629 2342">
     <span class='ocr_line' id='line_1_62' title="bbox 2057 2274 3629 2342; baseline -0.008 -5"><span class='ocrx_word' id='word_1_388' title='bbox 2057 2283 2316 2339; x_wconf 81' lang='lat' dir='ltr'><strong>Absalom</strong></span> <span class='ocrx_word' id='word_1_389' title='bbox 2377 2280 2568 2335; x_wconf 85' lang='lat' dir='ltr'><strong>ducem</strong></span> <span class='ocrx_word' id='word_1_390' title='bbox 2637 2277 2858 2337; x_wconf 81' lang='lat' dir='ltr'><strong>fecerat,</strong></span> <span class='ocrx_word' id='word_1_391' title='bbox 2912 2288 3186 2329; x_wconf 90' lang='lat' dir='ltr'><strong>summum</strong></span> <span class='ocrx_word' id='word_1_392' title='bbox 3245 2274 3629 2342; x_wconf 85' lang='lat' dir='ltr'><strong>imperatorem</strong></span> 
     </span>
    </p>
   </div>
   <div class='ocr_carea' id='block_1_63' title="bbox 2057 2364 3631 2443">
    <p class='ocr_par' dir='ltr' id='par_1_63' title="bbox 2057 2364 3631 2443">
     <span class='ocr_line' id='line_1_63' title="bbox 2057 2364 3631 2443; baseline -0.007 -14"><span class='ocrx_word' id='word_1_393' title='bbox 2057 2374 2300 2430; x_wconf 86' lang='lat' dir='ltr'><strong>declarat</strong></span> <span class='ocrx_word' id='word_1_394' title='bbox 2331 2373 2470 2443; x_wconf 88' lang='lat' dir='ltr'><strong>(erat</strong></span> <span class='ocrx_word' id='word_1_395' title='bbox 2496 2376 2676 2424; x_wconf 86' lang='lat' dir='ltr'><strong>autem</strong></span> <span class='ocrx_word' id='word_1_396' title='bbox 2718 2375 2773 2422; x_wconf 92' lang='lat' dir='ltr'><strong>et</strong></span> <span class='ocrx_word' id='word_1_397' title='bbox 2803 2366 2924 2434; x_wconf 88' lang='lat' dir='ltr'><strong>ipse</strong></span> <span class='ocrx_word' id='word_1_398' title='bbox 2952 2364 3314 2421; x_wconf 86' lang='lat' dir='ltr'><strong>consobrinus</strong></span> <span class='ocrx_word' id='word_1_399' title='bbox 3352 2364 3631 2433; x_wconf 73' lang='lat' dir='ltr'><strong>Doridis);</strong></span> 
     </span>
    </p>
   </div>
   <div class='ocr_carea' id='block_1_64' title="bbox 2059 2456 3634 2535">
    <p class='ocr_par' dir='ltr' id='par_1_64' title="bbox 2059 2456 3634 2535">
     <span class='ocr_line' id='line_1_64' title="bbox 2059 2456 3634 2535; baseline -0.005 -16"><span class='ocrx_word' id='word_1_400' title='bbox 2059 2464 2204 2535; x_wconf 91' lang='lat' dir='ltr'><strong>quod</strong></span> <span class='ocrx_word' id='word_1_401' title='bbox 2238 2463 2331 2517; x_wconf 91' lang='lat' dir='ltr'><strong>ubi</strong></span> <span class='ocrx_word' id='word_1_402' title='bbox 2378 2462 2726 2532; x_wconf 74' lang='lat' dir='ltr'><strong>cognovisset</strong></span> <span class='ocrx_word' id='word_1_403' title='bbox 2763 2456 2923 2521; x_wconf 82' lang='lat' dir='ltr'><strong>Joab,</strong></span> <span class='ocrx_word' id='word_1_404' title='bbox 2960 2457 3064 2512; x_wconf 90' lang='lat' dir='ltr'><strong>sub</strong></span> <span class='ocrx_word' id='word_1_405' title='bbox 3088 2465 3350 2527; x_wconf 68' lang='lat' dir='ltr'><strong>praetextu</strong></span> <span class='ocrx_word' id='word_1_406' title='bbox 3381 2458 3634 2512; x_wconf 73' lang='lat' dir='ltr'><strong>amicitia:</strong></span> 
     </span>
    </p>
   </div>
   <div class='ocr_carea' id='block_1_65' title="bbox 2060 2552 2714 2612">
    <p class='ocr_par' dir='ltr' id='par_1_65' title="bbox 2060 2552 2714 2612">
     <span class='ocr_line' id='line_1_65' title="bbox 2060 2552 2714 2612; baseline -0.011 0"><span class='ocrx_word' id='word_1_407' title='bbox 2060 2558 2206 2612; x_wconf 89' lang='lat' dir='ltr'><strong>hunc</strong></span> <span class='ocrx_word' id='word_1_408' title='bbox 2237 2554 2399 2611; x_wconf 88' lang='lat' dir='ltr'><strong>etiam</strong></span> <span class='ocrx_word' id='word_1_409' title='bbox 2423 2552 2714 2608; x_wconf 85' lang='lat' dir='ltr'><strong>interfecit.</strong></span> 
     </span>
    </p>
   </div>
   <div class='ocr_carea' id='block_1_66' title="bbox 2552 2639 3146 2713">
    <p class='ocr_par' dir='ltr' id='par_1_66' title="bbox 2552 2639 3146 2713">
     <span class='ocr_line' id='line_1_66' title="bbox 2552 2639 3146 2713; baseline -0.005 -16"><span class='ocrx_word' id='word_1_410' title='bbox 2552 2641 2706 2698; x_wconf 84' lang='lat' dir='ltr'><strong>CAP.</strong></span> <span class='ocrx_word' id='word_1_411' title='bbox 2746 2640 2910 2696; x_wconf 80' lang='lat' dir='ltr'>XVIII</span> <span class='ocrx_word' id='word_1_412' title='bbox 2978 2640 3043 2713; x_wconf 77' lang='grc' dir='ltr'><strong>[Χ</strong></span> <span class='ocrx_word' id='word_1_413' title='bbox 3052 2639 3146 2711; x_wconf 83' lang='grc' dir='ltr'><strong>Χ].</strong></span> 
     </span>
    </p>
   </div>
   <div class='ocr_carea' id='block_1_67' title="bbox 2134 2726 3635 2791">
    <p class='ocr_par' dir='ltr' id='par_1_67' title="bbox 2134 2726 3635 2791">
     <span class='ocr_line' id='line_1_67' title="bbox 2134 2726 3635 2791; baseline -0.007 0"><span class='ocrx_word' id='word_1_414' title='bbox 2134 2735 2444 2791; x_wconf 73' lang='lat' dir='ltr'><strong>Dissolutus</strong></span> <span class='ocrx_word' id='word_1_415' title='bbox 2485 2744 2563 2789; x_wconf 77' lang='lat' dir='ltr'><strong>est</strong></span> <span class='ocrx_word' id='word_1_416' title='bbox 2599 2733 2789 2787; x_wconf 80' lang='lat' dir='ltr'><strong>David.</strong></span> <span class='ocrx_word' id='word_1_417' title='bbox 2819 2731 2957 2786; x_wconf 86' lang='lat' dir='ltr'><strong>Nam</strong></span> <span class='ocrx_word' id='word_1_418' title='bbox 2989 2747 3112 2786; x_wconf 90' lang='lat' dir='ltr'><strong>cum</strong></span> <span class='ocrx_word' id='word_1_419' title='bbox 3155 2744 3320 2785; x_wconf 77' lang='lat' dir='ltr'><strong>senex</strong></span> <span class='ocrx_word' id='word_1_420' title='bbox 3360 2727 3530 2782; x_wconf 84' lang='lat' dir='ltr'><strong>multa</strong></span> <span class='ocrx_word' id='word_1_421' title='bbox 3578 2726 3635 2781; x_wconf 89' lang='lat' dir='ltr'><strong>in</strong></span> 
     </span>
    </p>
   </div>
   <div class='ocr_carea' id='block_1_68' title="bbox 2064 2819 3636 2898">
    <p class='ocr_par' dir='ltr' id='par_1_68' title="bbox 2064 2819 3636 2898">
     <span class='ocr_line' id='line_1_68' title="bbox 2064 2819 3636 2898; baseline -0.008 -14"><span class='ocrx_word' id='word_1_422' title='bbox 2064 2829 2222 2884; x_wconf 83' lang='lat' dir='ltr'><strong>bellis</strong></span> <span class='ocrx_word' id='word_1_423' title='bbox 2252 2842 2450 2898; x_wconf 85' lang='lat' dir='ltr'><strong>passus</strong></span> <span class='ocrx_word' id='word_1_424' title='bbox 2486 2834 2655 2891; x_wconf 86' lang='lat' dir='ltr'><strong>esset,</strong></span> <span class='ocrx_word' id='word_1_425' title='bbox 2680 2824 2930 2893; x_wconf 87' lang='lat' dir='ltr'><strong>corporis</strong></span> <span class='ocrx_word' id='word_1_426' title='bbox 2962 2822 3173 2876; x_wconf 85' lang='lat' dir='ltr'><strong>viribus</strong></span> <span class='ocrx_word' id='word_1_427' title='bbox 3204 2819 3423 2882; x_wconf 81' lang='lat' dir='ltr'><strong>defecit,</strong></span> <span class='ocrx_word' id='word_1_428' title='bbox 3453 2819 3636 2873; x_wconf 88' lang='lat' dir='ltr'><strong>mani-</strong></span> 
     </span>
    </p>
   </div>
   <div class='ocr_carea' id='block_1_69' title="bbox 2063 2911 3640 2989">
    <p class='ocr_par' dir='ltr' id='par_1_69' title="bbox 2063 2911 3640 2989">
     <span class='ocr_line' id='line_1_69' title="bbox 2063 2911 3640 2989; baseline -0.006 -13"><span class='ocrx_word' id='word_1_429' title='bbox 2063 2921 2167 2976; x_wconf 81' lang='lat' dir='ltr'><strong>bus</strong></span> <span class='ocrx_word' id='word_1_430' title='bbox 2205 2927 2387 2975; x_wconf 90' lang='lat' dir='ltr'><strong>tamen</strong></span> <span class='ocrx_word' id='word_1_431' title='bbox 2417 2919 2653 2989; x_wconf 75' lang='lat' dir='ltr'><strong>gigantis</strong></span> <span class='ocrx_word' id='word_1_432' title='bbox 2680 2931 2777 2986; x_wconf 88' lang='lat' dir='ltr'><strong>per</strong></span> <span class='ocrx_word' id='word_1_433' title='bbox 2805 2915 2988 2986; x_wconf 80' lang='lat' dir='ltr'><strong>fugam</strong></span> <span class='ocrx_word' id='word_1_434' title='bbox 3024 2921 3272 2985; x_wconf 89' lang='lat' dir='ltr'><strong>ereptus,</strong></span> <span class='ocrx_word' id='word_1_435' title='bbox 3309 2911 3640 2967; x_wconf 86' lang='lat' dir='ltr'><strong>mirabiliter</strong></span> 
     </span>
    </p>
   </div>
   <div class='ocr_carea' id='block_1_70' title="bbox 2065 2996 3637 3073">
    <p class='ocr_par' dir='ltr' id='par_1_70' title="bbox 2065 2996 3637 3073">
     <span class='ocr_line' id='line_1_70' title="bbox 2065 2996 3637 3073; baseline -0.006 -7"><span class='ocrx_word' id='word_1_436' title='bbox 2065 2996 2315 3067; x_wconf 83' lang='lat' dir='ltr'><strong>servatus</strong></span> <span class='ocrx_word' id='word_1_437' title='bbox 2374 3016 2481 3064; x_wconf 91' lang='lat' dir='ltr'><strong>est.</strong></span> <span class='ocrx_word' id='word_1_438' title='bbox 2557 3007 2768 3061; x_wconf 82' lang='lat' dir='ltr'><strong>Iudicat</strong></span> <span class='ocrx_word' id='word_1_439' title='bbox 2813 3015 2996 3063; x_wconf 88' lang='lat' dir='ltr'><strong>autem</strong></span> <span class='ocrx_word' id='word_1_440' title='bbox 3053 3004 3335 3073; x_wconf 87' lang='lat' dir='ltr'><strong>Scriptura</strong></span> <span class='ocrx_word' id='word_1_441' title='bbox 3387 3002 3637 3057; x_wconf 81' lang='lat' dir='ltr'><strong>homines</strong></span> 
     </span>
    </p>
   </div>
   <div class='ocr_carea' id='block_1_71' title="bbox 2064 3092 3646 3169">
    <p class='ocr_par' dir='ltr' id='par_1_71' title="bbox 2064 3092 3646 3169">
     <span class='ocr_line' id='line_1_71' title="bbox 2064 3092 3646 3169; baseline -0.01 -13"><span class='ocrx_word' id='word_1_442' title='bbox 2064 3109 2222 3157; x_wconf 86' lang='lat' dir='ltr'><strong>vasto</strong></span> <span class='ocrx_word' id='word_1_443' title='bbox 2244 3113 2494 3169; x_wconf 88' lang='lat' dir='ltr'><strong>corpore,</strong></span> <span class='ocrx_word' id='word_1_444' title='bbox 2528 3106 2583 3153; x_wconf 92' lang='lat' dir='ltr'><strong>et</strong></span> <span class='ocrx_word' id='word_1_445' title='bbox 2613 3097 2820 3151; x_wconf 82' lang='lat' dir='ltr'><strong>invicto</strong></span> <span class='ocrx_word' id='word_1_446' title='bbox 2854 3097 3054 3150; x_wconf 87' lang='lat' dir='ltr'><strong>robore</strong></span> <span class='ocrx_word' id='word_1_447' title='bbox 3081 3092 3365 3163; x_wconf 62' lang='lat' dir='ltr'><strong>praeditos,</strong></span> <span class='ocrx_word' id='word_1_448' title='bbox 3394 3105 3505 3144; x_wconf 87' lang='lat' dir='ltr'><strong>non</strong></span> <span class='ocrx_word' id='word_1_449' title='bbox 3539 3105 3646 3141; x_wconf 90' lang='lat' dir='ltr'><strong>au-</strong></span> 
     </span>
    </p>
   </div>
   <div class='ocr_carea' id='block_1_72' title="bbox 2063 3182 3638 3261">
    <p class='ocr_par' dir='ltr' id='par_1_72' title="bbox 2063 3182 3638 3261">
     <span class='ocr_line' id='line_1_72' title="bbox 2063 3182 3638 3261; baseline -0.01 -13"><span class='ocrx_word' id='word_1_450' title='bbox 2063 3203 2170 3249; x_wconf 92' lang='lat' dir='ltr'><strong>tem</strong></span> <span class='ocrx_word' id='word_1_451' title='bbox 2212 3192 2433 3261; x_wconf 87' lang='lat' dir='ltr'><strong>impios,</strong></span> <span class='ocrx_word' id='word_1_452' title='bbox 2489 3198 2585 3243; x_wconf 91' lang='lat' dir='ltr'><strong>aut</strong></span> <span class='ocrx_word' id='word_1_453' title='bbox 2632 3188 2911 3244; x_wconf 62' lang='lat' dir='ltr'><strong>diuturna;</strong></span> <span class='ocrx_word' id='word_1_454' title='bbox 2970 3187 3095 3240; x_wconf 74' lang='lat' dir='ltr'><strong>vita:</strong></span> <span class='ocrx_word' id='word_1_455' title='bbox 3148 3182 3638 3254; x_wconf 84' lang='lat' dir='ltr'><strong>(quemadmodum</strong></span> 
     </span>
    </p>
   </div>
   <div class='ocr_carea' id='block_1_73' title="bbox 2061 3271 3640 3355">
    <p class='ocr_par' dir='ltr' id='par_1_73' title="bbox 2061 3271 3640 3355">
     <span class='ocr_line' id='line_1_73' title="bbox 2061 3271 3640 3355; baseline -0.009 -17"><span class='ocrx_word' id='word_1_456' title='bbox 2061 3284 2280 3355; x_wconf 87' lang='lat' dir='ltr'><strong>quidam</strong></span> <span class='ocrx_word' id='word_1_457' title='bbox 2338 3281 2604 3353; x_wconf 86' lang='lat' dir='ltr'><strong>suspicati</strong></span> <span class='ocrx_word' id='word_1_458' title='bbox 2663 3279 2813 3349; x_wconf 88' lang='lat' dir='ltr'><strong>sunt)</strong></span> <span class='ocrx_word' id='word_1_459' title='bbox 2878 3279 2983 3334; x_wconf 88' lang='lat' dir='ltr'><strong>hoc</strong></span> <span class='ocrx_word' id='word_1_460' title='bbox 3039 3277 3267 3332; x_wconf 85' lang='lat' dir='ltr'><strong>nomine</strong></span> <span class='ocrx_word' id='word_1_461' title='bbox 3337 3271 3640 3344; x_wconf 86' lang='lat' dir='ltr'><strong>appellatos</strong></span> 
     </span>
    </p>
   </div>
   <div class='ocr_carea' id='block_1_74' title="bbox 2061 3391 2203 3431">
    <p class='ocr_par' dir='ltr' id='par_1_74' title="bbox 2061 3391 2203 3431">
     <span class='ocr_line' id='line_1_74' title="bbox 2061 3391 2203 3431; baseline -0.007 0"><span class='ocrx_word' id='word_1_462' title='bbox 2061 3391 2203 3431; x_wconf 88' lang='lat' dir='ltr'><strong>esse.</strong></span> 
     </span>
    </p>
   </div>
   <div class='ocr_carea' id='block_1_75' title="bbox 2560 3457 3134 3531">
    <p class='ocr_par' dir='ltr' id='par_1_75' title="bbox 2560 3457 3134 3531">
     <span class='ocr_line' id='line_1_75' title="bbox 2560 3457 3134 3531; baseline -0.012 -12"><span class='ocrx_word' id='word_1_463' title='bbox 2560 3461 2714 3520; x_wconf 82' lang='lat' dir='ltr'><strong>CAP.</strong></span> <span class='ocrx_word' id='word_1_464' title='bbox 2760 3460 2877 3516; x_wconf 77' lang='lat' dir='ltr'><strong>XIX</strong></span> <span class='ocrx_word' id='word_1_465' title='bbox 2943 3457 3134 3531; x_wconf 76' lang='lat' dir='ltr'><strong>[XXI].</strong></span> 
     </span>
    </p>
   </div>
   <div class='ocr_carea' id='block_1_76' title="bbox 2130 3547 3640 3621">
    <p class='ocr_par' dir='ltr' id='par_1_76' title="bbox 2130 3547 3640 3621">
     <span class='ocr_line' id='line_1_76' title="bbox 2130 3547 3640 3621; baseline -0.009 -9"><span class='ocrx_word' id='word_1_466' title='bbox 2130 3555 2299 3613; x_wconf 69' lang='lat' dir='ltr'><strong>Vsus.</strong></span> <span class='ocrx_word' id='word_1_467' title='bbox 2332 3557 2386 3611; x_wconf 87' lang='lat'><strong>5.</strong></span> <span class='ocrx_word' id='word_1_468' title='bbox 2430 3556 2525 3610; x_wconf 81' lang='lat' dir='ltr'><strong>Vir</strong></span> <span class='ocrx_word' id='word_1_469' title='bbox 2551 3570 2618 3609; x_wconf 76' lang='lat' dir='ltr'><strong>ea:</strong></span> <span class='ocrx_word' id='word_1_470' title='bbox 2649 3554 2820 3608; x_wconf 85' lang='lat' dir='ltr'><strong>Gada.</strong></span> <span class='ocrx_word' id='word_1_471' title='bbox 2863 3552 3080 3621; x_wconf 79' lang='lat' dir='ltr'><strong>Aquila,</strong></span> <span class='ocrx_word' id='word_1_472' title='bbox 3122 3550 3417 3610; x_wconf 78' lang='grc' dir='ltr'>ἀντίδικος,</span> <span class='ocrx_word' id='word_1_473' title='bbox 3448 3547 3640 3601; x_wconf 80' lang='lat' dir='ltr'><strong>adver-</strong></span> 
     </span>
    </p>
   </div>
   <div class='ocr_carea' id='block_1_77' title="bbox 2064 3639 3642 3711">
    <p class='ocr_par' dir='ltr' id='par_1_77' title="bbox 2064 3639 3642 3711">
     <span class='ocr_line' id='line_1_77' title="bbox 2064 3639 3642 3711; baseline -0.006 -11"><span class='ocrx_word' id='word_1_474' title='bbox 2064 3647 2260 3711; x_wconf 74' lang='lat' dir='ltr'><strong>sarius,</strong></span> <span class='ocrx_word' id='word_1_475' title='bbox 2309 3642 2701 3700; x_wconf 65' lang='lat' dir='ltr'><strong>controversiae</strong></span> <span class='ocrx_word' id='word_1_476' title='bbox 2751 3643 3031 3696; x_wconf 88' lang='lat' dir='ltr'><strong>nimirum.</strong></span> <span class='ocrx_word' id='word_1_477' title='bbox 3097 3639 3460 3709; x_wconf 82' lang='lat' dir='ltr'><strong>Symmachus</strong></span> <span class='ocrx_word' id='word_1_478' title='bbox 3511 3652 3642 3691; x_wconf 85' lang='lat' dir='ltr'><strong>vero</strong></span> 
     </span>
    </p>
   </div>
   <div class='ocr_carea' id='block_1_78' title="bbox 2065 3734 2611 3804">
    <p class='ocr_par' dir='ltr' id='par_1_78' title="bbox 2065 3734 2611 3804">
     <span class='ocr_line' id='line_1_78' title="bbox 2065 3734 2611 3804; baseline 0.002 -17"><span class='ocrx_word' id='word_1_479' title='bbox 2065 3734 2249 3799; x_wconf 84' lang='lat' dir='ltr'><strong>habet,</strong></span> <span class='ocrx_word' id='word_1_480' title='bbox 2280 3735 2611 3804; x_wconf 82' lang='grc' dir='ltr'>πρόμετρος.</span> 
     </span>
    </p>
   </div>
   <div class='ocr_carea' id='block_1_79' title="bbox 2553 3818 3130 3891">
    <p class='ocr_par' dir='ltr' id='par_1_79' title="bbox 2553 3818 3130 3891">
     <span class='ocr_line' id='line_1_79' title="bbox 2553 3818 3130 3891; baseline -0.009 -15"><span class='ocrx_word' id='word_1_481' title='bbox 2553 3820 2706 3876; x_wconf 81' lang='lat' dir='ltr'><strong>CAP.</strong></span> <span class='ocrx_word' id='word_1_482' title='bbox 2753 3819 2849 3874; x_wconf 70' lang='lat' dir='ltr'><strong>xx</strong></span> <span class='ocrx_word' id='word_1_483' title='bbox 2916 3818 3130 3891; x_wconf 77' lang='lat' dir='ltr'><strong>[XXII].</strong></span> 
     </span>
    </p>
   </div>
   <div class='ocr_carea' id='block_1_80' title="bbox 2141 3906 3641 3980">
    <p class='ocr_par' dir='ltr' id='par_1_80' title="bbox 2141 3906 3641 3980">
     <span class='ocr_line' id='line_1_80' title="bbox 2141 3906 3641 3980; baseline -0.001 -17"><span class='ocrx_word' id='word_1_484' title='bbox 2141 3912 2304 3968; x_wconf 70' lang='lat' dir='ltr'><strong>Vsus.</strong></span> <span class='ocrx_word' id='word_1_485' title='bbox 2349 3913 2400 3965; x_wconf 74' lang='grc' dir='ltr'>Ι.</span> <span class='ocrx_word' id='word_1_486' title='bbox 2453 3911 2618 3965; x_wconf 82' lang='lat' dir='ltr'><strong>Verba</strong></span> <span class='ocrx_word' id='word_1_487' title='bbox 2668 3912 2829 3980; x_wconf 77' lang='lat' dir='ltr'><strong>hujus</strong></span> <span class='ocrx_word' id='word_1_488' title='bbox 2874 3911 3152 3964; x_wconf 78' lang='lat' dir='ltr'><strong>carminis.</strong></span> <span class='ocrx_word' id='word_1_489' title='bbox 3212 3907 3344 3961; x_wconf 91' lang='lat' dir='ltr'><strong>Post</strong></span> <span class='ocrx_word' id='word_1_490' title='bbox 3394 3906 3641 3961; x_wconf 85' lang='lat' dir='ltr'><strong>devictos</strong></span> 
     </span>
    </p>
   </div>
   <div class='ocr_carea' id='block_1_81' title="bbox 2068 3989 3646 4072">
    <p class='ocr_par' dir='ltr' id='par_1_81' title="bbox 2068 3989 3646 4072">
     <span class='ocr_line' id='line_1_81' title="bbox 2068 3989 3646 4072; baseline -0.007 -12"><span class='ocrx_word' id='word_1_491' title='bbox 2068 4008 2278 4069; x_wconf 91' lang='lat' dir='ltr'><strong>hostes,</strong></span> <span class='ocrx_word' id='word_1_492' title='bbox 2315 4019 2534 4058; x_wconf 83' lang='lat' dir='ltr'><strong>carmen</strong></span> <span class='ocrx_word' id='word_1_493' title='bbox 2561 3989 2856 4072; x_wconf 81' lang='lat' dir='ltr'><strong>epinieium</strong></span> <span class='ocrx_word' id='word_1_494' title='bbox 2876 4003 2987 4055; x_wconf 84' lang='lat' dir='ltr'><strong>Deo</strong></span> <span class='ocrx_word' id='word_1_495' title='bbox 3006 4002 3335 4070; x_wconf 88' lang='lat' dir='ltr'><strong>composuit.</strong></span> <span class='ocrx_word' id='word_1_496' title='bbox 3366 3998 3646 4052; x_wconf 84' lang='lat' dir='ltr'><strong>Vaticina-</strong></span> 
     </span>
    </p>
   </div>
   <div class='ocr_carea' id='block_1_82' title="bbox 2066 4090 3641 4163">
    <p class='ocr_par' dir='ltr' id='par_1_82' title="bbox 2066 4090 3641 4163">
     <span class='ocr_line' id='line_1_82' title="bbox 2066 4090 3641 4163; baseline -0.006 -12"><span class='ocrx_word' id='word_1_497' title='bbox 2066 4106 2158 4151; x_wconf 91' lang='lat' dir='ltr'><strong>tur</strong></span> <span class='ocrx_word' id='word_1_498' title='bbox 2188 4105 2368 4163; x_wconf 82' lang='lat' dir='ltr'><strong>autem</strong></span> <span class='ocrx_word' id='word_1_499' title='bbox 2394 4095 2460 4151; x_wconf 87' lang='lat' dir='ltr'><strong>de</strong></span> <span class='ocrx_word' id='word_1_500' title='bbox 2496 4094 2718 4149; x_wconf 86' lang='lat' dir='ltr'><strong>Christo</strong></span> <span class='ocrx_word' id='word_1_501' title='bbox 2745 4093 2994 4148; x_wconf 88' lang='lat' dir='ltr'><strong>Domino.</strong></span> <span class='ocrx_word' id='word_1_502' title='bbox 3023 4093 3111 4157; x_wconf 83' lang='lat' dir='ltr'><strong>Et,</strong></span> <span class='ocrx_word' id='word_1_503' title='bbox 3145 4092 3338 4162; x_wconf 86' lang='lat' dir='ltr'><strong>paucis</strong></span> <span class='ocrx_word' id='word_1_504' title='bbox 3370 4090 3641 4158; x_wconf 78' lang='lat' dir='ltr'><strong>exceptis,</strong></span> 
     </span>
    </p>
   </div>
   <div class='ocr_carea' id='block_1_83' title="bbox 2068 4181 2913 4252">
    <p class='ocr_par' dir='ltr' id='par_1_83' title="bbox 2068 4181 2913 4252">
     <span class='ocr_line' id='line_1_83' title="bbox 2068 4181 2913 4252; baseline -0.008 -12"><span class='ocrx_word' id='word_1_505' title='bbox 2068 4186 2210 4240; x_wconf 86' lang='lat' dir='ltr'><strong>idem</strong></span> <span class='ocrx_word' id='word_1_506' title='bbox 2238 4191 2324 4240; x_wconf 92' lang='lat' dir='ltr'><strong>est</strong></span> <span class='ocrx_word' id='word_1_507' title='bbox 2349 4197 2473 4237; x_wconf 91' lang='lat' dir='ltr'><strong>cum</strong></span> <span class='ocrx_word' id='word_1_508' title='bbox 2501 4181 2698 4252; x_wconf 81' lang='lat' dir='ltr'><strong>psalm‘.</strong></span> <span class='ocrx_word' id='word_1_509' title='bbox 2730 4196 2913 4233; x_wconf 74' lang='lat' dir='ltr'><strong>exui.</strong></span> 
     </span>
    </p>
   </div>
   <div class='ocr_carea' id='block_1_84' title="bbox 2106 4260 3188 4343">
    <p class='ocr_par' dir='ltr' id='par_1_84' title="bbox 2106 4260 3188 4343">
     <span class='ocr_line' id='line_1_84' title="bbox 2106 4260 3188 4343; baseline -0.006 -17"><span class='ocrx_word' id='word_1_510' title='bbox 2106 4260 2114 4267; x_wconf 85' lang='lat'><strong>&#39;</strong></span> <span class='ocrx_word' id='word_1_511' title='bbox 2160 4336 2193 4343; x_wconf 39' lang='grc' dir='ltr'>η</span> <span class='ocrx_word' id='word_1_512' title='bbox 2529 4269 2683 4326; x_wconf 76' lang='lat' dir='ltr'><strong>CAP.</strong></span> <span class='ocrx_word' id='word_1_513' title='bbox 2740 4269 2863 4322; x_wconf 76' lang='lat' dir='ltr'><strong>XXI</strong></span> <span class='ocrx_word' id='word_1_514' title='bbox 2952 4266 3188 4340; x_wconf 74' lang='lat' dir='ltr'><strong>[XXIII].</strong></span> 
     </span>
    </p>
   </div>
   <div class='ocr_carea' id='block_1_85' title="bbox 2143 4358 3646 4432">
    <p class='ocr_par' dir='ltr' id='par_1_85' title="bbox 2143 4358 3646 4432">
     <span class='ocr_line' id='line_1_85' title="bbox 2143 4358 3646 4432; baseline -0.006 -12"><span class='ocrx_word' id='word_1_515' title='bbox 2143 4365 2309 4422; x_wconf 69' lang='lat' dir='ltr'><strong>Vens.</strong></span> <span class='ocrx_word' id='word_1_516' title='bbox 2348 4365 2403 4419; x_wconf 70' lang='lat'><strong>2.</strong></span> <span class='ocrx_word' id='word_1_517' title='bbox 2444 4363 2673 4432; x_wconf 83' lang='lat' dir='ltr'><strong>Spiritus</strong></span> <span class='ocrx_word' id='word_1_518' title='bbox 2707 4361 2997 4415; x_wconf 71' lang='lat' dir='ltr'><strong>Dominiin</strong></span> <span class='ocrx_word' id='word_1_519' title='bbox 3032 4377 3111 4413; x_wconf 87' lang='lat' dir='ltr'><strong>me</strong></span> <span class='ocrx_word' id='word_1_520' title='bbox 3142 4360 3351 4413; x_wconf 73' lang='lat' dir='ltr'><strong>loculus</strong></span> <span class='ocrx_word' id='word_1_521' title='bbox 3375 4368 3472 4413; x_wconf 75' lang='lat' dir='ltr'><strong>est.</strong></span> <span class='ocrx_word' id='word_1_522' title='bbox 3508 4358 3646 4412; x_wconf 85' lang='lat' dir='ltr'><strong>Eru-</strong></span> 
     </span>
    </p>
   </div>
   <div class='ocr_carea' id='block_1_86' title="bbox 400 4450 1954 4539">
    <p class='ocr_par' dir='ltr' id='par_1_86' title="bbox 400 4450 1954 4525">
     <span class='ocr_line' id='line_1_86' title="bbox 400 4450 1954 4525; baseline 0.005 -24"><span class='ocrx_word' id='word_1_523' title='bbox 400 4465 498 4501; x_wconf 87' lang='grc' dir='ltr'><strong>σαν</strong></span> <span class='ocrx_word' id='word_1_524' title='bbox 542 4450 808 4517; x_wconf 84' lang='grc' dir='ltr'>Ἰουδαῖοι,</span> <span class='ocrx_word' id='word_1_525' title='bbox 856 4453 1141 4523; x_wconf 79' lang='grc' dir='ltr'>προφήτην</span> <span class='ocrx_word' id='word_1_526' title='bbox 1176 4454 1349 4506; x_wconf 81' lang='grc' dir='ltr'>εἰπεῖν</span> <span class='ocrx_word' id='word_1_527' title='bbox 1386 4454 1486 4505; x_wconf 84' lang='grc' dir='ltr'><strong>οὐκ</strong></span> <span class='ocrx_word' id='word_1_528' title='bbox 1525 4455 1843 4525; x_wconf 84' lang='grc' dir='ltr'>ἀνεχόμενοι</span> <span class='ocrx_word' id='word_1_529' title='bbox 1874 4457 1954 4509; x_wconf 54' lang='grc' dir='ltr'>τοι</span> 
     </span>
    </p>
   </div>
   <div class='ocr_carea' id='block_1_87' title="bbox 2070 4450 3640 4539">
    <p class='ocr_par' dir='ltr' id='par_1_87' title="bbox 2070 4451 3640 4521">
     <span class='ocr_line' id='line_1_87' title="bbox 2070 4451 3640 4521; baseline -0.008 -7"><span class='ocrx_word' id='word_1_530' title='bbox 2070 4460 2296 4515; x_wconf 86' lang='lat' dir='ltr'><strong>bescant</strong></span> <span class='ocrx_word' id='word_1_531' title='bbox 2331 4459 2477 4511; x_wconf 81' lang='lat' dir='ltr'><strong>nunc</strong></span> <span class='ocrx_word' id='word_1_532' title='bbox 2510 4453 2704 4517; x_wconf 71' lang='lat' dir='ltr'><strong>Judaei,</strong></span> <span class='ocrx_word' id='word_1_533' title='bbox 2741 4454 2832 4521; x_wconf 90' lang='lat' dir='ltr'><strong>qui</strong></span> <span class='ocrx_word' id='word_1_534' title='bbox 2880 4451 3132 4504; x_wconf 83' lang='lat' dir='ltr'><strong>Davidem</strong></span> <span class='ocrx_word' id='word_1_535' title='bbox 3178 4459 3285 4502; x_wconf 87' lang='lat' dir='ltr'><strong>tam</strong></span> <span class='ocrx_word' id='word_1_536' title='bbox 3337 4451 3640 4511; x_wconf 84' lang='lat' dir='ltr'><strong>evidenter,</strong></span> 
     </span>
    </p>
   </div>
   <div class='ocr_carea' id='block_1_88' title="bbox 397 4540 1964 4615">
    <p class='ocr_par' dir='ltr' id='par_1_88' title="bbox 397 4540 1964 4615">
     <span class='ocr_line' id='line_1_88' title="bbox 397 4540 1964 4615; baseline 0.004 -22"><span class='ocrx_word' id='word_1_537' title='bbox 397 4540 595 4604; x_wconf 76' lang='grc' dir='ltr'>Δαὸὶδ,</span> <span class='ocrx_word' id='word_1_538' title='bbox 621 4540 698 4604; x_wconf 84' lang='grc' dir='ltr'>ὡς</span> <span class='ocrx_word' id='word_1_539' title='bbox 740 4540 978 4612; x_wconf 76' lang='grc' dir='ltr'>ἐνεργῶς</span> <span class='ocrx_word' id='word_1_540' title='bbox 1021 4545 1091 4596; x_wconf 86' lang='grc' dir='ltr'>τὰ</span> <span class='ocrx_word' id='word_1_541' title='bbox 1120 4544 1249 4614; x_wconf 71' lang='grc' dir='ltr'>περὶ</span> <span class='ocrx_word' id='word_1_542' title='bbox 1290 4545 1549 4614; x_wconf 82' lang='grc' dir='ltr'>Χριστοῦ,</span> <span class='ocrx_word' id='word_1_543' title='bbox 1594 4546 1691 4599; x_wconf 72' lang='grc' dir='ltr'>καὶ</span> <span class='ocrx_word' id='word_1_544' title='bbox 1717 4546 1818 4615; x_wconf 78' lang='grc' dir='ltr'>τῆς</span> <span class='ocrx_word' id='word_1_545' title='bbox 1856 4547 1964 4599; x_wconf 82' lang='grc' dir='ltr'>τῶν</span> 
     </span>
    </p>
   </div>
   <div class='ocr_carea' id='block_1_89' title="bbox 396 4631 1963 4707">
    <p class='ocr_par' dir='ltr' id='par_1_89' title="bbox 396 4631 1963 4707">
     <span class='ocr_line' id='line_1_89' title="bbox 396 4631 1963 4707; baseline 0.004 -22"><span class='ocrx_word' id='word_1_546' title='bbox 396 4631 567 4685; x_wconf 71' lang='grc' dir='ltr'>ιθνῶν</span> <span class='ocrx_word' id='word_1_547' title='bbox 597 4632 1039 4702; x_wconf 85' lang='grc' dir='ltr'>προθεσπίσαντα</span> <span class='ocrx_word' id='word_1_548' title='bbox 1063 4635 1317 4699; x_wconf 83' lang='grc' dir='ltr'>πίστεως.</span> <span class='ocrx_word' id='word_1_549' title='bbox 1350 4635 1412 4688; x_wconf 86' lang='lat' dir='ltr'><strong>Ei</strong></span> <span class='ocrx_word' id='word_1_550' title='bbox 1444 4637 1553 4706; x_wconf 84' lang='grc' dir='ltr'>γὰρ</span> <span class='ocrx_word' id='word_1_551' title='bbox 1584 4637 1804 4707; x_wconf 71' lang='grc' dir='ltr'>Πνεῦμα</span> <span class='ocrx_word' id='word_1_552' title='bbox 1829 4638 1963 4691; x_wconf 79' lang='grc' dir='ltr'>Θεοῦ</span> 
     </span>
    </p>
   </div>
   <div class='ocr_carea' id='block_1_90' title="bbox 397 4722 1962 4799">
    <p class='ocr_par' dir='ltr' id='par_1_90' title="bbox 397 4722 1962 4799">
     <span class='ocr_line' id='line_1_90' title="bbox 397 4722 1962 4799; baseline 0.004 -25"><span class='ocrx_word' id='word_1_553' title='bbox 397 4724 455 4774; x_wconf 75' lang='grc' dir='ltr'>ὲν</span> <span class='ocrx_word' id='word_1_554' title='bbox 479 4722 646 4792; x_wconf 79' lang='grc' dir='ltr'>αὐτῷ,</span> <span class='ocrx_word' id='word_1_555' title='bbox 678 4724 773 4775; x_wconf 75' lang='grc' dir='ltr'><strong>καὶ</strong></span> <span class='ocrx_word' id='word_1_556' title='bbox 804 4725 833 4775; x_wconf 89' lang='grc' dir='ltr'><strong>ό</strong></span> <span class='ocrx_word' id='word_1_557' title='bbox 859 4724 990 4788; x_wconf 81' lang='grc' dir='ltr'>Θεὸς</span> <span class='ocrx_word' id='word_1_558' title='bbox 1023 4724 1217 4778; x_wconf 83' lang='grc' dir='ltr'>Ἰακὼὸ</span> <span class='ocrx_word' id='word_1_559' title='bbox 1254 4728 1549 4797; x_wconf 83' lang='grc' dir='ltr'>εὐδόκησεν</span> <span class='ocrx_word' id='word_1_560' title='bbox 1588 4731 1646 4780; x_wconf 83' lang='grc' dir='ltr'>ὲν</span> <span class='ocrx_word' id='word_1_561' title='bbox 1692 4729 1840 4799; x_wconf 78' lang='grc' dir='ltr'>αὐτῷ</span> <span class='ocrx_word' id='word_1_562' title='bbox 1868 4729 1962 4781; x_wconf 87' lang='grc' dir='ltr'>λα-</span> 
     </span>
    </p>
   </div>
   <div class='ocr_carea' id='block_1_91' title="bbox 397 4813 1961 4890">
    <p class='ocr_par' dir='ltr' id='par_1_91' title="bbox 397 4813 1961 4890">
     <span class='ocr_line' id='line_1_91' title="bbox 397 4813 1961 4890; baseline 0.006 -26"><span class='ocrx_word' id='word_1_563' title='bbox 397 4813 580 4881; x_wconf 89' lang='grc' dir='ltr'>λῆσαι,</span> <span class='ocrx_word' id='word_1_564' title='bbox 633 4815 726 4868; x_wconf 73' lang='grc' dir='ltr'><strong>καὶ</strong></span> <span class='ocrx_word' id='word_1_565' title='bbox 753 4815 824 4869; x_wconf 81' lang='grc' dir='ltr'><strong>τά</strong></span> <span class='ocrx_word' id='word_1_566' title='bbox 872 4815 1076 4886; x_wconf 86' lang='grc' dir='ltr'>κρύφια</span> <span class='ocrx_word' id='word_1_567' title='bbox 1114 4818 1212 4887; x_wconf 83' lang='grc' dir='ltr'>τῆς</span> <span class='ocrx_word' id='word_1_568' title='bbox 1259 4820 1452 4888; x_wconf 85' lang='grc' dir='ltr'>σοφίας</span> <span class='ocrx_word' id='word_1_569' title='bbox 1487 4820 1755 4886; x_wconf 78' lang='grc' dir='ltr'>ἐδήλωσεν</span> <span class='ocrx_word' id='word_1_570' title='bbox 1793 4820 1961 4890; x_wconf 81' lang='grc' dir='ltr'>αὐτῷ,</span> 
     </span>
    </p>
   </div>
   <div class='ocr_carea' id='block_1_92' title="bbox 399 4904 954 4978">
    <p class='ocr_par' dir='ltr' id='par_1_92' title="bbox 399 4904 954 4978">
     <span class='ocr_line' id='line_1_92' title="bbox 399 4904 954 4978; baseline 0.004 -21"><span class='ocrx_word' id='word_1_571' title='bbox 399 4904 517 4967; x_wconf 85' lang='grc' dir='ltr'><strong>πῶς</strong></span> <span class='ocrx_word' id='word_1_572' title='bbox 546 4906 607 4957; x_wconf 81' lang='grc' dir='ltr'>οὐ</span> <span class='ocrx_word' id='word_1_573' title='bbox 634 4907 919 4978; x_wconf 79' lang='grc' dir='ltr'>προφήτης</span> <span class='ocrx_word' id='word_1_574' title='bbox 939 4926 954 4973; x_wconf 87' lang='grc'>;</span> 
     </span>
    </p>
   </div>
   <div class='ocr_carea' id='block_1_93' title="bbox 467 4996 1965 5071">
    <p class='ocr_par' dir='ltr' id='par_1_93' title="bbox 467 4996 1965 5071">
     <span class='ocr_line' id='line_1_93' title="bbox 467 4996 1965 5071; baseline 0.004 -23"><span class='ocrx_word' id='word_1_575' title='bbox 467 4997 574 5049; x_wconf 82' lang='lat' dir='ltr'><strong>Kal</strong></span> <span class='ocrx_word' id='word_1_576' title='bbox 603 4998 714 5050; x_wconf 81' lang='grc' dir='ltr'>οὐκ</span> <span class='ocrx_word' id='word_1_577' title='bbox 736 4996 1015 5053; x_wconf 74' lang='grc' dir='ltr'>ἐϐούλετο</span> <span class='ocrx_word' id='word_1_578' title='bbox 1040 5000 1271 5052; x_wconf 66' lang='grc' dir='ltr'>ποιεῖν-ι</span> <span class='ocrx_word' id='word_1_579' title='bbox 1294 5002 1460 5053; x_wconf 79' lang='grc' dir='ltr'>αὐτό.</span> <span class='ocrx_word' id='word_1_580' title='bbox 1494 5002 1805 5063; x_wconf 74' lang='grc' dir='ltr'>Παιδευθεὶς</span> <span class='ocrx_word' id='word_1_581' title='bbox 1837 5002 1965 5071; x_wconf 71' lang='grc' dir='ltr'>γὰρ,</span> 
     </span>
    </p>
   </div>
   <div class='ocr_carea' id='block_1_94' title="bbox 399 5084 1697 5163">
    <p class='ocr_par' dir='ltr' id='par_1_94' title="bbox 399 5084 1697 5163">
     <span class='ocr_line' id='line_1_94' title="bbox 399 5084 1697 5163; baseline 0.005 -25"><span class='ocrx_word' id='word_1_582' title='bbox 399 5084 558 5154; x_wconf 71' lang='grc' dir='ltr'>ἔγνω,</span> <span class='ocrx_word' id='word_1_583' title='bbox 584 5086 725 5141; x_wconf 86' lang='grc' dir='ltr'>ὅσων</span> <span class='ocrx_word' id='word_1_584' title='bbox 750 5090 785 5159; x_wconf 81' lang='grc' dir='ltr'><strong>ὴ</strong></span> <span class='ocrx_word' id='word_1_585' title='bbox 808 5089 1073 5161; x_wconf 62' lang='grc' dir='ltr'>ξπιθυμία</span> <span class='ocrx_word' id='word_1_586' title='bbox 1100 5090 1355 5161; x_wconf 81' lang='grc' dir='ltr'>πρόξενος</span> <span class='ocrx_word' id='word_1_587' title='bbox 1386 5093 1697 5163; x_wconf 80' lang='grc' dir='ltr'>συμφορῶν.</span> 
     </span>
    </p>
   </div>
   <div class='ocr_carea' id='block_1_95' title="bbox 2071 4541 3641 4620">
    <p class='ocr_par' dir='ltr' id='par_1_95' title="bbox 2071 4541 3641 4620">
     <span class='ocr_line' id='line_1_95' title="bbox 2071 4541 3641 4620; baseline -0.009 -14"><span class='ocrx_word' id='word_1_588' title='bbox 2071 4561 2124 4607; x_wconf 90' lang='lat' dir='ltr'><strong>et</strong></span> <span class='ocrx_word' id='word_1_589' title='bbox 2148 4549 2438 4620; x_wconf 89' lang='lat' dir='ltr'><strong>perspicue</strong></span> <span class='ocrx_word' id='word_1_590' title='bbox 2464 4545 2533 4601; x_wconf 88' lang='lat' dir='ltr'><strong>de</strong></span> <span class='ocrx_word' id='word_1_591' title='bbox 2560 4546 2727 4600; x_wconf 86' lang='lat' dir='ltr'><strong>rebus</strong></span> <span class='ocrx_word' id='word_1_592' title='bbox 2758 4543 2983 4603; x_wconf 85' lang='lat' dir='ltr'><strong>Christi,</strong></span> <span class='ocrx_word' id='word_1_593' title='bbox 3016 4554 3068 4596; x_wconf 90' lang='lat' dir='ltr'><strong>et</strong></span> <span class='ocrx_word' id='word_1_594' title='bbox 3097 4541 3200 4595; x_wconf 57' lang='lat' dir='ltr'><strong>title</strong></span> <span class='ocrx_word' id='word_1_595' title='bbox 3221 4543 3641 4605; x_wconf 80' lang='lat' dir='ltr'><strong>vaticinantem,</strong></span> 
     </span>
    </p>
   </div>
   <div class='ocr_carea' id='block_1_96' title="bbox 2072 4631 3648 4710">
    <p class='ocr_par' dir='ltr' id='par_1_96' title="bbox 2072 4631 3648 4710">
     <span class='ocr_line' id='line_1_96' title="bbox 2072 4631 3648 4710; baseline -0.008 -16"><span class='ocrx_word' id='word_1_596' title='bbox 2072 4640 2393 4710; x_wconf 89' lang='lat' dir='ltr'><strong>prophetam</strong></span> <span class='ocrx_word' id='word_1_597' title='bbox 2427 4635 2689 4707; x_wconf 86' lang='lat' dir='ltr'><strong>appellari</strong></span> <span class='ocrx_word' id='word_1_598' title='bbox 2720 4650 2829 4688; x_wconf 91' lang='lat' dir='ltr'><strong>non</strong></span> <span class='ocrx_word' id='word_1_599' title='bbox 2878 4634 3182 4703; x_wconf 88' lang='lat' dir='ltr'><strong>patiuntur.</strong></span> <span class='ocrx_word' id='word_1_600' title='bbox 3214 4632 3269 4685; x_wconf 79' lang='lat' dir='ltr'><strong>Si</strong></span> <span class='ocrx_word' id='word_1_601' title='bbox 3311 4633 3454 4685; x_wconf 87' lang='lat' dir='ltr'><strong>enim</strong></span> <span class='ocrx_word' id='word_1_602' title='bbox 3482 4631 3648 4697; x_wconf 87' lang='lat' dir='ltr'><strong>spiri-</strong></span> 
     </span>
    </p>
   </div>
   <div class='ocr_carea' id='block_1_97' title="bbox 2072 4725 3645 4800">
    <p class='ocr_par' dir='ltr' id='par_1_97' title="bbox 2072 4725 3645 4800">
     <span class='ocr_line' id='line_1_97' title="bbox 2072 4725 3645 4800; baseline -0.006 -10"><span class='ocrx_word' id='word_1_603' title='bbox 2072 4746 2162 4790; x_wconf 89' lang='lat' dir='ltr'><strong>tus</strong></span> <span class='ocrx_word' id='word_1_604' title='bbox 2196 4733 2288 4788; x_wconf 89' lang='lat' dir='ltr'><strong>Dei</strong></span> <span class='ocrx_word' id='word_1_605' title='bbox 2318 4739 2403 4786; x_wconf 89' lang='lat' dir='ltr'><strong>est</strong></span> <span class='ocrx_word' id='word_1_606' title='bbox 2434 4732 2490 4786; x_wconf 86' lang='lat' dir='ltr'><strong>in</strong></span> <span class='ocrx_word' id='word_1_607' title='bbox 2533 4732 2677 4800; x_wconf 90' lang='lat' dir='ltr'><strong>ipso,</strong></span> <span class='ocrx_word' id='word_1_608' title='bbox 2713 4728 2759 4782; x_wconf 90' lang='lat' dir='ltr'><strong>si</strong></span> <span class='ocrx_word' id='word_1_609' title='bbox 2798 4729 2908 4781; x_wconf 86' lang='lat' dir='ltr'><strong>Deo</strong></span> <span class='ocrx_word' id='word_1_610' title='bbox 2940 4725 3110 4780; x_wconf 84' lang='lat' dir='ltr'><strong>Jaeob</strong></span> <span class='ocrx_word' id='word_1_611' title='bbox 3150 4727 3203 4779; x_wconf 91' lang='lat' dir='ltr'><strong>in</strong></span> <span class='ocrx_word' id='word_1_612' title='bbox 3240 4726 3357 4795; x_wconf 88' lang='lat' dir='ltr'><strong>ipso</strong></span> <span class='ocrx_word' id='word_1_613' title='bbox 3385 4726 3533 4795; x_wconf 90' lang='lat' dir='ltr'><strong>loqui</strong></span> <span class='ocrx_word' id='word_1_614' title='bbox 3560 4726 3645 4780; x_wconf 80' lang='lat' dir='ltr'><strong>vi-</strong></span> 
     </span>
    </p>
   </div>
   <div class='ocr_carea' id='block_1_98' title="bbox 2073 4819 3648 4889">
    <p class='ocr_par' dir='ltr' id='par_1_98' title="bbox 2073 4819 3648 4889">
     <span class='ocr_line' id='line_1_98' title="bbox 2073 4819 3648 4889; baseline -0.004 -10"><span class='ocrx_word' id='word_1_615' title='bbox 2073 4841 2193 4881; x_wconf 91' lang='lat' dir='ltr'><strong>sum</strong></span> <span class='ocrx_word' id='word_1_616' title='bbox 2226 4833 2330 4887; x_wconf 89' lang='lat' dir='ltr'><strong>est,</strong></span> <span class='ocrx_word' id='word_1_617' title='bbox 2358 4824 2403 4877; x_wconf 88' lang='lat' dir='ltr'><strong>si</strong></span> <span class='ocrx_word' id='word_1_618' title='bbox 2450 4835 2649 4877; x_wconf 86' lang='lat' dir='ltr'><strong>arcana</strong></span> <span class='ocrx_word' id='word_1_619' title='bbox 2692 4819 2976 4889; x_wconf 65' lang='lat' dir='ltr'><strong>sapientiae</strong></span> <span class='ocrx_word' id='word_1_620' title='bbox 3009 4832 3123 4872; x_wconf 79' lang='lat' dir='ltr'><strong>suae</strong></span> <span class='ocrx_word' id='word_1_621' title='bbox 3169 4820 3383 4888; x_wconf 87' lang='lat' dir='ltr'><strong>aperuit</strong></span> <span class='ocrx_word' id='word_1_622' title='bbox 3426 4820 3500 4883; x_wconf 84' lang='lat' dir='ltr'><strong>ei,</strong></span> <span class='ocrx_word' id='word_1_623' title='bbox 3548 4836 3648 4874; x_wconf 89' lang='lat' dir='ltr'><strong>cur</strong></span> 
     </span>
    </p>
   </div>
   <div class='ocr_carea' id='block_1_99' title="bbox 2076 4909 2694 4984">
    <p class='ocr_par' dir='ltr' id='par_1_99' title="bbox 2076 4909 2694 4984">
     <span class='ocr_line' id='line_1_99' title="bbox 2076 4909 2694 4984; baseline -0.01 -17"><span class='ocrx_word' id='word_1_624' title='bbox 2076 4914 2342 4984; x_wconf 87' lang='lat' dir='ltr'><strong>propheta</strong></span> <span class='ocrx_word' id='word_1_625' title='bbox 2371 4928 2480 4964; x_wconf 91' lang='lat' dir='ltr'><strong>non</strong></span> <span class='ocrx_word' id='word_1_626' title='bbox 2507 4909 2694 4964; x_wconf 86' lang='lat' dir='ltr'><strong>esset?</strong></span> 
     </span>
    </p>
   </div>
   <div class='ocr_carea' id='block_1_100' title="bbox 2145 4997 3646 5068">
    <p class='ocr_par' dir='ltr' id='par_1_100' title="bbox 2145 4997 3646 5068">
     <span class='ocr_line' id='line_1_100' title="bbox 2145 4997 3646 5068; baseline -0.003 -12"><span class='ocrx_word' id='word_1_627' title='bbox 2145 5002 2311 5056; x_wconf 69' lang='lat' dir='ltr'><strong>Vens.</strong></span> <span class='ocrx_word' id='word_1_628' title='bbox 2382 5000 2466 5053; x_wconf 73' lang='lat' dir='ltr'><strong>lti.</strong></span> <span class='ocrx_word' id='word_1_629' title='bbox 2540 4999 2608 5053; x_wconf 84' lang='lat' dir='ltr'><strong>Et</strong></span> <span class='ocrx_word' id='word_1_630' title='bbox 2668 4998 2835 5051; x_wconf 76' lang='lat' dir='ltr'><strong>noluit</strong></span> <span class='ocrx_word' id='word_1_631' title='bbox 2893 4997 3065 5065; x_wconf 78' lang='lat' dir='ltr'><strong>facere</strong></span> <span class='ocrx_word' id='word_1_632' title='bbox 3125 4997 3281 5053; x_wconf 79' lang='lat' dir='ltr'><strong>illud.</strong></span> <span class='ocrx_word' id='word_1_633' title='bbox 3330 4998 3646 5068; x_wconf 68' lang='lat' dir='ltr'><strong>Castigatus</strong></span> 
     </span>
    </p>
   </div>
   <div class='ocr_carea' id='block_1_101' title="bbox 2073 5088 3651 5160">
    <p class='ocr_par' dir='ltr' id='par_1_101' title="bbox 2073 5088 3651 5160">
     <span class='ocr_line' id='line_1_101' title="bbox 2073 5088 3651 5160; baseline -0.003 -14"><span class='ocrx_word' id='word_1_634' title='bbox 2073 5094 2244 5153; x_wconf 83' lang='lat' dir='ltr'><strong>enim,</strong></span> <span class='ocrx_word' id='word_1_635' title='bbox 2292 5092 2447 5144; x_wconf 81' lang='lat' dir='ltr'><strong>novit</strong></span> <span class='ocrx_word' id='word_1_636' title='bbox 2487 5100 2817 5159; x_wconf 87' lang='lat' dir='ltr'><strong>quantarum</strong></span> <span class='ocrx_word' id='word_1_637' title='bbox 2850 5088 3230 5144; x_wconf 89' lang='lat' dir='ltr'><strong>calamitatum</strong></span> <span class='ocrx_word' id='word_1_638' title='bbox 3264 5089 3468 5160; x_wconf 86' lang='lat' dir='ltr'><strong>hospes</strong></span> <span class='ocrx_word' id='word_1_639' title='bbox 3499 5096 3651 5146; x_wconf 79' lang='lat' dir='ltr'><strong>esset</strong></span> 
     </span>
    </p>
   </div>
   <div class='ocr_carea' id='block_1_102' title="bbox 2073 5181 2364 5251">
    <p class='ocr_par' dir='ltr' id='par_1_102' title="bbox 2073 5181 2364 5251">
     <span class='ocr_line' id='line_1_102' title="bbox 2073 5181 2364 5251; baseline 0 -15"><span class='ocrx_word' id='word_1_640' title='bbox 2073 5181 2364 5251; x_wconf 80' lang='lat' dir='ltr'><strong>cupiditas.</strong></span> 
     </span>
    </p>
   </div>
   <div class='ocr_carea' id='block_1_103' title="bbox 1628 5355 2295 5412">
    <p class='ocr_par' dir='ltr' id='par_1_103' title="bbox 1628 5355 2295 5412">
     <span class='ocr_line' id='line_1_103' title="bbox 1628 5355 2295 5412; baseline 0.006 -6"><span class='ocrx_word' id='word_1_641' title='bbox 1628 5357 1861 5412; x_wconf 74' lang='lat' dir='ltr'><strong>VARUE</strong></span> <span class='ocrx_word' id='word_1_642' title='bbox 1895 5355 2295 5412; x_wconf 78' lang='lat' dir='ltr'><strong>LECTIONES.</strong></span> 
     </span>
    </p>
   </div>
   <div class='ocr_carea' id='block_1_104' title="bbox 472 5505 1488 5580">
    <p class='ocr_par' dir='ltr' id='par_1_104' title="bbox 472 5505 1488 5580">
     <span class='ocr_line' id='line_1_104' title="bbox 472 5505 1488 5580; baseline 0 -18"><span class='ocrx_word' id='word_1_643' title='bbox 472 5515 495 5543; x_wconf 85' lang='lat'>&#39;</span> <span class='ocrx_word' id='word_1_644' title='bbox 543 5509 697 5580; x_wconf 84' lang='grc' dir='ltr'>Ξύλῳ</span> <span class='ocrx_word' id='word_1_645' title='bbox 717 5505 879 5580; x_wconf 69' lang='grc' dir='ltr'>αὑτὸν</span> <span class='ocrx_word' id='word_1_646' title='bbox 905 5506 1229 5580; x_wconf 67' lang='grc' dir='ltr'>ἀνήρτησεν.</span> <span class='ocrx_word' id='word_1_647' title='bbox 1278 5506 1335 5561; x_wconf 84' lang='grc' dir='ltr'>Ὀ</span> <span class='ocrx_word' id='word_1_648' title='bbox 1371 5511 1488 5563; x_wconf 81' lang='grc' dir='ltr'>αὐτ.</span> 
     </span>
    </p>
   </div>
   <div class='ocr_carea' id='block_1_105' title="bbox 405 5647 1646 5728">
    <p class='ocr_par' dir='ltr' id='par_1_105' title="bbox 405 5647 1646 5728">
     <span class='ocr_line' id='line_1_105' title="bbox 405 5647 1646 5728; baseline 0.003 -29"><span class='ocrx_word' id='word_1_649' title='bbox 405 5657 430 5728; x_wconf 60' lang='grc' dir='ltr'><em>ξ</em></span> <span class='ocrx_word' id='word_1_650' title='bbox 464 5647 797 5728; x_wconf 54' lang='grc' dir='ltr'>1ἰῲιιγιιιοτί</span> <span class='ocrx_word' id='word_1_651' title='bbox 829 5647 1016 5728; x_wconf 77' lang='lat' dir='ltr'><strong>codice</strong></span> <span class='ocrx_word' id='word_1_652' title='bbox 1046 5648 1256 5727; x_wconf 68' lang='lat' dir='ltr'><strong>videtur</strong></span> <span class='ocrx_word' id='word_1_653' title='bbox 1287 5647 1476 5728; x_wconf 71' lang='lat' dir='ltr'><strong>fuisse,</strong></span> <span class='ocrx_word' id='word_1_654' title='bbox 1510 5647 1646 5717; x_wconf 71' lang='grc' dir='ltr'>ρλάο.</span> 
     </span>
    </p>
   </div>
   <div class='ocr_carea' id='block_1_106' title="bbox 403 5718 1912 5788">
    <p class='ocr_par' dir='ltr' id='par_1_106' title="bbox 403 5718 1912 5788">
     <span class='ocr_line' id='line_1_106' title="bbox 403 5718 1912 5788; baseline 0.004 -17"><span class='ocrx_word' id='word_1_655' title='bbox 403 5718 673 5783; x_wconf 77' lang='lat' dir='ltr'><strong>invenies,</strong></span> <span class='ocrx_word' id='word_1_656' title='bbox 717 5720 905 5785; x_wconf 87' lang='lat' dir='ltr'><strong>paucis</strong></span> <span class='ocrx_word' id='word_1_657' title='bbox 940 5725 1147 5772; x_wconf 86' lang='lat' dir='ltr'><strong>tantum</strong></span> <span class='ocrx_word' id='word_1_658' title='bbox 1197 5718 1522 5788; x_wconf 78' lang='lat' dir='ltr'><strong>immutatis,</strong></span> <span class='ocrx_word' id='word_1_659' title='bbox 1557 5720 1742 5776; x_wconf 70' lang='lat' dir='ltr'><strong>eadem</strong></span> <span class='ocrx_word' id='word_1_660' title='bbox 1771 5736 1912 5777; x_wconf 81' lang='lat' dir='ltr'><strong>esse.</strong></span> 
     </span>
    </p>
   </div>
   <div class='ocr_carea' id='block_1_107' title="bbox 418 5509 3644 5593">
    <p class='ocr_par' dir='ltr' id='par_1_107' title="bbox 418 5509 3644 5593">
     <span class='ocr_line' id='line_1_107' title="bbox 418 5509 3644 5593; baseline 0 -30"><span class='ocrx_word' id='word_1_661' title='bbox 418 5558 423 5563; x_wconf 88' lang='lat'><strong>.</strong></span> <span class='ocrx_word' id='word_1_662' title='bbox 451 5515 495 5593; x_wconf 49' lang='lat'><strong>.&#39;</strong></span> <span class='ocrx_word' id='word_1_663' title='bbox 543 5509 879 5593; x_wconf 47' lang='grc' dir='ltr'>Ξύλῳ.αὺλτρν</span> <span class='ocrx_word' id='word_1_664' title='bbox 905 5509 1242 5593; x_wconf 44' lang='grc' dir='ltr'>ἀνῄρτησενι</span> <span class='ocrx_word' id='word_1_665' title='bbox 1278 5509 1488 5593; x_wconf 56' lang='grc' dir='ltr'>’οηαύι</span> <span class='ocrx_word' id='word_1_666' title='bbox 1558 5579 1570 5592; x_wconf 37' lang='grc' dir='ltr'>ι</span> <span class='ocrx_word' id='word_1_667' title='bbox 1607 5514 1623 5546; x_wconf 69' lang='grc' dir='ltr'><strong>ι</strong></span> <span class='ocrx_word' id='word_1_668' title='bbox 1663 5512 1945 5593; x_wconf 36' lang='grc' dir='ltr'>Τοῦτόυτις</span> <span class='ocrx_word' id='word_1_669' title='bbox 1978 5514 2085 5593; x_wconf 65' lang='grc' dir='ltr'>τῷν</span> <span class='ocrx_word' id='word_1_670' title='bbox 2118 5513 2467 5593; x_wconf 73' lang='grc' dir='ltr'>στρατιωτῷν</span> <span class='ocrx_word' id='word_1_671' title='bbox 2491 5512 2653 5593; x_wconf 52' lang='grc' dir='ltr'>ίξὼγ,</span> <span class='ocrx_word' id='word_1_672' title='bbox 2685 5514 2784 5566; x_wconf 78' lang='grc' dir='ltr'><strong>οὐκ</strong></span> <span class='ocrx_word' id='word_1_673' title='bbox 2824 5514 3026 5583; x_wconf 77' lang='grc' dir='ltr'>ἐτόλμα</span> <span class='ocrx_word' id='word_1_674' title='bbox 3057 5512 3270 5581; x_wconf 82' lang='grc' dir='ltr'>πληγὴν</span> <span class='ocrx_word' id='word_1_675' title='bbox 3305 5511 3383 5579; x_wconf 83' lang='grc' dir='ltr'>τῷ</span> <span class='ocrx_word' id='word_1_676' title='bbox 3424 5510 3512 5563; x_wconf 70' lang='grc' dir='ltr'>διὰ</span> <span class='ocrx_word' id='word_1_677' title='bbox 3544 5509 3644 5579; x_wconf 83' lang='grc' dir='ltr'>τῆς</span> 
     </span>
    </p>
   </div>
   <div class='ocr_carea' id='block_1_108' title="bbox 404 5578 3220 5652">
    <p class='ocr_par' dir='ltr' id='par_1_108' title="bbox 404 5578 3220 5652">
     <span class='ocr_line' id='line_1_108' title="bbox 404 5578 3220 5652; baseline 0.001 -20"><span class='ocrx_word' id='word_1_678' title='bbox 404 5579 581 5652; x_wconf 79' lang='grc' dir='ltr'>κόμης</span> <span class='ocrx_word' id='word_1_679' title='bbox 629 5578 947 5652; x_wconf 39' lang='grc' dir='ltr'>πεδηθέντιη</span> <span class='ocrx_word' id='word_1_680' title='bbox 970 5578 1308 5652; x_wconf 65' lang='grc' dir='ltr'><strong>ἐπαγαγεῖν.Δ</strong></span> <span class='ocrx_word' id='word_1_681' title='bbox 1328 5580 1482 5652; x_wconf 55' lang='lat' dir='ltr'><strong>&quot;lida:</strong></span> <span class='ocrx_word' id='word_1_682' title='bbox 1511 5579 1618 5652; x_wconf 71' lang='grc' dir='ltr'><strong>γάρ</strong></span> <span class='ocrx_word' id='word_1_683' title='bbox 1654 5581 1744 5652; x_wconf 74' lang='grc' dir='ltr'><strong>τδν</strong></span> <span class='ocrx_word' id='word_1_684' title='bbox 1767 5581 1858 5634; x_wconf 80' lang='grc' dir='ltr'><strong>τοῦ</strong></span> <span class='ocrx_word' id='word_1_685' title='bbox 1891 5582 2152 5650; x_wconf 79' lang='grc' dir='ltr'>βασιλέως</span> <span class='ocrx_word' id='word_1_686' title='bbox 2183 5578 2367 5652; x_wconf 69' lang='grc' dir='ltr'>νόμον.</span> <span class='ocrx_word' id='word_1_687' title='bbox 2399 5582 2551 5635; x_wconf 76' lang='grc' dir='ltr'><strong>Ἰαὰὅ</strong></span> <span class='ocrx_word' id='word_1_688' title='bbox 2590 5583 2676 5642; x_wconf 82' lang='grc' dir='ltr'>δὲ.</span> <span class='ocrx_word' id='word_1_689' title='bbox 2704 5602 2789 5636; x_wconf 84' lang='grc' dir='ltr'><strong>κτ.</strong></span> <span class='ocrx_word' id='word_1_690' title='bbox 2827 5586 2885 5637; x_wconf 81' lang='grc'><strong>’0</strong></span> <span class='ocrx_word' id='word_1_691' title='bbox 2924 5578 3045 5637; x_wconf 75' lang='grc' dir='ltr'>αὐτ.</span> <span class='ocrx_word' id='word_1_692' title='bbox 3108 5578 3220 5635; x_wconf 63' lang='lat' dir='ltr'><strong>“ll.</strong></span> 
     </span>
    </p>
   </div>
   <div class='ocr_carea' id='block_1_109' title="bbox 3255 5581 3639 5649">
    <p class='ocr_par' dir='ltr' id='par_1_109' title="bbox 3255 5581 3639 5649">
     <span class='ocr_line' id='line_1_109' title="bbox 3255 5581 3639 5649; baseline 0.005 -16"><span class='ocrx_word' id='word_1_693' title='bbox 3255 5581 3312 5635; x_wconf 82' lang='lat' dir='ltr'><strong>L.</strong></span> <span class='ocrx_word' id='word_1_694' title='bbox 3358 5581 3639 5649; x_wconf 81' lang='grc' dir='ltr'>ὑπέμεινε.</span> 
     </span>
    </p>
   </div>
   <div class='ocr_carea' id='block_1_110' title="bbox 1685 5651 3643 5775">
    <p class='ocr_par' dir='ltr' id='par_1_110' title="bbox 1685 5651 3643 5775">
     <span class='ocr_line' id='line_1_110' title="bbox 1685 5651 3643 5724; baseline 0.002 -22"><span class='ocrx_word' id='word_1_695' title='bbox 1685 5651 1945 5707; x_wconf 82' lang='lat' dir='ltr'><strong>Neutrum</strong></span> <span class='ocrx_word' id='word_1_696' title='bbox 1984 5662 2148 5706; x_wconf 72' lang='lat' dir='ltr'><strong>recte.</strong></span> <span class='ocrx_word' id='word_1_697' title='bbox 2196 5651 2456 5709; x_wconf 74' lang='lat' dir='ltr'><strong>ltescriho</strong></span> <span class='ocrx_word' id='word_1_698' title='bbox 2498 5654 2573 5724; x_wconf 80' lang='grc' dir='ltr'>τῷ</span> <span class='ocrx_word' id='word_1_699' title='bbox 2620 5654 2684 5719; x_wconf 80' lang='grc' dir='ltr'>ις’</span> <span class='ocrx_word' id='word_1_700' title='bbox 2722 5654 2781 5723; x_wconf 76' lang='grc' dir='ltr'><strong>ψ.</strong></span> <span class='ocrx_word' id='word_1_701' title='bbox 2837 5654 3037 5707; x_wconf 72' lang='lat' dir='ltr'><strong>Confer</strong></span> <span class='ocrx_word' id='word_1_702' title='bbox 3068 5668 3190 5707; x_wconf 79' lang='lat' dir='ltr'><strong>cum</strong></span> <span class='ocrx_word' id='word_1_703' title='bbox 3238 5667 3301 5705; x_wconf 83' lang='lat' dir='ltr'><strong>eo</strong></span> <span class='ocrx_word' id='word_1_704' title='bbox 3348 5653 3557 5720; x_wconf 85' lang='lat' dir='ltr'><strong>psalmo</strong></span> <span class='ocrx_word' id='word_1_705' title='bbox 3590 5659 3643 5706; x_wconf 73' lang='lat' dir='ltr'><strong>et</strong></span> 
     </span>
     <span class='ocr_line' id='line_1_111' title="bbox 1685 5726 2433 5775; baseline 0.007 -5"><span class='ocrx_word' id='word_1_706' title='bbox 1685 5739 1742 5775; x_wconf 74' lang='lat' dir='ltr'><strong>rm</strong></span> <span class='ocrx_word' id='word_1_707' title='bbox 1771 5736 1912 5775; x_wconf 65' lang='grc' dir='ltr'>οδες.</span> <span class='ocrx_word' id='word_1_708' title='bbox 1984 5737 2006 5763; x_wconf 72' lang='grc' dir='ltr'><strong>ι</strong></span> <span class='ocrx_word' id='word_1_709' title='bbox 2038 5726 2212 5775; x_wconf 58' lang='grc' dir='ltr'>δραι).</span> <span class='ocrx_word' id='word_1_710' title='bbox 2272 5727 2433 5775; x_wconf 78' lang='grc' dir='ltr'>πιεῖν-</span> 
     </span>
    </p>
   </div>
   <div class='ocr_carea' id='block_1_111' title="bbox 1984 5727 2433 5778">
    <p class='ocr_par' dir='ltr' id='par_1_111' title="bbox 1984 5727 2433 5778">
     <span class='ocr_line' id='line_1_112' title="bbox 1984 5727 2433 5778; baseline 0.011 -5"><span class='ocrx_word' id='word_1_711' title='bbox 1984 5737 2006 5763; x_wconf 72' lang='grc' dir='ltr'><strong>ι</strong></span> <span class='ocrx_word' id='word_1_712' title='bbox 2038 5727 2124 5777; x_wconf 69' lang='lat' dir='ltr'><strong>Sc:</strong></span> <span class='ocrx_word' id='word_1_713' title='bbox 2143 5727 2212 5777; x_wconf 71' lang='lat' dir='ltr'><strong>il).</strong></span> <span class='ocrx_word' id='word_1_714' title='bbox 2272 5727 2433 5778; x_wconf 79' lang='grc' dir='ltr'>πιεῖν.</span> 
     </span>
    </p>
   </div>
  </div>
