3986 6218
349 302 482 369 li51

1639 312 1995 372 PROCOPII
2024 311 2266 373 GALEI

3447 303 3613 367 1152

344 418 501 471 sione
530 432 598 472 ne
624 416 736 471 tliio
767 418 986 488 quidem
1016 435 1286 489 parsurus
1320 429 1486 477 esset.
1539 421 1631 488 qui
1666 420 1913 474 Solomo-

2052 420 2213 473 ασϐαι
2263 417 2443 471 τοίνυν
2497 416 2647 487 αύτῷ
2702 415 2889 470 τούτου
2940 412 3204 486 πονηρίαν
3250 413 3607 483 παρεκελεύ-

344 508 432 562 nis
466 509 630 564 etiam
663 519 1001 578 praeceptum
1062 512 1416 580 contempsit.
1464 510 1723 565 Malitiam
1748 512 1916 582 igitur

344 599 519 668 ipsius
547 600 844 654 observare
877 617 1002 654 eum
1047 601 1239 671 jussit.

341 725 353 735 .
419 688 484 741 Et
515 690 753 757 sepultus
776 700 851 743 est
884 693 938 744 in
962 693 1172 746 civitate
1222 692 1415 746 David.
1454 689 1584 746 Sion
1617 692 1721 745 hoc
1754 691 1917 745 modo

347 776 631 847 Scriptura
669 782 928 849 appellat,
952 797 1072 850 quae
1120 782 1273 836 urbis
1322 798 1419 835 arx
1440 794 1577 835 erat.
1606 780 1739 833 Tota
1790 796 1918 835 vero

347 883 492 920 nunc
542 866 851 922 Jerusalem
885 870 1224 924 nominatur.
1282 868 1339 924 lu
1377 886 1485 938 qua
1507 869 1779 937 Iosephus
1815 870 1919 922 Da-

347 960 546 1022 viilem,
604 969 658 1012 et
702 960 795 1027 qui
836 968 959 1029 post
1014 977 1139 1015 eum
1199 960 1423 1015 fuerunt
1469 976 1651 1029 reges,
1673 962 1919 1029 sepultos

347 1048 691 1109 essetradit.
750 1057 804 1102 et
851 1060 1266 1103 monumentum
1334 1049 1489 1118 juxta
1546 1050 1750 1104 Siloam
1775 1051 1919 1104 antri

350 1137 589 1202 speciem
643 1137 925 1203 habuisse,
959 1148 1011 1193 et
1042 1150 1296 1209 sumptus
1354 1140 1566 1208 regales
1604 1142 1919 1195 ostendens.

350 1225 494 1281 Dicit
523 1237 704 1282 autem
761 1231 994 1283 multum
1054 1233 1174 1284 auri
1212 1247 1315 1285 una
1350 1247 1474 1285 cum
1509 1248 1575 1287 eo
1606 1233 1659 1285 in
1718 1242 1919 1285 terram

350 1317 628 1371 defossum
666 1334 789 1372 esse
826 1320 895 1373 ab
927 1320 1046 1390 ipso
1079 1322 1393 1376 Solomone.
1430 1320 1728 1376 Hircanum
1754 1324 1923 1385 enim,

349 1423 629 1462 summum
658 1409 992 1477 pontificem,
1026 1426 1149 1465 cum
1182 1414 1312 1465 urbs
1337 1412 1405 1465 ab
1436 1414 1710 1465 Antiocho
1730 1411 1926 1464 Deme-

349 1500 444 1552 trii
472 1498 581 1552 filio
612 1500 979 1562 obsideretur,
1005 1511 1199 1569 aperto
1222 1513 1575 1555 monumento
1601 1541 1615 1564 ,
1642 1502 1926 1570 octoginta

349 1591 555 1644 talenta
580 1592 879 1659 accepisse.
918 1593 1083 1645 David
1135 1604 1317 1646 autem
1345 1593 1497 1651 obiit.
1530 1609 1654 1646 cum
1710 1602 1928 1660 septua—

2017 527 2166 564 σατο.

2088 688 2206 741 Kal’
2220 687 2407 755 ἐτάφη
2433 688 2504 741 ἐν
2535 690 2707 741 πόλει
2747 686 2946 741 Δαϐίδ.
2980 686 3134 741 Οῦτω
3160 686 3315 739 καλεῖ
3333 683 3430 754 τήν
3449 681 3608 738 Σιὼν

2020 782 2053 846 ή
2088 779 2299 848 Γραφὴ,
2333 779 2454 847 ἥτις
2480 773 2547 846 ἦν
2576 779 2609 846 ή
2649 778 2761 831 ἄνω
2783 777 2957 839 πόλις.
2991 777 3149 830 Πᾶσα
3177 776 3233 829 δὲ
3260 774 3356 828 νῦν
3399 773 3610 843 Ἰερου-

2022 867 2204 936 σαλὴμ
2227 866 2585 934 ὀνομάζεται·
2624 866 2682 917 ὲν
2791 864 3057 933 τετάφΘαι
3106 864 3318 924 τοῦτον,
3348 862 3441 916 καὶ
3467 863 3606 925 τοὺς

2024 959 2142 1028 μετ’
2180 956 2340 1009 αὑτὸν
2375 955 2650 1024 βασιλέας,
2676 955 2825 1023 λέγει
2846 956 3173 1025 Ἰὡσηππος.
3216 952 3295 1007 ΤὸΔ
3318 954 3374 1007 δὲ
3405 955 3604 1022 μνῆμα.

2024 1049 2175 1118 παρὰ
2209 1049 2300 1099 τὸν
2339 1048 2560 1116 Σιλωὰμ
2589 1042 2752 1109 εἶναι,
2785 1047 3093 1116 ἀντροειδὲς
3125 1047 3246 1115 ἕχον
3290 1046 3350 1099 τὺ
3386 1046 3601 1115 σχῆμα,

2024 1138 2120 1191 καὶ
2153 1136 2436 1206 βασιλικὴν
2463 1135 2659 1207 δηλοῦν
2686 1137 3055 1213 πολυτέλειαν.
3091 1138 3239 1205 Ἔφη
3270 1137 3327 1189 δὲ
3365 1137 3457 1190 καὶ
3493 1153 3606 1189 που

2023 1228 2299 1296 λῦνοαὺτῷ
2366 1229 2843 1298 συγκατορυγῆναι
2892 1233 3090 1299 χρυσὸν
3133 1231 3282 1296 παρὰ
3325 1228 3416 1281 τοῦ
3446 1228 3602 1280 Σολο-

2028 1317 2257 1388 μῶντος.
2300 1318 2569 1388 Ὑρκανὸν
2598 1320 2706 1387 γὰρ
2748 1318 2840 1371 τὸν
2875 1319 3168 1388 ἀρχιερέα,
3201 1318 3599 1386 πολιορκουμέ-

2025 1426 2122 1477 νης
2153 1410 2244 1461 ὑπ’
2266 1409 2539 1478 Ἀντιόχου
2567 1408 2669 1477 τῆς
2694 1406 2900 1472 πόλεως
2922 1410 3015 1462 τοῦ
3046 1409 3356 1478 Δημητρίου
3388 1409 3599 1472 παιδὸς,

2028 1499 2316 1564 ἀνοίξαντα
2342 1500 2402 1551 τὸ
2439 1500 2668 1567 μνῆμα,
2721 1499 2907 1552 λαϐεῖν
2946 1500 3296 1568 ὀγδοήκοντα.
3343 1498 3505 1552 Δαεὶδ
3537 1497 3603 1550 δὲ

2027 1586 2417 1651 τετελεύτηκεν
2433 1586 2569 1638 ἑτῶν
2582 1586 2945 1656 ὲῢδομήκοντα
2960 1587 3312 1660 ,βασιλεύσας
3332 1589 3427 1656 μὲν
3441 1603 3602 1655 τρια-

350 1684 502 1750 ginta
561 1696 833 1733 attnorum
871 1691 1039 1744 esset,
1098 1696 1267 1750 regno
1330 1682 1536 1750 potitus
1577 1697 1722 1734 anno
1750 1682 1928 1735 anatis

2050 1677 2341 1746 ιοντούτης,
2376 1677 2701 1747 βασιλεύσας
2731 1679 2789 1731 δὲ
2817 1679 3250 1749 τεσσαράκοντα.
3272 1680 3345 1731 Te
3371 1680 3427 1732 δὲ
3449 1680 3607 1732 ἐκοι-

350 1770 659 1833 tricesimo,
694 1772 947 1833 regnavit
1010 1772 1173 1824 annis
1212 1771 1601 1840 quadraginta.
1632 1771 1766 1824 Illud
1797 1787 1930 1824 vero

2050 1769 2211 1836 λήθη.
2250 1770 2467 1838 πρῶτον
2497 1771 2588 1823 ἐπὶ
2617 1769 2780 1823 Δαϐὶδ
2823 1747 3055 1842 εἴρηται,
3087 1770 3286 1841 δηλοῦν
3321 1770 3600 1841 τελευτήν.

350 1860 629 1921 dormivit,
665 1860 904 1928 primum
953 1861 1021 1913 de
1063 1860 1265 1914 Davide
1319 1862 1529 1915 dictum
1566 1871 1670 1927 est,
1702 1870 1930 1914 mortem

352 1949 695 2019 significans.
729 1946 1064 2005 Observabis
1134 1958 1340 2014 autem,
1406 1965 1474 2004 an
1535 1955 1649 2003 haec
1710 1957 1934 2019 pr0pter

352 2038 638 2093 Christum
661 2038 774 2113 sint
801 2040 1029 2109 scripta,
1053 2042 1167 2109 qui,
1217 2055 1341 2093 cum
1380 2040 1694 2102 cecidisset,
1724 2054 1822 2093 ceu
1848 2041 1935 2094 leo

354 2128 634 2194 dormivit,
671 2137 724 2182 et
761 2129 929 2183 veluti
961 2131 1179 2185 catulus
1211 2130 1408 2183 leonis.
1439 2128 1796 2199 Quapropter
1850 2127 1935 2183 di-

353 2235 504 2278 ctum
537 2230 653 2277 est:
681 2241 700 2273 ι
734 2222 841 2290 Ego
865 2222 1173 2277 obdormivi
1210 2224 1276 2287 ³⁸,
1319 2243 1337 2275 ο
1366 2232 1472 2277 etc.

428 2311 596 2366 Vens.
628 2310 721 2366 23.
751 2310 814 2365 Et
844 2312 1109 2377 interfecit
1132 2308 1377 2366 Orniom.
1426 2312 1659 2377 Quidam
1707 2325 1939 2366 succen-

357 2416 479 2461 sent
510 2405 793 2460 Solomoni
822 2406 969 2475 quod
1028 2407 1258 2459 fratrem
1315 2405 1675 2459 interfecerit.
1701 2403 1939 2459 Diversa:

359 2506 542 2550 autent
570 2496 849 2549 hominum
877 2504 1008 2549 sunt
1051 2496 1176 2550 vitae
1229 2496 1498 2549 rationes.
1519 2492 1753 2560 Quidam
1789 2494 1937 2550 enim

362 2587 668 2640 absolutam
709 2595 769 2638 et
829 2583 1129 2655 perfectam
1192 2585 1597 2655 philosophiam
1666 2595 1937 2653 tractant;

361 2678 455 2732 alii
487 2691 617 2731 vero
674 2676 849 2743 illam,
875 2693 999 2747 qua:
1034 2678 1220 2731 civilis
1269 2676 1563 2747 disciplina
1595 2679 1939 2748 appellatur;

364 2768 456 2820 alii
490 2783 742 2835 regnum,
772 2776 866 2821 aut
888 2768 1129 2821 militare
1169 2768 1462 2837 imperium
1486 2808 1500 2830 ,
1529 2767 1939 2821 administrant.

365 2856 807 2929 Unumquodque
857 2858 1138 2913 hominum
1203 2859 1422 2913 illorum
1473 2874 1647 2927 genus
1695 2858 1761 2913 ad
1796 2859 1937 2923 vitm,

360 2964 528 3016 quam
559 2949 831 3019 sequitur,
852 2950 1121 3004 rationem
1171 2949 1505 3016 exigendum
1538 2961 1642 3003 est.
1682 2947 1941 3001 Solomon

364 3041 555 3110 igitur,
606 3056 782 3109 neque
813 3040 1185 3108 propheticam
1243 3038 1416 3099 illam,
1450 3053 1627 3106 neque
1663 3038 1939 3107 politicam

364 3131 762 3200 perfectionem
792 3128 1023 3193 habuit;
1056 3127 1151 3181 sed
1186 3127 1358 3189 illam,
1394 3142 1516 3197 quae
1548 3128 1773 3196 regibus
1804 3142 1941 3181 eon-

365 3221 536 3273 venit.
581 3221 718 3274 Cum
762 3219 949 3288 igitur,
1000 3218 1249 3287 periculo
1326 3217 1509 3281 facto,

2044 1861 2390 1924 Ἐπιστήσεις
2412 1861 2488 1923 δὲ,
2520 1863 2569 1914 εί
2599 1861 2684 1914 διὰ
2708 1862 2940 1932 Χριστὸν
2966 1862 3140 1915 ταῦτα
3162 1863 3468 1930 γέγραπται
3489 1880 3502 1892 ·
3542 1862 3601 1925 ὃς

2033 1949 2320 2004 ἀναπεσὼν
2359 1951 2628 2023 ἐκοιμήθη
2664 1952 2738 2015 ὡς
2774 1952 2929 2016 λέων,
2970 1954 3064 2006 καὶ
3092 1952 3168 2016 ὡς
3198 1952 3455 2021 σκύμνος.
3485 1952 3603 2006 Διό-

2034 2058 2140 2113 περ
2171 2040 2388 2113 εἴρηται
2410 2061 2423 2074 ·
2456 2062 2474 2094 ι
2507 2042 2650 2112 Ἐγὼ
2683 2043 3005 2116 ὲκοιμήθην,
3059 2044 3155 2098 καὶ
3184 2042 3429 2108 ῦπνωσα,
3461 2062 3479 2094 ι
3512 2044 3606 2097 καὶ

2034 2134 2102 2186 τὰ
2129 2129 2276 2201 ἑξῆς.

2109 2306 2220 2361 Kal
2263 2306 2468 2362 ἀνεῖλε
2501 2307 2609 2361 τὸν
2664 2308 2923 2377 Ὀρνίαν.
2979 2310 3267 2381 Νεμεσῶσί
3303 2328 3485 2375 τινες,
3530 2309 3609 2373 ὡς

2036 2398 2266 2467 ἀδελφὸν
2301 2400 2706 2454 ἀποκτείναντι.
2734 2402 2993 2473 Διάφοροι
3015 2402 3073 2455 δὲ
3096 2402 3204 2455 τῶν
3234 2400 3537 2471 ἀνθρώπων
3562 2402 3613 2453 οἱ

2042 2489 2168 2561 βίοι.
2208 2491 2271 2542 Oi
2305 2491 2405 2560 μὲν
2460 2494 2569 2562 γὰρ
2602 2492 2830 2547 ἀσκοῦσι
2861 2497 2961 2563 τὴν
2991 2494 3168 2565 ἄκραν
3198 2492 3543 2563 φιλοσοφίαν·
3566 2494 3616 2545 οί

2038 2580 2114 2645 δὲ,
2146 2580 2246 2653 τὴν
2272 2581 2613 2653 καλουμένην
2671 2584 2956 2656 πολιτικὴν
3004 2588 3234 2658 ἀρετήν·
3276 2586 3424 2640 ἄλλοι
3457 2586 3616 2654 βασι-

2040 2670 2265 2738 σιλείαν,
2287 2671 2320 2742 ἢ
2354 2674 2707 2744 στρατηγίαν,
2743 2675 3034 2731 ίθύνουσιν.
3056 2676 3325 2730 Ἕκαστον
3346 2677 3455 2747 ἄρα
3481 2675 3619 2745 πρὸς

2039 2765 2133 2820 τὸν
2163 2766 2278 2837 βίον
2312 2766 2651 2834 ἐξεταστέον.
2683 2769 2937 2840 Σολομῶν
2959 2770 3137 2823 τοίνυν
3171 2771 3232 2824 οὐ
3275 2770 3621 2840 προφητικὴν

2041 2852 2188 2927 εἶχεν
2237 2858 2360 2912 οὐδὲ
2394 2859 2677 2932 πολιτικὴν
2723 2860 3057 2932 τελειότητα,
3084 2864 3183 2932 τὴν
3220 2861 3275 2913 δὲ
3309 2858 3619 2929 βασιλεῦσιν

2044 2948 2445 3019 ἁρμόττουσαν.
2511 2950 2801 3021 Πειραθεὶς
2845 2953 3060 3015 τοίνυν,
3097 2951 3212 3023 ᾔδει
3269 2952 3357 3005 τὸν
3403 2951 3622 3019 Ὀρνίαν

2043 3044 2327 3110 τυραννεῖν
2380 3043 2667 3114 ἐφιέμενον
2689 3085 2705 3109 ,
2739 3046 2835 3098 καὶ
2888 3046 3157 3113 συγγνοὺς
3193 3044 3254 3097 τὸ
3300 3043 3534 3115 πρῶτον,
3570 3043 3622 3094 ει

2051 3136 2456 3203 σωφρονήσειε-
2504 3135 2600 3188 νῦν
2650 3135 2884 3198 ἀνεῖλεν,
2936 3136 3191 3190 αἰτοῦντα
3234 3135 3331 3206 τὴν
3366 3134 3623 3187 σύνευνον

1595 3218 1937 3288 cognovisset

2051 3221 2143 3275 τοῦ
2176 3223 2413 3294 πυρός’
2452 3225 2587 3298 ὅπερ
2616 3227 2928 3300 τυραννίδος
2957 3227 3203 3299 ὑπῆρχεν
3226 3227 3364 3291 ὁδὸς,
3401 3225 3493 3279 καὶ
3520 3240 3624 3278 πο-

367 3313 595 3365 Orniam
626 3311 971 3383 tyrannidem
1000 3309 1429 3380 affectareﬂicet
1453 3310 1689 3380 primum
1715 3312 1764 3364 ei
1793 3311 1948 3380 igno-

2056 3315 2112 3366 λέ
2121 3333 2238 3389 μων
2276 3318 2554 3386 ἐμφυλίων
2587 3320 2753 3392 ἀρχή.

368 3407 560 3468 νὶεεοι,
589 3408 633 3461 si
666 3405 946 3460 moderate
981 3421 1040 3460 se
1072 3403 1387 3475 gessisset),
1417 3419 1563 3459 nunc
1596 3420 1722 3462 eum
1773 3405 2057 3469 interficit,
2117 3422 2242 3462 cum
2301 3412 2475 3479 patris
2538 3428 2764 3467 uxorem
2833 3414 3151 3482 petivisset:
3196 3427 3320 3466 nam
3378 3410 3494 3466 hac
3552 3410 3626 3464 ad

368 3495 720 3570 tyrannidem
742 3496 829 3549 via
856 3504 997 3561 erat,
1029 3504 1084 3551 et
1116 3496 1384 3550 bellorum
1418 3496 1805 3551 intestinorum
1840 3497 2053 3551 initium
2084 3516 2097 3565 ;
2130 3508 2190 3552 ut
2210 3502 2374 3557 verba
2396 3504 2713 3559 Solomonis
2739 3505 2904 3560 etiam
2936 3505 3239 3561 declarant.

445 3589 611 3644 Vsus.
648 3588 737 3642 30.
770 3585 852 3640 Ad
876 3586 1038 3650 Joab,
1068 3588 1121 3640 in
1148 3586 1551 3641 tabernaculum
1580 3586 1823 3642 Domini.
1854 3584 1952 3640 Se-

2127 3592 2284 3658 Πρὸς
2317 3592 2497 3660 ’1ωὰ6,
2525 3598 2615 3661 εις
2637 3595 2749 3663 τὴν
2779 3597 3023 3662 σκηνὴν
3044 3595 3149 3649 τοῦ
3179 3597 3417 3662 Κυρίου.
3466 3592 3629 3647 Κατὰ

368 3679 616 3736 cundum
676 3679 846 3747 legem
901 3678 1057 3749 jubet
1113 3679 1469 3744 homicidam,
1518 3677 1703 3747 quiin
1735 3677 1937 3731 Domin

2053 3679 2145 3732 τὸν
2166 3682 2331 3753 νόμον
2350 3684 2442 3737 τὸν
2468 3686 2732 3754 φονευτὴν
2760 3687 3079 3740 ἀποκτεῖναι
3110 3684 3341 3749 κελεύει,
3383 3700 3632 3755 προσφυ·

372 3773 788 3827 tabernacnlunt
814 3770 1158 3841 confugerat,
1182 3770 1458 3825 occidere.

453 3865 614 3920 \leas.
638 3864 729 3920 35.
759 3863 825 3918 In
851 3866 1081 3932 primum
1119 3864 1447 3918 sacerdotem
1479 3864 1788 3918 Abiatharis
1814 3864 1948 3917 loco.

2053 3772 2217 3841 γόντα
2245 3775 2309 3843 τῇ
2343 3774 2437 3827 τοῦ
2464 3775 2670 3845 Κυρίου
2702 3779 2895 3847 σκηνῇ.

2124 3866 2226 3930 Εἰς
2260 3863 2417 3931 ἱερέα
2450 3865 2705 3934 πρῶτον,
2745 3868 2879 3920 ἀντὶ
2922 3866 3201 3930 Ἀϐιάθαρ.
3224 3859 3331 3917 Ἦν
3361 3863 3471 3934 γὰρ
3504 3864 3633 3933 Ὅρ-

377 3954 513 4009 Nam
575 3956 623 4011 is
682 3955 865 4009 (lruite
923 3956 1282 4009 consiliorum
1342 3954 1411 4009 de
1442 3970 1613 4026 regno
1644 3955 1937 4010 iuradendt

2054 3955 2145 4027 νίᾳ
2170 3957 2508 4028 κοινωνήσας
2532 3958 2629 4028 τῆς
2658 3957 2992 4029 τυραννίδος,
3015 3957 3089 4021 ὡς
3115 3956 3266 4026 δηλοῖ
3287 3956 3381 4007 καὶ
3406 3952 3502 4008 τοῦ
3532 3955 3634 4007 Σο-

374 4049 656 4120 particeps‘
687 4061 826 4104 erat.
850 4047 1026 4104 Porro
1048 4048 1311 4104 Solomon
1339 4050 1539 4103 divinae
1572 4064 1791 4120 quoque
1811 4064 1954 4119 pra:-

2054 4047 2329 4118 λομῶντος
2361 4049 2431 4103 τὰ
2455 4050 2695 4121 ῥήματα.
2725 4050 2875 4121 Πλὴν,
2899 4052 2926 4103 ό
2962 4048 3216 4118 Σολομῶν
3235 4049 3329 4101 καὶ⁵
3352 4050 3450 4117 τῆς
3477 4046 3630 4110 θείας

377 4142 637 4197 dictionis
692 4141 1019 4197 administer
1075 4143 1200 4196 fuit.
1234 4142 1375 4197 Deus
1416 4141 1586 4204 enim,
1635 4157 1746 4224 nou
1793 4142 1937 4195 modt

2059 4137 2422 4205 προρρήσεως
2455 4137 2678 4209 γέγονεν
2713 4138 3005 4208 ὕπουργός.
3033 4137 3124 4206 Τῷ
3153 4140 3262 4207 γὰρ
3290 4138 3405 4190 Ἠλὶ
3424 4138 3518 4189 καὶ
3538 4136 3630 4189 διὰ

376 4250 480 4303 per
501 4232 833 4297 Samuelem,
863 4233 960 4288 sed
1001 4250 1100 4304 per
1132 4235 1300 4288 alium
1349 4248 1574 4303 quoque
1606 4233 1955 4305 prophetam,

377 4324 501 4378 lleli
540 4326 761 4393 generis
800 4323 1084 4379 infamiam
1111 4323 1389 4394 pra-dixit.

453 4415 614 4486 530
638 4414 804 4471 Vens.
838 4416 929 4471 45.
954 4415 1095 4469 Deus
1123 4416 1268 4469 dedit
1291 4415 1626 4484 prudentiam
1658 4414 1954 4480 Solomoni,

2060 4226 2337 4299 Σαμουὴλ,
2389 4230 2483 4281 καὶ
2516 4228 2583 4281 δι’
2605 4230 2766 4282 ἄλλου
2809 4230 3114 4300 προφήτου,
3164 4226 3570 4299 προηγόρευσεν
3598 4228 3631 4280 ό

2060 4316 2195 4380 Θεὸς
2232 4317 2326 4372 τοῦ
2360 4319 2550 4387 γένους
2586 4319 2684 4391 τὴν
2719 4321 2965 4390 ἀτιμίαν.

2132 4411 2438 4479 Φρόνησιν
2476 4409 2557 4476 τῷ
2592 4412 2958 4481 Σολομὼντι,
2989 4410 3088 4464 καὶ
3115 4402 3628 4479 σοφίαν’πο.ι.ιήν.

375 4516 432 4561 et
448 4508 754 4575 sapientiam
770 4507 1015 4560 multam.
1037 4506 1371 4576 Sapientiam
1390 4506 1703 4563 Solomonis
1721 4509 1937 4562 aliorun‘

2073 4499 2168 4553 Ἐκ
2199 4500 2547 4572 παραλλήλου
2579 4502 2681 4572 τὴν
2711 4502 2902 4570 σοφίαν
2937 4502 3199 4567 ἐδήλωσε,
3218 4500 3420 4553 Τούτου
3450 4499 3628 4569 χάριν,

385 4600 803 4668 comparatione
832 4596 1096 4661 ostendit,
1153 4606 1205 4651 et
1253 4608 1547 4667 propterea
1580 4599 1824 4664 illorum,
1861 4616 1933 4670 qu

2060 4593 2155 4646 καὶ
2188 4591 2299 4644 τῶν
2332 4592 2497 4646 πάλαι
2534 4593 2918 4663 γεγενημένων
2946 4592 3129 4661 σοφῶν
3162 4592 3427 4662 ἀορίστως
3467 4592 3633 4662 ἐμνή-

382 4690 519 4743 olim
568 4688 837 4756 sapientia
895 4688 1029 4741 clari
1059 4695 1112 4741 et
1166 4687 1416 4743 celebres
1470 4688 1714 4754 fuerunt,
1758 4692 1937 4746 ιιιειιιίι

2061 4684 2184 4756 σθη.
2217 4685 2328 4738 Καὶ
2374 4687 2501 4748 τοὺς
2548 4686 2880 4754 Αἰγυπτίους
2932 4681 3310 4753 προτέθεικεν,
3344 4682 3632 4742 δοκοῦντας

385 4779 532 4834 (acta
595 4788 701 4841 est;
735 4778 879 4830 inter
908 4791 1050 4846 quos
1077 4776 1388 4848 Egyptios,
1455 4781 1547 4849 qui
1573 4782 1719 4850 apud
1770 4799 1932 4837 omne

2061 4776 2215 4847 παρὰ
2243 4778 2410 4830 πᾶσιν
2444 4773 2582 4830 εἶναι
2612 4774 2830 4841 σοφούς.
2848 4774 2937 4837 Ὠς
2970 4775 3080 4843 γὰρ
3118 4773 3413 4842 ἱστόρησαν
3434 4769 3631 4840 ’Ἑλλη-

385 4871 678 4950 sapientia:
706 4868 919 4923 laudem
946 4868 1279 4935 habuerunt,
1336 4870 1514 4950 primo
1564 4871 1685 4927 loco
1757 4873 1963 4943 posuit.

392 4946 551 5029 Nam,
577 4967 1035 5037 quemadmodum
1062 4968 1236 5023 Graeci
1267 4946 1546 5021 memoria:
1580 4965 1960 5035 prodiderunt,

388 5058 742 5129 Pherecydes
772 5059 992 5130 Syrius,
1016 5058 1360 5129 Pythagoras
1387 5058 1640 5137 Samius,
1670 5057 1963 5126 Anaxago-

394 5165 489 5203 ras
512 5149 914 5213 Clazomenius,
943 5157 995 5202 et
1051 5147 1205 5202 Plato
1261 5148 1637 5211 Atheniensis,
1694 5146 1967 5217 physiolo-

2062 4887 2174 4934 νες,
2202 4870 2512 4940 Φερεκύδης
2536 4870 2566 4921 ὁ
2601 4868 2829 4939 Σύριος,
2862 4868 2960 4921 καὶ
2985 4866 3314 4936 Πυθαγόρας
3343 4865 3372 4915 ὁ
3408 4864 3629 4933 Σάμιος,

2066 4961 2162 5013 καὶ
2195 4959 2567 5029 Ἀναξαγόρας
2597 4960 2626 5011 ὁ
2650 4957 3046 5026 Κλαζομένιος,
3069 4956 3165 5009 καὶ
3194 4954 3419 5008 Πλάτων
3437 4953 3633 5023 ὀἈθηο

2050 5052 2234 5117 ηναῖος,
2255 5048 2391 5117 πρὸς
2422 5046 2645 5110 τούτους
2676 5046 3040 5116 ἐξεδήμησαν,
3078 5041 3425 5113 φυσιολογίας
3453 5040 3631 5109 χάριν,

2067 5143 2162 5194 καὶ
2199 5141 2475 5209 Θεολογίας
2499 5138 2916 5211 ἀκριϐεστέραςο
2946 5136 3026 5189 διὸ
3046 5137 3212 5206 φησὶν
3238 5137 3271 5203 ἡ
3297 5134 3513 5205 Γραφή’
3531 5131 3632 5184 Καὶ

395 5242 521 5311 g’ae,
548 5247 602 5293 et
635 5240 922 5310 theologia:
955 5241 1320 5294 accuratioris
1348 5239 1628 5294 discentize
1668 5253 1835 5291 causa
1897 5253 1937 5288 ιιι

2069 5235 2310 5301 Μωῦσῆς
2346 5228 2640 5302 ἐπαιδεύθη
2668 5230 2819 5304 πάσῃ
2853 5228 3016 5299 σοφίᾳ
3043 5226 3384 5297 Αἰγυπτίων,
3415 5222 3507 5284 οὓς
3530 5222 3630 5276 ένί-

396 5330 527 5385 illos
592 5330 823 5400 profecti
878 5340 1027 5384 sunt.
1069 5329 1418 5399 Quapropter
1490 5327 1625 5381 dicit
1682 5328 1932 5396 Scriptur

2070 5345 2141 5381 κα
2172 5324 2422 5394 Σολομῶν
2443 5365 2456 5387 ,
2490 5323 2693 5393 Θεόθενῖ
2719 5323 2890 5395 δῶρον
2917 5322 3015 5394 τὴν
3045 5318 3243 5389 σοφίαν
3275 5316 3629 5389 κτησάμενος.

346 5478 349 5481 _
401 5407 620 5494 Moysen
668 5421 815 5475 onmi
878 5423 1147 5490 sapientia
1212 5420 1590 5490 Egyptiorum
1652 5420 1937 5474 institutum

2070 5419 2252 5485 Ψόγον
2275 5417 2333 5470 δὲ
2362 5420 2474 5480 τοῖς
2501 5416 2744 5479 ἐπαίνοις
2766 5413 3085 5480 συνέζευξεν
3108 5414 3142 5481 ἡ
3163 5410 3377 5483 Γραφῇ.
3404 5407 3630 5461 Γυναῖκα

392 5529 527 5569 esse
548 5514 612 5567 ".
654 5512 806 5579 Quos
838 5511 1123 5575 Solomon,
1161 5512 1424 5566 divinitus
1448 5511 1732 5580 sapientia:
1762 5511 1937 5566 donum

2070 5511 2179 5580 γὰρ
2218 5508 2514 5579 ἀλλόφυλον
2553 5508 2886 5578 παρανόμως
2922 5507 3183 5578 ἠγάγετο.

409 5601 641 5672 adeptus
670 5603 969 5668 superavit.
1018 5601 1490 5669 Vituperationem
1519 5615 1649 5657 vero
1710 5601 1971 5660 laudibus
2013 5602 2215 5673 ipsius
2239 5600 2523 5671 Scriptura
2580 5598 2893 5671 conjunxit,
2937 5596 3084 5669 quod
3154 5606 3377 5686 uxorem
3439 5586 3628 5645 alienb

398 5708 596 5764 genam
627 5702 818 5746 contra
848 5694 1018 5760 legem
1061 5690 1295 5743 duxerit.

482 5786 527 5817 ³⁸
572 5784 720 5840 l'sul.
746 5802 829 5846 tit,
858 5784 911 5839 (i.
990 5782 1036 5813 ⁸⁵
1067 5781 1190 5834 Act.
1240 5798 1334 5846 vn,
1366 5780 1461 5836 29..
