3986 6218
248 275 412 347 1157

1218 272 1755 336 COMMENTARII
1785 271 1870 332 ιΝ
1910 269 2060 330 LIB.
2102 265 2196 329 III
2248 265 2543 327 REGUM.

3389 259 3526 325 1158

244 393 509 464 διῄρητο,
537 387 682 442 οὕτω
712 385 806 440 καὶ
828 384 900 439 τὰ
925 381 1184 454 ὕπαιθρα.
1209 380 1429 433 Τούτων
1457 381 1568 448 τὰρ
1624 377 1719 463 τὰ,
1751 375 1851 446 μὲν

1995 386 2093 426 uas
2116 380 2298 440 partes
2330 370 2652 425 distinctum
2688 366 2809 428 fuit,
2838 365 2908 419 ita
2935 366 3098 420 etiam
3128 363 3390 435 ὕπαιθρα,
3424 369 3526 423 ἶνις

246 480 332 553 ἦν
379 479 515 552 βατά
550 478 714 532 παντὶ
737 477 814 547 τῷ
847 475 991 546 λαῷ’
1023 474 1094 528 τά
1119 473 1199 536 δὲ,
1223 475 1335 534 τοῖς
1360 469 1564 540 ἱερεῦσι
1613 467 1707 520 καὶ
1732 468 1844 526 τοῖς

250 574 545 633 Λευίταις.
585 571 802 642 Διεῖργε
833 567 890 621 δὲ
915 583 1139 627 τούτους
1169 563 1263 616 ἀπ’
1313 563 1538 613 ἐκείνων
1601 555 1844 626 θριγγίον

250 666 365 734 οὐχ
391 661 616 733 ὑψηλὸν,
648 660 789 714 ὥστε
843 658 939 712 καὶ¹
981 657 1108 719 τοὺς
1162 646 1675 722 ἀπεσχοινισμένους
1737 645 1845 698 τῶν

255 757 443 819 ἔνδον,
471 753 670 820 ἔξωθεν
705 753 932 823 θεωρεῖν
959 749 1058 818 τὴν
1091 745 1199 800 τῶν
1237 743 1440 797 θυσιῶν
1503 738 1844 808 ἱερουργίαν.

259 848 370 900 Διά
391 843 562 916 τριῶν
587 843 668 909 δὲ,
701 842 858 912 φησὶ,
881 839 1062 908 δόμων
1093 836 1386 906 ίμάντωμα
1428 830 1683 884 διέτεινον
1747 827 1846 880 κέ-

257 939 472 1010 δρινον.

863 1121 1118 1176 ΚΕΦΑΛ.
1152 1122 1228 1176 Z'.

340 1217 454 1275 Καὶ
483 1218 594 1273 δύο
613 1215 955 1284 ὲπιθέματα.
995 1210 1144 1266 Ἀντὶ
1175 1206 1292 1271 τοῦ,
1323 1202 1610 1258 ὲπίστυλα.

345 1401 453 1456 Kai
481 1397 787 1470 μέλαθρον
833 1393 927 1448 ἐπ’
952 1387 1303 1462 ἀμφοτέρων
1328 1384 1446 1438 τῶν
1477 1380 1739 1435 στύλων.
1775 1373 1851 1429 Τὸ

267 1491 582 1548 ὲπὶστυλον.

351 1582 477 1650 Τὴν
501 1579 844 1636 θάλασσαν.
879 1573 1132 1642 Λουτῆρα
1157 1566 1416 1641 χαλκοῦν,
1454 1565 1512 1618 ὃν
1541 1563 1628 1617 διὰ
1657 1561 1718 1614 τὸ
1755 1559 1853 1630 μέ-

269 1674 438 1746 γεθος
468 1672 694 1727 ἐκάλεσε
711 1669 1008 1728 θάλασσαν,
1041 1665 1119 1726 είς
1148 1662 1209 1714 τὸ
1221 1657 1508 1714 νίπτεσθαι
1539 1655 1662 1718 τοὺς
1689 1653 1854 1721 ἱερεῖς

273 1744 336 1822 έν
372 1764 540 1834 αύτῷ.
582 1759 738 1823 Εἶδος
763 1759 821 1813 δὲ
867 1759 902 1826 ἡ
966 1755 1211 1809 Θάλασσα
1274 1747 1416 1820 εἶχεν
1470 1744 1848 1817 ἡμισφαιρίου,

274 1857 500 1927 πήχεων
528 1852 658 1906 δέκα
689 1853 788 1919 τὴν
814 1847 1125 1916 διάμετρονο
1153 1843 1214 1896 τὸ
1242 1843 1301 1896 δὲ
1345 1837 1676 1905 κυκλοειδὲς,
1707 1834 1855 1904 τριά-

278 1964 445 2002 κοντα
473 1943 640 2016 τριῶν
665 1945 882 2012 πήχεων
913 1955 928 1972 ο
968 1939 1033 1992 τὸ
1063 1937 1120 1990 δὲ
1147 1935 1341 2005 πάχος,
1396 1930 1697 1998 σπιθαμῆς.
1732 1924 1855 1976 Τῶν

277 2040 335 2094 δὲ
364 2029 456 2092 δύο
486 2032 905 2104 σπιθαμῶν,τῆς
923 2027 1192 2090 ἐντεῦθεν,
1224 2044 1296 2094 φη
1306 2025 1386 2094 μὶ,
1405 2022 1607 2091 καὶτῆς
1624 2018 1854 2082 ἐκεῖθεν,

277 2133 349 2202 τῇ
379 2127 656 2197 διαμέτρῳ
686 2121 1206 2194 συμμετρουμένων,
1237 2117 1430 2171 ἕνδεκα
1452 2113 1649 2182 πήχεις
1701 2109 1856 2178 εὑρί-

281 2234 529 2273 σκονται.
561 2209 1182 2286 Τριπλασιαξόμενοιδὲ
1215 2203 1382 2270 οὗτοι,
1431 2203 1646 2258 ποιοῦσι
1707 2203 1858 2272 τρεῖς

281 2310 378 2362 καὶ
405 2308 722 2378 τριάκοντα.

353 2400 636 2454 Βλαστὸν
662 2398 894 2466 κρίνου.
915 2393 1023 2448 Τοῦ
1047 2388 1314 2459 λουτῆρος
1342 2385 1402 2440 τὸ
1428 2383 1604 2454 χεῖλος
1651 2378 1862 2434 ἐπικλι-

281 2491 376 2556 vi;
420 2487 491 2562 ἦν
528 2493 609 2553 είς
640 2491 710 2543 τά
748 2487 873 2552 ἔξω,
925 2486 995 2538 τά
1051 2481 1224 2552 φύλλα
1274 2477 1368 2530 τοῦ
1422 2474 1608 2545 κρίνου
1665 2469 1861 2542 μιμούο

357 2599 468 2639 νον.

527 2668 847 2742 Μηχανώθ.
883 2665 1006 2720 Τῶν
1066 2655 1560 2734 Παραλειπομένων
1611 2655 1646 2724 ἡ
1680 2651 1858 2722 βίϐλος

284 2765 554 2836 λουτῆρας
577 2763 678 2826 τὰς
697 2762 977 2832 μηχανὰς
1007 2756 1306 2825 ὠνόμασεν.
1339 2752 1400 2803 Ὀ
1427 2749 1483 2802 δὲ
1533 2746 1856 2836 Ἰὡσηππος,

291 2833 498 2928 βάσεις.
531 2854 920 2927 Τετραγὼνους
981 2850 1040 2903 δὲ
1083 2847 1251 2910 αὐτὰς
1308 2842 1461 2910 λέγει
1511 2833 1856 2908 γεγενῆσθαι,

287 2950 516 3020 τροχοὺς
551 2947 780 3018 ἐχούσας
808 2942 1219 3014 ὑποκειμένους,
1250 2939 1363 3000 τοῖς
1417 2933 1526 2988 τῶν
1579 2929 1850 2999 ἁρμάτων

1945 472 2052 521 est,
2111 462 2226 512 loca
2274 459 2564 511 subdialia.
2620 457 2676 509 In
2727 471 2963 524 quorum
3017 454 3247 507 alterum
3305 461 3526 522 quidem

1945 555 2130 606 onmis
2162 552 2400 622 populus
2443 549 2653 620 ingredi
2705 549 2937 619 potuit;
2983 565 3035 601 Ill
3070 549 3299 600 alterum
3345 559 3528 602 autem

1949 641 2154 696 Levita:
2178 643 2470 705 duntaxat,
2499 649 2554 694 et
2589 640 2930 694 sacerdotes.
2969 637 3082 691 Hos
3110 647 3291 690 autem
3313 634 3528 704 paries,

1948 735 2031 786 vel
2062 743 2276 802 septum
2304 746 2414 785 non
2435 731 2604 784 altum
2637 730 2705 783 ab
2735 728 2844 782 illis
2861 729 3101 788 arcebat,
3126 727 3200 778 ita
3229 733 3287 778 ut
3332 723 3530 793 sejun-

1949 822 2020 873 cti
2052 819 2184 874 foris
2203 817 2604 875 sacrificiorum
2633 816 2968 871 oblationem
3010 821 3262 881 spectare
3291 820 3532 879 possent.

1949 908 2050 962 Per
2092 921 2204 963 tres
2269 918 2447 963 autem
2496 915 2806 962 structuras
2855 905 3080 967 trabes,
3125 917 3246 972 qua:
3294 900 3532 970 parietes

1953 1001 2263 1062 continent,
2294 997 2480 1050 ccdris
2513 995 2727 1050 intexit.

2583 1129 2738 1183 CAP.
2791 1125 2902 1181 VII.

2031 1221 2195 1278 Vsus.
2233 1222 2319 1276 16.
2373 1220 2440 1275 Ει
2465 1221 2572 1275 duo
2593 1223 2931 1290 epimemata.
2959 1217 3067 1272 Pro
3095 1216 3386 1286 epistyliis,
3419 1214 3527 1270 hoc

1951 1322 2058 1376 est,
2090 1313 2360 1377 trabibus,
2393 1328 2513 1382 quae
2545 1327 2712 1378 snper
2748 1310 3033 1364 columnas
3064 1315 3364 1376 ponuntur.

2024 1404 2090 1458 Et
2126 1404 2346 1474 laquear
2396 1405 2452 1456 in
2484 1403 2736 1456 ambabus
2790 1401 3072 1454 columnis.
3115 1398 3400 1468 Epistylou
3443 1397 3531 1451 in-

1955 1494 2170 1564 telligit.
2646 1540 2662 1550 ,

2029 1584 2196 1640 Vens.
2235 1584 2326 1638 ἥδ.
2375 1583 2550 1637 Mare.
2587 1581 2824 1636 Labrum
2861 1595 3096 1645 :eneum,
3134 1579 3281 1650 quod
3309 1585 3536 1648 propter

1958 1677 2396 1744 magnitudinem
2439 1690 2588 1727 mare
2622 1673 2950 1743 appellavit,
2998 1670 3142 1725 hunc
3179 1653 3336 1724 usum
3370 1669 3540 1722 habe-

1957 1767 2070 1827 bat,
2117 1778 2172 1818 ut
2214 1766 2268 1818 in
2305 1780 2371 1816 eo
2398 1763 2713 1817 sacerdotes
2761 1765 3094 1816 lavarentur.
3129 1758 3331 1814 Habuit
3356 1766 3540 1812 autem

1957 1855 2062 1908 hoc
2099 1871 2248 1908 mare
2283 1854 2508 1921 figuram
2538 1851 2986 1922 hemisphmrii,et
3012 1851 3196 1904 decem
3229 1850 3539 1902 cubitorum

1960 1951 2323 2011 diametrum;
2366 1946 2485 2015 ipse
2531 1944 2705 2008 orbis,
2740 1942 2824 1997 vel
2866 1943 3110 1996 circulus
3139 1941 3358 2010 triginta
3383 1939 3544 1994 cubi-

1960 2050 2138 2094 torum
2183 2037 2321 2104 fuit;
2368 2035 2684 2092 crassitudo
2711 2034 2832 2104 ejus
2868 2035 3084 2104 palmus
3129 2032 3254 2087 fuit.
3292 2032 3390 2086 Sin
3439 2047 3542 2091 au-

1959 2140 2069 2184 tem
2107 2131 2214 2182 duo
2239 2128 2428 2198 palmi,
2463 2128 2555 2198 qui
2592 2128 2721 2181 hinc
2790 2135 2844 2179 et
2876 2127 3027 2179 illinc
3055 2127 3108 2180 in
3130 2125 3396 2178 diametro
3415 2130 3547 2179 sunt

1960 2229 2452 2280 connumerentur,
2504 2216 2862 2270 inveniuntur
2910 2213 3165 2269 undecim
3205 2213 3412 2279 cubiti;
3467 2213 3544 2267 illi

1963 2324 2090 2362 vero
2132 2307 2238 2375 trip
2263 2307 2392 2360 icati
2422 2305 2632 2358 iaciunt
2665 2304 2889 2372 triginta
2923 2312 3035 2357 tres
3059 2302 3301 2355 cubitos.

2035 2395 2202 2450 Vsus.
2237 2395 2328 2448 26.
2361 2392 2582 2447 Germen
2617 2393 2744 2446 lilii.
2780 2391 2945 2446 Labri
2988 2391 3191 2445 lahium
3221 2391 3544 2446 inclinatum

1962 2498 2078 2543 erat
2119 2490 2175 2543 in
2215 2496 2398 2557 partes
2429 2485 2752 2550 exteriores,
2798 2484 2870 2538 ad
2915 2482 3335 2538 similitudinem
3380 2481 3544 2537 lolio-

1967 2593 2086 2631 runt
2119 2577 2240 2633 lilii.

2049 2673 2218 2727 Vens.
2251 2673 2346 2727 27.
2383 2669 2570 2724 Decem
2605 2665 2947 2722 Mechanoth.
2977 2665 3141 2720 Liber
3170 2663 3547 2734 Paralipome-

1967 2779 2076 2818 non
2103 2765 2259 2818 labra
2299 2762 2546 2834 μηχανὰς
2568 2760 2801 2820 vocavit,
2830 2758 3107 2829 Josephus
3131 2769 3308 2811 autem
3335 2757 3542 2826 βάσεις.

1967 2853 2472 2924 Quatlraugularem
2519 2857 2700 2903 autem
2745 2847 2970 2918 ﬁguram
3013 2863 3107 2902 eas
3160 2845 3416 2900 habuisse
3460 2845 3548 2898 di-

1973 2947 2068 3006 cit,
2121 2952 2175 2997 et
2211 2943 2492 3011 subjectus
2521 2939 2914 3014 rotassimiles
2945 2940 3080 2993 rotis
3111 2953 3396 2993 curruum.
3438 2935 3550 2990 Ha-

287 3040 554 3102 ἐοικότας.
585 3035 744 3110 Εἶχον
777 3037 836 3090 δὲ
855 3027 1015 3089 αὗται
1040 3032 1153 3087 ἀνω
1204 3028 1403 3101 χειρῶν
1465 3020 1859 3092 ὲκτυπώματα,

1988 3035 2169 3088 iubant
2199 3043 2381 3087 autem
2412 3033 2517 3085 illa:
2551 3031 2604 3084 in
2637 3029 2910 3100 superiori
2941 3038 3098 3099 parte
3129 3044 3388 3083 manuum
3427 3027 3542 3083 eili-

294 3127 650 3200 στεφανοειδῆ
686 3128 922 3199 φέροντα
939 3123 1160 3180 κύκλον.

359 3223 514 3277 Mica
547 3220 1013 3292 χυτρογαύλους.
1042 3213 1325 3286 Λουτῆρας
1352 3207 1733 3280 ἐπικειμένους
1748 3207 1866 3264 ταῖς

294 3311 536 3386 βάσεσιν,
579 3313 637 3365 ὲν
669 3311 724 3364 δὲ
755 3309 968 3372 τούτοις
1000 3307 1227 3360 ἔπλυνον
1285 3302 1356 3358 τὰ
1395 3303 1590 3372 ἱερεῖα,
1643 3299 1739 3352 καὶ
1797 3294 1868 3349 τὰ

292 3404 500 3460 τούτων
525 3402 700 3466 ἐντὸς,
731 3402 826 3456 καὶ
850 3401 976 3464 τοὺς
1006 3399 1195 3462 πόδας,
1221 3396 1297 3460 ὼς
1326 3397 1386 3450 ὲν
1425 3395 1548 3457 ταῖς
1599 3389 1870 3462 Παραλει-

300 3499 566 3570 πομέναις
593 3495 780 3566 φησίν.

367 3588 476 3643 Καὶ
497 3588 606 3652 τὰς
634 3583 851 3653 θερμὰς
878 3581 1058 3651 τρεῖς.
1093 3578 1314 3650 Θερμάς
1365 3575 1522 3630 καλεῖ
1577 3575 1700 3636 τοὺς
1746 3571 1870 3641 θερ-

305 3679 600 3748 μαντῆρας,
635 3679 692 3728 ὲν
712 3669 793 3737 οἷς
821 3675 882 3726 τὸ
913 3673 1058 3740 ὓδωρ
1081 3668 1402 3741 θερμαίνειν
1427 3665 1727 3733 εἰώθαμεν.

374 3851 452 3908 Τὰ
489 3849 628 3920 ἅγια
659 3846 857 3903 Δαϐἰδ.
887 3845 1066 3917 Ἀπερ
1093 3845 1158 3899 ὲκ
1188 3842 1297 3897 τῶν
1317 3839 1570 3911 πολέμων
1612 3836 1873 3908 ἀνέθηκεν

304 3938 612 4012 ἀκροθίνια.

377 4031 488 4086 Τὸν
514 4025 684 4084 οἷκον
702 4026 931 4096 δρυμοῦ
963 4021 1072 4079 τοῦ
1093 4022 1374 4080 Λιϐάνου.
1412 4016 1614 4074 Τοῦτον
1660 4015 1754 4070 τοῦ
1799 4015 1876 4068 δι-

305 4123 607 4196 καστηρίου
636 4119 908 4190 πεποίηκε
935 4117 1236 4190 πρόδομον.
1261 4109 1389 4184 Εῐχε
1440 4112 1498 4165 δὲ
1536 4109 1758 4172 στύλους
1786 4125 1876 4161 κε-

305 4217 516 4288 δρίνους
549 4217 681 4288 ρλεθ.
713 4211 878 4266 Ὅθεν
916 4209 1066 4274 είκδς
1093 4207 1256 4263 αὐτὸν
1280 4201 1429 4260 οἷκον
1454 4203 1723 4274 κληθῆναι
1752 4201 1878 4272 δρυ-

309 4309 412 4382 μοῦ
439 4307 534 4362 τοῦ
562 4306 820 4368 Λιϐάνου,
847 4303 937 4358 διὰ
964 4302 1024 4356 τὸ
1050 4301 1254 4372 πλῆθος
1279 4298 1390 4352 τῶν
1451 4296 1714 4368 κεδρίνων
1767 4294 1879 4349 κιό-

311 4419 414 4458 νων
448 4400 800 4472 μιμουμένων
835 4396 932 4450 τοῦ
964 4395 1198 4450 Λιϐάνου
1221 4392 1285 4447 τὺ
1306 4391 1488 4454 ἄλσος.

376 4492 566 4548 Πέντε
587 4491 686 4545 καί
709 4485 1164 4556 τεσσαράκοντα
1191 4487 1224 4538 ὁ
1252 4485 1463 4553 στίχος
1511 4484 1546 4536 ὁ
1587 4479 1695 4548 εἷς.
1751 4479 1880 4550 Τρί-

314 4598 482 4636 στωον
504 4577 593 4652 ἦν,
623 4579 853 4650 ἐχούσης
893 4577 1128 4650 ἑκάστης
1159 4575 1323 4638 στοᾶς
1345 4575 1506 4628 πέντε
1537 4573 1631 4627 καὶ
1677 4587 1878 4624 τεσσα-

317 4675 548 4747 ράκοντα
574 4673 778 4734 κίονας.
825 4669 937 4740 Τὴν
971 4668 1082 4738 γὰρ
1105 4665 1372 4738 τετάρτην
1401 4665 1563 4720 στοὰν
1627 4662 1880 4718 ἀπετέλει

313 4765 408 4820 τοῦ
430 4764 784 4836 δικαστηρίου
813 4767 882 4818 τὰ
903 4763 1236 4835 προπύλαια,
1276 4759 1420 4829 άπερ
1457 4758 1622 4828 φησιν
1673 4754 1876 4824 Αίλὰμ.

314 4861 379 4914 Δί
406 4859 466 4912 δὲ
497 4859 649 4912 στοαὶ
679 4857 935 4928 ἀλλήλαις
947 4855 1091 4910 κατὰ
1107 4857 1174 4908 τά
1189 4852 1336 4924 άκρα
1349 4851 1685 4921 συνήπτοντο
1713 4846 1873 4901 διά...

313 4967 462 5023 χωρα
491 4949 739 5021 ὲπίχωρα
767 4949 1028 5020 τρισσῶς.
1065 4948 1177 5011 Τὰς
1213 4945 1270 5000 δὲ
1303 4943 1464 5008 στοὰς
1496 4941 1726 4997 ἐκάλεσε
1783 4941 1880 5011 μέ-

315 5043 512 5114 λαθρα.

904 5131 1159 5197 ΚΕΦΑΛ.
1207 5131 1292 5184 H'.

389 5227 451 5280 Ἀ
468 5223 778 5291 ἐλάλησας
807 5223 877 5276 ἐν
899 5221 979 5288 τῷ
1007 5221 1260 5291 στόματι
1299 5236 1439 5283 σου,
1473 5220 1570 5274 καί
1626 5220 1695 5272 ἐν
1754 5217 1882 5282 ταῖς

318 5317 490 5387 χερσί
519 5331 636 5370 σου
655 5313 1035 5382 ἐπλήρωσας.
1106 5311 1486 5383 Ἀνθρωπίνως
1539 5312 1728 5383 φησὶν,
1773 5309 1878 5373 ὅτι,

318 5401 398 5470 οἷς
428 5402 608 5472 εἶπας,
640 5405 701 5458 τὸ
728 5406 904 5476 πέρας
953 5403 1254 5474 ἐπέθηκας.
1790 5412 1795 5418 ‘

388 5497 515 5550 ὀτι
536 5499 588 5550 ει
612 5493 850 5563 ἀληθῶς
877 5493 1222 5562 κατοικήσει
1250 5496 1282 5548 ό
1307 5492 1454 5558 Θεὸς
1477 5490 1628 5562 μετὰ
1655 5489 1880 5558 ἀνθρώ-

320 5602 448 5642 πων
474 5588 570 5642 ἐπὶ
601 5586 708 5656 τῆς
743 5586 876 5656 γῆς.
908 5587 1075 5640 Φύσιν
1100 5587 1258 5656 ἔχων,
1294 5586 1479 5656 φησὶν,
1506 5584 1880 5654 ἀπερίληπτον

316 5679 688 5754 χειροποίητον
715 5681 840 5734 ναὸν
875 5678 1307 5744 κατεσκεύασας,
1331 5679 1430 5731 ούκ
1469 5679 1528 5730 ἐν
1559 5677 1734 5747 τούτῳ
1772 5691 1878 5727 πε-

1967 3128 2102 3197 sies,
2133 3140 2256 3194 quze
2285 3124 2553 3178 circulum
2607 3136 2826 3176 coronae
2871 3121 3114 3176 similem
3160 3120 3544 3191 prazferebant.

2038 3215 2203 3270 Vens.
2248 3214 2337 3268 58.
2394 3213 2580 3268 Decem
2621 3228 2842 3284 magnas
2887 3213 3047 3266 ollas.
3106 3211 3276 3266 Labra
3325 3211 3549 3264 basibus

1969 3309 2247 3378 apposita.
2285 3305 2343 3361 In
2377 3307 2489 3362 illis
2532 3313 2714 3359 autem
2761 3304 3016 3359 victimas
3057 3305 3332 3364 lavabant.
3365 3309 3419 3356 et
3454 3319 3549 3370 pe-

1969 3402 2088 3468 des,
2122 3397 2584 3470 quemadmodum
2611 3397 2748 3452 liber
2776 3395 3238 3466 Paralipomenon
3268 3394 3426 3450 dicit.

2045 3575 2113 3630 Et
2163 3577 2378 3629 lavacra
2411 3576 2591 3630 calida
2637 3576 2763 3628 tria.
2813 3574 3083 3629 Thermas
3124 3580 3284 3626 vocat
3321 3572 3546 3634 lebetes,

1971 3673 2026 3722 et
2066 3667 2264 3729 ahena,
2312 3665 2366 3718 in
2405 3667 2607 3734 quibus
2657 3680 2858 3736 aquam
2912 3663 3213 3719 calefacere
3257 3661 3553 3717 consuevi-

1970 3769 2134 3812 musa

2043 3847 2205 3918 532
2256 3848 2459 3902 Sancta
2499 3846 2689 3902 David.
2744 3846 2950 3919 Spolia,
2998 3861 3120 3918 quae
3157 3845 3406 3900 hostibus
3455 3844 3552 3899 de-
3609 3889 3616 3896 .

1975 3948 2149 3992 tracta
2179 3941 2487 4009 suspendit.

2045 4029 2271 4084 Domum
2301 4030 2469 4086 saltus
2499 4030 2706 4085 Libani.
2731 4029 2883 4084 Hanc
2923 4030 3050 4086 fecit
3085 4029 3412 4086 vestibulum
3446 4028 3552 4084 fori

1971 4125 2476 4196 judicialisdrabuit
2514 4136 2695 4180 autem
2738 4124 3025 4180 columnas
3065 4124 3320 4180 cedrinas
3352 4138 3550 4176 cxxxv.

1979 4220 2134 4275 Unde
2165 4219 2446 4285 probabile
2491 4229 2577 4274 est
2615 4219 2836 4273 domum
2869 4220 3048 4274 saltus
3081 4218 3272 4272 Libani
3313 4218 3553 4288 appella-

1981 4321 2088 4364 tam
2123 4325 2268 4365 esse.
2303 4309 2438 4363 Nam
2465 4319 2686 4380 propter
2729 4310 3140 4365 multitudinem
3174 4309 3556 4364 columnarum

1983 4399 2332 4455 cedrinarum
2360 4400 2558 4455 saltum
2595 4400 2790 4454 Libani
2838 4399 3134 4455 referebat.
3225 4435 3228 4438 ~

2057 4490 2428 4561 Quadraginta
2455 4493 2683 4560 quinque
2711 4490 2842 4544 ordo
2875 4508 3033 4545 unus.
3058 4490 3276 4562 Triplex
3309 4493 3558 4562 porticus

1981 4587 2135 4644 erat;
2165 4579 2400 4634 habebat
2431 4587 2612 4636 autem
2641 4581 2896 4650 quaelibet
2925 4581 3288 4652 quadraginta
3318 4582 3559 4652 quinque

1983 4675 2308 4741 columnas;
2343 4688 2590 4746 quartam
2639 4677 2783 4731 enim
2817 4680 3092 4748 porticum
3138 4675 3240 4731 fori
3280 4677 3558 4746 jndicialis

1983 4766 2250 4819 vestibula
2290 4768 2434 4838 (quae
2473 4768 2715 4837 appellat
2744 4767 2921 4838 Elatn)
2958 4769 3350 4834 constituunt;
3383 4767 3558 4837 porti-

1983 4870 2082 4910 cus
2110 4866 2290 4910 autem
2329 4859 2560 4914 invicem
2601 4859 2654 4912 in
2705 4862 3018 4914 summitate
3057 4859 3552 4930 conjungebantur.

1983 4945 2238 5002 Porticus
2267 4955 2449 5003 autem
2473 4947 2739 5004 Melathra
2772 4952 3008 5005 vocavit.

2619 5129 2774 5184 CAP.
2827 5130 2960 5187 \‘Ill.
3447 5185 3455 5193 _

2056 5215 2224 5272 Vens.
2257 5219 2346 5274 15.
2390 5219 2523 5285 Qui:
2571 5221 2778 5278 locutus
2817 5241 2869 5277 es
2902 5225 2952 5278 in
2988 5241 3076 5278 ore
3112 5235 3222 5290 tuo,
3261 5235 3310 5279 et
3349 5227 3402 5280 in
3438 5243 3557 5280 ma-

1985 5309 2140 5364 nibus
2177 5312 2281 5365 tuis
2313 5313 2596 5381 perfecisti.
2619 5313 2872 5370 Humano
2895 5333 3046 5372 more
3067 5319 3219 5379 dicit,
3243 5321 3370 5388 quia
3401 5321 3562 5373 tinem

1990 5399 2122 5461 illis.
2161 5417 2283 5470 qua:
2307 5401 2522 5466 dixisti,
2556 5404 2885 5474 imposuisti.

2059 5493 2222 5548 Vens.
2265 5493 2356 5548 27.
2393 5494 2660 5560 Quoniam
2709 5499 2756 5552 si
2809 5515 2920 5553 rere
2958 5498 3216 5552 habitabit
3264 5496 3399 5548 Deus
3442 5513 3563 5549 cum

1986 5588 2282 5642 [tantiuibus
2338 5606 2492 5659 super
2538 5602 2756 5648 terram.
2817 5595 2952 5650 Cum
3006 5595 3149 5648 Deus
3198 5593 3318 5653 sis,
3362 5592 3562 5660 inquit,

1987 5687 2196 5733 natura:
2244 5667 2840 5754 incomprehensibilis,
2869 5688 2960 5758 qui
3001 5687 3150 5740 nullo
3185 5698 3450 5748 tempore.
3479 5683 3562 5740 vei
