3986 6218
336 286 471 354 1161
1300 284 1837 349 COMMENTARII

332 578 529 633 κείνων
554 578 604 655 ἡ.
619 577 879 636 Θάλαττα.

409 670 571 727 Sola
609 671 813 725 πολλὰ
857 670 1095 740 σφόδρα
1130 660 1452 739 adsumsi.
1495 670 1657 733 Ἴσως
1680 668 1750 723 τὰ
1781 668 1919 730 λεῖα,

334 761 433 816 καὶ
456 761 596 826 ὄζων
616 760 1037 834 ἀπηλλαγμένα.
1064 760 1372 834 Ἰώσηππος
1386 761 1442 815 δὲ
1463 760 1698 815 πεύκινα
1724 758 1920 823 ταῦτα,

337 857 497 925 φησι,
535 854 702 925 μηδὲν
727 857 841 919 τοῖς
871 854 1003 927 παρ’
1031 856 1166 925 ἡμῖν
1212 854 1433 908 ἐοικότα
1482 854 1789 917 πευκίνοις.
1814 851 1922 905 Τοῦ

338 944 556 999 συκίνου
583 954 609 982 ⁸
635 944 744 1016 γὰρ
778 944 940 1011 ξύλου
989 946 1082 1001 καὶ
1108 944 1412 1016 λευκότερα
1463 938 1629 1011 εἶναι,
1653 942 1751 1000 καὶ⁵
1784 941 1926 995 λειό-

334 1053 490 1108 τερα,
516 1038 612 1091 καὶ
640 1036 1041 1108 στρυφνότερα.

406 1121 521 1183 Καὶ
558 1126 810 1199 νάϐλας,
841 1127 943 1181 καὶ
972 1128 1240 1197 κινύρας.
1287 1127 1421 1180 Ἀνὰ
1445 1126 1582 1181 δέκα
1631 1126 1730 1198 μὲν
1765 1126 1926 1195 φθόγ-

338 1236 469 1287 γους
515 1217 633 1288 ἐχει
675 1216 884 1270 τούτων
923 1218 1208 1287 ἑκάτερον.
1265 1217 1404 1270 Φασὶ
1447 1215 1503 1268 δὲ
1547 1216 1648 1285 τὴν
1690 1216 1787 1287 μὲν
1827 1216 1924 1269 νά-

338 1307 473 1361 ϐλαν
504 1305 808 1372 δακτύλοις,
841 1304 938 1377 τὴν
969 1305 1025 1358 δὲ
1051 1302 1279 1378 κινύραν
1325 1302 1727 1379 ἀνακρούεσθαι
1787 1303 1927 1374 πλή-

344 1414 517 1470 κτρῳ.

408 1488 520 1544 Kal
558 1483 713 1556 ναῦς
732 1486 803 1542 ἐκ
830 1487 1052 1557 Θαρσὶς
1080 1487 1367 1557 χρυσίου.
1397 1486 1666 1541 Ἐνταῦθα
1702 1484 1925 1555 Ἰνδικήν

340 1583 462 1635 τινα
491 1578 675 1651 χώραν
703 1578 845 1633 οὓτω
888 1578 1198 1649 ὠνόμασεν.
1227 1579 1294 1631 0i
1314 1577 1372 1632 δὲ
1411 1578 1503 1632 τὸν
1542 1576 1807 1648 Ἰεζεχιὴλ
1829 1577 1924 1648 ἐρ-

346 1673 714 1744 μηνεύσαντες
742 1669 843 1743 τὴν
867 1671 1192 1742 Καρχηδόνα
1216 1670 1315 1738 τὴν
1339 1670 1439 1741 τῆς
1483 1669 1693 1741 Λιϐύης
1716 1685 1926 1740 προκα-

343 1763 587 1836 θημένην
624 1761 798 1826 οὕτως
830 1747 1146 1832 ὠνόμασαν.

929 1854 1184 1911 ΚΕΦΑΛ.
1235 1857 1341 1910 ΙΑ’.

433 1947 693 2017 Ἐθυμία,
726 1947 826 2001 καὶ
855 1946 1036 2001 ἔθυεν
1067 1947 1190 2012 τοῖς
1216 1947 1488 2013 εὶδώλοις
1505 1945 1724 2001 αὐτῶν.
1759 1945 1929 2016 Δῆλος

338 2041 369 2092 ὀ
389 2040 565 2108 λόγος,
588 2041 669 2094 ὅτι
693 2039 856 2103 αὐτὸς
875 2041 995 2110 μὲν,
1016 2039 1369 2110 ᾠκοδόμησεν
1392 2027 1583 2102 αὐταῖς
1607 2037 1678 2091 τὰ
1698 2036 1925 2108 τεμένη·

338 2132 545 2184 ἐκεῖναι
567 2131 646 2195 δὲ,
678 2133 790 2194 τοῖς
810 2129 1052 2194 είδώλοις
1074 2130 1388 2201 ἐλάτρευον.

422 2222 522 2275 Ἐκ
591 2220 794 2290 χειρὸς
849 2222 958 2277 τοῦ
985 2221 1120 2277 υἱοῦ
1154 2237 1272 2275 σου
1298 2222 1573 2290 λήψομαι
1608 2220 1825 2287 αὐχήν.
1852 2220 1925 2272 Σὺ

341 2314 440 2383 μὲν
471 2313 602 2384 γὰρ,
653 2313 845 2382 φησὶν,
899 2312 1045 2383 ἔχεις
1086 2311 1482 2383 ἐπικουροῦντα
1530 2312 1621 2365 τόν
1678 2310 1923 2382 πατέρα’

340 2406 547 2466 ἐκεῖνος
584 2404 663 2467 δὲ,
697 2404 972 2473 πατρικῆς
1003 2402 1257 2473 βοηθείας
1299 2401 1673 2472 γεγύμνωται.

408 2493 725 2562 Σκῆπτρον
742 2493 813 2547 ἓν
836 2492 1011 2555 δώσω
1024 2491 1105 2557 τῷ
1119 2491 1227 2557 υἱῷ
1252 2507 1389 2546 σου.
1416 2494 1457 2544 ll
1471 2491 1742 2562 ροσθήσω,
1768 2491 1925 2562 φησι,

337 2587 431 2639 τὸν
463 2586 727 2654 Βενιαμὶν
768 2586 836 2655 τῇ
894 2583 991 2637 τοῦ
1028 2583 1202 2636 Ἰούδα
1236 2583 1398 2655 φυλῇ.
1428 2582 1592 2636 Μάλα
1618 2583 1676 2635 δὲ
1701 2584 1927 2647 εἰκότως

342 2673 548 2744 συνῆψε
599 2673 700 2736 τὰς
751 2672 844 2726 δύο
890 2671 1091 2742 φυλάς.
1152 2672 1227 2725 Τὸ
1288 2671 1388 2742 μὲν
1448 2671 1559 2743 γὰρ
1609 2671 1924 2742 βασιλικὸν,

1913 286 2010 346 ΙΝ
2037 286 2183 345 LIB.
2217 287 2309 346 IlI
2340 286 2640 348 .REGUM.

331 393 583 459 Ἰνδικῆς.
630 391 988 464 Ὀνομάξουσι
1016 390 1073 445 δὲ
1094 391 1294 455 αὐτοὺς
1343 391 1667 463 Ὁμηρίτας,
1709 406 1913 444 καταν-

2043 389 2386 459 lomeritas.;
2428 400 2558 447 sunt
2604 408 2669 446 ex
2731 393 2962 450 adverso
3014 396 3391 453 Axomitarum
3426 439 3440 465 ,
3487 416 3599 455 me-
3704 436 3707 441 ι

332 487 493 557 τικρῦ
522 485 579 538 δέ
614 485 722 538 είσι
745 484 856 541 τῶν
919 483 1261 557 Αύξωμιτῶν
1283 523 1299 551 ,
1334 483 1472 557 μέση
1501 484 1558 537 δὲ
1593 482 1801 538 τούτων
1823 486 1922 538 κὰο
1969 484 1981 495 ’

3464 282 3601 352 1162

2027 482 2180 537 dium
2217 491 2400 540 autem
2427 484 2571 540 inter
2602 484 2732 540 illos
2761 499 2913 542 mare
2935 497 3036 543 est.

2100 666 2264 722 Vens.
2313 668 2396 722 l2.
2451 666 2623 739 Ligna
2678 673 2849 724 multa
2872 705 2887 734 ,
2922 669 3074 724 valde
3102 670 3340 724 edolata.
3377 671 3601 727 Fortas-

2027 762 2108 817 sis
2170 761 2386 832 polita,
2439 779 2469 817 a
2499 765 2705 835 quibus
2750 764 2888 819 rami
2921 764 3116 820 resecti
3168 762 3409 818 luerunt.
3443 761 3606 819 lose-

2025 850 2171 921 phus
2199 860 2383 908 autem
2407 855 2641 927 abiegna
2673 855 2791 910 haec
2850 861 3031 920 vocat,
3066 867 3190 923 quae
3225 853 3363 908 nihil
3425 854 3605 908 simile

2026 941 2267 1003 habeant
2313 959 2437 1000 cum
2471 948 2681 1003 nostris
2730 946 3005 1003 abietibus
3033 985 3048 1010 ,
3082 945 3243 1016 533
3279 946 3374 1002 sed
3405 945 3606 1002 licuan

2026 1033 2200 1102 magis
2232 1034 2376 1101 alba,
2404 1037 2678 1104 planiora,
2705 1046 2762 1093 et
2796 1036 3027 1091 duriora
3078 1036 3214 1091 sint.

2104 1124 2315 1180 Nablas
2360 1136 2411 1180 et
2451 1126 2714 1182 citharas.
2772 1125 3218 1197 Unumquodque
3252 1114 3469 1182 illorum
3520 1125 3608 1180 in-

2026 1226 2464 1277 strumentorum
2508 1219 2696 1276 decem
2736 1235 2906 1276 sonos
2935 1220 3150 1275 habuit.
3192 1217 3393 1275 Dicunt
3422 1229 3605 1276 autem

2027 1312 2253 1381 nab‘lum
2295 1312 2509 1384 digitis,
2541 1313 2813 1369 citharam
2878 1321 3060 1369 autem
3137 1312 3347 1384 plectro
3402 1317 3605 1368 tactam

2026 1419 2171 1460 esse.

2095 1495 2165 1550 Et
2200 1496 2352 1551 navis
2403 1496 2525 1550 auri
2570 1510 2635 1550 ex
2672 1483 3262 1569 Tharsis.'Regionem
3312 1497 3605 1568 quamdam

2026 1588 2197 1645 Indiae
2261 1589 2426 1645 isthic
2466 1590 2548 1645 sic
2603 1591 2863 1660 appellat.
2916 1590 3252 1662 Interpretes
3305 1588 3606 1646 Ezechielis

2026 1678 2435 1753 Carthaginem,
2467 1696 2590 1751 quae
2616 1679 2801 1753 Libyae
2833 1681 3066 1752 adjacet,
3103 1682 3183 1737 sic
3226 1683 3604 1738 nominarunt.

2683 1857 2837 1914 CAP.
2869 1857 2965 1914 XI.
3026 1889 3039 1901 -

2104 1938 2267 2005 Vnus.
2298 1947 2353 2003 8.
2382 1948 2671 2015 Adolebat,
2698 1959 2745 2005 et
2776 1952 3120 2022 sacri/itabat
3155 1952 3314 2008 idolis
3349 1955 3608 2023 ipsorum.

2028 2036 2221 2093 Oratio
2254 2040 2413 2109 plana
2445 2048 2574 2107 est,
2629 2039 2985 2099 Salomonem
3043 2044 3267 2114 quidem
3308 2046 3614 2102 :edillcasse

2032 2130 2168 2200 ipsis
2205 2130 2435 2185 delubra
2466 2174 2482 2198 ,
2514 2134 2665 2202 ipsas
2703 2148 2838 2189 vero
2871 2133 3033 2189 idolis
3063 2134 3432 2190 sacrlllcasse.

2011 2256 2029 2272 .
2102 2220 2267 2276 Vens.
2308 2222 2396 2276 l2.
2446 2226 2532 2277 Ex
2564 2239 2727 2277 manu
2757 2225 2860 2293 filii
2884 2225 2961 2278 tui
2992 2225 3252 2291 accipiam
3298 2224 3458 2280 illud.
3506 2224 3608 2288 Tn,

2029 2314 2198 2381 dicit,
2225 2314 2393 2370 habes
2431 2323 2663 2382 patrem,
2697 2318 2791 2386 qui
2817 2316 2914 2371 tibi
2968 2317 3288 2387 adiumento
3342 2317 3481 2384 fuit,
3522 2319 3613 2373 il’e

2031 2412 2213 2460 autem
2258 2406 2432 2477 patris
2463 2407 2676 2461 auxilio
2724 2408 3027 2463 destitutus
3056 2414 3161 2465 est.

2060 2563 2068 2569 _
2102 2492 2262 2548 Vnus.
2302 2495 2389 2548 15.
2416 2492 2700 2564 Sceptrum
2730 2510 2895 2549 unum
2917 2494 3056 2549 dabo
3080 2496 3195 2565 filio
3224 2507 3335 2553 tuo.
3371 2498 3606 2564 Addam,

2027 2584 2231 2655 inquit,
2266 2585 2471 2640 tribum
2502 2585 2789 2655 Benjamin
2859 2586 3028 2641 tribui
3077 2586 3232 2643 Judae
3265 2606 3280 2655 ;
3325 2599 3476 2645 recte
3510 2606 3611 2643 au-

2029 2684 2139 2732 tem
2169 2677 2308 2732 duas
2362 2678 2485 2732 illas
2519 2677 2701 2734 tribus
2743 2676 3053 2748 conjunxit.
3102 2678 3242 2735 Juda
3289 2681 3437 2735 enim
3482 2696 3612 2751 pro-

339 2759 484 2837 εἶχεν
513 2762 575 2817 τὸ
608 2761 700 2816 τοῦ
718 2761 889 2816 Ἰούδα
935 2763 1115 2833 γένος,
1187 2761 1284 2815 τὸν
1318 2761 1376 2815 δέ
1407 2762 1552 2814 θεῖον
1582 2760 1742 2825 νεὼν,
1773 2764 1807 2832 ἡ
1828 2761 1918 2815 τοῦ

2043 2767 2238 2837 sapiam
2284 2767 2488 2838 regiam
2542 2767 2773 2834 habuit;
2832 2768 3010 2825 tribus
3071 2779 3252 2826 autem
3323 2769 3610 2841 Benjamin

337 2854 621 2924 Βενιαμίν.

2049 2860 2311 2930 templum
2347 2856 2462 2912 Dei.

410 2946 611 3012 Ὅπως
642 2944 681 3012 ἡ
714 2944 982 3012 θέλησις,
1009 2944 1048 3012 ἡ
1071 2943 1152 3009 τῷ
1176 2942 1375 3008 δούλῳ
1401 2959 1522 3013 μου
1543 2940 1918 2998 Δαόιδ.Ἀνω-

2107 2950 2177 3006 Ut
2205 2952 2450 3006 voluntas
2474 2954 2611 3006 servi
2642 2953 2743 3006 mei
2773 2951 3251 3023 Darid.Cumjam
3279 2963 3458 3010 autem
3480 2969 3609 3026 proo

339 3040 453 3105 θεν,
491 3038 649 3107 φησὶ,
683 3037 922 3108 προϊδὼν
950 3038 1050 3110 τὴν
1083 3037 1179 3091 τοῦ
1210 3036 1375 3090 Δαὸὶδ
1410 3035 1634 3108 ἀρετὴν,
1672 3036 1918 3103 ἐξελεξά-

2043 3041 2288 3097 vidissem
2327 3040 2554 3098 Davidis
2599 3042 2889 3109 virtutem,
2919 3043 3094 3114 delegi
3151 3056 3314 3110 eum,
3364 3050 3421 3098 et
3461 3060 3612 3099 como

339 3147 448 3201 μην
481 3128 666 3190 αὑτὸν,
688 3128 786 3181 καὶ
821 3127 1093 3197 εὐδόκησα
1128 3127 1186 3182 ἐν
1224 3125 1395 3197 αύτῷ.
1429 3124 1601 3180 Τοῦτο
1631 3126 1741 3197 γὰρ
1769 3125 1918 3194 λέγει

2043 3130 2295 3199 placitum
2335 3138 2421 3186 est
2463 3130 2596 3185 mihi
2628 3131 2686 3185 in
2730 3147 2831 3199 eo;
2867 3132 2971 3187 hoc
3032 3132 3175 3188 enim
3244 3134 3482 3203 appellat
3518 3151 3611 3189 ro-

339 3219 576 3288 θέλησιν.
614 3217 725 3271 Καὶ
751 3217 929 3289 ὥρισα
958 3214 1140 3283 αὐτὸν,
1173 3218 1271 3270 καὶ
1307 3217 1369 3270 τὸ
1397 3216 1555 3285 γένος
1596 3217 1785 3283 αὐτοῦ,
1824 3218 1922 3289 βα-

339 3310 571 3366 σιλεύειν
600 3308 701 3382 τῆς
740 3302 1123 3382 Ἰερουσαλὴμ,
1182 3310 1241 3363 ἐν
1286 3302 1321 3382 ᾗ
1363 3309 1664 3381 ἐϐουλήθην
1691 3311 1752 3364 τὸ
1788 3311 1920 3381 ἐμὸν

334 3404 507 3476 δνομα
541 3402 819 3458 σέϐεσθαι.

409 3492 874 3563 Τεσσαράκοντα
926 3492 1057 3561 ἔτη.
1111 3491 1170 3545 '0
1222 3491 1282 3545 δὲ
1343 3491 1671 3562 Ἰώσηππος,
1728 3490 1919 3560 ὀγδοή-

336 3600 501 3638 κοντα
525 3585 641 3654 ἔτη,
670 3586 858 3654 φησιν,
910 3583 1233 3636 ἐϐασίλευσε
1281 3582 1553 3652 Σολομῶν,
1584 3585 1679 3636 καὶ
1708 3582 1921 3635 ἐτελεύ-

334 3684 498 3742 τησεν
525 3674 665 3726 ἐτῶν
690 3676 1019 3743 ἐνενὴκοντα
1045 3672 1356 3742 τεσσάρων;

938 3759 1190 3813 ΚΕΦΔΛ.
1210 3756 1312 3812 lB'.

400 3848 480 3911 ’Ἡ
504 3853 794 3923 μικρότης
823 3867 943 3921 μου
993 3848 1303 3919 παχυτέρα
1346 3850 1519 3903 ἐστὶν
1550 3848 1660 3918 τῆς
1686 3850 1918 3919 ὀσφύος

330 3943 442 4002 τοῦ
466 3943 691 4010 πατρός
714 3938 856 4011 ἱιου.
893 3942 982 3995 Ἐν
1017 3939 1527 4010 Παραλειπομέναις
1555 3938 1914 4010 σαφέστερον

341 4039 407 4093 ‘0
440 4014 824 4106 ,ϐραχύτατός
873 4049 993 4103 μου
1046 4031 1349 4098 δάκτυλος
1403 4031 1742 4101 παχύτερος
1806 4030 1918 4100 τῆς

321 4108 567 4199 ’ὀσφύος
586 4125 694 4181 τοῦ
724 4124 949 4194 πατρός
962 4122 1083 4192 μού
1100 4122 1293 4176 ἐστιν.
1318 4120 1475 4176 Οὕτω
1495 4122 1550 4175 δὲ
1589 4121 1684 4177 καὶ
1705 4126 1733 4177 ό
1750 4121 1916 4192 Σύρος

332 4222 660 4292 ἐρμήνευσε,
693 4217 789 4271 καὶ
826 4215 1163 4284 ἰὡσηππος.
1412 4206 1421 4213 ’

404 4310 532 4365 Ὀτι
567 4310 728 4379 παρὰ
762 4310 985 4379 Κυρίου
1010 4305 1164 4381 ἦηή
1208 4306 1616 4377 μεταστροφὴ.
1674 4308 1764 4371 Ὠς
1817 4308 1913 4372 τὸ,

2024 3220 2325 3288 luntatem;
2358 3227 2413 3275 et
2457 3222 2767 3289 constitui,
2820 3229 2879 3277 ut
2927 3222 3046 3292 ipse
3110 3231 3166 3279 et
3216 3239 3392 3297 genus
3438 3225 3610 3295 ipsius

2022 3311 2317 3384 regnarent
2345 3313 2766 3387 Hierosolymis,
2791 3314 2883 3371 ubi
2908 3315 3075 3381 volui,
3103 3324 3163 3371 ut
3195 3331 3402 3373 nomen
3426 3333 3607 3375 meum

2024 3404 2284 3474 religiose
2319 3404 2617 3460 coleretur.
2894 3400 2901 3409 ’

2092 3498 2254 3554 Vens:
2298 3497 2388 3554 42.
2425 3496 2795 3569 Quadraginta
2845 3501 3023 3554 armis.
3079 3494 3355 3571 Iosephus
3383 3494 3609 3575 autent,

2021 3586 2314 3660 Octoginta
2351 3624 2368 3653 ,
2419 3588 2619 3659 inquit,
2680 3590 2840 3646 annis
2888 3592 3140 3661 regnavit
3196 3591 3496 3661 Salomon,
3556 3602 3612 3649 et

2022 3678 2199 3745 obiit,
2250 3687 2411 3734 natus
2442 3683 2619 3734 annos
2647 3680 2945 3749 nonaginta
2988 3690 3251 3752 quatuor.

2657 3768 2809 3825 CAP.
2852 3771 2970 3825 ΧΠ.

2091 3858 2257 3915 Vens.
2302 3859 2388 3921 10.
2402 3860 2666 3915 Parvitas
2694 3877 2812 3917 mea
2837 3864 3073 3919 crassior
3118 3874 3198 3919 est
3242 3856 3419 3921 lumbo
3438 3871 3610 3938 patris

2022 3951 2145 4006 mei.
2175 3951 2236 4006 In
2266 3946 2405 4006 libro
2438 3950 2900 4022 Paralipomenon
2955 3953 3176 4024 planius
3220 3957 3426 4012 dicitur
3460 3976 3475 4013 :
3502 3940 3612 4013 .tli-

2021 4043 2195 4095 nimus
2227 4057 2370 4096 meus
2404 4042 2602 4110 digitus
2631 4043 2866 4098 crassior
2890 4053 2968 4099 est
3020 4046 3197 4102 lumbo
3264 4051 3436 4116 patris
3488 4051 3608 4104 mei.

2022 4129 2114 4186 Sic
2140 4132 2305 4188 etiam
2340 4131 2514 4204 Syrus
2542 4141 2595 4187 et
2628 4131 2902 4204 Iosephus
2931 4138 3283 4207 interpretati
3318 4148 3470 4195 sunt.

2083 4310 2243 4366 Vens.
2269 4312 2351 4367 15.
2381 4312 2520 4378 Quia
2540 4316 2655 4367 erat
2682 4317 2889 4370 aversio
2919 4333 2950 4370 a
2975 4310 3223 4372 Domino.
3245 4317 3611 4384 Quemadmo-

336 4424 356 4458 ι
402 4403 736 4473 Ἐσκλήρυνε
785 4402 991 4473 Κύριος
1023 4401 1120 4472 τὴν
1152 4400 1382 4471 καρδίαν
1422 4399 1643 4471 Φαραώ.
1686 4420 1705 4453 ι
1744 4401 1914 4454 Ὀταν

2043 4405 2144 4460 lum
2175 4406 2308 4462 illud
2341 4424 2398 4461 ει
2423 4407 2707 4463 lnduravit
2746 4404 3013 4469 Dominus
3034 4426 3131 4475 cor
3156 4408 3515 4469 Pharaonis»
3552 4412 3607 4468 Si

329 4495 440 4566 γὰρ
465 4495 495 4547 ὁ
522 4493 656 4556 Θεὸς
695 4493 1002 4565 καταλείπῃ
1044 4492 1191 4555 τινὰ,
1243 4492 1498 4562 καθάπερ
1531 4491 1741 4563 σκάφος
1785 4492 1922 4546 ἀκυ-

329 4587 594 4658 ϐέρνητον
626 4584 871 4656 φέρεται.
920 4583 1114 4646 Τοτς’δ’
1145 4578 1248 4641 οὖν,
1287 4583 1543 4653 ἀνοήτοις
1570 4583 1918 4655 χρησάμενος

327 4681 530 4749 λόγοις,
559 4678 916 4747 πληρωθῆναι
953 4675 1337 4748 παρεσκεύασε
1363 4676 1456 4729 τοῦ
1479 4675 1618 4730 Θεοῦ
1646 4677 1746 4748 τὴν
1781 4679 1916 4733 ἀπό-

327 4790 514 4842 φασιν.

399 4862 673 4931 Θυγάτηρ
718 4860 911 4925 Ἅνὰν,
973 4860 1108 4915 υἱοῦ
1169 4858 1365 4926 Νάας,
1417 4861 1726 4928 βασιλέως
1768 4863 1913 4918 υἱῶν

338 4954 591 5024 Ἀμμών.
640 4953 852 5011 Ἱκανὸν
876 4949 1034 5006 τοῦτο
1067 4951 1167 5022 τὴν
1206 4951 1475 5006 Ἰουδαίων
1506 4951 1783 5021 βασιλείαν
1822 4958 1910 5009 ὲν-

2028 4501 2172 4555 enim
2203 4499 2465 4562 Dominus
2501 4502 2735 4573 aliquant
2769 4501 3117 4571 deseruerit,
3148 4507 3608 4576 quemadmodum

2025 4593 2181 4648 navis
2208 4592 2573 4663 gubernatore
2608 4592 2875 4652 destituta
2935 4598 3349 4654 circumfertur.
3413 4600 3610 4656 Stultis

2024 4687 2192 4759 igitur
2239 4690 2592 4745 sermonibus
2649 4706 2822 4756 usus,
2871 4692 3051 4747 clTecit
3082 4701 3142 4746 ut
3180 4691 3274 4750 Dei
3329 4694 3611 4767 praedictio

2022 4777 2366 4844 impleretur.

2092 4862 2241 4922 Filia
2286 4869 2497 4935 Annan,
2531 4868 2635 4939 ﬁlii
2673 4870 2828 4925 Naas
2853 4911 2867 4936 ,
2912 4874 3045 4941 regis
3081 4874 3318 4942 ﬁliorum
3357 4874 3605 4930 Ammon.

2017 4961 2235 5017 .lustum
2267 4971 2450 5017 autem
2502 4969 2706 5017 eratut
2737 4977 2835 5033 per
2869 4963 2973 5016 hoc
3028 4978 3252 5034 regnum
3292 4964 3606 5021 Iudaeorum

322 5053 541 5124 τρέψαι,
571 5053 652 5105 ὅτι
702 5052 792 5105 ἐπ’
846 5050 1094 5120 εὐγενείᾳ
1146 5047 1534 5119 βρενθύονταιξ
1567 5050 1664 5105 καὶ
1691 5050 1817 5113 τοὺς
1849 5049 1908 5115 ἐξ

2043 5048 2494 5118 :onl‘underetur;
2559 5070 2684 5108 nam
2745 5064 2973 5128 propter
3029 5056 3373 5113 nobilitatem
3420 5075 3612 5129 super-

322 5144 490 5198 ἐθνῶν
518 5143 595 5213 τῷ
628 5142 845 5214 Σωτῆρι
876 5140 1327 5203 πεπιστευκότας
1362 5141 1671 5208 ἀλλογενεῖς
1703 5141 1901 5211 ὀνομά-

317 5235 525 5299 ζουσιν.
550 5234 879 5307 Εὑρίσκεται
911 5236 1021 5306 γὰρ
1069 5234 1249 5288 αὐτῶν
1282 5236 1375 5289 καὶ
1405 5236 1465 5289 τὸ
1496 5236 1776 5306 βασιλικὸν
1809 5238 1898 5305 γέ-

319 5345 406 5389 νος
431 5327 751 5395 ἀλλόφυλον.
1086 5339 1090 5344 “
1442 5376 1445 5379 .
1708 5368 1726 5397 ,

362 5419 474 5474 Καὶ
500 5419 763 5488 ἐξῆλθεν
778 5420 1076 5488 ’Ῑεροόοὰμ
1097 5420 1165 5484 ἐξ
1200 5421 1526 5491 Αἰγύπτου.
1560 5424 1649 5486 Δὶς
1665 5423 1731 5476 τὰ
1762 5424 1901 5476 αὐτὰ

2015 5144 2198 5211 biunt,
2239 5154 2295 5202 et
2340 5147 2463 5201 illos
2485 5146 2578 5216 qui
2625 5163 2688 5200 ex
2721 5147 2979 5217 gentibus
3022 5146 3301 5203 Scrt-atori
3355 5150 3613 5206 credide-

2003 5246 2156 5305 runt,
2186 5239 2527 5309 alienigenas
2556 5240 2854 5309 appellant.
2924 5238 3193 5297 Videmus
3249 5242 3393 5296 enim
3432 5252 3609 5311 genus

2007 5333 2220 5402 regium
2257 5331 2594 5401 alienigenas
2626 5332 2791 5387 etiam
2825 5332 3113 5389 habuisse.

2088 5422 2249 5477 Vens.
2294 5424 2379 5477 19.
2430 5423 2496 5477 Et
2527 5442 2771 5496 egressus
2822 5437 2897 5481 est
2934 5426 3227 5482 Jeroboam
3254 5442 3317 5481 ex
3346 5425 3597 5495 zEgyplo.

1590 5546 1829 5635 unus
1856 5577 2263 5636 LECTIONES.

409 5702 431 5730 θ
466 5689 542 5745 ita
574 5700 628 5745 et
664 5690 717 5742 in
755 5687 1006 5742 Lavateti
1045 5686 1234 5742 colice
1261 5685 1385 5740 fuit.
1427 5688 1540 5760 Ego
1568 5699 1750 5749 tamen
1784 5693 2072 5763 legendum
2101 5706 2351 5757 censeam
2391 5690 2668 5744 πευκίνου.

596 5782 873 5842 ΡΑτιιοι.
916 5782 1030 5842 GR.
1083 5780 1248 5840 LXX
1265 5778 1449 5841 XVII.

3177 5776 3246 5834 37
