3986 6218
336 277 361 340 1
381 279 530 377 Ῑβὸ.
1365 275 1772 336 COMMENTA
1781 275 1900 334 RII

2063 275 2210 336 LIB.
2249 275 2340 334 ΙΙΙ
2381 273 2672 335 REGUM.
3491 273 3624 337 1166

331 407 441 444 νυν
471 390 510 460 ἠ
545 387 920 459 προσηγορία,
957 387 1030 450 ὡς
1061 385 1154 440 τοῦ
1179 385 1483 457 πρεσϐύτου
1504 389 1784 462 προφήτου
1813 389 1905 442 πολ

2053 388 2320 460 propheta
2383 389 2468 442 vir
2499 387 2591 442 Dei
2631 397 2858 444 vocatus
2891 395 2996 452 est,
3039 389 3134 445 sed
3178 389 3268 460 qui
3325 390 3621 460 perfectam

331 477 701 548 τιμιώτερος
733 473 823 548 ἦν.
1559 473 1566 478 ’

2060 481 2316 536 virtutem
2343 479 2488 532 nacti
2517 487 2666 544 sunt,
2705 477 2940 548 Moyses,
2989 479 3160 541 Elias.
3191 486 3246 534 et
3277 480 3324 534 si
3351 480 3448 550 qui
3490 482 3625 535 tales

339 567 620 622 fuerunt.
692 567 982 642 Signiﬁcat
1053 571 1220 636 igitur
1284 570 1401 626 haec
1461 573 1792 643 appellatio,
1841 572 1988 628 hunc
2021 573 2200 628 virum
2253 585 2386 628 sene
2439 571 2534 626 Illo
2583 572 2850 642 propheta
2901 572 3074 628 multo
3135 571 3308 629 fuisse
3353 581 3644 644 ιιι-πειρον

347 655 598 712 liorem.
3089 663 3095 670 ’

925 741 928 744 λ
967 749 1220 806 ΚΕΦΑΔ.
1279 751 1378 804 IA'.

2697 745 2850 800 CAP.
2888 743 3029 802 XIV.

415 837 542 892 Kal
574 839 931 910 σύνδεσμος
965 840 1212 910 γέγονεν
1227 841 1298 894 ἐν
1325 839 1402 908 τῇ
1417 839 1514 910 γῇ.
1538 841 1694 895 Οῦτω
1729 843 1824 894 καὶ
1859 841 1955 892 ‘Ie-

2125 835 2290 892 Vens.
2325 835 2414 890 ‘IO.
2459 834 2524 890 Et
2553 837 2855 904 conjuratio
2889 836 2992 905 fuit
3027 837 3082 888 in
3112 843 3280 904 terra.
3325 837 3418 892 Sic
3464 839 3628 893 etiam

334 925 546 993 ζάϐελ,
580 929 679 982 τοῦ
728 929 931 1000 Ἰωρὰμ
997 929 1243 1000 μαθοῦσα
1272 929 1370 1001 τὴν
1421 931 1700 1002 τελευτὴν,
1739 931 1832 984 καὶ
1853 930 1908 999 τὴ

2058 923 2301 992 Iezabel,
2367 941 2491 980 cum
2543 925 2920 989 intellexisset.
2969 925 3114 995 quod
3167 926 3486 982 interfectus
3540 945 3632 982 es-

333 1013 488 1068 Ίόου
511 1015 824 1087 βασιλείαν,
849 1019 1066 1090 ἐϐόησε,
1092 1019 1417 1090 Σύνδεσμος,
1443 1019 1758 1089 σύνδεσμος·
1790 1035 1907 1072 τουτ

2053 1024 2136 1072 set
2187 1015 2396 1080 Joram,
2445 1023 2500 1070 et
2545 1013 2675 1070 Joas
2719 1023 3018 1083 regnaret,
3073 1017 3400 1072 exclamavit
3433 1035 3448 1071 :
3481 1019 3627 1074 Cou-

332 1103 525 1170 έστιν,
592 1105 921 1171 ἀποστασία,
950 1109 1044 1161 καί
1075 1107 1350 1176 τυραννίς.

2058 1105 2291 1176 spiratio
2317 1145 2332 1168 ,
2375 1105 2480 1158 hoc
2517 1113 2638 1166 est,
2673 1104 2910 1160 defectio
2951 1115 3005 1160 et
3039 1107 3329 1162 violentia.

409 1195 528 1260 Εις
553 1197 626 1249 τὸ
661 1197 900 1250 Θεκουὲ.
938 1197 1030 1252 Ἐν
1087 1195 1165 1268 τῷ
1225 1195 1439 1266 Δεξικῷ
1487 1195 1595 1248 τῶν
1638 1191 1942 1263 Ἑϐραϊκῶν

2111 1197 2174 1249 1η
2207 1195 2500 1250 Thecoe.ln
2534 1195 2871 1250 Dictionario
2897 1195 3165 1253 Ilebraico
3195 1201 3491 1268 exponitur
3509 1205 3631 1270 pal-

333 1282 648 1354 ὀνομάτων
676 1288 1038 1358 ἑρμηνεύεται
1062 1289 1181 1355 καὶ,
1209 1288 1578 1356 σαλπισμός.
1623 1286 1712 1350 Ἐξ
1747 1279 1823 1338 ὧν
1855 1285 1907 1338 δὲ

2055 1287 2200 1351 satio,
2233 1296 2286 1350 et
2315 1286 2532 1356 clangor
2581 1286 2851 1339 tubarum.
2883 1285 2964 1340 Ex
2999 1287 3110 1342 illis
3141 1304 3270 1342 vero
3291 1329 3306 1351 ,
3337 1305 3458 1359 qua:
3495 1291 3629 1344 liber

336 1378 548 1446 φησὶν,
572 1379 631 1431 ὲν
657 1379 1170 1450 Παραλειπομὲναις
1199 1377 1342 1433 ἔοικε
1377 1379 1590 1450 δηλοῦν,
1623 1377 1698 1442 ὡς
1732 1377 1910 1432 ἐδίδοτε

2053 1365 2496 1444 Paralipomenon
2525 1375 2708 1440 habet,
2730 1375 2946 1432 videtur
2971 1377 3285 1447 signiﬁcare
3305 1419 3318 1440 ,
3341 1381 3486 1448 quod
3517 1383 3627 1435 haec

331 1463 532 1520 ταῦτα
561 1471 676 1531 τοῖς
721 1469 821 1532 τὰς
855 1467 1026 1540 θύρας
1054 1469 1164 1522 τῶν
1214 1468 1504 1538 βασιλείων
1525 1467 1888 1538 φυλάττουσιν

2051 1464 2159 1520 lata
2181 1465 2292 1520 sint
2321 1465 2453 1529 illis,
2487 1466 2581 1534 qui
2629 1465 2776 1521 fores
2824 1467 2960 1537 regii
3015 1469 3199 1537 palatii
3243 1471 3625 1526 custodiebant

333 1557 645 1624 προϊόντος
674 1557 732 1611 δὲ
759 1557 854 1610 τοῦ
888 1557 1176 1628 βασιλέως,
1205 1559 1256 1610 οἱ
1291 1557 1389 1626 μὲν
1412 1557 1643 1622 τούτων,
1670 1555 1904 1630 ἡγοῦντο

2036 1557 2174 1612 Cum
2214 1571 2344 1612 vero
2377 1573 2474 1613 rex
2511 1557 2774 1626 prodiret,
2803 1559 3000 1614 borum
3033 1560 3198 1630 aliqui
3231 1565 3607 1631 praecedebant

333 1643 393 1696 οῑ
435 1645 524 1712 δὲ,
559 1647 919 1719 παρέτρεχον.
987 1647 1182 1702 Ἢνίκα
1206 1649 1264 1702 δὲ
1285 1647 1366 1710 είς
1393 1647 1488 1702 τὸν
1535 1647 1673 1700 νεὼν
1705 1645 1907 1718 παρεγί

2048 1660 2181 1710 eum,
2217 1647 2384 1716 aliqui
2419 1662 2550 1704 vero
2591 1649 2752 1717 juxta
2775 1655 3096 1706 currebant.
3143 1653 3374 1718 Quando
3407 1671 3537 1710 vero
3571 1660 3622 1710 in

335 1749 536 1802 νοντο,
564 1741 824 1808 ἀπήντων
860 1740 909 1792 οί
941 1739 1381 1810 ἀποστρέφοντες
1409 1738 1518 1792 ἀπὸ
1547 1738 1640 1792 τοῦ
1678 1739 1810 1791 ναοῦ
1835 1737 1906 1806 φύ

2049 1738 2300 1806 templum
2335 1739 2652 1804 veniebant,
2682 1742 3050 1796 occurrebant
3079 1743 3162 1797 eis
3195 1747 3484 1810 custodes,
3531 1752 3623 1818 qui

333 1821 544 1894 λακες,
575 1829 670 1882 καὶ
712 1829 957 1898 ἐδέχοντο
1002 1829 1174 1884 ταῦτα
1225 1829 1355 1898 παρ’
1389 1827 1590 1883 αὐτῶν.
1621 1829 1732 1882 Καὶ
1760 1827 1907 1882 mist

2048 1841 2068 1879 ι
2101 1828 2304 1896 templo
2335 1829 2708 1894 revertebant,
2737 1839 2794 1886 et
2842 1833 3188 1903 accipiebant
3217 1838 3334 1894 haec
3363 1840 3432 1894 ab
3469 1841 3622 1910 ipsis.

339 1919 708 1989 κατέχοντες,
746 1918 852 1990 πρὸ
899 1922 1000 1990 τῆς
1057 1919 1234 1988 πύλης
1291 1919 1612 1987 ἐστήκεισαν
1645 1917 1742 1970 τοῦ
1778 1915 1909 1970 ναοῦ

2051 1913 2381 1970 attrahentes
2434 1925 2564 1972 ante
2621 1925 2838 1986 portam
2889 1921 3074 1989 templi
3121 1925 3364 1990 stabant,
3409 1937 3469 1982 ut
3514 1930 3625 1985 lucc

347 1997 476 2059 ἶινσ.
492 2008 564 2060 τὰ
586 2007 686 2077 μὲν
708 2007 858 2066 ὅπλα,
880 2007 1040 2079 μείνῃ
1077 2006 1183 2076 πρὸ
1216 2007 1324 2058 τῶν
1355 2006 1558 2076 θυρῶν,
1597 2005 1648 2058 οι
1673 2006 1728 2058 δὲ
1759 2001 1921 2059 ταῦτα

2047 2017 2191 2056 arma
2222 2013 2350 2060 ante
2383 2004 2532 2062 fores
2556 2019 2866 2064 manerent.
2887 2011 2990 2076 Qui
3021 2023 3204 2068 autem
3233 2015 3325 2069 illa
3359 2018 3621 2083 ferebant,

338 2095 698 2164 κομίζοντες,
722 2095 818 2149 σὺν
839 2096 919 2166 τῷ
941 2094 1157 2164 βασιλεῖ
1175 2095 1265 2148 τὸν
1296 2095 1427 2148 Θεὸν
1460 2097 1912 2167 προσκυνήσωσιν

2051 2106 2168 2146 tum
2193 2108 2321 2162 rege
2357 2095 2526 2149 Deum
2603 2097 2939 2154 adorabant.
2987 2099 3281 2160 Probabile
3325 2109 3488 2164 etiam
3541 2119 3625 2164 est

339 2183 518 2248 Εἰκὸς
535 2185 594 2238 δὲ
627 2187 720 2240 καὶ
749 2181 896 2240 οἷκον
935 2186 1268 2256 γεγενῆσθαι
1301 2185 1408 2256 πρὸ
1435 2185 1544 2238 τῶν
1579 2185 1780 2256 θυρῶν,
1825 2185 1913 2238 ὦσι

2049 2178 2266 2234 domum
2294 2191 2422 2237 aute
2461 2183 2612 2240 fores
2649 2185 2844 2250 fuisse,
2877 2198 2938 2243 ut
2979 2203 3132 2244 arma
3161 2191 3424 2263 ferentes,
3469 2212 3623 2252 arma

337 2289 404 2327 τε
441 2277 576 2340 τοὺς
605 2278 944 2347 ὁπλοφόρους
973 2279 1090 2330 ἐκεῖ
1108 2277 1178 2328 τὰ
1195 2277 1336 2329 ὅπλα
1360 2274 1773 2329 κατατίθεσθαι.
1800 2314 1814 2327 .
1841 2312 1854 2328 .
1878 2313 1892 2326 .

2049 2273 2121 2328 ibi
2155 2281 2488 2342 reponerent
2516 2290 2532 2338 ;
2555 2276 2778 2344 quidam
2804 2277 3148 2336 hastatorum
3169 2286 3468 2342 satellitum
3497 2301 3623 2346 ante

337 2363 604 2435 ἐῴκεσαν
636 2403 651 2420 .
689 2405 703 2420 .
735 2405 750 2420 .
782 2367 892 2420 τῶν
918 2367 1238 2438 δορυφόρων
1271 2367 1417 2428 τινὲς
1452 2365 1911 2436 προλαμϐάνοντα

2047 2361 2300 2423 orabant.
2333 2371 2386 2416 et
2406 2371 2534 2448 ante
2559 2366 2820 2434 templum
2852 2369 3150 2442 adreutum
3179 2375 3320 2448 regis
3341 2381 3621 2448 praestola-

341 2457 712 2524 προσκυνεῖν,
763 2460 858 2508 καὶ
893 2455 1211 2524 περιμένειν
1265 2455 1372 2524 πρὸ
1401 2453 1495 2506 τοῦ
1529 2454 1654 2516 νεὼ,
1693 2469 1915 2522 παρατη

2048 2455 2272 2510 bantur.
2333 2455 2439 2521 Qui
2485 2457 2652 2512 etiam
2701 2459 3098 2520 deducentibus
3173 2481 3356 2538 regem
3427 2485 3621 2525 occur-

345 2546 581 2610 ροῦντες
611 2548 712 2616 την
735 2546 922 2614 ἄφιξιν
967 2544 1060 2598 τοῦ
1113 2545 1400 2614 βασιλέως.
1439 2545 1500 2598 Οἳ
1527 2545 1622 2597 καὶ¹
1659 2547 1770 2606 τοῖς
1808 2561 1919 2614 ττρο¹

2047 2555 2258 2612 rentes,
2295 2553 2349 2600 ct
2377 2562 2574 2604 manus
2609 2549 2943 2619 injicientes,
2981 2570 3132 2610 arma
3171 2559 3252 2613 eis
3291 2560 3618 2631 eripiebant.

319 2625 668 2710 ’πέμπουσιν
701 2637 864 2690 αὐτὸν
897 2621 1378 2722 προαπαντῶντες,
1405 2635 1499 2688 καὶ
1526 2637 1715 2707 χεῖρας
1744 2633 2105 2702 ἐπιτιθέντες,
2133 2636 2456 2708 ἀφώπλιζον
2495 2638 2716 2706 αὐτοὺς,
2771 2641 2846 2706 ὡς
2911 2647 3278 2712 συνεισιόντας
3329 2621 3410 2722 τέ)
3471 2653 3622 2722 βασι.

343 2709 458 2802 λεί,
484 2732 582 2786 καὶ
611 2731 934 2786 ἀπετίθεντο
973 2709 1150 2801 μέχρι.
1167 2731 1332 2786 πάλιν
1363 2731 1518 2798 ἐξίοι.

945 2825 1196 2878 ΚΕΦΑΛ.
1233 2822 1333 2879 IE’.
2445 2815 2448 2820 ’

2445 2815 2448 2820 ’
2671 2825 2824 2882 CAP.
2862 2827 2980 2884 XV.
3625 2893 3627 2896 ι

427 2912 556 2967 Ὅτι
577 2913 656 2978 τῷ
679 2913 860 2988 ραϐίὸ
877 2913 1135 2968 δέδωκεν
1155 2912 1316 2978 αὐτῷ
1336 2915 1550 2982 Κύριος
1563 2915 1931 2984 κατὰλειμμα

2111 2913 2278 2970 Vnus.
2305 2917 2358 2970 4.
2411 2915 2550 2981 Quia
2583 2929 2800 2986 propter
2829 2919 2998 2975 David
3021 2925 3164 2978 dedit
3183 2927 3232 2980 ei
3251 2927 3506 2985 Dominus
3535 2949 3620 2988 re-

347 3005 426 3060 ἐν
466 2987 880 3072 Ἰὲρουᾶαλήμέ
943 3004 1136 3056 Λίτίαν
1199 3004 1485 3068 ἀπέδωκε,
1535 3005 1602 3057 δι’
1649 3006 1716 3076 ῆν
1781 3005 1921 3066 ὄντες

2045 3005 2236 3072 liquias
2263 3007 2316 3060 in
2340 3005 2664 3062 Jerusalem.
2687 3009 2921 3066 Causam
2939 3015 3200 3082 ostendit,
3217 3029 3439 3088 propter
3459 3039 3619 3092 quam

347 3093 573 3156 ἀσεϐεῖς
602 3092 983 3155 ἐϐασίλευσαν,
1022 3092 1098 3156 ὼς
1133 3093 1201 3146 ἂν
1235 3093 1324 3146 διὰ
1354 3095 1445 3147 τὸν
1474 3095 1740 3166 πρόγονον
1784 3093 1921 3163 διαρ-

2049 3097 2209 3150 etiam
2231 3097 2378 3166 impii
2403 3113 2558 3168 reges
2595 3115 2824 3169 regnum
2856 3103 3238 3172 obtinuerunt,
3271 3123 3495 3180 propter
3525 3131 3623 3186 pa-

349 3186 638 3250 κέσαντες.
669 3185 777 3240 Τοῦ
803 3186 986 3256 μέντοι
1028 3185 1183 3240 Ἀϐία
1229 3185 1298 3244 τὰ
1353 3185 1568 3256 πρῶτα,
1603 3187 1712 3240 τῶν
1758 3187 1923 3256 Παρα-

2051 3195 2210 3248 trem,
2235 3197 2290 3240 et
2329 3193 2796 3258 pra'decessorem
2839 3195 3232 3263 perdurarunt.
3279 3199 3499 3257 Initium
3530 3185 3623 3260 re-

351 3276 693 3348 λειπομένων
734 3277 767 3346 ἡ
803 3275 984 3346 βίϐλος
1034 3275 1266 3346 ἐπῄνεσε
1299 3290 1312 3305 ·
1348 3275 1459 3329 τῶν
1501 3275 1559 3328 δὲ
1598 3274 1922 3328 τελευταίων

2053 3276 2146 3346 gni
2203 3275 2356 3332 Abite
2419 3278 2558 3334 liber
2599 3279 3060 3353 Paralipomenon
3113 3288 3460 3359 celebravit;
3499 3295 3623 3351 linis

237 3403 244 3418 .
353 3369 667 3442 συμφώνως
711 3371 822 3431 τοῖς
853 3367 948 3420 νῦν
996 3367 1395 3438 κατηγόρησεν.

2047 3367 2350 3432 similiter,
2415 3371 2876 3439 quemadmodum
2939 3376 3040 3432 hoc
3113 3379 3282 3446 loco,
3337 3383 3619 3454 vitupera-

1203 3477 1210 3482 -
2047 3465 2158 3509 tur.

431 3545 514 3602 Τὰ
540 3545 608 3598 δὲ
637 3545 854 3614 ὑψηλὰ
875 3545 988 3597 οὐκ
1009 3533 1247 3612 ἐξῆρεν.
1281 3539 1362 3592 Τὰ
1381 3539 1456 3610 τῷ
1471 3539 1590 3611 Θεῷ
1621 3541 1678 3592 ὲν
1712 3539 1939 3610 ὑψηλοῖς
1985 3595 1994 3602 _

2109 3543 2280 3598 Vens.
2322 3545 2409 3600 Η.
2445 3545 2673 3604 Excelsa
2728 3562 2905 3608 autem
2955 3571 3058 3610 non
3101 3561 3354 3616 sustulit.
3407 3565 3615 3622 Altaria

357 3637 696 3704 ἀνακείμενα
726 3635 1110 3704 θυσιαστήρια.
1159 3701 1170 3710 ⁸
1215 3711 1224 3718 Ι

2043 3633 2098 3686 iu
2133 3636 2374 3690 excelsis
2398 3647 2749 3696 constructa.

427 3727 610 3795 Δεῦρο
635 3766 650 3790 ,
686 3723 1094 3778 διασκέδασον
1123 3722 1240 3789 τὴν
1271 3721 1568 3790 διαθήκην
1591 3735 1730 3774 σου.
1751 3720 1938 3771 Κατα-

2113 3721 2282 3780 Vsus.
2317 3725 2402 3780 l9.
2433 3728 2564 3796 Age,
2597 3730 2802 3798 dissipa
2860 3737 3155 3803 pactionem
3189 3749 3354 3797 tuarn.
3405 3748 3617 3802 Relicto

356 3815 532 3873 λιπὼν
587 3815 679 3868 τὸν
709 3815 862 3878 Θεὸν,
897 3813 995 3883 τὴν
1021 3813 1128 3863 τῶν
1169 3811 1354 3881 Σύρων
1381 3809 1670 3882 ἠσπάσατο
1713 3825 1930 3878 cuppa-

2044 3810 2173 3876 Deo,
2193 3815 2510 3872 societatem
2535 3819 2788 3876 bellicam
2813 3823 3078 3893 Syrorum
3111 3833 3312 3900 cupide
3331 3850 3416 3888 am
3425 3839 3617 3906 plcxus

405 3907 512 3960 ίαν.

2035 3909 2143 3958 est.
3031 3921 3037 3934 ‘

361 3925 960 4062 χΜῖ’ὶῖέπτοίηοίενἈασὰ
1006 3992 1072 4045 τὸ
1093 3989 1364 4058 πονηρὸν
1383 3989 1638 4044 ἐνώπιον
1679 3988 1930 4056 Κυρίου.

2041 3925 2143 3958 σοι.
3031 3925 3038 3934 ³

2113 3993 2262 4048 Fecit
2284 3997 2396 4050 Asa
2429 3999 2628 4056 malum
2654 4019 2834 4059 coram
2877 4007 3009 4064 Deo.
3045 4009 3102 4066 Id
3130 4014 3347 4082 planius
3391 4021 3444 4075 in
3477 4021 3615 4076 libro

283 4159 286 4162 _
357 4087 700 4156 Σαφέστερον
723 4087 782 4138 ὲν
807 4083 1337 4154 Παραλειπομέναις.
1377 4080 1465 4134 Ἐν
1497 4081 1606 4179 γὰρ
1649 4082 1720 4150 τῇ

2037 4087 2502 4160 Paralipomenon
2531 4094 2782 4154 habetur.
2819 4098 2954 4156 Nam
2977 4103 3032 4158 in
3055 4079 3250 4162 morbo
3279 4127 3403 4178 suo,
3453 4115 3609 4179 dicit,

358 4175 506 4246 στίᾳ,
530 4175 716 4244 φησίν·
762 4192 780 4225 ι
803 4173 978 4226 Αὐτοῦ
1009 4171 1112 4226 οὐκ
1141 4171 1384 4268 “itaque,
1397 4170 1488 4224 τὸν
1519 4169 1754 4237 Κύριον.
1773 4169 1932 4224 Ἀλλὰ

2041 4179 2188 4238 ιΝοη
2225 4185 2484 4250 qumsivit
2501 4185 2814 4256 Dominum,
2837 4193 2934 4248 sed
2955 4197 3198 4253 medicos
3221 4200 3286 4256 “.
3301 4221 3319 4254 ι
3349 4169 3611 4263 Caeterum

309 4261 320 4272 ”
355 4266 754 4337 τοῢςιίατρούς.
787 4285 806 4318 ι
839 4265 950 4318 Καὶ
980 4265 1105 4327 τοὺς
1133 4261 1381 4332 ἐπῳδαῖς
1425 4261 1520 4316 καὶ
1573 4261 1876 4332 μαγγανεία

2038 4271 2310 4366 ἰΙΙοεδοιιὶ
2327 4276 2774 4366 incantamentis
2815 4291 2872 4339 et
2921 4287 3207 4346 venetlciis
3242 4295 3326 4348 usi
3353 4309 3500 4366 sunt,

359 4359 735 4428 κεχρημένους
776 4355 922 4410 οὕτω
981 4355 1158 4410 καλεῖ.
1201 4357 1270 4407 Ἢ
1298 4353 1468 4408 ὅτιτὸ
1501 4355 1607 4408 πᾶν
1641 4353 1930 4408 ἐπίστευσε

2040 4361 2294 4432 appellat.
2327 4364 2428 4420 Vel
2453 4369 2718 4434 ostendit,
2738 4372 2886 4440 quod
2909 4387 2970 4428 se
2991 4383 3164 4432 totum
3193 4381 3422 4439 medicis
3455 4353 3614 4443 corn:-

359 4453 472 4510 τοῖς
529 4451 756 4520 ἰατροῖς,
791 4448 888 4518 τὴν
943 4450 1024 4512 είς
1071 4447 1204 4502 Θεὸν
1237 4447 1338 4499 οὐκ
1371 4445 1510 4517 ἔχων
1535 4445 1725 4500 ἐλπίδα
1755 4446 1926 4516 δηλοῖ.

2037 4454 2264 4520 miserit,
2291 4471 2391 4512 nec
2425 4473 2578 4528 spem
2609 4459 2662 4515 in
2693 4461 2802 4519 Deo
2830 4467 3205 4524 collocaverit.
3225 4471 3358 4528 Nam
3388 4491 3453 4532 ex
3505 4480 3611 4534 Deo

370 4541 466 4594 Ἐκ
497 4539 632 4592 Θεοῦ
662 4539 772 4610 γὰρ
822 4541 919 4592 καὶ
945 4539 1154 4609 τέχναι,
1201 4539 1296 4590 καὶ
1353 4537 1592 4606 βοτάναι.
1631 4538 1740 4591 Καὶ
1789 4539 1929 4608 μετὰ

2037 4557 2166 4600 sunt
2195 4555 2346 4640 artes
2372 4559 2446 4640 _et
2473 4551 2658 4607 herbae
2690 4571 2706 4620 ;
2751 4563 2828 4618 et,
2888 4558 2936 4612 si
2975 4559 3081 4615 lide
3123 4561 3178 4616 in
3211 4564 3390 4634 ipsum
3435 4571 3611 4640 appli~

357 4633 458 4704 τῆς
506 4633 586 4696 είς
630 4631 794 4686 αὐτὸν
851 4632 1092 4695 πίστεως
1139 4629 1314 4686 ταῦτα
1365 4630 1508 4684 καλὰ
1549 4629 1931 4698 ὑπουργοῦντα

2039 4641 2254 4698 centur,
2281 4636 2578 4692 ad'bonum
2611 4640 2924 4700 inserviunt
2947 4645 3076 4715 illis,
3105 4651 3202 4719 qui
3231 4629 3396 4710 amici
3437 4629 3609 4728 ipsius

359 4725 473 4786 τοῖς
530 4725 894 4794 προσήκουσιν
937 4721 1084 4792 αύτῷ
1114 4739 1128 4753 ο
1193 4721 1362 4792 χωρὶς
1411 4721 1468 4774 δὲ
1511 4719 1752 4792 ταύτης,
1809 4719 1933 4773 ἀνό-

2039 4735 2168 4780 sunt
2213 4744 2226 4792 ;
2277 4731 2484 4802 absque
2535 4731 2626 4786 illa
2679 4734 3050 4806 ﬁdeinutiles
3094 4753 3221 4799 sunt
3272 4757 3325 4802 et
3356 4719 3613 4820 superre-

361 4827 518 4878 νητα.

2039 4831 2100 4868 ca
2111 4834 2243 4872 11θέ8.

391 4899 394 4902 ·
951 4897 1204 4968 usus.
1233 4899 1348 4964 ις’.
1403 4941 1410 4954 .

1403 4941 1410 4954 .
2634 4919 2790 4977 CAP.
2827 4923 2965 4980 XVI.

432 4987 538 5042 Kal
565 4987 810 5054 εἰσῆλθε
839 4989 1079 5057 Ζαμϐρ),
1111 4987 1208 5042 καί
1229 4987 1527 5052 ἐπάταξεν
1555 4989 1760 5042 αὐτόν.
1791 4991 1930 5054 Τοὺς

2112 4997 2277 5055 Vens.
2307 5003 2680 5076 IOJngressus
2699 5023 2778 5066 est
2805 5013 3042 5082 Sambri,
3073 5031 3120 5074 et
3151 5027 3413 5090 percussit
3469 5045 3607 5087 cuiu.

359 5074 631 5142 πονηροὺς
665 5073 772 5142 γὰρ
796 5073 862 5126 δι’
881 5075 1127 5144 αλλήλων
1155 5075 1184 5126 ό
1213 5075 1488 5144 Δεσπότης
1517 5073 1736 5139 κολάζει
1772 5077 1926 5144 Θεὸς,

2043 5091 2122 5144 Ad
2158 5094 2334 5149 malos
2375 5099 2520 5152 enim
2571 5106 2882 5170 puniendos
2927 5113 3088 5168 malis
3117 5117 3290 5172 utitur
3323 5117 3585 5177 Dominus

361 5163 452 5216 καὶ
476 5161 553 5233 τῷ
592 5165 938 5234 πονηροτέρῳ
971 5166 1060 5218 τὸν
1096 5165 1336 5236 πονηρὸν
1395 5165 1781 5236 παραδίδωσιν,
1819 5162 1929 5222 οἷόν

361 5267 458 5284 σι...
490 5251 702 5284 aunt...
729 5255 1066 5284 υρ...-.......ι....-
1086 5256 1268 5284 ...ἱ-..τρ

2049 5189 2082 5234 :t
2113 5184 2313 5284 malum
2347 5188 2516 5256 peiuri
2547 5195 2748 5258 tradit,
2791 5209 2844 5252 et
2875 5203 3040 5256 veluti
3095 5209 3452 5266 carniﬁcibus
3499 5215 3623 5284 qui-

359 5267 464 5304 τισι
490 5251 702 5322 δημίοις
729 5255 1066 5324 κεχρημένος
1083 5256 1286 5318 αὐτοῖς.

1083 5256 1286 5318 αὐτοῖς.
2027 5269 2255 5326 busdam
2283 5275 2418 5344 ipsis
2446 5281 2641 5336 utitur.

433 5343 541 5397 Τοῦ
565 5346 784 5412 Κυρίου
807 5345 911 5398 τοῦ
939 5347 1116 5414 ὄρους
1133 5347 1428 5414 Σομόρων.
1463 5345 1594 5400 Ἀπὸ
1615 5347 1708 5400 τοῦ
1741 5347 1886 5418 Σεμὴ
1895 5367 1926 5419 ρ

2037 5445 2051 5448 μ
2094 5355 2252 5426 535
2290 5360 2500 5418 Domini
2551 5375 2742 5426 montis
2803 5375 3084 5437 Somaron.
3123 5387 3166 5439 A
3217 5387 3408 5446 Semcr
3456 5409 3611 5448 mons

356 5433 418 5485 τὸ
449 5433 575 5503 ϐρος
607 5433 808 5505 ἐκλήθη
847 5435 1123 5507 Σομόρων.
1145 5437 1276 5490 Ἀπὸ
1299 5437 1354 5490 δὲ
1372 5437 1464 5491 τοῦ
1500 5437 1680 5508 ὅρους,
1705 5440 1738 5508 ἡ
1773 5437 1925 5504 πόλις

2043 5445 2292 5504 Somoron
2333 5456 2638 5524 app-lituus
2669 5475 2774 5518 est.
2807 5469 2846 5520 Α
2893 5481 3078 5528 monte
3143 5491 3270 5530 vero
3321 5479 3453 5534 urle
3512 5481 3617 5538 Sai-

389 5611 500 5666 “ll
539 5611 714 5668 Paral.
759 5629 867 5678 xw,
911 5613 991 5667 l2.
