3986 6218
403 224 535 285 “67

400 335 594 400 maria,
617 347 737 405 quae
761 350 907 389 nunc
941 336 1169 391 Sebaste
1216 336 1544 407 appellatur,
1563 337 1618 392 in
1643 353 1750 409 qua
1779 339 1965 396 decem

2085 343 2373 414 Σαμάρεια,
2410 347 2443 415 ἡ
2502 343 2597 398 νῦν
2639 343 2887 413 Σεϐάστη
2954 337 3562 415 προσαγορευομένη.
3619 337 3707 389 Ἐν

397 428 639 482 tribuum
671 426 821 494 regia
852 436 1006 495 erat;
1050 443 1174 482 cum
1199 437 1379 483 autem
1423 429 1526 498 ipsi
1549 429 1604 503 in
1638 430 1961 485 servitutem

2085 428 2211 507 ᾗπερ
2245 431 2314 507 ἦν
2337 436 2444 490 τῶν
2497 435 2628 488 δέκα
2661 434 2843 504 φυλῶν
2873 433 2939 486 τὰ
2967 420 3263 503 βασίλεια.
3318 427 3706 498 Ἐξανδραπο-

2064 526 2684 593 δισθεισῶνδὲτούτων,
2724 525 2820 580 καλ⁵
2862 519 2963 595 τῆς
3011 527 3114 595 γῆς
3164 519 3428 590 ἐκείνης
3490 520 3705 589 ἐρήμου

354 567 372 582 ,
397 518 612 588 abrepti
641 524 855 585 essent,
886 526 939 574 et
978 527 1128 573 terra
1174 518 1265 573 illa
1304 523 1451 574 esset
1510 527 1747 583 vastata,
1804 532 1962 589 reges

397 609 746 678 Assyriorum
777 611 916 665 alios
951 610 1161 664 incolas
1221 610 1273 663 in
1331 610 1429 665 has
1471 618 1656 680 partes
1702 609 1965 663 traduxe-

397 705 697 769 runtquos
730 715 760 755 a
790 699 1037 755 Samaria
1074 700 1458 757 Samaritanos
1494 702 1778 757 vocabant.

466 876 636 933 Vens.
658 878 747 933 M.
772 876 839 932 In
871 879 1003 934 libro
1031 879 1300 934 verborum
1336 880 1538 935 dierum
1565 896 1741 951 regum
1770 881 1962 937 Israel.

396 967 651 1027 Praesens
698 971 1023 1040 historicus,
1064 982 1114 1028 et
1145 975 1238 1043 qui
1289 974 1460 1030 libros
1503 972 1964 1045 Paralipomenon

397 1062 750 1137 conscripsit,
805 1078 871 1118 ex
916 1064 1029 1119 illis
1084 1064 1246 1118 libris
1293 1064 1568 1119 scribendi
1616 1064 1965 1121 occasionem

399 1149 712 1205 habuerunt
740 1167 757 1218 ;
788 1153 974 1206 omnia
1004 1152 1153 1207 enim
1182 1153 1682 1222 consignabantur.

470 1241 540 1295 Et
580 1252 769 1311 pactus
818 1253 896 1297 est
943 1242 1228 1312 Iosophat.
1298 1243 1585 1298 Contraxit
1647 1244 1964 1299 atlinitatem

396 1330 682 1401 .losaphat,
728 1332 1189 1402 quemadmodum
1243 1334 1297 1387 in
1337 1333 1475 1387 libro
1514 1331 1965 1403 Paralipomenon

399 1428 598 1475 exstat.

466 1511 634 1567 Vens.
686 1513 776 1567 52.
835 1512 1080 1569 Serviunt
1125 1514 1282 1569 Baal.
1315 1513 1609 1585 Tyriorum
1666 1513 1770 1569 iste
1823 1513 1968 1569 Deus

399 1604 521 1669 fuit,
559 1612 631 1673 ut.
660 1603 797 1662 dicit
845 1603 1168 1676 Josephus;
1208 1607 1427 1661 Astarte
1470 1613 1650 1659 autem
1705 1602 1966 1683 Sidonio-

397 1715 543 1754 rum.
598 1697 737 1754 Huic
799 1701 967 1755 etiam
1004 1700 1159 1755 lucos
1222 1701 1565 1770 plantarunt.
1617 1698 1711 1753 Est
1780 1710 1962 1755 autem

399 1789 615 1843 Astarte
672 1788 883 1853 eadem,
924 1802 1048 1858 quae
1088 1786 1232 1857 apud
1271 1786 1490 1843 Graecos
1514 1787 1717 1842 Venus.

1045 1874 1199 1930 CAP.
1233 1872 1393 1931 Χνιιζ

472 1965 637 2023 Vens.
669 1968 721 2021 l.
756 1966 854 2023 Cui
883 1967 1035 2021 astiti
1073 1982 1255 2021 coram
1281 1982 1341 2021 eo
1368 1967 1547 2042 hodie.
1581 1967 1702 2022 Non
1740 1969 1967 2023 metitur

402 2068 617 2128 tempus
663 2072 929 2128 prasens,
981 2060 1077 2114 sed
1135 2059 1294 2129 quasi
1338 2060 1582 2129 quotidie
1628 2060 1969 2115 constituens

400 2150 637 2216 initium,
679 2150 832 2206 dedit
865 2166 1089 2222 cperant
1121 2159 1183 2206 ut
1218 2151 1326 2205 Deo
1380 2153 1639 2221 placeret,
1676 2160 1753 2217 et,
1789 2161 1850 2207 ut
1889 2152 1967 2207 illi

403 2242 645 2312 seipsum
678 2243 943 2297 mundum
982 2241 1153 2297 corde
1170 2243 1465 2311 praeberet,
1491 2249 1545 2297 et
1569 2250 1879 2312 promptum
1900 2240 1964 2295 ad

404 2334 767 2389 obediendum
803 2334 1068 2388 voluntati
1103 2334 1300 2403 ipsius.
1590 2387 1594 2391 .

476 2422 601 2478 Nisi
629 2440 723 2493 per
749 2440 807 2477 os
834 2424 1091 2478 sermonis
1113 2425 1234 2487 mei,
1267 2432 1375 2478 etc.
1404 2424 1505 2490 Qui
1538 2425 1718 2479 omnia
1743 2423 1966 2486 audent,

405 2516 552 2571 illam
601 2498 792 2571 vocem
826 2514 962 2570 Elite
1016 2515 1284 2571 audacem
1330 2524 1386 2569 et
1441 2516 1789 2569 temerariam
1843 2531 1969 2572 esse

406 2608 687 2662 dixerunt.
703 2606 979 2678 Propheta
994 2607 1141 2662 enim
1165 2616 1377 2671 erat,et
1398 2622 1647 2661 summus
1675 2608 1819 2661 inter
1844 2623 1969 2678 pro-

406 2703 621 2770 phetas,
642 2709 696 2758 et
718 2701 908 2757 divino
924 2702 1043 2757 zelo
1079 2715 1371 2757 accensus.
1400 2703 1576 2770 Atque
1596 2704 1712 2756 htec
1729 2702 1969 2772 impulsu

410 2791 651 2861 Spiritus
688 2792 863 2848 sancti
908 2790 1159 2863 protulit,
1198 2793 1343 2846 unde
1376 2806 1536 2845 suum
1589 2792 1755 2846 etiam
1803 2808 1970 2847 even-

411 2889 527 2935 tum
558 2881 895 2938 habuerunt.
1134 2874 1147 2883 ’
1596 2870 1603 2877 ’

1683 226 2034 288 PROCOPII
2074 228 2314 291 GAZzEI

3566 221 3703 289 1168

2064 619 2462 689 γεγενημένης,
2496 620 2547 672 οἱ
2575 618 2684 672 τῶν
2731 614 3034 686 ’Δσσυρίων
3090 610 3385 683 βασιλεῖς
3435 607 3703 672 ἐποίκους

2065 710 2143 771 εἰς
2171 709 2373 772 ταύτας
2398 708 2731 779 ἐξέπεμψαν,
2756 706 2850 768 οὓς
2879 707 2944 759 ὲκ
2969 705 3070 776 τῆς
3094 700 3473 774 Σαμαρείας
3509 699 3702 769 Σαμα-

2067 797 2252 869 ρείτας
2288 797 2598 869 ὠνόμασαν.
3409 838 3423 851 .

2137 888 2269 943 Ἐπί
2284 890 2530 955 βιϐλίου
2549 890 2750 958 λόγων
2764 883 2882 940 τῶν
2915 883 3161 954 ἠμερῶν
3193 882 3342 937 τῶν
3367 880 3703 946 ,βασιλέων

2078 981 2346 1050 Ἰσραήλ.
2396 978 2496 1034 Ἐκ
2522 978 2631 1032 τῶν
2655 977 2933 1042 τοιούτων,
2966 976 3062 1030 καὶ
3088 975 3118 1027 δ
3144 970 3387 1043 παρὼν
3447 986 3699 1041 συγγρα-

2067 1073 2221 1143 φεὺς,
2259 1073 2355 1127 καὶ
2381 1075 2410 1126 ὁ
2435 1073 2546 1126 τῶν
2570 1069 3090 1142 Παραλειπομένων,
3128 1066 3332 1138 ἔσχον
3371 1064 3486 1127 τὰς
3520 1065 3696 1133 ἀφορ-
3794 1098 3801 1106 .

2070 1164 2178 1235 μάς
2197 1179 2214 1196 ο
2235 1163 2413 1218 πάντα
2438 1161 2548 1233 γὰρ
2575 1160 2964 1231 συνεγράφετο.

2135 1256 2246 1312 Καὶ
2298 1256 2589 1312 συνέθετο
2646 1249 2955 1321 Ἰωσαφὰτ.
3012 1247 3381 1304 Ἠσπάσατο
3452 1244 3560 1299 τοῦ
3602 1244 3691 1299 Ἂ-

2068 1347 2212 1419 χαὰὸ
2243 1346 2342 1419 τὴν
2397 1345 2741 1415 συγγένειαν,
2771 1342 2849 1408 ὡς
2874 1343 2933 1396 ὲν
2980 1338 3558 1412 Παραλειπομέναις
3585 1354 3689 1407 φη-

2068 1440 2174 1495 σίν.

2135 1529 2244 1585 Kai
2273 1529 2603 1583 ἐδούλευσε
2623 1526 2703 1593 τῷ
2723 1525 2909 1581 Βαάλ.
2931 1520 3143 1594 Τυρίων
3187 1511 3379 1584 οὗτος
3429 1518 3580 1584 θεὸς,
3616 1516 3682 1582 ὡς

2069 1616 2225 1674 εἷπεν
2266 1620 2603 1689 Ἰὠσηπποςο
2638 1619 2672 1687 ἡ
2707 1613 3092 1684 δὲἈστάρτη,
3123 1610 3438 1664 Σιδωνίων
3464 1626 3481 1641 ’
3515 1606 3681 1678 ταύτῃ

2071 1710 2162 1763 καὶ
2190 1707 2259 1761 τὰ
2292 1707 2431 1777 ἄλση
2465 1703 2833 1759 συνετίθεσαν.
2864 1699 3139 1769 ’Δστάρτη
3174 1696 3245 1750 δέ
3274 1698 3445 1749 ἔστιν
3500 1696 3537 1765 ή
3559 1691 3682 1763 παρ’

2070 1799 2327 1869 Ἕλλησιν
2361 1797 2672 1869 Ἀφροδίτη.

2658 1888 2910 1943 ΚΕΦΑΛ.
2941 1886 3040 1943 ΙΖ¹.
3097 1904 3107 1913 ”
3629 1925 3637 1932 -

2137 1976 2214 2053 *ῼ
2233 1978 2581 2050 παρέστηκα
2600 1977 2857 2033 ἐνώπιον
2892 1978 3080 2033 αὐτοῦ
3112 1974 3439 2057 σήμερον.
3480 1973 3556 2028 Ού
3578 1989 3665 2043 μευ

2068 2076 2186 2146 τρεῖ
2208 2076 2298 2127 τὶν
2325 2072 2587 2143 παρόντα.
2620 2070 2736 2123 ἀλλ’
2754 2069 2829 2133 ὡς
2854 2069 2942 2124 ἀεὶ
2968 2067 3484 2137 καταϐαλλόμενος
3504 2064 3670 2134 ἀρχὴν

2069 2163 2191 2219 καθ’
2224 2164 2442 2233 ἡμέραν
2493 2158 2824 2212 ἐσπούδασεν
2877 2159 3196 2228 εὐαρεστεῖν
3229 2155 3320 2225 τῷ
3382 2152 3528 2223 Θεῷ,
3581 2148 3665 2203 καὶ

2072 2254 2343 2325 παριστᾷν
2367 2252 2555 2304 ἑαυτὸν
2604 2249 2849 2319 καθαρὸν
2867 2248 2964 2315 τὴν
2987 2247 3255 2318 καρδίαν,
3307 2247 3432 2298 ἓτοι
3443 2260 3547 2313 μον
3572 2243 3664 2294 ii:-

2071 2344 2291 2400 ακούειν
2320 2342 2398 2412 τῷ
2431 2341 2730 2412 βουλήματι
2763 2339 2857 2392 τοῦ
2880 2337 3036 2391 Θεοῦ.
3502 2322 3512 2331 ’

2138 2437 2283 2491 Ἐὰν
2311 2435 2390 2502 μὴ
2409 2434 2506 2488 διὰ
2527 2433 2715 2501 λόγου
2739 2430 3033 2499 στόματός
3058 2445 3205 2497 μου.
3235 2427 3308 2480 Οί
3343 2425 3527 2478 πάντα
3553 2420 3661 2473 τολ-

2074 2530 2301 2601 μῶντες,
2352 2526 2448 2594 τὴν
2479 2522 2660 2577 Ἠλιοῦ
2719 2519 2899 2591 φωνὴν
2928 2517 3211 2589 τολμηρὰν
3282 2516 3691 2585 ἀπεφήναντοοσ

2072 2621 2360 2692 προφήτης
2385 2618 2493 2689 γὰρ
2521 2610 2612 2688 ἦν,
2634 2614 2730 2667 καὶ
2757 2610 3052 2685 προφητῶν
3070 2610 3293 2680 ἄκρως,
3321 2607 3424 2661 καὶ
3439 2606 3515 2676 τῷ
3538 2602 3653 2671 θείῳ

2074 2709 2518 2780 πυρπολούμενος
2568 2703 2734 2776 ζήλῳ.
2786 2703 2896 2755 Καὶ
2945 2700 3118 2754 ταῦτα
3150 2700 3256 2753 τοῦ
3310 2698 3466 2752 Θείου
3494 2692 3649 2747 Πνεύ-

2077 2816 2244 2870 ματος
2292 2795 2643 2867 ἐνεργοῦντος
2691 2793 2933 2866 εἴρηκεν,
2998 2790 3122 2845 ὅθεν
3178 2790 3286 2844 καὶ⁵
3343 2787 3521 2857 πέρας
3549 2780 3646 2836 ιδι-

2075 2888 2221 2953 ξατο.
3042 2892 3051 2895 ’

477 2974 646 3028 Vens.
683 2976 737 3031 6.
777 2973 841 3029 Et
870 2977 1016 3029 corvi
1037 2974 1274 3044 ferebant
1304 2975 1351 3027 ei
1386 2990 1570 3042 panes.
1609 2973 1673 3027 Et
1696 2973 1973 3044 quomodo

2086 2940 2124 2953 Γ
2146 2940 2252 3028 kal
2274 2974 2328 3026 οί
2366 2974 2618 3041 κόρακες
2649 2972 2867 3040 ἔφερον
2926 2970 3087 3035 αὐτῷ
3110 2969 3367 3038 ἄρτους.
3400 2940 3641 3058 Rabirii»;

410 3065 584 3131 legem
626 3080 735 3118 non
770 3073 1157 3135 transgressus
1204 3073 1288 3119 est
1311 3078 1409 3133 per
1447 3078 1603 3118 avem
1635 3064 1973 3118 immundam

414 3153 699 3207 nutritus?
736 3152 874 3217 Quia
924 3154 1041 3223 ipse
1089 3153 1373 3221 legislator
1418 3166 1516 3222 per
1548 3166 1749 3207 corvos
1788 3153 1973 3207 cibum

414 3242 519 3309 ipsi
552 3241 762 3303 attulit,
797 3241 1265 3309 quemadmodum
1298 3241 1391 3295 ille
1421 3240 1710 3310 pollicitus
1739 3248 1846 3306 est,
1879 3244 1975 3311 qui

414 3332 574 3386 docet
609 3329 783 3402 legem
813 3339 1037 3400 propter
1068 3331 1385 3385 Iudaeorum
1416 3331 1792 3385 infirmitatem
1824 3334 1975 3401 posi-

414 3431 527 3476 tam
557 3437 700 3478 esse.
735 3421 919 3488 Quare
957 3423 1073 3492 ipse
1097 3422 1400 3492 aliquando
1430 3433 1622 3479 contra
1677 3422 1849 3501 legem
1889 3425 1976 3478 fa-

413 3528 541 3569 cere
595 3513 876 3582 praecepit.
915 3512 1092 3568 Veluti
1138 3513 1195 3567 in
1242 3513 1528 3569 obsidione
1558 3512 1800 3576 Iericho.
1855 3530 1979 3584 quae

415 3602 663 3662 Sabbato
693 3605 836 3659 facta
877 3613 988 3669 est,
1020 3612 1075 3659 et
1109 3620 1258 3659 nunc
1286 3620 1382 3675 per
1407 3620 1605 3661 corvos
1644 3607 1819 3661 Eliam
1848 3622 1975 3679 pas-

415 3708 588 3758 cens;
622 3693 918 3764 aliquando
940 3708 1073 3748 vero
1091 3693 1238 3757 illos,
1274 3695 1369 3763 qui
1412 3693 1792 3764 hujuscemodi
1840 3712 1980 3766 prae-

382 3797 575 3855 .cepta
606 3785 939 3856 transgressi
973 3793 1127 3850 sunt,
1160 3800 1268 3840 non
1319 3785 1690 3853 reprehendit.
1742 3787 1977 3856 SamSon

412 3877 558 3931 enim
610 3884 837 3947 propter
894 3865 1221 3930 ebrietatem
1277 3885 1332 3929 et
1377 3876 1727 3931 immodicam
1789 3878 1978 3934 libidi-

414 3980 539 4022 nem
574 3968 824 4035 privatus
852 3973 938 4021 est
976 3967 1154 4032 gratia
1195 3963 1289 4019 Dei
1313 3982 1342 4033 ~;
1403 3965 1679 4029 sed,‘cum
1727 3983 1793 4023 ex
1824 3985 1978 4025 mor-

415 4064 512 4112 tuo
566 4058 724 4112 leone
767 4057 870 4112 met
911 4052 1165 4112 silvestre
1196 4059 1561 4123 comedisset,
1587 4062 1979 4131 reprehensio-

414 4162 539 4202 nem
581 4150 689 4200 non
744 4146 1003 4211 incurrit,
1049 4157 1103 4202 et
1156 4147 1479 4203 accedentes
1535 4150 1600 4203 ad
1652 4161 1875 4209 sanctos
1926 4156 1980 4208 in

415 4241 618 4295 lnctam
635 4239 935 4305 dannones,
952 4238 1317 4309 intelligibilis
1335 4240 1610 4295 alimeniae
1629 4256 1798 4299 causa
1822 4245 1979 4311 linnt,

2077 3062 2137 3115 οὐ
2173 3062 2474 3132 παρενόμει
2502 3062 2569 3114 δι’
2600 3061 2909 3131 ἀκαθάρτου
2930 3058 3070 3121 ζὼου
3100 3058 3486 3128 τρεφόμενος;
3516 3051 3642 3103 Ὅτι·

2080 3152 2552 3221 περὸνομοθέτης
2604 3152 2693 3203 διὰ
2729 3152 2935 3203 τούτων
2994 3149 3141 3218 αύτῷ
3189 3147 3508 3219 προσέφερε
3551 3140 3634 3208 τὴν

2076 3232 2302 3314 τροφὴν,
2330 3242 2519 3312 ὥσπερ
2545 3241 2835 3310 ὑπίσχετο,
2871 3240 3135 3293 διδάσκων
3157 3238 3239 3303 ὡς
3270 3240 3301 3291 δ
3326 3238 3492 3305 νόμος
3518 3229 3635 3301 πρὸς

2076 3332 2177 3403 τὴν
2232 3333 2340 3385 τῶν
2394 3332 2666 3385 Ἰουδαίων
2708 3331 2993 3384 ἀσθένειαν
3030 3329 3255 3382 ἔκειτοο
3286 3328 3370 3381 διὸ
3398 3323 3521 3379 ποτὲ
3549 3319 3629 3390 μὲν

2080 3419 2243 3482 αὐτὸς
2296 3420 2610 3491 παραϐῆναι
2669 3419 3056 3489 προσέταττεν,
3087 3418 3161 3479 ὡς
3194 3418 3292 3472 ἐπὶ
3310 3417 3414 3486 τῆς
3438 3408 3631 3468 ἐνΣασο

2078 3511 2226 3582 ϐάτῳ
2249 3512 2561 3583 πολιορκίας
2584 3509 2870 3581 Ἱεριχοῦς,
2901 3510 2994 3562 καὶ
3017 3509 3110 3561 νῦν
3140 3509 3231 3562 διὰ
3261 3507 3507 3578 κοράκων
3524 3500 3627 3571 τρέ·

2079 3621 2195 3673 φων
2214 3601 2401 3655 Ἠλίαν
2420 3619 2436 3633 θ
2503 3602 2632 3655 ποτε
2654 3602 2710 3655 δὲ
2734 3604 2845 3663 τοῖς
2873 3600 2939 3653 τὰ
2977 3600 3205 3653 τοιαῦτα
3253 3595 3627 3670 παραϐαίνουαι

2084 3696 2158 3767 μὴ
2185 3695 2554 3765 μεμφόμενος.
2620 3692 2857 3763 Σαμψὼν
2911 3693 3019 3763 γὰρ
3059 3692 3148 3745 διὰ
3201 3692 3304 3763 μὲν
3353 3689 3450 3757 τὴν
3478 3682 3623 3756 μέθην

2080 3787 2176 3839 καὶ
2226 3785 2324 3857 τὴν
2354 3786 2604 3854 λαγνείαν
2642 3783 2931 3853 ἐγυμνώθη
2965 3783 3061 3852 τῆς
3092 3784 3334 3854 χάριτος*
3373 3776 3546 3849 φαγὼν
3568 3773 3615 3826 δὲ

2081 3878 2143 3930 τὸ
2171 3880 2235 3931 ὲκ
2263 3877 2359 3930 τοῦ
2384 3876 2577 3946 νεκροῦ
2597 3875 2811 3938 λέοντος
2861 3875 3003 3945 μέλι,
3030 3874 3370 3944 κατηγορίας
3396 3870 3488 3923 οὐκ
3517 3864 3620 3918 ἐτν-

2081 3988 2192 4042 χεν.
2233 3970 2342 4022 Καὶ
2372 3971 2484 4031 τοῖς
2513 3967 2687 4034 ἁγίοις
2711 3966 2768 4019 δὲ
2803 3966 3117 4036 προσῖόντες
3148 3966 3227 4026 είς
3261 3963 3433 4031 πάλην
3464 3953 3618 4010 οίδαί-

2085 4079 2266 4132 μονες,
2296 4060 2489 4130 νοητῆς
2511 4059 2720 4129 τροφῆς
2747 4058 2907 4111 αἴτιοι
2945 4057 3206 4124 γίνονται,
3239 4048 3616 4125 στηριζομένως

2085 4156 2272 4216 αὐτοῖς
2307 4153 2405 4220 τὴν
2456 4150 2701 4220 καρδίαν,
2754 4152 2849 4204 καὶ
2910 4148 3341 4219 γυμναζομένοις
3391 4143 3482 4213 τὴν
3503 4136 3610 4201 ἕξιν.

2084 4240 2185 4299 ’Ὧν
2216 4247 2364 4298 ἔστιν
2394 4242 2652 4314 ἠ-στερεὰ
2696 4240 2870 4312 τροφὴ
2910 4241 3005 4295 καὶ
3033 4239 3322 4310 ἀθλητική.
3352 4237 3502 4295 "ﬂet;
3522 4226 3613 4291 ἕξις

415 4331 543 4386 dum
586 4330 688 4400 ipsi
725 4330 894 4386 corde
927 4330 1237 4395 iirmantur,
1280 4336 1336 4383 et
1383 4329 1576 4383 habitu
1609 4340 1973 4404 exercentur;

2085 4337 2217 4406 ἡμῖν
2248 4331 2384 4403 μετὰ
2412 4331 2609 4393 πολλὰς
2643 4331 2943 4398 ἐπιγίνεται
2963 4329 3148 4392 ,πάλας
3173 4328 3235 4382 τὸ
3267 4324 3497 4382 δειλινόν.

414 4440 649 4499 qnerum
691 4434 777 4480 est
811 4427 967 4478 tirma
992 4422 1277 4485 alimonia,
1305 4429 1360 4476 ct
1390 4423 1673 4488 athletica,
1705 4427 1797 4496 qui
1834 4427 2053 4487 habitus
2099 4437 2291 4514 postea
2327 4426 2385 4481 iit
2428 4430 2482 4481 in
2526 4426 2687 4481 nobis
2755 4433 2877 4494 post
2948 4426 3125 4482 luctas
3199 4423 3403 4485 multas
3459 4423 3612 4483 pome‘

416 4518 638 4572 ridiano
670 4523 935 4583 tempore.

486 4607 653 4662 Vens.
687 4606 743 4660 9.
774 4605 839 4659 In
864 4604 1162 4672 Sarephtha
1180 4600 1434 4660 Sidonia.
1468 4605 1532 4660 Et
1563 4621 1734 4675 quare
1768 4610 1831 4665 ad
1862 4613 1986 4670 alie-

418 4699 671 4766 nigenam
705 4696 728 4749 ?
762 4694 1012 4764 ejusdem
1046 4693 1197 4748 enim
1243 4694 1418 4765 culpa
1466 4698 1636 4752 etiam
1696 4701 1801 4755 hoc
1859 4702 1984 4759 fuit.

346 4830 354 4833 .
423 4789 570 4842 Deus
605 4789 750 4841 cnim
778 4786 1256 4839 conversationem
1289 4800 1412 4839 cum
1448 4788 1779 4858 alienigenis
1799 4795 1986 4862 prohi-

422 4879 619 4932 buerat
640 4883 864 4944 propter
886 4871 1199 4929 Iudaeorum
1233 4874 1688 4942 imbecillitatem,
1715 4896 1877 4948 quam
1908 4882 1989 4937 eis

2154 4610 2256 4673 Εἰς
2286 4606 2594 4675 Σαρερθὰν
2644 4603 2757 4671 τῆς
2802 4603 3109 4670 Σιδωνίας.
3155 4605 3266 4657 Καὶ
3319 4600 3401 4654 διὰ
3430 4586 3607 4657 ’τίττρδς

2088 4694 2417 4763 ἀλλόφυλον;
2454 4694 2550 4763 τῆς
2580 4691 2751 4761 αὖτῆς
2808 4692 2986 4754 αἰτίας
3020 4694 3114 4746 καὶ
3142 4693 3320 4747 τοῦτο.
3356 4680 3603 4743 Κεκὼλυκε

2087 4786 2196 4855 γὰρ
2244 4784 2343 4853 τὴν
2392 4783 2529 4853 πρὸς
2588 4781 2921 4849 ἀλλοφύλους
2954 4782 3260 4851 ἐπιμιξίαν,
3311 4779 3393 4833 διὰ
3414 4774 3498 4843 τὴν
3520 4764 3605 4819 τῶν

2103 4877 2372 4931 Ἰουδαίων
2430 4875 2715 4929 ἀσθένειαν
2743 4914 2755 4935 ,
2802 4875 2869 4944 ἢν
2914 4872 2979 4927 ἂν
3028 4875 3342 4949 ἐπέτρεψεν,
3373 4860 3602 4931 είέδραῖοι

278 4954 287 4963 ’
376 4963 383 4973 ’
425 4968 793 5038 permisisset,
828 4966 875 5020 si
905 4965 1045 5021 lirmi
1083 4967 1414 5023 exsistentes
1442 4968 1576 5038 ipsis
1606 4971 1866 5038 prodesse
1896 4988 1973 5041 po-

2091 4968 2243 5029 ὅντες
2295 4964 2524 5032 ὠφελεῖν
2553 4964 2793 5027 ἐκείνους
2818 4963 3084 5032 ἠδύναντο
3104 5003 3120 5030 ,
3178 4963 3417 5028 καθάπερ
3447 4956 3472 5007 ὁ

425 5061 685 5121 tuissenl,
711 5054 1168 5125 quemadmodum
1195 5057 1344 5112 Elias
1365 5056 1649 5126 propheta.
1668 5058 1816 5115 Hanc
1845 5039 1973 5117 enin

2097 5059 2273 5128 φήτης
2296 5056 2505 5118 Ἠλίας.
2562 5056 2781 5125 Ταύτην
2812 5055 2922 5125 γὰρ
2946 5057 3003 5108 ὲν
3031 5056 3108 5126 τῷ
3136 5056 3284 5127 νόμῳ
3307 5054 3398 5122 τῆς
3422 5039 3598 5128 amite:

430 5151 483 5203 in
507 5150 626 5217 lege
688 5145 898 5200 vitandi
946 5147 1263 5201 commercii
1304 5148 1731 5216 alienigenarum
1766 5160 1970 5200 causan

2096 5127 2275 5202 αἰτίαν
2333 5147 2487 5216 φησὶ,
2521 5145 2582 5198 τδ
2615 5146 2689 5216 μὴ
2724 5146 3089 5217 ὲκπορνεῦσαι
3141 5147 3280 5218 πρὸς
3318 5143 3431 5203 τοὺς
3480 5127 3598 5218 θεούς

431 5214 609 5303 aliert,
645 5252 712 5290 ne
740 5236 1086 5293 fornicentur
1116 5252 1240 5290 cum
1303 5236 1409 5291 diis
1447 5214 1709 5306 ipsorum,
1764 5247 1858 5290 aut
1903 5238 1971 5291 tili

2097 5240 2298 5301 αὐτῶν,
2326 5240 2358 5310 ἣ
2395 5214 2518 5303 τοὺς
2557 5214 2705 5300 υἱοὺς
2737 5214 2944 5303 τοὺς-ἐξ
2971 5214 3213 5309 Ἰσραὴλ,
3250 5234 3392 5307 ἥτὰς
3421 5214 3597 5291 θυγατά

430 5330 598 5386 lsracl
662 5330 745 5385 vel
780 5328 909 5381 tiliae
938 5327 1152 5396 nuptiis
1184 5342 1306 5380 enm
1339 5328 1522 5395 impiis
1560 5329 1863 5383 contractis
1904 5345 1991 5384 se-

2102 5349 2220 5402 ρας.
2259 5330 2549 5400 γινομένης
2576 5330 2897 5398 ἐπιγαμίας.
2931 5329 3094 5382 Ἀλλά
3121 5330 3215 5382 καὶ
3235 5329 3320 5382 διὰ
3344 5321 3436 5378 τῶν
3460 5315 3595 5402 tam

429 5424 725 5479 ducantur.
765 5420 1038 5477 Caeterum
1092 5418 1271 5486 reipsa
1316 5419 1480 5472 etiam
1535 5417 1665 5473 Eliae
1702 5420 1973 5475 ostendere

2093 5394 2322 5491 ἠθέλησε
2380 5394 2538 5492 illita
2574 5394 2765 5506 δεῖξαι-ι
2792 5420 3187 5491 δαπανωμένην
3235 5420 3328 5490 τὴν
3373 5394 3591 5506 ἀγθρωΫ

432 5517 625 5583 voluit,
658 5533 820 5589 quam
868 5514 1054 5586 indiga
1111 5513 1183 5567 sit
1232 5508 1415 5566 rerum
1436 5512 1701 5566 'omnium
1759 5515 1973 5568 human:

2085 5529 2265 5582 θεητα·
2293 5511 2511 5581 πρῶτον
2564 5513 2663 5581 μὲν
2710 5504 2791 5575 είς
2823 5512 3160 5583 χειμάρρουν
3198 5509 3354 5564 αὐτὸν
3393 5500 3587 5589 “ﬂavi

431 5620 651 5680 natura,
679 5613 915 5684 primum
936 5608 1151 5681 quidem
1188 5605 1253 5661 ad
1285 5613 1581 5661 torrentem
1612 5606 1789 5676 ipsum
1824 5606 1994 5662 dedu-

2097 5580 2193 5655 καὶ
2229 5580 2464 5672 ποιήσας
2519 5599 2704 5673 ξηρόνσ
2743 5580 2867 5657 εἶτα
3080 5601 3257 5672 χήραν
3289 5594 3403 5670 μιᾶς
3426 5580 3597 5657 ἠμβρας-

3520 6060 3840 6174 fx"

3449 6174 3520 6190 Α

3851 2454 3853 2509 1
