3964 6194
357 333 492 403 1169

1338 349 1869 412 COMMENTARII
1935 353 2016 413 IN
2058 355 2200 414 LIB.
2244 356 2336 415 III
2378 359 2668 422 REGUM.

3465 357 3612 423 1171}

353 448 584 516 ιχουσαν
655 444 796 516 βίον,
821 445 938 500 ἐστι
969 448 1026 502 δέ
1046 449 1138 502 καὶ
1189 450 1356 516 τύπος
1376 453 1476 522 τῆς
1505 454 1564 518 ἐξ
1597 455 1764 509 ἐθνῶν
1795 457 1912 508 Ἐκ-

2025 470 2171 523 cens,
2211 465 2266 512 et
2303 462 2594 516 exsiccans
2625 477 2788 528 eum;
2821 461 3016 516 deinde
3045 461 3110 514 ad
3153 462 3373 516 viduam
3433 477 3596 520 unius

352 537 612 608 κλησίας,
677 538 944 609 δεξαμένη
1004 530 1210 604 πιστῶς
1264 543 1353 595 τὸν
1391 544 1495 596 ὑπὸ
1565 546 1920 616 Ἰσραηλιτῶν

353 625 700 696 διωκόμενον,
737 627 924 699 ὥσπερ
957 630 1138 700 ἐκείνη
1168 633 1290 695 τοὺς
1316 625 1664 700 ἀποστόλους.

429 894 516 964 Ζῇ
532 897 747 965 Κύριος
769 901 802 953 d
824 899 968 966 Θεός
987 916 1124 956 σου.
1159 895 1300 980 Εὖγε
1323 899 1422 972 τῆς
1449 904 1779 976 πραότητος.
1808 905 1923 962 Ούκ

356 991 734 1062 ἐδυσχέραινεν
757 994 814 1046 ἐν
834 995 1120 1059 τοσαύταις
1154 1000 1464 1068 συμφοραῖς
1491 999 1774 1068 αίτηθεῖσα
1805 1017 1922 1070 τρο-

358 1083 484 1150 φήν.
513 1081 676 1136 Ἀλλά
729 1083 890 1154 μόνον
945 1085 1111 1150 ἔδειξε
1160 1086 1259 1158 τὴν
1289 1088 1526 1158 ἐσχάτην
1576 1089 1789 1152 πενίαν,
1825 1090 1922 1144 καὶ

355 1170 453 1241 τὴν
503 1173 836 1240 ἐπαγγελίαν
869 1176 1074 1239 πιστῶς
1126 1175 1391 1247 δεξαμένη
1455 1179 1795 1248 προσήνεγκε
1825 1181 1924 1252 τὴν

355 1263 580 1334 τροφὴν,
617 1266 709 1318 καὶ
738 1266 909 1319 ταῦτα
942 1267 1041 1320 ούκ
1070 1269 1242 1322 εἰδυῖα
1275 1271 1364 1323 τὸν
1393 1269 1698 1340 ἄνθρωπον.
1734 1271 1922 1325 Ἀλλό-

345 1351 521 1417 .φυλος
577 1353 686 1424 γὰρ
715 1349 802 1424 ἦν,
828 1356 1169 1428 προφητικῆς
1210 1357 1492 1428 δυνάμεως
1525 1361 1720 1432 πεῖραν
1751 1362 1808 1416 ού
1836 1363 1925 1416 δε-

357 1437 614 1510 δεγμένη.

435 1619 497 1672 Τί
523 1619 651 1690 ἐμοὶ
685 1623 782 1676 καὶ
801 1623 922 1688 σοί,
946 1625 1216 1696 ἄνθρωπε
1249 1627 1355 1683 τοῦ
1397 1631 1584 1694 Θεοῦ;
1655 1631 1928 1700 Ἀφθόνως

356 1713 384 1763 6
411 1715 694 1785 προφήτης
725 1717 1018 1772 ἀπολαύων
1047 1722 1146 1791 τῆς
1167 1721 1398 1790 τροφῆς,
1428 1723 1525 1791 τῆς
1581 1724 1688 1776 τῶν
1747 1723 1924 1777 ἄλλων

2024 543 2133 601 diei
2153 548 2354 604 victum
2372 549 2686 608 habentem.
2711 551 2806 618 Est
2829 551 2995 606 etiam
3023 559 3182 621 typus
3213 550 3596 608 Ecclesiaecol-

1983 665 1994 676 ι
2023 639 2177 694 lectae
2211 655 2276 694 ex
2309 644 2588 710 gentibus,
2637 658 2763 698 vera
2816 642 2918 698 (ide
2955 642 3108 696 illum
3135 643 3440 712 excipiens,
3489 644 3590 712 qui

2024 729 2475 795 persecutionem
2511 731 2581 788 ab
2625 731 2891 788 lsraelitis
2925 730 3299 796 substinebat,
3335 731 3599 800 quemad-

2024 817 2244 872 modum
2280 819 2370 872 illa
2404 820 2708 888 apostolos.
3479 837 3486 846 ·

2097 903 2376 964 Vens.12.
2417 907 2550 964 Vivit
2585 909 2851 965 Dominus
2903 911 3044 967 Deus
3091 921 3234 964 tuus.
3299 910 3447 981 Euge
3483 926 3598 964 ma.

2026 1009 2143 1065 sua:
2172 997 2461 1052 bonitatis!
2489 1015 2597 1055 non
2631 1013 2773 1070 aegre
2805 1001 2950 1066 tulit,
2987 1001 3136 1070 quod
3167 1002 3224 1054 iu
3250 1001 3420 1054 tantis
3443 1001 3592 1054 cala-

2027 1088 2312 1144 mitatibus
2337 1091 2492 1146 cibus
2515 1091 2584 1146 ab
2611 1092 2725 1161 ipsa
2753 1100 3046 1162 peteretur.
3061 1091 3167 1147 Sed
3195 1099 3398 1146 tantum
3420 1099 3598 1146 extre-

2025 1192 2169 1230 mam
2204 1167 2574 1248 paupertatem
2603 1181 2865 1246 ostendit,
2890 1183 2946 1236 et
2983 1181 3406 1250 promissionem
3441 1181 3598 1234 ﬁrma

2028 1267 2131 1322 [ide
2155 1271 2430 1341 accipiens
2483 1273 2670 1328 cibum
2721 1274 2925 1340 attulit,
2950 1283 3114 1344 atque
3147 1274 3254 1328 hoc
3293 1274 3439 1336 fecit,
3471 1289 3595 1328 cum

2027 1359 2302 1415 hominem
2340 1378 2450 1416 non
2485 1363 2730 1418 novisset
2764 1381 2778 1429 ;
2810 1363 3114 1434 alienigena
3165 1365 3312 1418 enim
3356 1371 3490 1429 erat,
3543 1371 3598 1450 et

2029 1449 2256 1504 virtutis
2302 1451 2638 1521 prapheticre
2665 1452 2872 1506 nullam
2905 1452 3302 1522 experientiam
3341 1467 3594 1540 sumpse-

2028 1547 2135 1592 rat.

2095 1627 2238 1691 Quid
2268 1629 2415 1694 mihi,
2444 1639 2492 1684 ει
2526 1631 2810 1698 tibi,homo
2840 1632 2969 1686 Dei?
2995 1632 3156 1702 536
3177 1631 3445 1700 Propheta
3468 1644 3594 1686 cum

2029 1716 2232 1771 aﬂ‘atim
2286 1721 2409 1775 cibo
2453 1721 2694 1778 refectus
2736 1733 2908 1788 esset,
2940 1723 3303 1777 calamitatem
3357 1722 3594 1774 aliorum

357 1803 659 1874 ἀνθρώπων
689 1807 988 1862 ἐπελάθετο
1043 1815 1332 1883 συμφορᾶς
1356 1830 1370 1842 ·
1405 1807 1468 1868 οὗ
1487 1814 1552 1883 δὴ
1573 1815 1732 1884 χάριν
1763 1817 1790 1867 6
1818 1818 1912 1868 Δε-

2027 1808 2312 1864 hominum
2345 1812 2711 1867 obliviscitur.
2739 1812 3108 1880 Quamobrem
3135 1812 3280 1868 Deus
3306 1811 3486 1865 viduae
3509 1811 3596 1864 lle-

359 1895 562 1966 σπότης
590 1897 736 1968 αύτῷ
765 1900 862 1962 τὰς
887 1905 984 1970 τῆς
1003 1905 1178 1974 χήρας
1195 1906 1626 1975 ἐπεστράτευσεν
1649 1907 1915 1976 οἰμωγάς.

368 1985 608 2054 Ἐπὲγνω
632 1989 686 2042 δὲ
710 1991 804 2043 καὶ
819 1992 980 2056 αὐτὸς
1006 1993 1104 2064 τὴν
1130 1995 1328 2049 αἰτίαν.
1364 2015 1382 2048 t
1407 1998 1474 2050 Οῐ
1498 2015 1590 2068 μοι
1611 1999 1739 2068 γὰρ,
1757 2001 1916 2067 φησι,

353 2075 550 2148 Κύριε,
578 2080 606 2130 ὁ
637 2079 845 2150 μάρτυς
882 2083 980 2152 τῆς
1027 2085 1222 2153 χήρας.
1255 2105 1274 2138 ι
1305 2087 1398 2140 καὶ
1435 2087 1504 2140 τὰ
1546 2086 1696 2156 ἑξῆς.
1735 2088 1918 2154 Ἀξιά-

353 2183 530 2233 γαστα
549 2169 604 2223 δέ
635 2171 732 2239 τῆς
758 2174 1010 2244 χήραςτὰ
1043 2177 1283 2246 ῥήματα.
1315 2177 1404 2246 Τῷ
1433 2177 1510 2248 σῷ
1531 2179 1692 2248 φωτὶ,
1725 2181 1914 2251 φησὶν,

343 2259 641 2330 ἐγυμνώθη
667 2263 735 2314 τὰ
766 2267 1123 2334 κεκρυμμένα
1196 2284 1298 2336 μου
1327 2267 1794 2339 πλημμελήματα,
1827 2272 1918 2324 καὶ

351 2350 449 2418 οὐχ
470 2349 546 2413 ὡς
565 2351 860 2420 ἀλλόφυλος
906 2355 1005 2425 τὴν
1039 2355 1246 2410 εἴσοδον
1275 2358 1560 2411 οἰωνίσατο
1602 2360 1701 2430 τὴν
1728 2361 1914 2424 αὑτοῦ,

353 2433 491 2488 ἀλλὰ·
517 2439 634 2500 ταῖς
661 2438 819 2502 ίδίαις
841 2441 1150 2512 ἐπέγραψεν
1178 2445 1493 2516 ἁμαρτίαις.
1519 2446 1675 2502 Οὕτω
1698 2449 1797 2520 τὴν
1822 2451 1918 2503 τοῦ

352 2529 632 2598 προφήτου
659 2529 1005 2587 διδασκαλίαν
1031 2534 1299 2603 ὠφέλητο.
1341 2540 1501 2601 Ἴσως
1532 2542 1625 2594 καὶ
1653 2541 1720 2594 δι’
1749 2542 1917 2613 αὐτὴν

350 2613 508 2684 ήτοῦ
543 2618 730 2682 παιδὸς
765 2620 957 2688 γέγονε
1010 2623 1259 2694 τελευτὴ,
1314 2625 1399 2696 ἵνα
1456 2626 1770 2700 θεασαμένη
1820 2631 1917 2693 τὴν

351 2707 502 2776 παρὰ
550 2709 712 2778 φύσιν
762 2712 1078 2779 ἀνάστασιν,
1132 2714 1354 2785 βεϐαίαν
1403 2716 1622 2790 δέξηται
1646 2719 1741 2790 τὴν
1766 2722 1918 2776 εὐσέ-

351 2795 522 2852 σειαν.

419 2889 530 2942 Καὶ
562 2890 907 2960 ἐνεφύσησε
943 2893 1022 2961 τῷ
1061 2885 1342 2968 μειρακίῳ
1371 2902 1586 2968 τρίτον.
1635 2903 1789 2956 Μετά
1817 2905 1918 2975 τὴν

353 2979 685 3050 προσευχὴν,
719 2983 841 3052 τρὶς
868 2987 1214 3057 ἐμφυσήσας,
1247 2993 1326 3056 είς
1355 2991 1500 3062 ζωὴν
1526 2995 1840 3063 ἐπανήγαγε
1856 2995 1915 3047 τὸ

347 3067 660 3146 μειράκιον.
705 3071 944 3140 Δηλοῖδέ
975 3078 1004 3128 6
1057 3077 1156 3143 μὲν
1189 3079 1424 3149 ἀριθμὸς
1447 3082 1545 3152 τὴν
1580 3101 1914 3155 προσκυνου-
1943 3117 1985 3174 C

353 3157 520 3228 μένην
565 3160 828 3231 Τριάδα,“
854 3173 919 3216 το
956 3165 1010 3218 δέ
1059 3167 1364 3240 ἐμφύσημα
1402 3171 1502 3240 τὴν
1549 3175 1608 3225 ἐν
1639 3171 1782 3246 ἀρχῇ
1816 3178 1914 3247 τῆς

249 3281 252 3284 ~
347 3247 524 3318 ψυχῆς
557 3253 932 3323 γεγενημένην
957 3256 1342 3329 δημιουργίαν.
1378 3262 1520 3316 Ἀλλ’
1559 3265 1586 3316 6
1626 3269 1914 3338 προφήτης

349 3339 674 3410 ἓμφυσήσας
707 3343 806 3396 οὐκ
835 3344 1004 3415 ἄλλην
1050 3347 1230 3420 ψυχὴν
1272 3352 1730 3425 ἐδημιούργησεν,
1777 3358 1913 3412 ἀλλά

347 3429 444 3497 τὴν
475 3428 838 3499 χωρισθεῖσαν
873 3433 966 3484 τοῦ
1005 3435 1258 3502 σώματος
1295 3439 1664 3508 ἐπανήγαγεν.

534 3519 538 3522 ’
945 3527 1189 3582 ΚΕΦΔΛ.
1228 3529 1334 3584 lH'.

416 3616 757 3684 Πορεύθητι,
813 3617 908 3671 καί
955 3619 1164 3688 ὄφθητι
1224 3621 1303 3688 τῷ
1328 3624 1566 3693 Ἀχίιάϐ.
1619 3623 1677 3680 Ὀ
1719 3627 1912 3696 φιλάν-

348 3705 563 3776 θρωπος
601 3707 734 3772 Θεὸς
760 3709 869 3762 τῶν
915 3711 1217 3781 ἀνθρώπων
1252 3715 1312 3767 τὸ
1343 3715 1496 3784 γένος
1527 3717 1668 3788 ὁρῶν
1702 3717 1910 3772 διολλύ-

353 3813 532 3866 μενον,
567 3802 772 3857 καὶτὸν
798 3805 1084 3872 προφήτην
1113 3805 1334 3872 αἰτῆσαι
1369 3805 1461 3858 τὸν
1489 3806 1637 3876 ἐλεον
1665 3809 1764 3862 οὐκ
1791 3811 1910 3864 ἐθέ-

345 3887 526 3953 λοντα,
558 3892 655 3944 καὶ
673 3893 800 3956 τοὺς
839 3892 936 3962 μὲν
971 3894 1232 3965 οἰκτεῖραι
1261 3895 1450 3962 θέλων,
1502 3899 1628 3962 τοὺς
1663 3900 1719 3953 δέ
1758 3904 1910 3972 παρά

345 3977 572 4050 γνώμην
613 3979 774 4035 λύσαι
818 3982 914 4054 τὴν
943 3983 1124 4053 ψῆφον
1154 3985 1255 4039 οὐκ
1288 3987 1632 4058 ἀνεχόμενος,
1688 3989 1907 4061 ἔρχεται

346 4069 684 4140 πρεσϐευτὴς
717 4071 854 4142 πρὸς
882 4070 978 4140 τὸη
997 4072 1214 4143 οἰκέτην
1244 4076 1271 4127 6
1295 4076 1600 4148 Δεσπότης,
1640 4079 1778 4150 πρὸς
1816 4082 1908 4136 ’ὢν

345 4157 512 4226 πηλὸν
556 4161 584 4212 6
622 4161 985 4232 Δημιουργὸς,
1010 4163 1106 4216 καὶ
1152 4163 1330 4218 πείθει
1378 4165 1536 4220 λῦσαι
1567 4168 1675 4222 τῶν
1709 4171 1906 4241 ,νεφῶν

339 4249 438 4311 τὰς
470 4249 664 4314 ὠδῖνας
696 4252 795 4322 τὴν
825 4254 1144 4324 πεδήσασαν
1173 4255 1440 4324 γλῶτταν.

414 4341 479 4392 El
505 4339 674 4394 ἔστιν
709 4343 903 4409 ἔθνος,
941 4345 980 4414 ἢ
1023 4346 1330 4410 βασιλεία.
1361 4349 1579 4424 Ἐπειδὴ
1618 4355 1646 4406 6
1685 4357 1903 4427 προφή-

2019 1898 2168 1953 tibus
2238 1915 2360 1955 eum
2393 1901 2666 1958 adoritur.
2706 1905 2944 1974 Agnovit
2984 1903 3288 1972 etiamipse
3317 1917 3539 1957 causam
3569 1918 3586 1962 ς

2019 1986 2153 2041 dicit
2186 1991 2332 2044 enim
2363 2008 2376 2046 :
2403 2009 2421 2042 ι
2469 1992 2583 2047 Heu
2623 1993 2776 2058 mihi,
2799 1991 3043 2060 Domine,
3078 1993 3236 2046 testis
3256 1991 3448 2056 viduae,
3483 2009 3500 2042 ι
3540 1992 3593 2042 et

2020 2087 2238 2135 caetera.
2257 2081 2430 2138 Porro
2449 2085 2612 2140 verba
2645 2085 2820 2140 vidua:
2849 2085 3017 2155 digna
3043 2090 3172 2138 sunt
3203 2083 3590 2138 admiratione.
3617 2151 3622 2156 ‘

2021 2171 2139 2228 Tua
2167 2174 2310 2242 luce,
2331 2178 2535 2246 inquit,
2565 2186 2772 2234 retecta
2805 2188 2940 2234 sunt
2957 2179 3176 2235 occulta
3203 2193 3321 2232 mea
3343 2184 3590 2247 peccata,

2018 2271 2072 2316 et
2099 2279 2228 2330 non,
2265 2275 2325 2320 ut
2353 2268 2681 2340 alienigena,
2713 2269 3026 2338 ingressum
3061 2269 3342 2339 pr0phela:
3389 2266 3590 2320 malum

2019 2366 2180 2407 omen
2211 2353 2747 2425 fuisseinterpretata
2782 2357 3000 2421 est,sed
3021 2358 3136 2412 suis
3162 2356 3398 2426 peccatis
3443 2370 3590 2408 mor-
3653 2403 3660 2420 ,

2023 2451 2130 2493 tem
2165 2444 2324 2511 pueri
2379 2448 2662 2516 ascripsil.
2697 2447 2876 2514 Atque
2925 2447 3003 2501 sic
3057 2462 3124 2500 cx
3179 2448 3455 2516 prophetae
3489 2446 3589 2500 do-

2019 2531 2198 2604 ctrina
2236 2531 2473 2589 fructum
2511 2537 2773 2605 percepit.
2810 2535 3088 2592 Fortassis
3109 2538 3273 2591 etiam
3300 2537 3352 2590 in
3385 2536 3588 2590 bonum

2019 2601 2199 2676 viduae
2257 2639 2394 2692 puer
2427 2635 2684 2681 mortuus
2717 2635 2822 2690 est,
2867 2634 2925 2679 ut
2957 2627 3005 2680 si
3037 2626 3246 2681 videret
3299 2626 3452 2695 pueri
3495 2640 3588 2680 re-

2018 2714 2418 2771 surrectionem
2467 2733 2589 2788 quze
2643 2727 2838 2775 contra
2881 2727 3137 2774 naturam
3183 2728 3286 2782 est,
3355 2719 3586 2775 solidam

2019 2807 2276 2876 pietatem
2315 2815 2370 2861 ct
2408 2808 2564 2864 {idem
2594 2812 2886 2882 reciperet.
3097 2811 3106 2814 ’

2094 2896 2258 2953 Vens.
2289 2899 2382 2953 2t.
2423 2899 2491 2953 Et
2530 2903 2738 2970 inﬂavit
2767 2920 2930 2972 puero
2967 2913 3064 2959 ter.
3113 2905 3247 2958 Cum
3293 2917 3414 2974 post
3460 2923 3586 2962 ora-

2020 2987 2220 3042 tionem
2263 3004 2432 3058 puero
2477 2991 2739 3059 inllassct,
2778 2996 2832 3048 in
2883 2996 3046 3050 vitam
3091 3013 3214 3052 eum
3289 3000 3583 3055 revocavit.

2026 3076 2311 3146 Signiﬁcat
2329 3089 2508 3136 autem
2543 3083 2632 3138 hic
2679 3100 2940 3141 numerus
2963 3088 3302 3146 adorandam
3337 3091 3582 3146 Trinita-

2020 3175 2164 3231 tem;
2193 3169 2401 3225 inilatio
2433 3181 2614 3226 autem
2647 3173 2762 3238 illa,
2793 3175 2987 3230 animm
3009 3180 3343 3236 creationem
3379 3181 3445 3234 ab
3481 3183 3586 3235 ini-

2016 3255 2094 3309 tio
2123 3255 2340 3314 factam.
2380 3261 2646 3317 Caeterum
2688 3277 2810 3317 cum
2875 3268 3140 3336 propheta
3185 3286 3356 3340 puero
3399 3270 3584 3326 inﬂas-

2017 3354 2120 3412 set,
2153 3364 2262 3404 non
2288 3352 2448 3405 aliam
2477 3353 2714 3410 animam
2734 3357 3018 3426 produxit,
3049 3361 3144 3415 sed
3181 3361 3350 3426 illam,
3378 3379 3496 3433 qua:
3517 3365 3584 3418 ab

2016 3453 2244 3510 corpore
2279 3456 2607 3508 recesserat,
2639 3447 2704 3500 ad
2737 3462 2943 3518 corpus
2966 3447 3266 3508 revocavit.

2601 3537 2755 3597 CAP.
2805 3541 2994 3599 XVIII.

2085 3623 2248 3680 Vens.
2285 3628 2334 3680 1.
2373 3627 2490 3692 Abi,
2521 3639 2569 3682 et
2597 3633 2808 3686 ostende
2841 3643 2887 3687 te
2921 3635 3374 3692 Achabo.Amaus
3405 3640 3584 3694 homi-

2014 3727 2144 3766 num
2191 3715 2333 3770 Deus
2374 3731 2498 3772 cum
2560 3719 2769 3774 videret
2817 3725 3000 3790 perire
3048 3741 3218 3794 genus
3257 3727 3578 3794 humanum,

2012 3819 2190 3874 neque
2234 3808 2554 3876 prephetam
2604 3811 2902 3880 iplorare
2945 3815 3380 3872 misericordiam
3417 3820 3576 3884 velle,

2011 3909 2134 3950 cum
2171 3899 2420 3954 misereri
2493 3901 2610 3971 ipse
2664 3915 2910 3972 cuperet,
2953 3895 3130 3976 neque
3161 3918 3340 3964 tamen
3381 3921 3581 3982 praeter

2013 3987 2178 4041 animi
2232 3991 2556 4046 sententiam
2604 3993 2884 4069 decretum
2947 4007 3139 4054 contra
3183 4001 3330 4069 ipsos
3368 4003 3580 4058 solvere

2013 4073 2330 4138 sustineret,
2363 4081 2509 4150 venit
2553 4080 2764 4152 legatus
2796 4061 2862 4140 ad
2909 4102 3126 4141 servum
3178 4088 3444 4147 Dominus
3466 4134 3480 4158 ,
3509 4093 3580 4147 ad

2011 4163 2182 4218 lutum
2223 4161 2422 4235 opifex,
2461 4177 2514 4223 et
2548 4170 2797 4241 linguam
2845 4176 3057 4232 solvere
3105 4181 3423 4248 persuadet,
3455 4199 3578 4252 qua:

2009 4254 2235 4310 nubium
2260 4257 2476 4314 dolores
2507 4261 2804 4318 vinciebat.

2077 4345 2241 4404 Vens.
2291 4349 2378 4405 11.
2430 4349 2490 4406 Si
2531 4363 2609 4408 est
2671 4371 2818 4426 gens,
2861 4370 2954 4413 aut
3002 4377 3234 4432 regnum.
3305 4365 3574 4430 Quoniam

338 4445 436 4496 της
459 4431 672 4500 εἰρήκει
706 4433 784 4503 τῷ
812 4435 1017 4506 Ἀχαάὄ
1041 4456 1055 4468 ·
1089 4455 1108 4488 t
1137 4441 1212 4510 Ζῇ
1251 4439 1452 4512 Κύριος
1475 4445 1502 4495 6
1529 4443 1660 4508 Θεός
1696 4463 1822 4516 μου,
1852 4451 1900 4502 εί

2025 4439 2262 4508 iropheta
2291 4440 2503 4497 dixerat
2536 4445 2602 4498 ad
2635 4447 2822 4503 Achab
2861 4467 2874 4501 :
2915 4469 2933 4502 ι
2975 4431 3124 4507 Vivit
3147 4453 3410 4510 Dominus
3429 4457 3572 4513 Deus

339 4519 494 4571 ἔσται
515 4521 584 4572 τὰ
618 4521 712 4592 ἐτη
744 4524 915 4577 ταῦτα
945 4527 1119 4592 ὑετὸς,
1150 4531 1198 4582 εί
1231 4532 1304 4602 μὴ
1331 4532 1416 4585 διὰ
1450 4533 1610 4602 λόγου
1635 4537 1902 4606 στόματός

340 4626 496 4686 μουοι
523 4611 703 4664 λασὼν
727 4613 825 4683 τῆς
852 4615 958 4670 τῶν
985 4617 1159 4686 λόγων
1192 4621 1450 4692 ἀληθείας
1504 4625 1602 4695 τήν
1649 4627 1842 4698 πεῖραν
1876 4631 1904 4682 6

347 4701 576 4771 Ἀχαὰϐ,
609 4703 924 4772 ἀναγκαίως
945 4707 1128 4778 ἐζήτει
1159 4711 1249 4765 τὸν
1279 4715 1520 4782 δήσαντα
1555 4717 1690 4786 πρὸς
1723 4720 1898 4786 λύσιν,

334 4789 371 4859 ἢ
401 4792 535 4860 πρὸς
560 4795 862 4866 ἀναίρεσιν,
901 4799 948 4849 εί
988 4798 1061 4871 μὴ
1093 4802 1320 4858 πίθοιτο.

2007 4545 2182 4594 meus,
2217 4531 2262 4586 si
2297 4534 2401 4586 erit
2429 4536 2586 4591 annis
2623 4538 2706 4594 his
2741 4541 2950 4610 pluvia,
2983 4545 3090 4598 nisi
3125 4560 3220 4615 per
3258 4562 3568 4606 sermonem

2004 4623 2116 4678 oris
2183 4627 2309 4679 mei.
2353 4646 2374 4678 ι
2418 4627 2484 4682 Ει
2529 4627 2718 4685 Achab
2770 4633 2952 4702 reipsa
3022 4647 3276 4706 expertus
3337 4642 3572 4710 prdphe-
3617 4713 3620 4716 ξ

2006 4725 2116 4766 tam
2146 4730 2332 4771 verum
2364 4719 2592 4784 dixisse,
2617 4724 2953 4780 necessitate
2990 4727 3259 4798 impulsus
3286 4733 3568 4800 quaerebat

2001 4801 2179 4870 illum,
2220 4807 2312 4878 qui
2363 4810 2560 4865 cmlum
2595 4813 2967 4880 obstruxerat,
2995 4825 3052 4870 ut
3077 4820 3334 4890 solveret,
3363 4823 3448 4878 vel
3509 4835 3566 4878 ut

1885 4947 1888 4950 .
2002 4908 2125 4947 eum
2155 4897 2453 4965 occideret,
2489 4902 2597 4956 nisi
2625 4903 3052 4973 obtemperaret.

403 4969 514 5022 Kal
543 4971 784 5040 Πνεῦμα
809 4975 1026 5043 Kvpiov
1053 4975 1188 5042 ἀρεῖ
1211 4995 1302 5032 σε.
1340 4979 1555 5053 Ἀνδρὸς
1591 4983 1764 5037 ταῦτα
1801 5003 1898 5056 με·

2073 4983 2240 5042 V'sns.
2283 4989 2370 5044 12.
2397 4989 2634 5059 Spiritus
2661 4991 2875 5048 Domini
2919 4995 3054 5064 [cret
3101 5009 3166 5054 te.
3215 5000 3392 5058 Verba
3436 5016 3564 5060 sunt

1999 5077 2103 5131 viri
2147 5079 2464 5137 meditantis
2503 5082 2683 5138 divina
2716 5125 2731 5152 ,
2781 5094 2837 5140 et
2886 5088 3119 5145 scientis‘
3161 5095 3459 5162 patentiam
3509 5106 3564 5152 et

1999 5167 2251 5224 virtutem
2277 5171 2445 5226 divini
2473 5173 2732 5242 Spiritus.

2065 5259 2232 5317 Vens.
2268 5263 2359 5320 21.
2397 5263 2670 5336 Usquequo
2691 5267 3061 5326 claudicabitt’s
3090 5273 3146 5329 in
3181 5276 3431 5332 ambobus
3471 5293 3565 5344 ρο-
3675 5297 3678 5300 λ

1995 5351 2239 5418 plitibus?
2265 5353 2396 5408 Nam
2416 5365 2468 5410 et
2487 5356 2652 5411 Deum
2679 5360 3008 5430 adorabant,
3041 5373 3094 5420 et
3123 5367 3264 5421 idola
3286 5367 3566 5423 colebant:

1994 5441 2140 5499 Deus
2171 5451 2351 5498 autem
2387 5463 2494 5500 non
2537 5450 2668 5512 vult,
2707 5452 2858 5519 dicit,
2914 5465 2972 5510 ut
3005 5456 3126 5512 falsi
3161 5458 3236 5512 dii
3289 5459 3558 5523 colantur,

1963 5525 2172 5610 neque
2203 5535 2282 5590 illi
2331 5540 2546 5606 volunt,
2586 5554 2641 5596 ut
2673 5561 2833 5600 verus
2868 5547 3010 5602 Deus
3037 5549 3268 5602 colatur.
3319 5548 3424 5604 Vos
3456 5563 3562 5602 au-
3661 5613 3664 5616 _

1994 5633 2101 5677 tem
2155 5635 2209 5680 et
2255 5627 2392 5694 haec,
2443 5640 2495 5686 et
2535 5633 2623 5687 illa
2655 5635 2938 5704 facientes,
2985 5652 3162 5706 neque
3191 5629 3344 5700 huic,
3381 5653 3560 5709 neque

1995 5715 2073 5770 illi
2108 5720 2337 5776 servatis
2362 5721 2538 5778 ﬁdem.

329 5059 592 5126 λετῶντος
627 5065 696 5116 τὰ
730 5063 874 5130 θεῖα,
910 5067 1004 5119 καὶ
1037 5069 1132 5121 τοῦ
1161 5069 1301 5123 θείου
1327 5073 1643 5143 Πνεύματος
1669 5077 1896 5131 ἐπιστα-

333 5151 494 5221 μένου
529 5151 626 5224 τὴν
661 5153 912 5226 δύναμιν.

400 5242 526 5296 Ἐπ’
553 5242 912 5316 ἀμφοτέραις
942 5251 1069 5316 ταῖς
1094 5255 1343 5321 ἰγνύαις.
1377 5255 1486 5309 Καὶ
1511 5257 1602 5310 τὸν
1625 5257 1757 5312 Θεὸν
1788 5263 1893 5332 γὰρ

267 5359 288 5362 --
327 5332 718 5402 προσεκύνουν,
777 5337 874 5390 καὶ
916 5343 1027 5403 τοῖς
1078 5341 1316 5406 εἰδώλοις
1368 5346 1682 5416 ἐλάτρευον.
1749 5351 1805 5405 ’0
1838 5353 1894 5406 δέ

323 5421 477 5485 Θεὸς,
507 5426 690 5494 φησὶν,
746 5427 806 5478 ού
844 5428 1092 5508 βούλεται
1121 5435 1248 5498 τους
1292 5435 1682 5508 ψευδωνύμους
1720 5445 1884 5513 τιμᾶο

325 5511 446 5564 σθαι
475 5511 651 5578 θεοὺς,
685 5516 806 5569 οὒτε
846 5505 998 5573 αὐτοὶ
1035 5523 1128 5576 τὸν
1164 5525 1416 5595 ἀληθινὸν
1446 5531 1708 5597 τιμᾶσθαι
1737 5534 1888 5590 Θεὸν.

337 5599 530 5667 Ὑμεῖς
573 5603 628 5655 δὲ
659 5605 752 5657 καὶ
801 5607 968 5661 ταῦτα
1019 5613 1241 5665 κάκεῖνα
1297 5615 1581 5680 ποιοῦντες
1621 5621 1888 5693 οὐδετέρῳ

325 5690 623 5758 φυλάττετε
661 5695 864 5750 πίστιν.
