3986 6218
364 252 502 326 1173

1310 243 1838 318 COMMENTARII
1905 256 1988 316 IN
2019 258 2171 320 LIB.
2217 262 2308 322 III
2337 265 2624 328 REGUM.

3457 255 3590 330 1171.

356 375 505 443 αὐτῷ
529 372 798 443 μετέδωκε
825 370 1046 440 χάριτος
1074 370 1244 442 ταύτῃ
1271 369 1368 422 καὶ
1397 368 1526 430 τοὺς
1559 365 1752 428 ἄλλους
1779 367 1900 437 εχρι
1917 395 1928 407 -

2045 372 2214 426 unxit.
2237 371 2618 444 Pmpheticam
2641 375 2786 432 enim
2809 377 2880 431 ab
2905 376 3024 446 ipso
3049 375 3282 446 gratiam
3315 377 3590 448 accipietis

357 481 438 518 σε.
468 462 580 533 Τὴν
607 461 956 531 προφητικὴν
994 459 1104 529 γὰρ
1145 458 1275 528 παρ’
1305 455 1471 510 αὑτοῦ
1511 455 1800 524 δεξάμενος
1827 455 1926 525 χά-

358 571 462 624 ριν,
496 555 872 622 προσήνεγκεν
905 551 1136 614 ἐκείνοις
1167 551 1228 604 τὸ
1257 548 1484 620 χρίσμα,
1513 547 1609 601 καὶ
1641 547 1742 616 τῆς
1777 547 1928 618 βασι-

354 645 510 716 λικῆς
545 645 726 707 αὐτοῖς
765 642 1042 711 μετέδωκε
1078 641 1320 712 χάριτος.

951 729 1194 792 ΚΕΦΑΛ.
1235 726 1326 781 K'.

425 825 737 893 Εὐλότησε
755 822 1052 879 Ναϐουθαί
1083 821 1250 875 Geor.
1279 819 1554 890 Εὐφήμως
1601 812 1754 872 εἶπεν
1807 819 1928 873 ἀντὶ

353 916 481 982 τοῦ,
540 914 1046 986 ἐόαασφήμησθν.
1095 912 1210 982 Τὴν
1257 912 1317 966 δὲ
1366 911 1623 983 νηστείαν
1669 911 1928 980 γενέσθαι

355 1007 712 1080 προσέταξεν,
750 1007 890 1060 ὥστε
939 1004 1115 1077 ταύτῃ
1155 1003 1326 1070 δείξαι
1376 1004 1472 1058 τοῦ
1519 1003 1682 1074 φόνου
1736 1003 1798 1057 τδ
1849 1002 1930 1056 δί-

353 1115 532 1152 καιον.
588 1097 698 1151 Καὶ
757 1095 847 1150 διὰ
901 1095 1092 1150 τούτου
1147 1095 1240 1148 καὶ
1299 1093 1399 1162 τῆς
1443 1093 1706 1164 συνήθους
1763 1092 1926 1147 αὐτὸν

353 1189 640 1242 ἐκέλευσεν
691 1188 990 1256 ἀξιωθῆναι
1037 1189 1228 1258 τιμῆς,
1286 1187 1382 1240 καὶ
1437 1187 1790 1257 προεδρεύειν
1819 1187 1926 1240 τῶν

352 1279 550 1341 ἄλλων,
581 1273 682 1330 εἶθ’
711 1277 856 1332 οὕτω
883 1277 984 1348 τὴν
1031 1279 1253 1347 γραφὴν
1285 1277 1612 1347 ὑποστῆναι.

423 1367 702 1437 Διέρῤηξε
731 1371 804 1424 τὰ
831 1369 1028 1438 lucina
1062 1365 1272 1424 αὐτοῦ.
1313 1366 1531 1436 Κοῦφος
1573 1367 1648 1422 ὢν
1692 1367 1924 1440 Ἀκαὰϐ,

357 1460 554 1531 ῥᾳδίως
602 1461 692 1514 άεὶ
737 1461 1136 1532 pseups-nera“
1189 1459 1312 1514 ὅθεν
1369 1459 1532 1513 αὑτὸν
1579 1460 1818 1526 Ἰεζάϐελ
1848 1465 1927 1526 είς

353 1551 512 1606 τοῦτο
534 1553 866 1621 κατέστησεν
893 1552 1171 1613 ἀσεϐείας.
1201 1553 1278 1604 Δι’
1295 1551 1432 1632 ὅπερ
1462 1553 1496 1621 ἡ
1529 1553 1739 1624 ίστορία
1761 1567 1775 1583 ⁶
1817 1556 1930 1606 Δω-

359 1643 508 1712 ρεάν,
529 1645 713 1712 φησιν,
735 1644 948 1714 ἐπράθη
975 1643 1201 1714 Ἀχαὰϐ,
1224 1643 1316 1697 τοῦ
1355 1643 1579 1714 ποιῆσαι
1598 1645 1662 1698 τὺ
1691 1649 1928 1716 πονηρὸν

2028 463 2210 518 attulit
2245 465 2352 522 illis
2379 469 2724 534 unctionem,
2751 475 2804 524 et
2831 468 3088 540 gratiam,
3113 483 3234 539 quin
3261 469 3316 524 in
3345 485 3471 540 rege
3503 487 3591 526 rc-

2027 553 2290 624 quiritur,
2319 555 2456 626 ipsis
2493 559 2750 615 contulit.

2541 737 2694 793 cap.
2745 737 2838 793 xx
2881 733 3068 812 [XXI].

2099 823 2263 880 Vens.
2299 825 2352 880 3.
2394 825 2660 882 Laudauit
2701 827 2950 884 Nabuthe
2999 829 3312 892 Dominum.
3356 827 3594 885 lloncsto

2028 911 2166 968 dixit
2209 931 2307 984 pro
2335 916 2736 988 blasphemaoit.
2782 919 3062 990 Jejunium
3087 937 3216 978 vero
3259 920 3427 977 indici
3457 936 3594 991 prte-

2029 1005 2198 1072 cepit,
2247 1012 2307 1058 ιιι
2348 1023 2444 1076 per
2496 1008 2600 1062 hoc
2633 1009 2833 1064 caedem
2865 1011 3069 1080 justam
3098 1026 3222 1066 esse
3256 1009 3590 1066 ostenderet.

2030 1093 2272 1163 Eamque
2305 1097 2377 1152 ob
2409 1111 2634 1153 causam
2659 1113 2818 1168 paena
2851 1103 3152 1156 constituta
3175 1115 3298 1155 eum
3321 1099 3596 1170 jussit—at-

2031 1186 2138 1246 tici.
2177 1188 2464 1258 magisque
2507 1191 2713 1258 puniri,
2747 1207 2909 1262 quam
2943 1192 3100 1257 alios,
3151 1191 3350 1247 deinde
3375 1205 3594 1262 pinnam

2029 1278 2132 1332 hoc
2171 1279 2332 1333 modo
2357 1281 2652 1336 sustinuere.
3021 1297 3030 1302 '

2106 1369 2266 1427 Vens.
2308 1373 2398 1426 27.
2443 1373 2616 1428 Scidit
2651 1375 2960 1430 uestimenta
3004 1393 3122 1432 sua.
3165 1376 3304 1443 Quia
3359 1376 3498 1432 levis
3541 1383 3597 1430 et

2031 1462 2355 1520 inconstans
2401 1475 2520 1520 eral
2553 1467 2758 1532 Achab,
2805 1467 2963 1522 facile
3005 1481 3220 1536 semper
3255 1465 3595 1521 mutabatur.

2033 1552 2170 1608 Hinc
2193 1553 2411 1610 Jezabel
2443 1571 2568 1624 cum
2613 1556 2666 1610 iu
2701 1567 2907 1611 tantam
2961 1556 3185 1611 deduxit
3241 1555 3595 1625 impietatem,

2031 1657 2088 1701 ut
2139 1648 2367 1702 historia
2418 1648 2565 1703 dicat
2620 1652 2790 1720 gratis
2825 1649 3195 1703 venundatum
3243 1661 3386 1706 esse.
3428 1651 3486 1698 ut
3517 1643 3600 1698 ta-

358 1737 590 1792 ἐνώπιον
624 1740 850 1810 Κυρίου,
880 1739 954 1804 ὼς
987 1741 1320 1810 μετέστησεν
1346 1739 1506 1794 αὑτὸν
1535 1739 1796 1804 Ἰεζάϐελ.
1830 1744 1924 1795 καὶ

2045 1746 2181 1793 teret
2230 1739 2431 1792 malum
2485 1755 2673 1793 coram
2737 1739 2990 1800 Domino,
3045 1749 3104 1792 ut
3165 1731 3448 1792 transtulit
3471 1749 3594 1789 eum

357 1827 426 1884 τὰ
455 1829 600 1899 ἑξῆς.
622 1830 780 1883 Ὅθεν
802 1831 1048 1901 ὀρεχθεὶς
1070 1831 1162 1885 τοῦ
1197 1830 1538 1899 ἀμπελῶνος,
1571 1830 1808 1902 ἦλγησεν
1832 1833 1924 1886 ἐπὶ

355 1917 434 1989 τῷ
455 1919 550 1972 τοῦ
575 1919 852 1973 Ναϐουθαὶ
877 1920 1110 1992 θανάτῳ.

421 2011 532 2066 Kal
564 2011 761 2065 πάντα
789 2011 908 2066 ὅσα
928 2012 1220 2080 ἐποίησεν
1252 2014 1285 2066 ὀ
1329 2013 1693 2083 Ἀμορραῖος.
1724 2014 1837 2068 Νῦν
1861 2017 1921 2068 οὐ

349 2103 411 2155 τὺ
427 2101 644 2157 Ἰνδικὸν
659 2102 812 2168 ἔθνος
833 2103 1018 2173 φησιν,
1033 2101 1174 2158 ἀλλὰ
1191 2103 1396 2167 πάντας
1417 2105 1544 2167 τοὺς
1564 2105 1924 2168 Χαναναίους.

365 2193 830 2266 Ἀμορραῖος-γὰρ
853 2197 918 2265 τῇ
953 2193 1220 2265 Ἐϐραίων
1251 2198 1404 2265 φωνῇ
1442 2195 1540 2248 καὶ
1579 2199 1608 2249 ό
1656 2195 1926 2250 κατοικῶν

349 2284 697 2354 ὀνομάζεται.
731 2285 789 2338 ὐ
815 2285 870 2338 δὲ
919 2285 1301 2356 φιλάνθρωπος
1357 2286 1510 2349 Θεὸς,
1545 2287 1632 2340 διὰ
1687 2288 1790 2358 μὲν
1829 2287 1925 2357 τὴν

355 2375 676 2443 μιαιφονίαν
709 2377 808 2446 τὴν
851 2377 1228 2446 πανωλεθρίαν
1267 2377 1586 2448 ἠπείλησεν.
1610 2379 1710 2431 Διὰ
1740 2379 1798 2432 δὲ
1835 2379 1927 2432 τὸν

351 2467 444 2518 ἐπὶ
489 2461 569 2534 τῷ
617 2467 764 2536 φόνῳ
811 2465 1006 2536 θρῆνον
1047 2467 1144 2537 τὴν
1193 2468 1292 2536 τῆς
1341 2469 1615 2538 τιμωρίας
1650 2469 1928 2540 ἀναλαϐὴν

353 2556 670 2627 ἐχαρίσατο.

932 2651 1182 2704 ΚΕΦᾹΛ.
1219 2651 1350 2704 KA'.
1909 2709 1912 2712 ,

427 2743 498 2794 Et
545 2739 856 2808 ὲκποιήσει
913 2744 966 2796 δ’
993 2742 1140 2813 x055-
1185 2741 1519 2810 Σαμαρείας
1569 2742 1698 2809 ταῖς
1735 2743 1928 2812 δραξί.

353 2829 542 2885 Ταῦτα
585 2831 774 2901 ἔλεγον
827 2833 1178 2897 ἀπειλοῦντες
1215 2834 1316 2904 τῆς
1353 2833 1670 2905 πολιορκίας
1720 2835 1788 2888 τὰ
1821 2835 1930 2905 χὼ-

357 2939 526 2992 ματα.

435 3015 734 3083 Ἑώρακας
774 3016 970 3070 πάντα
1003 3018 1110 3070 τὸν
1135 3013 1308 3087 ἦχον.
1352 3018 1582 3081 υίκείως
1626 3018 1734 3072 τῶν
1775 3019 1934 3072 ἀπει-

347 3107 591 3176 -λητικῶν
621 3103 885 3178 ῥημάτων
931 3109 1022 3161 τδν
1056 3108 1270 3179 κόμπον
1311 3109 1482 3173 οὕτως
1511 3110 1790 3165 ἐκάλεσεν.
1847 3113 1935 3164 Δι-

353 3198 518 3269 σλύθη
545 3201 655 3273 γάρ
681 3203 964 3271 συντόμως
991 3203 1060 3272 τῇ
1091 3201 1212 3272 θείᾳ
1243 3205 1408 3273 ῥοπῇ.

435 3291 540 3344 Ἔν
586 3291 716 3357 τοῖς
763 3291 1098 3360 παιδαρίοις
1145 3291 1266 3346 τῶν
1317 3294 1628 3362 ἀρχόντων
1663 3295 1783 3352 τῶν
1825 3315 1938 3366 χω-

347 3380 492 3449 ρῶν.
536 3381 612 3435 οὐ
665 3382 873 3453 χρῄζω,
923 3384 1080 3453 φησὶ,
1131 3383 1368 3455 πλήθους
1411 3384 1541 3454 ἐγώ.
1603 3385 1690 3438 Ἐν
1731 3387 1938 3456 ὀλίγοις

357 3475 468 3542 γὰρ
521 3475 851 3544 μειρακίοις,
884 3477 978 3527 καὶ
1023 3475 1277 3543 πολέμων
1325 3477 1595 3546 ἀπείροις,
1638 3477 1736 3547 τὴν
1783 3495 1938 3548 παμο

357 3564 560 3630 πόλλην
607 3563 817 3631 ταύτην
871 3564 1136 3633 στρατιὰν
1179 3565 1424 3618 διολέσω.
1469 3563 1650 3620 Ἦσαν
1688 3567 1772 3630 δὲ,
1827 3585 1935 3640 φη-

357 3655 432 3718 σὶ,
457 3653 724 3705 διακόσιοι
767 3653 797 3692 1³
841 3654 1140 3724 τριάκοντα
1187 3655 1282 3706 δύο
1307 3695 1322 3718 ,
1367 3648 1434 3707 δι’
1480 3650 1556 3710 ὧν
1595 3660 1624 3710 ὁ
1674 3661 1942 3714 παντοδύ-

357 3759 527 3814 ναμος
565 3743 772 3814 Κύριος
797 3743 876 3814 λβ⁹
913 3743 1176 3814 βασιλέων
1201 3745 1465 3799 κατέλυσε
1496 3750 1782 3817 στρατιάν.

429 3919 573 3986 Θεὸς
595 3916 800 3988 ὀρέων,
833 3919 980 3984 Θεὸς
1017 3917 1284 3986 Ἰσραήλ.
1303 3916 1525 3988 Ἐπειδὴ
1549 3915 1828 3985 τοιούτους
1855 3916 1936 3976 εἷ-

357 4029 446 4065 ναι
471 4012 600 4074 τοὺς
627 4009 868 4074 οἰκείους
902 4009 1058 4072 θεοὺς
1081 4008 1502 4079 ὑπελάμσανον,
1533 4009 1793 4080 ᾠήθησαν
1843 4013 1938 4066 καὶ

349 4099 450 4152 ’τὸν
476 4098 730 4170 ἀληθινὸν
756 4099 850 4152 καὶ
888 4098 998 4169 cap
1041 4097 1180 4152 ὅλων
1226 4097 1562 4168 δημιουργὸν
1600 4100 1826 4170 μερικδν
1859 4096 1938 4154 εί-

357 4208 446 4246 ναι
473 4193 626 4246 Θεόν.
667 4189 812 4244 Ἀλλ’
850 4189 1020 4255 ἔδειξε
1049 4191 1144 4242 καὶ
1173 4192 1288 4254 τοῖς
1315 4189 1538 4254 οίκείοις
1562 4192 1658 4244 καὶ
1689 4193 1802 4255 τοῖς
1842 4191 1940 4247 ἀλ-

357 4283 596 4354 λοτρίοις
621 4283 723 4353 τὴν
761 4283 972 4336 οἰκείαν
1008 4280 1332 4352 ίσχύνηΤῆς
1368 4281 1478 4353 γὰρ
1507 4283 1828 4354 συμπλοκῆς
1877 4285 1938 4338 ιν

2025 1828 2266 1892 Jezabel,
2297 1837 2404 1883 etc.
2451 1829 2588 1886 lliuc
2616 1845 2740 1884 cum
2777 1837 3056 1900 appeteret
3087 1831 3321 1892 vineam,
3347 1825 3594 1881 dolorem

2027 1927 2202 1972 morte
2229 1917 2498 1974 Nabuthae
2533 1923 2764 1990 accepit.

2095 2009 2259 2065 Vsus.
2277 2009 2367 2066 26.
2398 2010 2698 2067 Secundum
2723 2013 2927 2078 oumia,
2954 2029 3068 2082 qua:
3087 2010 3209 2074 fecit
3237 2009 3610 2064 Amorrhwns.‘

2024 2104 2142 2159 Jam
2179 2121 2286 2160 non
2324 2107 2662 2178 peculiarem
2695 2115 2914 2176 gentem
2951 2105 3105 2171 dicit,
3137 2101 3230 2158 scd
3253 2117 3441 2157 omnes
3461 2099 3602 2153 Cha-

2027 2213 2272 2254 nanmos.
2318 2199 2678 2254 Amorrhaeus
2717 2201 2862 2252 enim
2919 2197 3186 2252 tlebraica
3249 2209 3382 2249 voce
3439 2193 3601 2247 etiam

2026 2293 2204 2346 incola
2239 2292 2583 2346 nominatur.
2633 2291 2918 2345 Beneﬁcus
2967 2296 3148 2342 autem
3199 2283 3341 2340 Deus
3383 2291 3604 2352 propter

2028 2382 2386 2436 homicidium
2425 2383 2654 2436 exitium
2697 2381 2923 2434 Acbabo
2949 2379 3323 2433 comminatus
3353 2383 3460 2442 est,
3505 2373 3602 2430 sed

2028 2473 2155 2542 quia
2193 2473 2394 2528 caedem
2429 2473 2762 2526 lamentatus
2806 2477 2913 2533 est,
2951 2485 3017 2524 ex
3063 2470 3236 2538 gratia
3270 2461 3487 2536 pmuam
3516 2479 3603 2520 re—

2031 2563 2202 2615 misit.

2555 2652 2708 2710 CAP.
2753 2649 2870 2704 xxn
2908 2649 3072 2722 [XX].

2099 2742 2263 2799 Vens.
2311 2744 2400 2798 10.
2430 2742 2490 2800 Si
2517 2744 2784 2813 stt/fecerit
2843 2743 3018 2813 pulvis
3079 2741 3340 2796 Sumat-ire
3369 2739 3602 2810 pugillis.

2032 2831 2159 2888 llaec
2211 2835 2494 2902 dicebant,
2543 2835 2950 2892 comminantes
2997 2849 3058 2890 se
3097 2847 3324 2904 aggeres
3361 2833 3606 2885 tacturos

2034 2926 2088 2979 in
2123 2925 2428 2982 obsidione.

2109 3011 2278 3073 Vsus.
2317 3019 2404 3072 15.
2446 3017 2636 3072 Vidisti
2662 3033 2864 3074 omnem
2899 3035 3110 3075 sonum.
3153 3016 3382 3088 Proprie
3412 3015 3608 3069 verbo-

2041 3129 2160 3167 rum
2185 3113 2512 3167 minantium
2546 3113 2744 3170 fastum
2803 3113 2884 3169 sic
2924 3111 3170 3188 vocavit;
3229 3111 3415 3186 statim
3461 3111 3604 3163 enim

2039 3201 2134 3259 Dei
2161 3212 2296 3258 nuto
2321 3204 2626 3260 dissolulus
2669 3213 2725 3260 et
2757 3203 2967 3258 fractus
3003 3211 3110 3258 est.

2109 3293 2275 3350 Vsus.
2307 3295 2395 3350 Η.
2430 3294 2494 3349 In
2517 3295 2691 3365 pueris
2719 3294 3018 3364 principum
3054 3292 3466 3360 provinciarum.
3489 3288 3604 3343 Non

2039 3389 2291 3459 pluribus
2348 3403 2450 3459 ego
2507 3387 2750 3458 indigeo,
2811 3387 3010 3456 inquit,
3068 3399 3192 3440 nam
3235 3399 3359 3438 cum
3421 3381 3610 3452 paucis

2039 3481 2244 3549 pueris,
2265 3487 2320 3536 et
2381 3480 2646 3534 bellorum
2693 3479 3014 3548 expertibus
3061 3487 3115 3532 et
3177 3475 3408 3546 ignaris,
3432 3475 3604 3528 maxi-

2039 3583 2191 3622 mum
2229 3569 2382 3624 illum
2401 3568 2704 3622 exercitum
2753 3567 2999 3621 fundam.
3042 3564 3206 3619 Erant
3232 3573 3440 3630 autem,
3475 3563 3610 3620 dicit

2038 3655 2348 3727 Scriptura,
2382 3657 2616 3712 trecenti
2645 3656 2874 3726 triginta
2925 3655 3056 3720 duo,
3090 3669 3191 3725 per
3237 3669 3376 3723 quos
3429 3653 3609 3708 omni-

2041 3757 2234 3816 potens
2281 3747 2424 3802 Deus
2481 3745 2788 3801 exercitum
2843 3745 3070 3816 triginta
3125 3743 3362 3799 duorum
3417 3755 3608 3810 regum

2041 3834 2368 3904 proﬂigavit.
2837 3855 2840 3860 '

2109 3923 2274 3979 Vsus.
2310 3921 2401 3978 28.
2437 3921 2578 3978 Deus
2609 3924 2890 3988 montium,
2919 3907 3067 3978 ’Deus
3096 3921 3288 3976 Israel.
3313 3918 3450 3975 Cum
3477 3933 3610 3975 suos

2039 4015 2173 4070 deos
2221 4015 2360 4070 tales
2411 4029 2536 4070 esse
2565 4022 2859 4085 putarent,
2907 4013 3367 4069 existimaverunt
3415 4023 3607 4065 verum

2039 4103 2234 4172 Deum,
2258 4115 2314 4162 et
2379 4107 2546 4162 tutius
2603 4105 2792 4161 mundi
2837 4105 3135 4176 opiﬁcem,,
3167 4103 3340 4174 partis
3373 4099 3610 4169 alicujus

2042 4201 2254 4250 tantum
2309 4193 2480 4250 Deum
2516 4209 2667 4262 esse;
2712 4195 2807 4250 sed
2853 4193 3170 4248 domesticis
3198 4200 3252 4248 et
3301 4189 3608 4264 peregrinis

2041 4301 2196 4342 suam
2230 4285 2342 4340 vim
2397 4293 2452 4341 et
2481 4284 2784 4356 potentiam
2835 4281 3257 4338 demonstravit.
3291 4281 3430 4338 Cum
3457 4279 3606 4337 enim

361 4375 532 4444 πεδίῳ
593 4374 1008 4444 γεγενημένης,
1073 4373 1403 4429 δυοκαίδεκα
1467 4373 1576 4428 τῶν
1622 4376 1931 4432 ἀντιπάλων

2045 4378 2094 4434 in
2121 4392 2316 4448 campo
2341 4375 2630 4432 conﬂictus
2661 4374 2839 4441 ﬁeret,
2869 4372 3139 4430 Israelita:
3164 4379 3394 4429 centena
3414 4372 3608 4443 viginti

367 4465 634 4537 μυριάδας
693 4463 912 4534 Ἰσραὴλ
953 4464 1364 4533 κατηκόντισεν.
1411 4465 1530 4518 Ἵνα
1581 4464 1639 4518 δὲ
1695 4467 1938 4521 κάκεῖνοι

368 4556 618 4626 μάθωσιν
672 4555 746 4619 ὡς
803 4555 1064 4625 θεήλατος
1125 4556 1159 4626 ἠ
1213 4555 1432 4627 πληγὴ,
1494 4556 1602 4610 τῶν
1654 4558 1940 4628 διαφυγόν-

361 4665 471 4700 των
505 4649 584 4710 είς
612 4651 712 4717 τὴν
755 4646 962 4714 Ἀφεκᾶ
1012 4646 1168 4700 πόλιν
1208 4649 1726 4718 καταπεφευγότων,
1765 4667 1934 4705 κατα·

363 4737 528 4792 πεσὸν
551 4739 614 4790 τὸ
637 4741 840 4808 τεῖχος,
885 4737 1027 4790 ἑπτὰ
1057 4739 1342 4794 καὶείκοσι
1379 4741 1646 4811 μυριάδας
1695 4743 1938 4814 κατέχω-

364 4845 477 4885 σεν.

443 5005 544 5064 Ἐν
564 5005 726 5073 ,λόγῳ
753 5006 976 5074 Κυρίου
1005 5007 1276 5072 πάταξον
1313 5009 1390 5077 δή
1415 5025 1511 5078 με.
1542 5010 1655 5062 Οὐκ
1685 5009 1798 5078 ἐγώ
1827 5028 1932 5076 σοι,

363 5096 547 5166 φησὶν,
593 5097 888 5165 ὲπιτάττω,
930 5099 1067 5154 ἀλλὰ
1106 5099 1166 5152 τὸ
1193 5102 1252 5153 ὲν
1300 5100 1426 5171 ἐμοὶ
1471 5102 1708 5172 πνεῦμα.
1745 5104 1839 5156 Διὸ
1868 5103 1934 5175 δὴ

361 5187 438 5258 τῷ
467 5189 778 5242 ἁντειπόντι
828 5190 917 5242 τὸν
951 5190 1042 5244 διὰ
1085 5191 1178 5244 τοῦ
1225 5191 1444 5255 λέοντος
1491 5194 1792 5266 ἐπήνεγκεν
1817 5195 1934 5248 ὄλε-

363 5279 509 5332 θοον.

431 5295 509 5332 ον.

397 5293 542 5425 ρΚαὶ
568 5369 955 5438 συνέτριψεν.
990 5372 1300 5440 Τουτέστιν,
1331 5375 1750 5446 ὲτραυμάτισεν.

2039 4468 2212 4524 millia
2233 4468 2484 4523 hostium
2544 4463 2908 4536 proﬂigarunt
2960 4473 3014 4520 et
3057 4465 3403 4520 occiderunt.
3433 4463 3610 4518 Caete-

2039 4575 2184 4624 rum,
2221 4566 2282 4612 ut
2333 4558 2476 4613 banc
2525 4557 2737 4612 cladem
2795 4556 3066 4613 divinitus
3131 4555 3266 4625 ipsis
3297 4556 3602 4612 immissam

2036 4667 2162 4706 esse
2209 4657 2626 4720 cognoscerent,
2671 4663 2796 4703 cum
2843 4648 2948 4714 illi,
2994 4649 3088 4718 qui
3137 4661 3232 4717 per
3281 4647 3464 4718 fugam
3493 4648 3604 4716 jam

2037 4750 2346 4808 evaserant,
2397 4742 2788 4812 Aphecapolim
2859 4757 2918 4798 se
2987 4742 3346 4810 recepissent,
3417 4755 3606 4796 murus

2041 4834 2292 4898 corruit,
2343 4843 2398 4888 et
2439 4833 2628 4903 viginti
2685 4841 2896 4901 septem
2975 4831 3152 4886 millia
3205 4831 3448 4884 virorum
3509 4843 3608 4902 cp-

2080 4925 2266 4980 ressit.

2041 4939 2266 4994 pressu.

2113 5013 2276 5070 Vens.
2323 5013 2414 5068 '55.
2475 5013 2542 5067 In
2573 5028 2811 5084 sermone
2871 5010 3090 5065 Domini
3129 5017 3342 5078 percute
3361 5025 3461 5064 me.
3487 5006 3608 5062 Non

2039 5102 2258 5175 egotibi
2295 5104 2528 5174 impero,
2566 5103 2722 5168 dicit,
2755 5101 2851 5158 sed
2901 5101 2994 5172 qui
3027 5101 3080 5154 in
3115 5115 3202 5156 me
3234 5109 3320 5156 est
3353 5098 3604 5170 spiritus.

2039 5199 2386 5269 Quapropter
2429 5198 2832 5254 contradicenti
2888 5213 2986 5268 per
3016 5198 3230 5253 leonem
3255 5195 3480 5254 exitium
3513 5193 3608 5260 iu-

2041 5292 2186 5346 ttﬂit.

2117 5381 2278 5436 \‘ens.
2316 5381 2405 5435 37.
2439 5379 2506 5433 Et
2537 5383 2800 5436 contrivit.
2829 5380 2942 5437 l-loc
2968 5389 3074 5446 est,
3095 5379 3426 5434 vulneravit.

1643 5496 1869 5552 VAleE
1901 5498 2308 5556 LECTIONES.

451 5588 480 5627 ι)
523 5587 575 5640 lu
613 5587 800 5641 codice
829 5585 1072 5645 Lavatcri
1099 5589 1224 5655 fuit,
1254 5592 1517 5661 χιλιάδας.
1555 5594 1618 5648 Et
1654 5594 1706 5647 id
1777 5597 1997 5650 rectius.

363 5659 454 5715 sed
486 5663 648 5716 male.

2090 5609 2110 5632 ε’
2145 5593 2201 5649 [ιι
2237 5595 2491 5652 Lavatcri
2527 5595 2714 5652 codice
2770 5595 2985 5652 videtur
3039 5591 3211 5650 fuisse
3237 5631 3254 5658 ,
3277 5589 3606 5662 τριακόσιοι,
