3986 6218
174 250 320 322 117'!

162 456 199 507 6
235 455 475 525 ’Δχαάϐ
522 458 641 529 τῆς
679 458 844 523 θείας
879 455 949 530 ἦν
997 459 1327 531 κηδεμονίας
1374 460 1612 526 ἀνάξιος.
1655 460 1843 530 Τούτῳ

163 544 229 598 δὲ
255 546 477 615 ὅμοιον
526 547 599 602 τδ
635 547 758 605 ῦπδ
784 550 1000 604 Παύλου
1021 551 1338 620 λεγόμενον·
1373 571 1392 603 ι
1420 552 1636 623 Πέμψει
1662 555 1691 605 6
1712 552 1845 616 Θεὸς

170 632 507 704 ὶνέργειαν
543 639 783 709 πλάνης
824 643 938 705 τοῖς
970 641 1075 712 τὴν
1113 641 1379 712 ἀλήθειαν
1420 642 1482 695 οὐ
1530 641 1842 711 παραδεξα-

173 722 413 791 μένοις.
451 745 475 779 ι
520 728 688 782 Ἀλλ’
739 733 1029 802 ἑρμηνεῖαι
1072 731 1173 800 τῆς
1210 730 1305 784 τοῦ
1340 729 1476 784 Θεοῦ
1533 730 1842 801 βουλήσεως

169 816 596 882 τυγχάνουσιν
631 821 698 873 αἱ
734 823 1014 886 ὀπτασίαι,
1058 823 1159 893 οὐχ
1187 823 1325 894 ὅπερ
1361 822 1513 876 ἐστὶν
1541 822 1706 876 αὐτὸν
1734 823 1842 876 δει-

170 903 503 972 κνύουσαι,
542 917 901 982 σωματικοῖς
931 915 990 967 δέ
1038 915 1307 984 σχήμασι,
1354 912 1451 966 καλ⁸
1479 912 1842 985 ἀνθρωπίνοις

169 993 409 1063 λόγοις,
461 998 859 1057 διατυποῦσαι
908 1002 1011 1068 τὰς
1068 1002 1167 1057 τοῦ
1215 1001 1352 1055 Θεοῦ
1398 1000 1732 1071 οἰκονομίας,
1766 999 1842 1062 ὠς

176 1087 369 1153 αὐτὸς
417 1092 453 1145 6
484 1091 644 1158 Θεός
682 1111 850 1166 φησιν
882 1111 897 1127 ·
934 1113 954 1146 ι
985 1093 1132 1163 Ἐγὼ
1157 1095 1380 1163 ὁράσεις
1411 1092 1713 1163 ἐπλήθυνα,
1748 1090 1844 1143 καὶ

108 1160 123 1175 '
176 1177 245 1230 ἐν
276 1181 466 1248 Χερσ“ι
510 1160 842 1255 ,προφητῶν
892 1160 1207 1255 ὼμοιῶθην.
1244 1201 1264 1233 ι
1304 1182 1420 1236 Οὐκ
1463 1160 1631 1243 αὐτὸς
1659 1177 1842 1248 φαίνε-

177 1284 311 1333 ται,
341 1266 765 1345 ἀλλ’όράσεις
810 1275 1098 1347 πληθύνει.
1146 1275 1256 1328 Καὶ
1302 1274 1556 1344 ὁμοίωμα
1600 1272 1840 1326 δείκνυσι

179 1361 312 1424 τοῖς
346 1367 723 1438 προφήταις,
751 1359 1043 1438 βασιλείας
1065 1366 1186 1437 μὲν,
1217 1366 1346 1419 ὅταν
1379 1366 1471 1418 ἐπὶ
1488 1363 1677 1435 θρόνου
1706 1362 1841 1415 καθ-

182 1451 486 1525 εζόμενον
518 1462 730 1532 ὁρῶσι,
756 1462 852 1516 και
885 1462 1014 1532 περι
1043 1460 1208 1513 αὐτὸν
1231 1459 1332 1526 τὴν
1354 1458 1609 1528 οὐράνιον
1670 1471 1841 1526 στρα-

182 1546 327 1601 τιάν
353 1564 372 1580 ο
410 1552 683 1621 κρίσεως
716 1555 795 1621 δὲ,
813 1555 943 1609 ὅταν
979 1551 1164 1607 πολιὸν
1190 1550 1450 1622 βλέπωσι,
1477 1548 1693 1612 λευκοῖς
1722 1549 1841 1617 ίμα-

185 1635 351 1701 τίοις
378 1645 814 1715 κοσμούμενον,
842 1645 932 1699 διᾶ
965 1644 1027 1698 τὸ
1053 1643 1154 1713 τῆς
1184 1641 1425 1711 κρίσεως
1446 1639 1610 1708 σοφόν
1632 1655 1691 1693 τε
1721 1637 1840 1709 ἆμα’

1218 260 1862 324 COMMENTARIIIN
1903 263 2052 324 LIB.
2084 262 2180 323 III
2212 264 2511 325 REGUM.

165 365 470 421 κωλῦσαι
506 367 637 440 γὰρ
673 369 989 441 δυνάμενος
1022 368 1124 424 οῦκ
1167 371 1463 426 ἐκώλυσεν.
1510 371 1842 441 Ἐπειδήπερ

1952 386 2073 426 eum
2098 376 2245 427 enim
2274 358 2572 442 prohibere
2603 376 3013 444 potuisset,non
3034 374 3539 446 proliibuithhab
3634 401 3639 406 ν

3399 259 3537 327 1178

1952 461 2101 515 enim
2130 461 2392 532 indignus
2424 470 2564 528 erat,
2600 464 2762 533 cujus
2795 480 2985 520 curam
3038 465 3181 519 Deus
3209 466 3533 542 susciperet.

1951 551 2065 606 lloc
2102 560 2284 606 autem
2325 552 2508 607 simile
2540 562 2623 609 est
2669 553 2796 609 huic
2825 555 2972 623 quod
3024 569 3052 607 a
3089 553 3259 609 Paulo
3278 553 3487 607 dicitur
3518 567 3530 601 :

1957 661 1976 693 ι
2022 638 2198 696 Mittet
2263 643 2376 697 illis
2430 633 2575 714 Deus
2604 643 2905 698 efficaciam
2935 646 3169 709 erroris,
3202 646 3294 715 qui
3327 644 3534 699 verita-

1948 739 2055 786 tem
2081 747 2190 785 non
2242 740 2567 802 receperunt
2589 734 2656 798 ⁵⁸,
2692 752 2711 786 ι
2778 733 3051 789 Caeterum
3095 735 3337 790 visiones
3358 733 3535 803 expli«

1947 822 2197 876 cationes
2229 830 2359 877 sunt
2388 823 2610 878 consilii
2639 821 2757 878 Dei.
2788 822 2905 879 Non
2941 825 3087 894 quod
3117 826 3236 895 ipse
3275 808 3349 888 id,
3385 823 3534 895 quod

1944 918 2049 978 est,
2100 911 2391 966 ostendat:
2456 912 2708 982 corporis
2739 921 2923 968 autem
2963 914 3175 982 ﬁguris,
3209 922 3265 969 et
3289 914 3535 969 humano
3626 899 3631 905 ’

1945 1019 2101 1060 more
2124 1005 2318 1060 ellictis
2342 1007 2692 1062 sermonibus
2722 1008 2997 1076 exprimit,
3034 994 3089 1062 ei.
3122 1007 3392 1062 describit
3433 1005 3547 1073 Dei.

1943 1095 2441 1163 dispensationem.
2481 1095 2955 1161 Quemadmodum
3024 1097 3168 1152 Deus
3215 1098 3335 1168 ipse
3364 1098 3528 1153 dicit:

1950 1202 1969 1236 ι
2009 1185 2132 1254 Ego'
2155 1184 2397 1238 visiones
2427 1185 2817 1254 multiplicavi,
2880 1194 2934 1240 et
3000 1201 3096 1255 per
3134 1201 3356 1240 manum
3401 1202 3532 1256 pro-

1943 1275 2232 1344 phetarum
2292 1274 2633 1329 assimilatus
2667 1291 2788 1330 sum
2813 1274 2879 1329 “’.
2914 1294 2932 1326 ι
2986 1275 3104 1330 Non
3137 1276 3254 1346 ipse
3279 1284 3527 1347 apparet,

1943 1366 2040 1424 sed
2073 1366 2316 1420 visiones
2346 1364 2711 1434 multiplicat,
2738 1376 2791 1420 et
2836 1366 3258 1421 similitudinem
3285 1366 3527 1421 ostendit
3598 1358 3601 1363 ’

1942 1455 2251 1530 prophetis,
2307 1454 2462 1525 regni
2524 1454 2770 1524 quidem,
2826 1455 2871 1510 si
2910 1456 2965 1509 in
3014 1456 3215 1510 throno
3248 1454 3526 1510 sedentem

1941 1547 2151 1612 vident,
2176 1554 2233 1602 et
2262 1546 2411 1601 circa
2446 1560 2570 1620 eum
2603 1545 2885 1601 caelestem
2923 1545 3232 1600 exercitum
3260 1562 3276 1611 ;
3332 1543 3526 1614 judicii

1942 1652 2094 1705 vero,
2114 1636 2338 1706 quando
2377 1650 2577 1691 canum
2615 1636 2822 1701 vident,
2888 1636 3031 1691 albis
3085 1636 3333 1691 vestibus
3365 1649 3531 1688 orna-

189 1722 303 1781 καὶ
332 1714 644 1803 καθαρόν.
685 1737 826 1807 Ὀρᾷ
868 1736 964 1789 καὶ
1012 1732 1289 1804 Ζαχαρίας
1333 1731 1571 1802 ἀνέμους
1631 1729 1844 1798 ἀνθρω-

1952 1736 2083 1794 tum,
2112 1724 2334 1798 propter
2395 1725 2592 1796 judicii
2648 1740 2756 1789 non
2822 1726 3172 1795 prudentiam
3212 1727 3395 1788 modo,
3432 1723 3528 1779 sed

88 1824 89 1827 ’
198 1818 353 1892 πίνῃ
372 1826 551 1896 φωνῇ
583 1828 922 1898 χρωμένους·
947 1845 966 1878 ι
996 1825 1107 1879 Καὶ
1127 1821 1572 1894 περιοδεύσωμεν
1597 1820 1697 1892 τὴν
1716 1820 1841 1890 γῆν,
1868 1881 1881 1894 ⁸

197 1904 530 1980 λέγοντας,
570 1918 667 1970 καὶ
695 1916 805 1971 ἰδοὺ
833 1917 984 1971 πᾶσα
1008 1917 1042 1984 ἡ
1076 1914 1152 1983 γῆ
1201 1913 1562 1967 κατοικεῖται.
1597 1929 1617 1963 ι
1653 1910 1843 1964 Καθά-

203 2012 330 2070 περ
355 2003 484 2076 γὰρ
515 2009 583 2061 ἐν
606 2007 783 2061 εἰκόσι
809 1996 1046 2079 γραφεῖς
1072 2006 1308 2078 πόλεμόν
1354 2021 1415 2058 τε
1458 2003 1555 2057 καὶ
1592 2003 1840 2075 εἰρήνην,

203 2090 391 2164 νίκην
426 2100 539 2152 καὶ
566 2099 773 2169 φιλίαν,
805 2102 901 2154 καὶ
948 2099 1051 2154 ὅσα
1093 2098 1251 2164 ἄλλα,
1288 2094 1723 2167 σχηματίζουσιν
1762 2095 1844 2157 είς

207 2181 610 2255 ἀνθρωπείων
638 2192 916 2263 σωμάτων
940 2190 1179 2256 εἰκόνας,
1208 2190 1324 2252 τοῖς
1350 2187 1616 2249 τοιούτοις
1652 2185 1845 2255 ὁμοιὼ-

215 2290 368 2343 μασι
398 2280 469 2335 τὸ
505 2282 758 2354 βούλημα
785 2283 1094 2346 δεικνύντες
1119 2281 1517 2356 ἐναργέστερον
1536 2297 1549 2311 ·
1589 2278 1731 2332 κατὰ
1774 2276 1844 2331 τὰ

217 2367 379 2423 αῦτὰ
437 2377 545 2428 καὶ
590 2375 652 2428 τὸ
702 2374 931 2445 Πνεῦμα
976 2375 1037 2428 τὸ
1082 2373 1240 2442 ἅγιον
1290 2368 1600 2443 προφήταις
1637 2387 1697 2423 τε
1747 2370 1844 2423 καὶ

220 2458 580 2534 ἀποστόλοις
612 2465 673 2519 τὸ
712 2466 928 2536 θέλημα
956 2466 1053 2519 τοῦ
1086 2466 1245 2532 Θεοῦ,
1279 2466 1374 2519 καὶ
1405 2465 1505 2534 τὴν
1538 2463 1716 2529 δόξαν,
1748 2464 1845 2517 καὶ

222 2548 337 2617 τὴν
364 2553 722 2625 οἰκονομίαν,
750 2556 847 2609 καὶ
890 2554 990 2625 τὴν
1018 2554 1158 2624 ἀρὰν
1188 2555 1287 2626 τὴν
1316 2555 1464 2608 κατὰ
1502 2554 1612 2608 τῶν
1660 2555 1845 2625 ἐπιόρ-

230 2631 384 2708 κων,
410 2645 516 2698 καὶ
537 2645 740 2717 ἐτέρων
762 2645 947 2714 τινῶν,
976 2645 1238 2717 ἐμψύχων
1257 2646 1291 2717 ἢ
1315 2646 1562 2716 ἀψύχων,
1590 2646 1684 2700 καὶ
1706 2647 1844 2716 ὅπερ

236 2728 513 2798 βούλεται
545 2737 643 2806 μὲν
666 2738 695 2790 6
723 2736 857 2799 Θεὸς
901 2735 1212 2807 πληρῶσαι,
1254 2736 1311 2789 αἱ
1341 2735 1397 2790 δὲ
1427 2736 1554 2806 ἑξῆς
1588 2735 1846 2806 δυνάμεις

240 2820 582 2894 πληροῦσιν,
606 2825 639 2898 ἢ
666 2828 766 2881 ὅσα
793 2825 969 2897 τολμᾷ
1002 2827 1103 2897 μέν
1129 2829 1157 2881 6
1176 2826 1423 2889 διάϐολος
1449 2825 1843 2889 ἐπιϐουλεύειν,

192 2918 199 2923 ’
242 2920 540 2989 συγχωρεῖ
565 2919 622 2972 δὲ
657 2920 685 2972 6
707 2918 863 2985 Θεὸς,
889 2919 1065 2973 ταῦτα
1093 2921 1259 2973 τυποῖ
1287 2918 1374 2972 διὰ
1400 2920 1512 2973 τῶν
1541 2918 1842 2982 όπτασιῶν,

243 3000 327 3101 ei»:
370 3006 472 3060 ἐπὶ
495 3007 586 3061 τοῦ
621 3007 758 3062 Ἰῶϐ.
795 3008 862 3062 Δί
905 3005 1014 3078 γὰρ
1050 3006 1332 3072 ὸπτασίαι,
1381 3007 1476 3060 καὶ
1523 3005 1590 3059 τὰ
1637 3007 1696 3059 ἐν
1725 3006 1845 3069 ταῖς
1872 3043 1915 3101 C

246 3091 557 3163 ὁπτασίαις
593 3100 838 3171 ῥήματα,
878 3098 1041 3170 μέρος
1073 3099 1193 3152 ἐστὶ
1218 3100 1319 3169 τῆς
1347 3097 1442 3151 τοῦ
1472 3096 1607 3150 Θεοῦ
1638 3112 1847 3163 συγκα-

196 3176 199 3177 7
253 3187 569 3254 ταϐάσεως.
597 3190 735 3246 Οὔτε
760 3191 870 3263 γὰρ
896 3191 1198 3264 περιστερὰ
1225 3189 1285 3244 τὸ
1316 3187 1547 3262 Πνεῦμα
1571 3187 1634 3241 τὸ
1665 3188 1847 3257 ἅγιον·

255 3274 389 3332 οὔτε
422 3281 481 3335 δέ
509 3281 571 3335 τό
592 3297 607 3313 ο
642 3299 662 3333 ι
688 3283 789 3345 Ὄς
819 3284 967 3336 ἐστιν
1004 3285 1062 3335 ἐν
1104 3280 1258 3351 δεξιᾷ
1303 3279 1397 3334 τοῦ
1441 3279 1611 3345 Θεοῦ,
1652 3278 1712 3343 ὃς
1761 3279 1856 3331 καὶ

258 3367 588 3442 ἐντυγχάνει
618 3373 760 3442 ὑπὲρ
789 3371 969 3443 ήμῶν,
1003 3390 1023 3422 ι
1060 3370 1257 3434 οὕτως,
1289 3370 1366 3433 ὡς
1396 3370 1632 3440 εἴρηται,
1664 3369 1856 3439 νοήσο-

265 3477 394 3528 μεν,
429 3464 506 3528 ὡς
550 3464 609 3517 ὲν
637 3465 787 3534 τόπῳ
845 3464 941 3533 μὲν
967 3464 1122 3526 ὄντος
1158 3462 1257 3515 τοῦ
1299 3460 1469 3525 Θεοῦ,
1503 3462 1761 3530 δεομένου
1798 3460 1855 3512 δὲ

262 3551 366 3619 τῆς
397 3554 538 3622 ὑπὲρ
564 3553 725 3624 ἡμῶν
754 3553 851 3607 τοῦ
900 3553 1241 3622 Μονογενοῦς
1274 3551 1553 3622 ἐντυχίας.
1579 3550 1740 3603 Κατὰ
1766 3550 1855 3602 τὸν

265 3640 433 3695 αὐτὸν
465 3643 625 3710 λόγον
647 3644 768 3697 ούδέ
795 3646 851 3696 αί
887 3644 999 3697 τῶν
1032 3643 1332 3713 προφητῶν
1357 3642 1638 3703 όπτασίαι,
1674 3641 1769 3694 καὶ
1798 3639 1856 3692 at

267 3734 471 3796 φωναὶ,
497 3732 640 3787 τοῦτ’
668 3730 834 3805 ἦσαν,
859 3735 995 3807 ὅπερ
1026 3735 1349 3789 ἐδείκνυντο.
1384 3732 1491 3786 Τοῦ
1514 3732 1572 3789 δὲ
1597 3731 1733 3785 Θεοῦ
1758 3731 1857 3799 τὴν
1918 3782 1928 3791 .

271 3823 529 3895 βούλησιν
580 3824 897 3896 ἐσήμαινον,
944 3824 978 3894 ἢ
1030 3824 1131 3896 τὴν
1189 3823 1565 3895 συγχώρησιν,
1615 3821 1711 3877 καὶ
1757 3820 1856 3892 τὴν

271 3917 523 3989 ὑπακοὴν
568 3917 680 3971 τῶν
729 3916 1136 3971 ὑπακουόντων.
1194 3916 1305 3969 Καὶ
1352 3916 1452 3987 τὴν
1511 3913 1856 3985 ἐπιχείρησιν

271 4010 384 4063 τῶν
415 4007 764 4080 τολμώντων.
800 4008 898 4073 Ὠς
929 4025 1032 4062 που
1056 4009 1151 4063 καὶ
1178 4006 1239 4060 τὸ
1267 4003 1508 4077 πνεῦμα,
1554 4005 1617 4059 τὸ
1643 4003 1854 4075 ψευσάη

277 4121 438 4173 μενον
464 4102 551 4157 διὰ
589 4103 855 4173 στόματος
886 4101 1008 4156 ,τῶν
1032 4098 1517 4171 ψευδοπροφητῶν,
1558 4097 1693 4151 Θεοῦ
1722 4114 1856 4166 συγ-

275 4199 627 4267 χωρήσαντος
646 4213 663 4230 ο
702 4197 797 4250 καλ⁵
832 4195 861 4248 6
890 4194 1161 4266 πειράσας
1204 4194 1263 4248 δέ
1302 4193 1395 4246 τὸν
1421 4188 1545 4246 Ἰὼϐ
1573 4190 1854 4254 διάϐολος,

275 4284 411 4337 Θεοῦ
445 4285 523 4355 μὴ
565 4284 933 4348 κωλύσαντος.
991 4283 1070 4337 Δι’
1118 4275 1290 4353 οὗπερ
1337 4280 1578 4347 ἐδίδαξεν
1621 4282 1769 4354 ἡμᾶς
1818 4282 1850 4351 ἠ

1946 1826 2003 1873 et
2056 1818 2373 1888 puritatem.
2430 1814 2733 1870 Zacharias
2789 1816 2954 1868 etiam
2986 1814 3136 1868 videt
3184 1808 3530 1879 ventos,hu-

1946 1894 2106 1961 mana
2141 1922 2277 1961 voce
2331 1914 2574 1969 utentes,
2628 1913 2683 1959 et
2717 1904 3009 1960 dicentes:
3047 1921 3066 1955 ι
3111 1904 3535 1958 Circumeamus

1947 2006 2172 2062 terram,
2200 2006 2255 2052 et
2284 2011 2411 2051 ecce
2450 1996 2709 2051 universa
2737 2003 2881 2050 terra
2921 1994 3184 2050 incolitur
3204 1995 3301 2047 δ’.»
3328 1993 3531 2060 Quem—

1944 2088 2239 2144 admodum
2313 2087 2459 2144 enim
2529 2086 2768 2157 pictores
2819 2087 2875 2141 in
2936 2087 3273 2158 imaginibus
3325 2086 3527 2142 bellum

1943 2186 1997 2234 et
2021 2193 2228 2248 pacem,
2289 2176 2577 2233 victoriam
2632 2183 2687 2231 et
2718 2176 3045 2242 amicitiam,
3096 2185 3151 2232 et
3182 2191 3530 2247 quaecunque

1945 2268 2052 2323 alia
2087 2267 2352 2338 efﬁngunt
2387 2268 2439 2320 in
2479 2267 2748 2338 imagines
2792 2267 3165 2322 humanorum
3209 2281 3524 2337 corporum,

1945 2359 2327 2428 hujuscemodi
2361 2358 2826 2415 similitudinibus
2900 2359 3194 2414 consilium
3234 2367 3287 2415 et
3324 2374 3528 2431 propo—

1945 2449 2113 2504 situm
2174 2464 2331 2503 suum
2402 2448 2716 2505 evidentius
2774 2449 3180 2517 ostendentes;
3238 2450 3315 2505 ita
3360 2450 3528 2511 etiam

1947 2536 2191 2608 Spiritus
2228 2546 2454 2607 sanctus
2514 2538 2808 2608 ‘prophetis
2844 2546 2896 2592 et
2951 2540 3220 2609 apostolis
3276 2540 3529 2595 volunta-

1912 2640 2059 2686 'tem‘
2098 2630 2215 2693 Dei,
2250 2638 2298 2685 et
2358 2629 2612 2699 gloriam,
2668 2639 2723 2685 et
2757 2628 3249 2700 dispensationem,
3284 2641 3338 2686 et
3363 2632 3531 2687 male-

1945 2719 2249 2775 dictionem
2284 2726 2477 2775 contra
2511 2720 2791 2791 perjuros,
2845 2729 2903 2776 et
2931 2728 3123 2776 contra
3147 2721 3253 2776 alia
3284 2722 3528 2792 quaedam
3555 2771 3563 2779 .

1946 2811 2184 2865 animata
2216 2819 2271 2865 et
2329 2809 2659 2877 inanimata,
2685 2811 2902 2882 etquod
2942 2810 3088 2868 Deus
3121 2812 3236 2868 vult
3279 2813 3528 2883 implere,

1945 2903 2207 2974 quodque
2260 2912 2449 2973 postea
2502 2902 2785 2958 exercitus
2848 2902 2938 2958 Dei
2994 2904 3205 2975 implet,
3243 2902 3407 2975 539
3431 2913 3524 2958 aut

1950 3013 2289 3070 quaecunque
2343 2996 2512 3052 Satan
2574 3012 2673 3066 per
2718 2997 2952 3053 insidias
2996 3005 3208 3053 tentare
3260 2999 3532 3063 audet,et

1960 3086 2104 3142 Deus
2134 3086 2423 3157 permittit,
2458 3088 2738 3155 proponit,
2767 3093 2822 3141 et
2858 3102 2951 3156 per
2979 3087 3225 3143 visiones
3254 3087 3531 3156 exprimit,

1958 3176 2419 3248 quemadmodum
2447 3175 2500 3230 in
2530 3173 2655 3231 Job.
2688 3175 2951 3233 Visiones
2998 3178 3168 3247 enim,
3193 3186 3248 3232 et
3276 3177 3437 3233 verba
3478 3177 3532 3231 in

1957 3266 2272 3323 visionibus
2301 3275 2433 3321 sunt
2464 3281 2596 3338 pars
2626 3266 2873 3338 quaedam
2897 3268 3386 3326 condescensionis
3418 3268 3534 3329 Dei,

1957 3374 2064 3428 qua
2085 3374 2144 3414 se
2167 3357 2233 3412 ad
2268 3365 2488 3428 captum
2529 3367 2786 3414 nostrum
2837 3360 3095 3416 demittit.
3149 3361 3337 3431 Neque
3389 3363 3532 3416 enim

1957 3448 2210 3501 columba
2271 3454 2354 3502 est
2409 3445 2652 3521 Spiritus
2706 3456 2952 3504 sanctus.
2989 3449 3176 3520 Neque
3208 3451 3323 3505 haec
3349 3450 3535 3517 verba,

1964 3558 1982 3589 ι
2011 3539 2115 3604 Qui
2143 3548 2225 3594 est
2253 3540 2306 3592 in
2339 3538 2532 3593 dextra
2560 3538 2672 3604 Dei,
2701 3538 2791 3608 qui
2811 3548 2865 3594 et
2891 3541 3185 3596 intercedit
3209 3557 3305 3610 pro
3319 3542 3531 3606 nobis,»

1958 3629 2056 3694 ita,
2077 3638 2133 3682 ut
2151 3629 2300 3684 dicta
2320 3640 2476 3693 sunt,
2497 3630 2806 3698 intelligere
2843 3630 3126 3694 debemus,
3151 3634 3309 3701 quasi
3335 3632 3389 3685 in
3416 3633 3538 3687 loco

1958 3721 2103 3776 Deus
2130 3721 2222 3786 sit,
2253 3729 2309 3776 et
2335 3720 2603 3790 unigeniti
2641 3719 2763 3775 Filii
2808 3735 2907 3789 pro
2943 3720 3105 3777 nobis
3139 3722 3539 3777 intercessione

1960 3809 2220 3880 indigeat.
2255 3807 2433 3864 Simili
2461 3809 2694 3876 ratione,
2745 3825 2925 3881 neque
2953 3811 3343 3882 prophetarum
3375 3812 3537 3868 visio.

1958 3913 2056 3953 nes
2084 3905 2140 3953 et
2187 3912 2375 3962 voces,
2437 3898 2541 3953 hoc
2604 3908 2781 3966 erant,
2842 3901 2989 3971 quod
3034 3902 3534 3972 repraesentabaut;

1959 3988 2055 4044 sed
2085 3987 2421 4044 voluntatem
2490 3987 2583 4044 Dei
2639 3989 3053 4060 signiﬁcabant,
3093 3992 3175 4048 vel
3219 3993 3537 4063 permissio-

1957 4097 2107 4145 nem,
2134 4089 2191 4136 et
2219 4080 2592 4137 obedientiam
2635 4080 3008 4151 obedientium
3030 4124 3045 4149 ,
3075 4092 3129 4140 et
3149 4095 3402 4140 conatum
3435 4102 3534 4141 au-

1957 4171 2227 4227 dentium.
2285 4171 2758 4237 Quemadmodum
2807 4176 2973 4230 etiam
3018 4178 3262 4249 spiritus
3302 4178 3534 4233 mendax

1957 4280 2056 4337 per
2118 4281 2181 4321 os
2234 4265 2870 4339 pseudopmphetarum,
2937 4268 3048 4325 Deo
3072 4271 3450 4351 permittente,
3481 4280 3536 4326 et

275 4378 488 4447 Γραφὴ,
526 4376 603 4440 ὡς
650 4375 754 4446 τῆς
801 4375 896 4429 τοῦ
945 4373 1082 4429 Θεοῦ
1142 4374 1374 4438 κτίσεώς
1422 4376 1561 4442 ἐστι,
1620 4374 1714 4426 καὶ
1749 4371 1849 4442 τῆς

1955 4355 2229 4422 diabolus,
2262 4357 2356 4426 qui
2416 4355 2639 4423 Jobum,
2676 4358 2784 4413 Deo
2830 4373 2941 4413 non
2997 4369 3233 4424 ostante,
3281 4361 3532 4416 tentavit.

276 4465 618 4531 δεσποτείας,
668 4463 955 4536 παρεστὼς
994 4463 1073 4534 τῷ
1108 4465 1329 4536 πάντων
1381 4462 1650 4534 Δεσπότῃ,
1698 4461 1758 4515 οὐ
1783 4464 1851 4534 τῇ

276 4557 378 4626 τῆς
409 4555 718 4625 προθέσεως
748 4533 987 4625 ῦπακοῇ.
1011 4533 1231 4627 ἀλλὰτῇ
1255 4554 1358 4624 τῆς
1382 4533 1608 4624 γενετῆς
1639 4533 1853 4622 φύσεως

170 4674 181 4681 -
279 4646 590 4716 ἀκολουθίᾳ,
638 4646 739 4714 τὴν
800 4645 897 4713 μὲν
943 4644 1170 4716 γνώμην
1224 4644 1628 4717 ἀλλοτριωθελς,
1670 4644 1768 4719 τὴν
1796 4642 1854 4703 δέ

277 4739 466 4792 οὐσίαν
488 4737 581 4791 τοῦ
619 4735 755 4790 Θεοῦ
778 4737 1061 4807 τυγχάνων
1089 4747 1139 4793 ι’.

354 4912 459 4966 Καὶ
495 4912 783 4982 Ἰωσαφὰτ
797 4910 1097 4977 βασιλεὺς
1129 4908 1325 4964 Ἰούδα
1335 4909 1467 4978 μετ’
1484 4908 1692 4962 αὐτοῦ.
1720 4908 1850 4960 Συνι-

335 5041 588 5099 u~Rom.
621 5026 779 5110 1,25.
831 5044 877 5077 ⁸⁸
902 5040 1042 5100 Osee
1082 5059 1181 5109 xu,
1218 5042 1310 5103 10..
1360 5043 1406 5073 ⁸⁸
1454 5031 1847 5105 lachr-Ii“-

1959 4446 2064 4502 Per
2089 4446 2234 4516 quod
2264 4444 2452 4500 docuit
2505 4462 2606 4502 nos
2642 4447 2951 4517 Scriptura,
2980 4450 3128 4520 quod
3152 4465 3183 4503 a
3213 4450 3327 4506 Deo
3348 4450 3537 4505 condi-

1959 4550 2071 4603 tus,
2124 4546 2179 4592 et
2210 4608 2213 4611 Α
2240 4537 2343 4592 sub
2374 4536 2500 4608 ejus
2529 4536 2777 4593 dominio
2810 4540 2906 4604 sit,
2957 4542 3051 4608 qui
3078 4541 3259 4597 adstat
3288 4542 3533 4596 omnium

1960 4630 2197 4686 creatori
2251 4629 2507 4697 Domino,
2564 4645 2675 4685 non
2738 4631 3029 4687 obediendi
3081 4633 3387 4704 proposito,
3440 4634 3534 4688 srd

1960 4730 2173 4778 natura:
2224 4720 2464 4791 quodam
2529 4723 2718 4789 ductu,
2753 4724 2937 4777 animo
2962 4723 3183 4793 quidem
3206 4724 3536 4788 abalienato,

1960 4812 2057 4870 sed
2089 4813 2344 4868 essentia:
2374 4812 2468 4867 Dei
2500 4813 2905 4881 quodammodo
2930 4815 3225 4885 particeps.

2033 4902 2101 4957 Et
2117 4902 2376 4973 Iosophat
2408 4918 2500 4956 rex
2519 4900 2556 4961 Ι
2561 4902 2664 4955 uda
2693 4919 2810 4973 cum
2842 4920 2924 4957 eo.
2956 4902 3246 4961 Profectus
3286 4915 3370 4962 est
3427 4923 3534 4963 una

1530 5131 1760 5189 VARle
1805 5130 2208 5188 LECTIONES.

391 5236 414 5266 ο
441 5224 497 5281 ln
533 5224 740 5281 Catena
765 5226 1041 5300 “Veneta,
1105 5226 1205 5300 fol.
1236 5225 1345 5300 205
1370 5227 1438 5300 ad
1464 5226 1534 5300 lli
1561 5224 1696 5295 Reg.
1742 5243 1878 5300 uti,
1927 5227 2042 5300 _l‘9_.
2077 5226 2170 5300 ubi
2212 5225 2295 5300 με
2339 5223 2583 5300 uictima:
2618 5226 3040 5300 visione‘verba
3072 5227 3228 5289 ﬁunt.
3251 5229 3527 5300 prolixum

282 5294 646 5367 fragmentum
672 5296 933 5367 scribitur
958 5296 1059 5351 sub
1083 5297 1241 5367 titulo
1275 5294 1653 5367 ’Θεοδωρήτου
1676 5299 1739 5350 ἐκ
1769 5298 1866 5348 τοῦ
1890 5294 1937 5365 γ’
1963 5294 2121 5367 λόγᾶυ
2144 5295 2239 5348 τοῦ
2267 5297 2408 5348 κατὰ
2438 5296 2775 5367 Μανιχαίῳν.
2822 5298 3134 5353 Theodoreti
3182 5294 3432 5354 ex'tertio
3462 5298 3531 5351 li-

281 5361 393 5439 ῥινί
428 5377 614 5419 contra
673 5365 1026 5439 Μᾳῃίεζιιεοε,
1063 5366 1212 5439 quod
1258 5374 1429 5439 certe
1453 5361 1599 5439 esset
1623 5361 1963 5439 incognitum
1988 5361 2320 5439 Theodoreti
2372 5382 2512 5439 opus
2535 5383 2556 5437 ;‘
2580 5361 2956 5439 vertimtamen
2999 5370 3102 5423 hoc
3131 5369 3269 5424 idem
3296 5383 3527 5439 pro_rsus

284 5434 644 5506 fragmentum
672 5436 780 5490 vidi
814 5434 1022 5491 editum
1061 5431 1122 5491 in
1142 5436 1346 5492 Catena
1372 5434 1645 5505 Lipsiensi
1680 5431 2100 5506 ad'prmdictum
2138 5431 2438 5506 Bibliorum
2466 5433 2647 5490 locum
2690 5438 2793 5491 sub
2824 5438 3073 5506 ProcOpii
3102 5431 3343 5493 nomine.
3380 5431 3527 5490 Sane

282 5503 607 5577 Procopium
645 5506 963 5577 confecisse
975 5517 1207 5577 catenas
1234 5503 1466 5568 scimus,
1489 5514 1543 5560 et
1571 5503 1794 5575 quidem
1827 5508 2044 5577 aliquas
2077 5505 2405 5577 continuato
2451 5522 2702 5561 sermone
2745 5503 3171 5577 suppressisque
3229 5514 3522 5561 auctorum

281 5575 554 5634 variorum
582 5576 916 5649 numinibus.
946 5574 1107 5649 Nihil
1132 5592 1260 5649 ergo
1273 5578 1471 5649 Aobsta’t
1502 5574 2126 5649 quominusProcopius
2145 5591 2172 5629 a
2197 5574 2719 5649 'l‘li_euiloret0_hunc
2744 5574 2923 5649 locum
2960 5574 3251 5649 sumpserit
3289 5595 3301 5627 :
3347 5590 3529 5646 quan-

284 5631 443 5717 quam
471 5659 570 5715 ego
608 5644 661 5697 in
697 5645 797 5701 huc
830 5647 994 5703 dubio
1035 5618 1413 5703 nihilaeﬁnie:
1443 5633 1575 5702 Anc.
1617 5646 1744 5715 MAI,
1780 5618 2034 5703 Bibliothv.
2082 5663 2214 5701 ηυυα
2260 5644 2502 5714 Patrum4
2537 5646 2621 5714 ill,
2671 5646 2785 5701 HS.
