3986 6218
504 321 636 386 1187

1811 293 2160 357 PROCOPII
2198 290 2439 351 GAZEI
2536 296 2553 303 '

3621 276 3764 344 1188

572 431 737 485 Vatis.
774 427 861 482 l8.
899 425 963 480 Et
992 434 1204 495 propter
1237 438 1346 478 rem
1378 421 1539 477 istam
1569 414 1830 488 propitius
1857 412 1926 467 sit
1955 408 2085 463 mihi

2253 403 2363 459 Καὶ
2396 399 2529 469 περὶ
2563 398 2669 453 τοῦ
2697 398 2881 465 λόγου
2908 393 3181 450 ιλάσεταί
3221 409 3324 462 μοι
3353 392 3587 459 Κύρισς.
3620 394 3768 460 Συγ-

505 525 781 581 Dominus.
828 517 1057 573 Veniam
1102 524 1249 586 peto,
1314 502 1517 583 inquit,
1543 509 1593 566 si
1636 504 1878 562 mandati
1942 498 2076 571 regii

506 611 837 671 necessitate
861 606 1157 677 impulsus,
1185 602 1256 657 ad
1297 600 1497 658 falsum
1553 598 1716 655 deum
1773 591 2075 663 ingrediar.

1136 737 1290 793 CAP.
1329 733 1416 789 Vl.

580 854 746 912 Vens.
766 851 853 907 15.
877 850 1016 917 Heu,
1044 849 1285 912 Domine,
1305 856 1351 901 et
1369 846 1541 914 ipsum
1568 848 1749 895 mutuo
1784 845 2074 906 acceptant.

509 943 845 1003 lnvocantis.
877 956 984 995 non
1023 936 1458 1008 blasphemautis
1492 946 1595 988 vox
1649 940 1773 997 est;
1810 923 2078 998 quemad-

512 1037 731 1090 modum
760 1031 894 1086 illud
930 1045 1151 1101 quoque
1186 1027 1329 1099 apud
1356 1026 1616 1082 Davidetu
1658 1039 1673 1077 :
1711 1040 1731 1075 ε
1761 1020 1946 1081 Salva,
1974 1016 2080 1072 Do-

511 1126 681 1189 mine,
744 1123 884 1177 bene
932 1133 1260 1190 prosperare
1278 1117 1360 1171 I‘.
1398 1135 1415 1168 ι
1468 1114 1699 1170 Elisaaus
1726 1118 1906 1166 autem
1950 1121 2081 1178 pro-

511 1216 675 1285 pbeta
749 1212 912 1267 rebus
943 1211 1081 1280 ipsis
1110 1208 1428 1273 declaravit,
1494 1206 1711 1260 ﬁrmum
1744 1201 1840 1256 Dei
1864 1214 2077 1256 sermo-

510 1319 670 1368 nem,
719 1300 977 1371 quoniam
1037 1297 1396 1367 contemptim
1430 1294 1696 1364 rejectum
1731 1288 2078 1345 noninveni-

510 1382 657 1459 mus,
734 1407 835 1446 uos
881 1391 1064 1445 denuo
1111 1403 1208 1457 per
1242 1387 1427 1441 crucis
1484 1381 1952 1453 dispensationem
1991 1392 2079 1432 re-

509 1486 770 1555 cepturos
821 1493 965 1538 esse.
1012 1478 1144 1534 Nam
1197 1478 1343 1548 quod
1396 1476 1624 1531 verbum
1647 1473 1741 1527 Dei
1764 1470 1947 1527 simile
2005 1467 2080 1524 sit

509 1550 714 1640 securi,
775 1572 1015 1627 Joannes
1060 1569 1303 1639 Baptista
1357 1567 1559 1630 innuit,
1591 1564 1784 1618 dicens
1821 1576 1835 1613 :
1877 1577 1897 1611 ‹
1958 1550 2077 1613 Iam

510 1667 725 1724 securis
778 1664 845 1717 ad
904 1662 1162 1715 arborum
1196 1658 1437 1714 radicem
1495 1654 1672 1724 posita
1701 1660 1786 1707 est
1813 1651 1878 1703 ⁵³.
1911 1668 1930 1701 s
1984 1646 2079 1703 Sic

2179 493 2406 566 γνώμην
2462 490 2638 555 αῑτῶ,
2692 487 2846 560 φησι,
2893 485 2981 540 διὰ
3033 485 3133 555 τὴν
3187 482 3468 554 βασιλικὴν
3511 483 3769 554 ἀνάγκην

2178 583 2625 654 ἀναγκαζόμενος
2670 579 2805 653 πρὸς
2826 577 2914 632 τὸν
2934 576 3288 648 ψευδώνυμον
3310 574 3431 630 θεὸν
3468 574 3761 663 εἰσελθεῖν.

2772 709 3025 765 ΚΕΦΑΛ.
3069 705 3162 776 ς’.

2246 826 2326 885 Ὠ
2357 826 2456 896 δὴ,
2490 825 2701 895 Κύριε,
2732 822 2835 878 καὶ
2883 820 3031 877 αὐτὸ
3072 819 3460 891 κεχρημένον.
3497 822 3766 892 Ἐπικλή-

2180 937 2341 985 σεως,
2366 919 2428 974 ού
2460 916 2834 989 βλασφημίας,
2867 916 2897 968 ὁ
2925 913 3214 987 λόγος·
3244 912 3338 966 καὶ
3370 911 3523 983 παρὰ
3553 912 3633 983 τῷ
3661 915 3767 966 Λα.

2180 1013 2270 1067 ϐὶδ
2315 1012 2410 1066 τό·
2470 1005 2571 1063 «Ὦ
2605 1007 2800 1079 Κύριε,
2831 1006 3006 1061 σῶσον
3032 1005 3098 1076 δή
3132 1022 3137 1027 ‘
3179 1002 3227 1060 ὦ
3265 1002 3460 1076 Κύριε,
3494 1004 3765 1058 εὐόδωσον

2177 1106 2261 1177 δή.
2300 1124 2321 1157 s
2350 1104 2454 1159 Διὰ
2474 1102 2533 1158 δὲ
2565 1102 2677 1157 τῶν
2706 1101 2884 1171 ἔργων
2919 1101 2948 1154 ὁ
2991 1100 3278 1171 προφήτης
3312 1096 3613 1163 Ἐλισσαῖος
3652 1102 3763 1155 ἀπ-

2180 1197 2402 1264 έδειξεν,
2430 1196 2513 1249 ὅτι
2544 1192 2639 1248 τδν
2666 1191 2887 1262 στερεὸν
2916 1189 3077 1258 λόγον
3106 1188 3201 1242 τοῦ
3240 1186 3379 1242 Θεοῦ
3400 1228 3416 1253 ,
3448 1186 3507 1240 δν
3538 1186 3765 1257 ἀμελῶς

2179 1288 2549 1352 ἀποϐαλόντες
2594 1285 2695 1355 οὐχ
2746 1283 3101 1354 εὑρίσκομεν,
3144 1279 3540 1351 ἀποληψόμεθα
3591 1279 3763 1333 πάλιν

2177 1380 2267 1434 διὰ
2295 1379 2396 1450 τῆς
2423 1377 2516 1431 τοῦ
2549 1376 2711 1444 ξύλου
2745 1372 3212 1445 οίκονομίας.”οτι
3246 1370 3355 1441 γάρ
3401 1370 3558 1441 ἀξίνῃ
3610 1388 3763 1441 παρο

2180 1471 2357 1525 έοικεν
2388 1472 2417 1523 ὁ
2441 1467 2536 1522 τοῦ
2566 1465 2704 1522 Θεοῦ
2734 1465 2913 1534 λόγος,
2930 1463 3185 1534 Ἰωάννης
3213 1462 3242 1516 ὁ
3272 1462 3588 1532 Βαπτιστής
3619 1476 3762 1531 φησι

2181 1563 2311 1635 περὶ
2352 1558 2518 1616 αὑτοῦ
2542 1574 2557 1592 ο
2598 1556 2772 1627 «ἸΙδη
2811 1555 2867 1610 δὲ
2906 1555 2940 1625 ή
2981 1553 3135 1625 ἀξίνη
3171 1553 3310 1623 πρὸς
3331 1551 3430 1622 τήν
3460 1551 3617 1622 ῥίζαν
3647 1550 3763 1603 τῶν

2185 1653 2421 1724 δένδρων
2453 1653 2651 1705 κεῖται.
2684 1667 2704 1701 s
2757 1646 2870 1702 Kal
2899 1645 3172 1718 Ἱερεμίας
3224 1644 3390 1715 φησίν
3416 1660 3430 1675 ο
3465 1662 3485 1695 ι
3510 1643 3568 1697 '0
3600 1643 3764 1712 λόγος

510 1756 777 1812 Jeremias
814 1765 1031 1822 quoque
1050 1750 1229 1803 dicit:
1269 1766 1288 1799 ι
1337 1744 1528 1800 Sermo
1571 1741 1783 1795 Domini
1808 1739 2082 1795 estinstar

2202 1744 2394 1814 Κυρίου
2429 1741 2505 1806 ὡς
2536 1740 2704 1807 πέλυξ
2732 1739 2951 1791 κόπτων
2985 1736 3217 1805 πέτραν.
3248 1754 3269 1787 s
3290 1734 3508 1788 ,Τοῦτον
3539 1732 3633 1788 οὖν
3670 1751 3765 1787 κε-

514 1840 1074 1909 εουιιτίε,“εοὶιιάειιιίε
1105 1848 1314 1908 petram
1336 1836 1405 1889 ⁸⁸.
1445 1853 1465 1886 ι
1522 1832 1638 1887 lloc
1703 1831 1872 1900 igitur
1923 1826 2085 1881 nobis

513 1936 892 1993 absconditum
927 1931 1060 2003 ligni
1094 1929 1434 2000 dispensatio
1486 1922 1885 1979 manifestavit.
1945 1918 2083 1974 Cum

511 2034 657 2088 enim
692 2045 789 2100 per
820 2029 1022 2098 lignum
1052 2025 1276 2080 verbum
1326 2018 1694 2081 amiserimus,
1730 2017 1910 2072 denuo
1940 2014 2087 2069 reci-

512 2126 695 2194 pimus
724 2136 821 2191 per
849 2120 1076 2190 lignum,
1109 2114 1475 2177 altitudinem,
1509 2109 1927 2178 longitudinem,
1960 2104 2087 2160 lati-

513 2215 757 2267 tudinem
787 2220 840 2265 et
885 2206 1313 2277 profunditatem
1359 2201 1413 2255 in
1442 2213 1510 2256 eo
1545 2196 1866 2253 ostendens.
1892 2194 2085 2248 Divina

511 2307 656 2361 enim
688 2313 948 2357 manuum
978 2299 1299 2352 extensione
1346 2293 1484 2347 duos
1518 2291 1753 2361 populos
1775 2288 1882 2344 sub
1914 2300 2083 2341 unum

513 2405 696 2467 caput,
729 2391 984 2447 videlicet
1026 2382 1653 2453 Palrem,congregavit.
1687 2396 1706 2430 ι
1728 2376 1885 2433 Unus
1914 2377 2084 2439 enim,

512 2466 595 2543 est
626 2484 789 2548 Deus,
821 2481 915 2553 qui
951 2489 1036 2534 est
1085 2492 1253 2546 super
1272 2474 1480 2539 omnia,
1532 2485 1629 2541 per
1675 2468 1883 2532 omnia,
1929 2474 1982 2520 et
2029 2466 2085 2518 in

514 2575 791 2631 Omnibus.
827 2590 846 2624 s

587 2661 884 2718 Phelmoni.
937 2658 1014 2713 Ac
1063 2657 1108 2712 si
1144 2656 1267 2727 quis
1298 2654 1467 2717 dicat,
1496 2653 1570 2715 in,
1621 2650 1703 2704 vel
1731 2648 1800 2702 ad
1828 2647 1966 2700 hunc
2007 2644 2087 2698 lo-

515 2752 654 2791 cum.
1024 2743 1039 2754 “
1778 2738 1781 2741 ’

586 2824 754 2879 Vsus.
816 2820 911 2877 2‘2.
961 2818 1031 2872 Et
1073 2818 1408 2872 remittantur
1454 2812 1523 2866 ad
1558 2812 1842 2866 Dominum
1909 2824 2084 2864 suum.

517 2917 673 2983 Quod
711 2916 758 2970 si
789 2910 1142 2973 occidantur,
1200 2907 1406 2976 inquit,
1444 2905 1640 2973 ingens
1685 2903 1786 2956 hoc
1855 2901 2091 2954 miracu-

438 3000 447 3003 ’
518 3009 630 3064 Ιυιιι
658 3022 769 3062 non
827 3005 1171 3065 innotescet;
1219 2997 1302 3051 sin
1338 3008 1471 3050 vero
1515 2993 1700 3047 denuo
1722 2991 1788 3045 ad
1821 2990 1973 3044 illum
2006 3003 2092 3042 rc-

2185 1833 2504 1907 κρυμμένον
2537 1830 2632 1901 ἀφ’
2652 1832 2811 1902 ήμῶν
2840 1830 2873 1900 ﬁ
2904 1826 3000 1881 τοῦ
3048 1826 3207 1892 ξύλου
3256 1827 3648 1897 πεφανέρωκεν
3677 1827 3763 1878 oi-

2184 1925 2438 1995 κονομία.
2456 1924 2609 1976 Ἐπεὶ
2629 1914 2744 1993 ’γὰρ
2771 1919 2865 1973 διὰ
2895 1918 3053 1983 ξύλου
3084 1917 3431 1987 ἀπεϐάλομεν
3465 1917 3650 1980 αὐτὸν,
3670 1916 3760 1969 διά

2186 2015 2345 2084 ξύλου
2372 2015 2535 2070 πάλιν
2562 2013 2871 2083 εἰλήφαμεν
2890 2052 2905 2077 ,
2935 2007 3339 2071 ἐπιδεικνύντος
3366 2007 3426 2060 τ’)
3465 2005 3631 2076 ῦψος,
3664 2009 3760 2060 καὶ

2188 2106 2387 2176 μῆκος,
2437 2105 2533 2157 καὶ
2579 2103 2804 2166 πλάτος,
2837 2100 2934 2152 καὶ
2972 2098 3184 2169 ιβάθος,
3216 2099 3274 2151 ἐν
3317 2095 3485 2165 αὐτῷ.
3516 2094 3558 2148 Τ
3563 2098 3597 2166 ᾗ
3646 2096 3758 2165 γὰρ

2187 2197 2308 2269 θείᾳ
2339 2196 2448 2251 τῶν
2500 2195 2703 2267 χειρῶν
2753 2193 2973 2246 ἐκτάσει
3020 2190 3167 2253 τοὺςτ
3190 2188 3285 2242 δύο
3331 2188 3491 2250 λαοὺς
3518 2188 3599 2250 είς
3632 2188 3761 2257 μίαν

2188 2289 2465 2360 συνήγαγε
2499 2284 2745 2357 stupetth
2782 2284 2874 2352 τὸν
2910 2280 3283 2350 Πατέρα.”οτι
3313 2272 3391 2344 εἷς
3428 2278 3583 2344 Θεὸς,
3610 2279 3640 2330 ὁ
3670 2278 3764 2329 ἐπὶ

2187 2380 2428 2445 πάντων,
2460 2378 2557 2432 καὶ
2584 2375 2673 2431 διὰ
2700 2375 2940 2442 πάντων,
2982 2374 3078 2428 καὶ
3109 2374 3166 2427 ἑν
3196 2372 3382 2426 πᾶσιν.

2264 2617 2334 2670 Τὸ
2368 2616 2661 2686 Φελμωνί.
2697 2613 2785 2679 Ὠς
2810 2614 2877 2668 ἂν
2903 2615 3049 2668 εἴποι
3079 2631 3184 2677 τις,
3217 2617 3303 2680 εἰς
3330 2612 3507 2667 τόνδε
3537 2612 3649 2666 τὸν
3676 2611 3766 2665 τό-

2189 2723 2329 2763 πον.

2258 2798 2367 2853 Καὶ
2399 2796 2923 2866 ἁποσταλήτωσαν
2946 2797 3035 2861 εις
3066 2794 3175 2847 τὸν
3200 2795 3421 2862 Κύριον
3442 2792 3666 2851 αὐτῶν.
3707 2794 3766 2847 ΕΞ

2191 2892 2603 2962 σφαγήσονται,
2639 2884 2840 2960 φησὶν,
2875 2889 2935 2941 ού
2984 2885 3363 2957 γνωσθήσεται
3411 2886 3509 2957 τῆς
3555 2884 3769 2956 θαυμα-

2192 2983 2449 3052 τουργίας
2478 2982 2537 3034 τὸ
2572 2981 2832 3051 μέγεθος’
2873 2980 2924 3033 sl
2961 2978 3019 3032 δὲ
3050 2977 3215 3033 πάλιν
3246 2976 3593 3031 ἐπανέλθοιεν
3637 2977 3771 3046 πρὸς

518 3101 826 3153 vertantur,
860 3087 956 3158 qui
993 3062 1166 3141 misit
1199 3097 1319 3144 eos,
1356 3086 1671 3150 cognoscet.
1695 3085 1750 3131 et
1789 3070 2088 3143 discetipse

2202 3069 2285 3122 τὸν
2334 3068 2664 3140 πέμψαντα,
2702 3067 3006 3139 μαθήσεται
3052 3068 3306 3130 κάκεῖνος
3349 3065 3444 3120 τοῦ
3489 3065 3630 3119 Θεοῦ
3681 3066 3769 3119 τοῦ

518 3199 741 3257 quoque
776 3180 866 3234 Dei
902 3176 1076 3232 nostri
1115 3173 1443 3245 potentiam,
1475 3177 1530 3224 et
1561 3166 1845 3246 virtutem.

593 3271 757 3327 Vsus.
779 3270 873 3324 ‘25.
897 3267 1160 3323 Stercoris
1192 3262 1576 3317 columbarum.
1610 3255 1930 3314 Obsidionis
1950 3256 2097 3311 enim

523 3364 852 3423 necessitas,
883 3359 1007 3413 loco
1041 3356 1174 3411 salis
1205 3364 1454 3408 stercore
1472 3364 1568 3406 eos
1610 3349 1687 3404 uti
1719 3348 1929 3403 docuit.

604 3520 765 3575 Vens.
790 3516 881 3570 5i.
922 3513 984 3570 Si
1010 3512 1171 3568 stabit
1198 3517 1355 3579 caput
1391 3506 1597 3561 Eliswi.
1633 3503 1957 3575 Supplicare
1974 3513 2100 3572 pro-

524 3615 705 3686 pheta:
734 3625 860 3665 eum
920 3606 1178 3669 decebat,
1235 3611 1296 3657 ut
1330 3616 1431 3671 pro
1465 3600 1586 3669 ipso
1630 3597 1772 3667 apud
1805 3595 1974 3650 Deum
2015 3593 2101 3647 in-

526 3685 855 3757 tercederet.
909 3694 1152 3750 Minatur
1175 3701 1357 3747 autem
1416 3705 1476 3746 se
1502 3705 1627 3745 eum
1656 3685 2097 3747 interfecturum,

525 3792 701 3861 utqui
737 3788 1007 3847 industria
1041 3786 1341 3842 maximam
1383 3783 1534 3837 illam
1578 3779 1952 3836 calamitatem
2004 3789 2105 3830 ne-

527 3886 694 3958 gligat
728 3891 784 3938 et
824 3890 1170 3951 aspernetur.
1200 3874 1307 3930 Sed
1333 3874 1520 3930 statim
1554 3872 1751 3926 ductus
1780 3866 2105 3940 ptenitcntia

532 3985 757 4034 secutus
809 3978 913 4037 est,
970 3978 1029 4049 ut
1089 3968 1295 4023 eadem
1351 3963 1700 4035 prohiberet;
1744 3959 1798 4015 id
1839 3959 2103 4025 declarat,

530 4066 673 4138 quod
716 4045 1148 4133 Scripturadicit
1191 4074 1206 4111 :
1242 4055 1382 4112 Ecce
1412 4068 1599 4110 nonne
1626 4051 1890 4123 strepitus
1906 4045 2107 4122 pedum

532 4157 749 4215 Domini
780 4150 1000 4225 ipsius?

1061 4259 1216 4315 CAP.
1247 4257 1346 4313 vu
1392 4254 1581 4330 [VIII].

610 4355 780 4412 Vens.
808 4353 865 4408 2.
894 4351 1173 4406 Habitavit
1195 4350 1247 4404 in
1280 4359 1423 4404 terra
1484 4345 1923 4401 Palwstinorum.
1987 4339 2105 4396 Non

2197 3159 2468 3231 ἡμετέρου
2506 3158 2608 3227 τὴν
2646 3157 2903 3229 δύναμιν.

2265 3252 2505 3318 Κύπρου
2564 3234 2950 3318 περιστερῶν.
3007 3247 3074 3302 Ἦ
3137 3251 3249 3320 γάρ
3301 3249 3403 3319 τῆς
3456 3248 3772 3320 πολιορκίας

2197 3340 2411 3410 ἀνάγκη
2444 3338 2858 3410 παρεσκεύαζεν
2887 3339 3089 3404 αὐτοὺς
3133 3339 3256 3395 ἀντὶ
3300 3339 3445 3393 ἀλῶν
3472 3338 3771 3413 κεχρῆσθαι

2198 3434 2264 3501 τῇ
2303 3432 2514 3502 κόπρῳ.
2560 3448 2571 3453 '
3192 3483 3196 3486 .

2270 3525 2340 3577 Ei
2362 3500 2653 3591 στήσεται
2686 3524 2724 3591 ἡ
2755 3521 2990 3592 κεφαλὴ
3030 3521 3362 3578 Ἐλισσαιέ.
3403 3521 3532 3596 Δᾷον
3564 3500 3773 3575 iacerei-

2205 3631 2293 3666 σαι
2311 3613 2418 3682 σὺν
2452 3615 2740 3683 προφήτην
2764 3653 2780 3679 ,
2810 3610 2952 3665 ὥστε
2985 3613 3087 3685 τὴν
3115 3612 3255 3682 ὑπὲρ
3285 3612 3449 3666 αὐτοῦ
3478 3613 3775 3684 πρεσϐείαν

2203 3707 2601 3776 προσενεγκεῖν
2633 3706 2712 3776 τῷ
2742 3706 2881 3777 Θεῷ,
2918 3708 3217 3780 ἠπείλησεν
3248 3709 3492 3779 ἀναιρεῖν
3535 3709 3612 3770 ὡς
3658 3710 3773 3761 ὲπίυ

2204 3795 2363 3864 τηδες
2390 3795 2649 3866 παρορῶν
2660 3813 2718 3853 τα
2742 3796 2842 3864 τῆς
2868 3799 3155 3867 συμφορᾶς
3174 3797 3273 3869 τὴν
3296 3797 3626 3869 ὑπερϐολὴν,
3655 3798 3774 3851 ἀλλ’

2205 3886 2367 3951 εὐθὺς
2423 3886 2855 3957 μεταμεληθεὶς,
2909 3872 3256 3958 ἔδραμεπδν
3309 3890 3472 3958 φόνον
3509 3886 3773 3960 ἑπισγείν.

2207 3972 2380 4027 Τοῦτο
2409 3974 2520 4045 γὰρ
2546 3974 2699 4043 δηλοῖ
2723 3975 2783 4027 τό
2807 3992 2820 4006 -
2854 3967 2968 4029 Ούκ
3001 3977 3112 4031 ἰδοὺ
3153 3976 3305 4047 φωνὴ
3331 3978 3439 4031 τῶν
3485 3978 3667 4033 ποδῶν
3693 3976 3780 4030 τοῦ

2205 4061 2414 4132 Κυρίου
2452 4060 2619 4115 αὐτοῦ
2642 4083 2658 4133 ;

2814 4261 3065 4318 ΚΕΦᾹΛ.
3107 4263 3180 4317 Z'.

2278 4351 2389 4405 Kal
2414 4351 2669 4420 παρῴκει
2703 4350 2776 4407 ἐν
2801 4352 2881 4422 γῇ
2906 4354 3291 4423 ἀλλοφύλων.
3333 4354 3447 4408 Οὐκ
3473 4353 3584 4424 ἄρα
3608 4354 3781 4423 πάσης

538 4449 727 4517 utique
778 4445 1090 4499 universam
1135 4451 1340 4495 terram
1405 4437 1581 4493 iantes
1640 4423 1959 4507 premebat,
2011 4447 2088 4489 set

2209 4438 2278 4515 ἦν
2302 4442 2409 4513 τῆς
2438 4403 2594 4515 γέςῖ
2619 4403 3129 4516 λιμὸςιξίεῖρεπδιλ-ἓξ
3147 4403 3308 4514 lii";
3338 4403 3779 4515 ééll—xagélgvag:

540 4537 711 4593 Israel
746 4541 959 4587 tantmn
995 4531 1178 4600 plagis
1207 4528 1474 4583 divinitus
1525 4525 1790 4581 immissis
1814 4523 2088 4595 castigata:

2210 4535 2335 4632 γαῖς
2362 4533 2682 4588 ἐπαιδεύετο
2729 4534 2868 4604 μετά
2912 4535 3184 4606 τοσαύτην
3226 4534 3544 4605 ἐπιμέλειαν
3590 4534 3779 4588 δυσσε-

541 4636 647 4691 est,
674 4632 800 4694 post
830 4631 1033 4675 tantam
1060 4619 1353 4690 impiorum
1405 4616 1744 4686 diligentiam
1805 4621 1863 4670 et
1897 4628 2085 4671 curam

2212 4623 2343 4681 ϐῶν.
2373 4625 2488 4696 Τῆς
2515 4625 2574 4679 δὲ
2598 4625 2694 4680 τοῦ
2726 4628 3004 4699 προφήτου
3034 4627 3256 4699 χάριτος
3283 4626 3344 4680 τὸ
3365 4625 3614 4691 διπλοῦν,
3634 4629 3667 4681 ὁ
3696 4624 3782 4680 τοῦ

541 4716 811 4774 Ceterum
847 4712 1007 4766 famis
1048 4709 1248 4779 duplex
1310 4716 1549 4778 tempus,
1597 4706 1869 4777 duplicem
1903 4705 2083 4776 portio

2218 4715 2378 4787 λιμοῦ
2402 4717 2681 4782 διπλάσιος
2704 4717 2898 4789 χρόνος
2922 4717 3086 4790 δηλοῖ.

544 4819 671 4864 nem
733 4805 1024 4867 donorum,
1074 4814 1195 4871 qua:
1227 4798 1425 4855 Elisazo
1473 4813 1736 4854 concessa
1767 4795 2008 4863 fuerunt,
2039 4797 2117 4853 εἰς

546 4893 785 4967 gniﬁcat.
2532 4910 2533 4913 η
2700 4922 2703 4925 Α
3765 4920 3787 4929 α

619 4986 787 5041 Vens.
815 4984 869 5037 7.
908 4980 975 5036 Et
1011 4983 1147 5037 venit
1188 4980 1418 5036 Eliswus
1465 4982 1518 5034 in
1564 4981 1916 5036 Damascum.
1971 4979 2088 5036 Elia

2292 4980 2401 5037 Καὶ
2428 4978 2616 5054 ἦλθεν
2644 4979 2955 5036 Ἐλισσαιὲ
2980 4982 3069 5048 εἷς
3092 4979 3432 5050 Δαμασκόν.
3461 4978 3527 5031 Ὃ
3560 4977 3675 5048 γὰρ
3701 4975 3787 5029 οὒκ

559 5075 922 5130 translatione
953 5072 1009 5127 in
1037 5072 1208 5127 etnlos
1257 5080 1568 5142 praeventus
1598 5071 1777 5128 facere
1812 5086 1922 5128 non
1941 5072 2088 5143 potui

2221 5073 2463 5143 ἔφθασεν
2508 5072 2842 5145 ἀναληφθεὶς
2870 5071 3059 5136 Ἠλίας
3099 5070 3348 5140 ποιῆσαι,
3395 5066 3791 5138 προστάξαντος

552 5179 677 5236 qua
696 5179 726 5220 a
750 5162 862 5219 Deo
892 5163 948 5218 in
984 5161 1265 5218 mandatis
1296 5161 1569 5227 habebat;
1629 5177 1844 5232 nempe,
1886 5170 1947 5217 ut
1976 5162 2087 5218 Asa

2223 5165 2318 5220 τοῦ
2351 5164 2510 5231 Θεοῦ,
2539 5144 2712 5219 τόντε
2746 5165 2948 5233 mcum
2978 5163 3165 5236 χρίσαι
3195 5161 3289 5217 aut
3315 5144 3516 5231 Συρίας
3540 5201 3555 5224 ,
3578 5158 3679 5213 καὶ
3714 5155 3790 5209 τδν

555 5256 956 5324 helem,regem
995 5252 1186 5325 Syriae,
1220 5260 1276 5309 et
1305 5252 1443 5308 Jehu
1472 5266 1663 5322 regem
1709 5254 1927 5309 lsraelis
1966 5254 2088 5310 inut

2240 5258 2380 5328 Ἰηοῦ
2435 5257 2530 5311 ἐπὶ
2578 5256 2813 5328 Ἰσραήλ,
2845 5254 3004 5309 τοῦτο
3032 5253 3126 5307 νῦν
3161 5254 3461 5315 Ἐλισσαῖος
3492 5250 3621 5321 ἥκει
3644 5246 3791 5316 ποιή-

555 5351 727 5415 gere‘t.
759 5341 1001 5413 ldipsum
1030 5356 1180 5396 nunc
1203 5339 1438 5397 Elisaeus
1466 5341 1718 5397 facturus
1751 5342 1919 5409 venit,
1940 5343 2088 5400 volen

2232 5365 2360 5413 σων,
2392 5347 2590 5402 ἐθέλων
2620 5346 2833 5419 πρῶτον
2866 5346 3054 5418 χρῖσαι
3087 5343 3182 5398 τὸν
3214 5342 3437 5413 ’Δζαήλ.

557 5434 793 5506 primum
828 5432 1120 5489 Asalielem
1153 5432 1439 5502 inungere.

625 5520 795 5579 Vens.
831 5522 917 5577 10.
942 5520 1103 5594 543
1131 5519 1196 5575 Et
1216 5520 1300 5575 die
1314 5521 1362 5576 ei
1389 5538 1407 5576 :
1434 5519 1662 5577 Viventio
1682 5524 1837 5578 vives.
1868 5520 1947 5580 Ne
1965 5523 2084 5589 sign

2298 5523 2408 5579 Kal
2431 5523 2560 5579 ειπὲ
2579 5521 2759 5591 αὐτῷ,
2787 5521 2917 5578 Ζῶν
2949 5511 3121 5596 ζήσῃ.
3140 5514 3230 5591 Μὴ
3259 5516 3506 5590 μηνύσῃς
3534 5513 3693 5586 αύτῷ
3718 5511 3793 5565 τὸν

641 5677 691 5712 ⁵⁸
715 5677 861 5734 Psal.
888 5678 1170 5769 cxvuﬂs.
1256 5678 1304 5715 ⁸⁸
1324 5678 1513 5733 Matth.
1553 5695 1633 5747 ιι),
1668 5680 1755 5734 10.
1847 5676 2082 5734 "IL-rem

2202 5693 2297 5742 :tu,
2352 5678 2444 5734 ἓξ).
