3986 6218
255 318 390 384 1139

1185 330 1720 396 COMMENTARII
1788 338 1871 400 IN
1905 340 2050 402 LIB.
2089 343 2164 404 1V
2203 345 2500 405 REGUM.

3354 345 3500 412 119i)-

245 431 497 497 θάνατον,
533 433 726 504 φησὶν,
760 435 848 490 ἵνα
889 436 964 508 μὴ
996 441 1112 508 μετ’
1131 441 1370 512 ἀθυμίας
1407 445 1690 509 ὑπεξέλθοι
1722 448 1808 502 τον

1917 451 2043 508 lices
2075 469 2198 508 cum
2248 458 2603 524 moriturum,
2667 455 2867 528 inquit,
2895 473 2962 512 ne
3001 473 3126 512 cum
3178 467 3490 514 mceror-eet

249 519 386 588 βίον.

314 611 428 666 Καὶ
479 611 774 668 ἐπέϐαλεν
819 613 915 670 ἐπὶ
959 617 1026 672 τὸ
1080 619 1408 687 πρόσωπον
1457 625 1644 678 αὐτοῦ
1666 664 1680 688 ,
1719 625 1819 680 καὶ

243 701 565 758 ἀπέθανεν.
592 701 702 758 Ἦν
749 705 880 779 γὰρ,
923 709 1090 779 φησὶν
1123 710 1462 782 ’1ῶσηππος,
1511 716 1717 788 ἀσεϐής
1759 735 1817 772 τε

243 793 340 844 καὶ
375 795 680 863 μιαιφόνος.
713 797 885 862 Αὐτὸς
931 799 1038 870 γὰρ
1090 803 1343 873 εἰρήκει·
1381 823 1400 856 ι
1431 806 1562 870 Θεὸς
1591 809 1760 879 ὀρέων
1789 811 1818 862 6

241 883 376 946 θεὸς
411 885 647 958 Ἰσραήλ.
678 905 697 938 ι
743 889 856 942 Καὶ
888 891 1092 957 ’σωθεὶς
1121 894 1227 947 ὑπὸ
1261 895 1466 966 Ἀχαὰϐ
1486 939 1501 965 ,
1528 899 1819 969 ἀχάριστος

241 975 374 1044 περὶ
399 975 492 1028 τὸν
523 979 822 1048 εὐεργέτην
856 981 1242 1056 ὲγένετο.“’ορα
1271 987 1329 1040 δὲ
1357 989 1456 1059 τῆς
1480 991 1660 1062 κακῆς
1691 1009 1834 1062 συγ-μ

240 1065 458 1154 γενείας
486 1067 546 1119 τὸ
577 1069 746 1132 τέλος.
787 1071 915 1135 Υἱὸς
947 1073 1054 1145 γὰρ
1083 1073 1159 1130 ὢν
1194 1077 1463 1148 Ἰωσαφὰτ
1505 1083 1694 1154 ἀνδρὸς
1722 1081 1814 1137 56'-

239 1153 432 1218 σεϐοῢς
467 1155 822 1228 Ἰωρὰμ,τὺπὸ
848 1163 946 1232 τῆς
974 1163 1269 1234 ὁμοζύγου,
1297 1169 1570 1242 θυγατρὸς
1587 1153 1812 1244 ’Ᾰχαὰεῇ

239 1245 377 1316 πρὸς
415 1247 676 1304 ἀσέϐειαν
705 1249 940 1308 ἔκλινεν.

254 1479 266 1490 _
307 1425 416 1479 Kal
444 1427 746 1484 ἐπέπεσεν
770 1421 870 1486 ἐπί
911 1433 1018 1490 τὸν
1053 1436 1260 1510 Ἑδώμ.
1287 1436 1466 1513 ’Ἦρχε
1511 1444 1620 1496 τῶν
1653 1445 1815 1498 Ἰδου-

237 1517 418 1585 μαίων
467 1521 494 1572 6
543 1520 644 1590 τῆς
689 1523 860 1577 Ἰούδα
908 1526 1080 1598 φυλῆς
1129 1529 1402 1598 βασιλεύς.
1441 1533 1579 1586 Ἀλλ’
1629 1535 1814 1589 Ἰσαὰκ

234 1610 562 1698 προειρήκει
612 1615 740 1686 περὶ
801 1616 1000 1689 Ἐδώμ.
1033 1622 1226 1675 Ἔσται
1279 1625 1475 1694 καιρὸς
1541 1627 1702 1698 ήνὶκα
1749 1627 1816 1682 ἂν

233 1697 492 1771 καθέλῃς,
519 1702 616 1756 καὶ
641 1704 878 1778 ἐκλύσῃς
925 1709 1016 1762 τὸν
1043 1710 1208 1778 ζυγὸν
1231 1713 1396 1767 αὐτοῦ
1429 1715 1539 1770 ἀπὸ
1563 1715 1658 1769 τοῦ
1681 1734 1812 1788 τρα-

1921 543 2027 596 vita
2053 543 2304 600 decedat.

1991 629 2156 686 Vens.
2217 633 2303 686 15.
2377 633 2563 688 Posuit
2601 635 2792 703 faciem
2840 636 2974 704 ejus,
2998 645 3048 690 et
3101 646 3340 692 mortuus
3385 649 3482 692 est.

1919 717 2051 790 Erat
2077 722 2250 787 enim,
2283 731 2344 778 ut
2367 721 2642 794 Joscplius
2668 725 2822 790 dicit,
2859 725 3064 796 impius
3093 735 3144 780 et
3187 726 3482 780 homicida.

1919 811 2042 880 ipse
2090 815 2236 868 enim
2294 815 2510 872 dixerat
2575 835 2589 870 :
2654 836 2673 868 ‹
2729 815 2874 872 Deus
2927 817 3196 872 montium
3226 825 3313 872 est
3339 818 3484 873 Deus

1917 899 2224 962 Isi-aclis".
2259 924 2280 959 ι
2315 902 2472 961 Etab
2497 907 2723 964 Aeliabo
2773 918 3047 972 servatus,
3103 909 3354 978 ingratus
3381 907 3486 962 fuit

1919 995 1974 1048 in
1995 993 2423 1054 benefactorem.
2456 999 2592 1054 Vide
2640 1009 2818 1054 autem
2845 1041 2860 1066 ,
2903 1000 3114 1072 qualem
3159 1001 3367 1055 exitum
3411 1001 3487 1054 af.

1919 1083 2104 1140 ﬁnitas
2138 1101 2263 1142 cum
2296 1089 2456 1144 malis
2482 1099 2764 1144 contracta
2819 1074 3100 1145 sortiatur.
3128 1088 3288 1156 Nam,
3355 1091 3483 1144 licet

1915 1175 2122 1242 Joram,
2185 1179 2256 1247 pii
2310 1187 2362 1234 et
2395 1181 2638 1252 religiosi
2685 1181 2811 1246 viri,
2837 1181 3102 1251 Josaphat
3143 1182 3287 1236 lilius
3315 1189 3480 1243 esset,

1917 1275 2098 1320 tamen
2130 1275 2352 1338 propter
2375 1285 2600 1325 uxorem
2628 1285 2783 1326 suam
2811 1271 2976 1324 tiliam
3007 1267 3214 1325 Adhabi
3273 1272 3327 1325 in
3383 1271 3484 1325 im-

1917 1353 2171 1422 pietatem
2203 1355 2519 1411 declinavit.

1988 1441 2158 1499 Vens.
2186 1444 2276 1498 20.
2320 1445 2388 1498 Et
2422 1446 2580 1500 irruit
2603 1447 2656 1500 in
2713 1445 2900 1513 Edam.
2945 1447 3058 1504 Rex
3099 1448 3275 1502 tribus
3337 1445 3477 1501 Juda

1915 1529 2172 1588 Idumaeis
2201 1534 2511 1603 imperavit.
2539 1535 2689 1590 Isaac
2735 1551 2864 1590 vero
2898 1537 2966 1591 de
3017 1537 3186 1590 Edom
3219 1535 3482 1606 praedixe-

1869 1667 1877 1674 .
1917 1628 2000 1674 rat
2039 1641 2054 1678 :
2089 1623 2326 1693 Tempus
2349 1627 2552 1690 veniet,
2587 1633 2646 1679 ut
2675 1626 2864 1695 jugum
2895 1626 3068 1696 ipsius
3106 1635 3378 1688 conteras,
3425 1633 3481 1678 et

1916 1705 2163 1760 excutias
2196 1705 2266 1761 de
2294 1707 2434 1762 collo
2459 1717 2572 1762 tuo.
2615 1707 2772 1762 Nunc
2791 1708 2935 1764 enim
2967 1709 3278 1763 obtinentes
3311 1709 3484 1762 victo-

221 1789 398 1860 ,χήλου
430 1807 547 1844 σου.
579 1794 716 1850 Νυνὶ
735 1797 844 1869 γὰρ
869 1801 963 1854 καὶ
985 1801 1313 1874 νικηθέντες,
1340 1805 1602 1878 ἄρχεσθαι
1621 1779 1804 1864 λοιττδν

1917 1795 2074 1860 riam,
2115 1779 2375 1868 deinceps
2407 1798 2700 1868 imperium
2735 1798 2848 1868 pati
2869 1805 3222 1853 recusarunt.

229 1880 331 1933 οὐκ
370 1882 684 1954 ἠνέσχοντο.

827 1981 1076 2039 ΚΕΦΑΛ.
1120 1983 1201 2039 H’.

299 2061 408 2116 Kal
438 2063 584 2119 λάϐε
607 2065 716 2120 τὸν
748 2071 945 2140 φακὸν
973 2074 1082 2128 τοῦ
1106 2075 1337 2134 ἐλαίου.
1379 2082 1458 2134 Δι’
1477 2083 1637 2138 ἄλλου
1670 2102 1805 2156 προ-

227 2153 402 2244 φήτου
438 2159 662 2228 κέχρικε
691 2161 784 2215 τὸν
826 2161 986 2232 Ἰηοῦ.
1025 2166 1215 2238 Λάθρα
1245 2172 1354 2244 γὰρ
1379 2174 1538 2228 τοῦτο
1557 2153 1807 2244 γενέσθαι

229 2242 725 2330 συνέφερεν.’Ὢστε
761 2249 854 2302 καὶ
886 2253 1166 2322 συντόμως
1191 2242 1542 2330 ἀναιρεθῆναι
1570 2242 1668 2315 τὸν
1695 2264 1805 2316 ’ἰω-

229 2329 366 2414 ράμ.
399 2334 462 2385 Εἰ
497 2333 607 2405 γὰρ
640 2336 946 2407 προῄσθετο
969 2377 985 2404 ,
1034 2340 1124 2394 διὰ
1171 2347 1534 2414 παρατάξεως
1579 2349 1808 2413 πολλοὺς

225 2413 297 2486 ἦν
331 2419 549 2490 ἀνάγκη
589 2427 799 2478 πεσεῖν.

300 2508 413 2560 Καὶ
437 2511 658 2580 φεύξῃ,
694 2515 794 2566 καί
840 2516 954 2599 οὐχ
986 2519 1328 2587 ὑπομενεῖς.
1356 2523 1474 2576 Ἵνα
1504 2525 1579 2594 μὴ
1611 2526 1804 2596 συλλη-

222 2595 386 2665 φθεὶς
415 2600 756 2674 κινδυνεύσῃ.
792 2595 1050 2659 Βούλεται
1095 2608 1204 2678 γὰρ
1256 2612 1406 2680 ἡμᾶς
1454 2615 1484 2665 ὁ
1529 2614 1660 2678 Θεὸς
1707 2595 1804 2671 καὶ

225 2687 600 2760 ἀνθρωπίναις
627 2691 964 2761 οἰκονομίαις
1003 2698 1323 2769 κεχρῆσθαι.
1358 2703 1496 2766 Τοὺς
1528 2704 1636 2776 γὰρ
1660 2706 1802 2778 λόγῳ

151 2849 154 2854 Ι
221 2779 578 2850 τιμηθέντας,
610 2782 692 2845 εἰς
723 2782 844 2836 δέον
876 2789 1144 2860 προσήκει
1180 2791 1482 2863 κεχρῆσθαι
1507 2795 1583 2867 τῷ
1607 2797 1768 2868 λόγῳ.

287 2957 364 3012 ’Τί
400 2957 489 3012 ὅτι
533 2958 823 3028 εἰσῆλθεν
855 2963 889 3016 ὁ
911 2961 1246 3033 ἐπίληπτος
1287 2961 1465 3035 οὗτος
1501 2973 1654 3038 πρὸς
1683 2972 1802 3034 σέ;

235 3049 324 3112 Ὠς
356 3049 639 3114 δυσσεϐεῖς
672 3051 894 3123 ὕϐριζον
929 3054 1024 3108 τοῦ
1071 3055 1209 3110 Θεοῦ
1258 3060 1386 3122 τοὺς
1439 3059 1799 3131 θεράποντας,
1829 3101 1873 3162 c

224 3140 322 3192 καὶ¹
350 3140 450 3211 τὴν
481 3141 662 3194 αὐτῶν
691 3145 1006 3215 παρρησίαν
1053 3146 1252 3218 μανίαν
1279 3149 1542 3210 ἐκάλουν.
1562 3153 1700 3224 Ἱηοῦ
1743 3154 1801 3208 δὲ

215 3229 284 3281 οὐ
290 3248 322 3299 χ
351 3229 426 3292 ὡς
461 3232 736 3298 παροινῶν
774 3234 1072 3318 ἀδολέσχην
1104 3237 1365 3292 ἐκάλεσεν
1385 3279 1400 3305 ,
1431 3241 1714 3298 λανθάνειν
1742 3243 1798 3297 δὲ

115 3321 118 3324 ’
225 3320 530 3392 πειραθείς.

307 3496 591 3565 Ἆραμείν.
632 3498 774 3562 Τοὺς
819 3500 1028 3570 Σύρους
1067 3502 1242 3568 οὕτως
1285 3508 1798 3582 ὲκάλεσεν.Ἀραμὰ

217 3586 348 3652 γὰρ,
381 3586 428 3636 ol
461 3585 642 3654 Σύροι.
673 3587 831 3641 Οὕτω
861 3589 920 3641 δὲ.
947 3591 1043 3644 καὶ
1072 3593 1122 3645 οἱ
1149 3593 1303 3648 ἄλλοι
1329 3595 1704 3666 ἡρμήνευσαν.

291 3673 401 3726 Καὶ
432 3674 470 3739 ἡ
496 3674 718 3742 ἀγωγὴ,
742 3677 941 3746 ἀγωγὴ
972 3679 1154 3747 Ἰηοῦ.
1197 3663 1486 3754 nemeae.)
1511 3689 1541 3740 6
1573 3663 1822 3756 σκοπὸς(

219 3763 554 3833 θεασάμενος
581 3765 656 3828 ὡς
683 3766 732 3818 οἰ
765 3767 864 3835 μὲν
887 3769 1284 3836 ἀποσταλέντες
1309 3775 1408 3828 οὐκ
1433 3777 1791 3850 ἀνέστρεψαν,

217 3855 248 3908 6
273 3853 330 3906 δὲ
359 3853 454 3906 τοῦ
475 3854 715 3923 πλήθους
745 3856 1048 3927 ἡγούμενος
1077 3859 1255 3916 ἔοικεν
1283 3860 1425 3917 εἰναι
1449 3867 1608 3936 Ἰηοῦ,
1639 3868 1794 3923 τοῦτο

221 3945 331 4013 γὰρ
375 3943 438 3996 τὸ
486 3943 672 4014 σχῆμα
721 3943 941 4016 ἐδήλου.
997 3951 1292 4020 ἐμήνυσεν,
1341 3955 1476 4024 ὅπερ
1527 3955 1788 4026 ἑώρακεν.

220 4034 378 4086 Ἐνια
415 4033 598 4103 μέντοι
659 4035 769 4090 τῶν
787 4037 1144 4109 ἀντιγράφων
1171 4040 1302 4112 ἔχει’
1323 4043 1430 4098 Καὶ
1453 4049 1487 4100 d
1505 4045 1666 4116 ἄγων
1687 4044 1792 4118 ἦτε

213 4125 325 4178 τὸν
352 4123 510 4192 Ἰηοῦ
530 4128 562 4179 ὁ
584 4125 750 4194 Θεός.

820 4222 1072 4295 ΚΕΦᾼΛ.
1113 4222 1191 4278 θ’.

299 4309 452 4365 Ἰδοὺ
475 4312 592 4382 ἐγὼ
609 4311 1064 4380 συνεστράφὴν.
1102 4311 1264 4382 Ἐγὼ,
1293 4317 1478 4386 φησὶν,
1495 4317 1569 4382 ὡς
1590 4336 1788 4390 τυραν..

2463 1993 2617 2054 car.
2661 1993 2778 2048 Vill
2808 1993 2947 2066 [IX].
3299 2055 3314 2064 .

1981 2078 2147 2135 Vens.
2177 2081 2228 2136 l.
2267 2081 2407 2150 Cape
2439 2083 2746 2138 lenticulam
2773 2086 2896 2140 olei.
2923 2085 3027 2140 Per
3049 2086 3215 2140 alium
3250 2089 3481 2157 prophe-

1910 2177 2021 2224 tam
2054 2172 2212 2226 unxit
2239 2169 2400 2226 Jeliu.
2429 2171 2572 2228 Utile
2595 2175 2740 2228 enim
2766 2183 2906 2238 erat,
2939 2183 2995 2228 ut
3057 2175 3160 2229 hoc
3185 2175 3324 2230 clam
3357 2193 3479 2246 per-

1911 2257 2186 2320 ﬁceretur,
2225 2257 2484 2312 utJoram
2515 2259 2677 2314 etiam
2695 2259 2846 2314 brevi
2873 2260 3293 2316 interﬁceretur.
3314 2261 3475 2324 Nam,

1909 2344 1956 2398 si
1989 2343 2375 2410 praescivisset,
2394 2345 2664 2402 instructa
2693 2346 2811 2400 acie
2829 2346 3030 2402 multos
3049 2349 3248 2403 cadere
3269 2348 3472 2405 fuiSSct

1910 2443 2152 2482 necesse.

1980 2515 2145 2572 Vens.
2173 2519 2226 2572 5.
2259 2516 2324 2572 Et
2351 2521 2540 2589 fugies.
2567 2529 2616 2574 et
2645 2538 2752 2576 non
2779 2513 3032 2576 nianebis.
3092 2521 3170 2578 Ne
3222 2539 3478 2596 compre-

1907 2603 2114 2660 hensus
2171 2608 2472 2676 periculum
2519 2610 2791 2664 incurras.
2826 2609 2959 2664 Vult
2989 2612 3134 2666 enim
3175 2612 3342 2680 Deus,
3417 2627 3476 2670 ut
3566 2633 3578 2644 ο

1907 2693 2150 2750 humano
2207 2697 2422 2763 ordine,
2473 2705 2528 2752 et
2583 2699 2778 2754 mediis
2837 2709 3080 2756 utamur.
3141 2703 3268 2758 Illos
3301 2706 3470 2768 enim,

1907 2800 2045 2855 quos
2076 2788 2286 2842 ratione
2319 2789 2458 2844 Deus
2484 2792 2724 2854 ornavit,
2757 2801 3024 2861 quantum
3067 2809 3298 2874 necesse
3365 2811 3468 2863 est,

1907 2879 1984 2933 uti
2017 2878 2233 2934 ratione
2270 2881 2546 2936 convenit.

1976 2968 2142 3026 Vens.
2179 2971 2266 3026 ll.
2297 2971 2472 3038 Quare
2497 2973 2760 3042 ingressus
2798 2983 2876 3028 est
2903 2976 3126 3032 insanus
3153 2978 3252 3032 iste
3275 2978 3346 3034 ad
3371 2990 3419 3036 te
3443 2983 3471 3038 ?

1905 3061 2104 3116 Servos
2135 3061 2249 3126 Dei,
2279 3071 2536 3131 tanquam
2583 3063 2780 3133 impios
2807 3103 2822 3128 ,
2889 3068 3222 3122 contumelia
3275 3069 3472 3126 allicie-

1905 3151 2061 3218 bant;
2087 3161 2141 3205 et
2172 3154 2476 3208 libertatem
2507 3155 2782 3224 loquendi,
2817 3171 2926 3227 qua
2973 3159 3272 3214 utebantur
3297 3162 3472 3218 .insa-
3511 3173 3516 3180 '

1903 3245 2046 3300 niam
2071 3247 2432 3316 appellabant.
2473 3245 2614 3303 Jehu
2641 3263 2773 3304 vero
2831 3257 3154 3322 nugatorem
3177 3262 3230 3308 et
3276 3271 3468 3324 garru-

1901 3337 2012 3390 lum
2031 3339 2244 3392 vocavit
2279 3339 2632 3408 prephetam;
2667 3353 2776 3394 non
2827 3341 2975 3410 quod
3021 3341 3458 3404 contumeliosus

1899 3427 1952 3481 in
2004 3443 2127 3482 eum
2160 3439 2325 3494 esset,
2353 3427 2446 3484 sed
2465 3437 2524 3482 ut
2557 3429 2770 3484 occulte
2813 3431 3048 3486 lateret.-
3107 3451 3110 3455 ·

1968 3519 2256 3572 Arameim.
2313 3519 2481 3590 Syros
2523 3519 2630 3575 hoc
2671 3521 2834 3576 modo
2904 3523 3222 3590 appellavit.
3259 3527 3462 3582 Arama

1897 3607 2040 3662 enim
2068 3606 2220 3679 Syri;
2252 3610 2332 3664 sic
2355 3610 2516 3663 etiam
2559 3609 2652 3664 alii
2675 3620 3078 3680 exposuerunt.
3411 3619 3420 3626 '

1967 3698 2133 3755 Vens.
2163 3701 2247 3754 l3.
2289 3691 2528 3754 Ineessu‘
2545 3699 2702 3753 λειω.
2733 3702 3056 3770 Speculator
3077 3705 3222 3759 enim
3249 3709 3470 3778 conspi-

1895 3798 2070 3854 catus,
2096 3790 2238 3856 quod
2271 3790 2456 3845 emissi
2487 3804 2594 3844 non
2619 3798 3047 3859 reverterentur,
3074 3809 3308 3865 cumque
3353 3798 3466 3855 dux

1895 3878 2250 3942 turbmJehu
2285 3880 2482 3935 similis
2507 3893 2630 3936 esse
2676 3881 2960 3936 videretur
3015 3883 3256 3953 (habitus
3315 3891 3464 3944 enim

1893 3967 1946 4020 id
1967 3969 2296 4038 declarabat)
2329 3971 2658 4039 signiﬁcavit
2712 3971 2975 4042 quidnam
3007 3976 3254 4032 vidisset.
3291 3977 3456 4044 Quae-

1892 4056 2014 4110 dam
2051 4058 2197 4112 enim
2247 4061 2579 4130 exemplaria
2647 4062 2899 4118 habent:
2943 4063 3089 4120 Deus
3139 4069 3250 4120 dua:
3308 4069 3466 4124 duxit

1891 4151 2062 4217 ipsum
2077 4149 2234 4207 Jehu.
2551 4209 2563 4220 _

2477 4242 2632 4298 CAP.
2665 4244 2732 4298 lx
2761 4244 2877 4316 [η.

1963 4331 2128 4386 Vens.
2157 4333 2212 4386 Ξ.
2267 4331 2402 4387 Ecce
2448 4349 2541 4403 ego
2603 4351 2882 4390 conversus
2906 4351 3044 4390 sum.
3080 4337 3210 4407 Ego,
3263 4342 3460 4411 inquit,

215 4401 380 4470 νῆσαι
413 4402 760 4473 βουλόμενος,
791 4402 1002 4456 ἀνεῖλον
1031 4403 1122 4456 τὸν
1143 4406 1370 4477 Ἰωράμ.
1407 4409 1544 4471 Τοὺς
1566 4411 1622 4463 δὲ
1643 4412 1794 4466 ἀδελ·

1917 4429 1958 4474 ιι
1983 4435 2206 4491 regnum
2239 4437 2502 4492 occupem
2527 4465 2542 4489 ,
2577 4425 2778 4478 sustuli
2808 4422 2994 4478 Joram
3026 4442 3040 4490 ;
3092 4425 3286 4482 fratres
3329 4447 3460 4485 vero

216 4493 347 4560 φοὺς
377 4493 570 4558 αὐτοῦ,
601 4493 973 4564 ἑϐδομήκοντα
1005 4495 1166 4558 ὄντας
1191 4498 1284 4550 τὸν
1313 4499 1566 4569 ἀριθμὸν,
1597 4503 1680 4566 τίς
1701 4504 1794 4558 ἁν-

1895 4511 2066 4578 ipsius
2103 4529 2330 4568 numero
2383 4515 2732 4585 septuaginta
2758 4555 2775 4581 ,
2799 4515 2926 4584 quis
2973 4519 3238 4573 sustulit?
3279 4536 3460 4576 nonne

213 4582 388 4650 εἰλενς
440 4584 553 4655 Οὐχ
600 4585 636 4656 ή
683 4585 992 4655 θελήματος
1041 4587 1220 4659 ὀργὴ,
1285 4591 1399 4653 τοῖς
1442 4593 1796 4658 οἰκειοτάτοις

1917 4603 2202 4658 νοΙυηιοτὶο
2249 4606 2348 4670 ira,
2401 4621 2523 4676 quae
2579 4607 2894 4663 domesticis
2940 4607 3006 4661 ad
3043 4607 3146 4662 hoc
3189 4610 3460 4666 ministris

214 4672 514 4743 ὐπουργοῐς
532 4674 854 4744 χρησαμένη
877 4693 892 4739 ;
923 4675 1204 4743 Ἀψευϐεῖς
1225 4679 1335 4748 ἄρα
1359 4680 1466 4733 τῶν
1495 4685 1792 4753 προφητῶν

1917 4707 1984 4744 Isa
2019 4693 2142 4747 em?
2167 4691 2285 4747 Non
2321 4672 2492 4764 igitur
2521 4711 2658 4750 vana
2701 4703 2830 4752 sunt
2871 4699 3258 4766 prophetarum
3317 4703 3456 4755 vati-

213 4765 268 4814 αἰ
307 4765 662 4834 προρρήσεις.
1189 4783 1192 4788 ·

1917 4784 2046 4839 inia.

281 4854 392 4906 Kal
428 4852 661 4917 πάντας
703 4851 846 4918 τοὺς
886 4856 1198 4922 γνωστοὺς
1233 4859 1438 4914 αὐτοῦ.
1479 4861 1618 4926 Τοὺς
1649 4857 1783 4934 μάν-

1959 4871 2125 4928 Vrzns.
2151 4874 2200 4928 5.
2247 4874 2438 4930 Omnes
2476 4875 2697 4930 scientia
2737 4883 2788 4930 et
2824 4877 3118 4946 cognitione
3177 4879 3454 4946 pra'ditos.

211 4961 342 5010 τεις,
369 4944 494 5007 τοὺς
523 4945 806 5014 οἰομένους
839 4945 1036 4998 εἰδέναι
1061 4947 1130 4999 τὰ
1161 4948 1662 5023 μέλλοντα.Ὥσπερ
1683 4955 1790 5026 γὰρ

1917 4963 1990 5015 'er
2017 4961 2264 5030 γνὼστας
2299 4965 2554 5034 intelligit
2607 4944 2976 5034 auguresaet
3003 4944 3307 5040 aruspices,
3363 4977 3454 5044 qui

210 5033 474 5101 ὁρῶντας
503 5033 600 5087 καὶ
631 5035 980 5102 ,βλέποντας
1006 5075 1020 5100 ,
1057 5039 1183 5101 τοὺς
1223 5043 1508 5111 προφήτας
1537 5045 1786 5108 ἐκάλουν,

1917 5059 2072 5106 utura
2105 5055 2396 5122 providere
2425 5033 2780 5126 putabantur.
2813 5055 2946 5112 Nam
2986 5033 3450 5128 quemadmodum

209 5125 352 5178 οὕτω
381 5127 474 5180 καὶ
503 5127 746 5189 τούτους,
776 5127 851 5188 ὡς
881 5127 948 5179 τὰ
979 5127 1242 5208 μέλλοντα
1289 5132 1452 5201 δῆθεν
1482 5137 1574 5188 καὶ
1602 5139 1668 5190 τὰ
1701 5155 1789 5192 κε-

1917 5145 2179 5215 ιτορίιθιαε
2207 5125 2456 5202 videntes
2493 5148 2757 5218 (ὁρῶντας
2783 5151 2878 5204 καὶ
2909 5125 3233 5225 βλέττοντας)
3265 5161 3451 5226 appel-

211 5235 242 5270 κ
249 5235 312 5284 ρυ
319 5219 500 5288 μμένα
555 5217 942 5284 γινώσκοντας.

1917 5237 2071 5289 abant
2093 5277 2108 5302 ,
2141 5239 2221 5292 sic
2253 5239 2375 5293 illos
2408 5217 2647 5310 quoque,
2687 5249 2744 5294 ut
2775 5243 2867 5312 qui
2909 5217 3112 5300 tutura
3143 5217 3224 5298 ct,
3251 5217 3450 5302 are-ana

1889 5335 2304 5390 εοεηοδροτρηῑ.

189 5425 198 5436 -
281 5394 388 5448 Καὶ
436 5390 574 5460 εὗρε
615 5395 723 5448 τὸν
757 5395 1058 5450 Ἰωναδιίϐ.
1103 5397 1344 5469 Εὐσεϐὴς
1377 5403 1513 5472 ἀνὴρ
1547 5405 1636 5455 καὶ
1683 5408 1780 5458 αὐ-

1962 5411 2126 5467 V'Ens.
2171 5416 2256 5470 l5.
2291 5416 2356 5470 Et
2385 5419 2866 5476 inrcuitJonadob.
2923 5421 3040 5476 Non
3069 5427 3184 5488 ipse
3237 5431 3446 5476 Lutum

207 5486 295 5549 τδς
321 5525 333 5549 ,
371 5485 464 5537 καὶ
497 5485 556 5536 τὸ
593 5485 766 5551 γένος.
795 5485 884 5536 Ἐν
917 5491 1140 5557 σκηναῖς
1175 5491 1280 5560 γὰρ
1310 5493 1612 5548 διετέλεσαν
1645 5514 1776 5550 κατ-

1920 5503 1968 5556 ir
1997 5507 2116 5572 pius
2151 5515 2202 5559 ct
2237 5508 2524 5579 religiosus
2541 5518 2688 5576 erat,
2716 5513 2808 5567 scd
2833 5528 2896 5566 ex
2928 5513 3016 5583 pio
3037 5513 3445 5585 etiamgencze;

245 5661 290 5691 εί
357 5657 418 5710 ΙΙΙ
471 5659 604 5728 Reg.
641 5677 729 5727 xx,
771 5663 850 5715 28.
