3986 6218
532 245 675 357 ’1191

1874 281 2231 344 PROCOPII
2264 284 2505 345 ΟΛΖᾸΞΙ

3687 290 3843 356 1192

525 392 585 450 in
610 392 861 451 tentoriis
893 392 1036 449 enim
1107 399 1370 464 perpetuo
1426 394 1727 465 degebant,
1780 400 1834 449 et
1886 395 1954 448 ab
2013 396 2103 448 vin

2229 395 2663 464 οικοῦντες,κα“ι
2714 396 2813 466 τῆς
2861 394 2952 448 τοῦ
3004 394 3147 448 οἴνου
3197 395 3408 460 πόσεως
3462 401 3835 470 ἀπεχόμενοι.

524 501 627 541 usu
654 483 1023 538 abstinebant.
1085 481 1349 538 Jeremias
1392 485 1656 554 propheta
1732 485 1951 539 illorum
1991 499 2116 538 cum

525 572 690 628 laude
721 572 1057 627 mentionem
1098 571 1245 627 fecit.
1305 571 1420 628 Hoc
1476 589 1635 642 vero,
1667 574 1946 631 benedixit
1969 589 2117 639 eum,

526 665 671 723 idem
719 674 803 719 est
848 662 1025 735 quod,
1055 664 1331 720 allocutus
1367 675 1452 720 est
1482 681 1630 722 cum.

598 756 713 827 Ego
737 755 963 811 serviam
993 757 1040 808 ei
1075 756 1325 811 multum.
1350 755 1655 813 Consilium
1680 766 1735 815 et
1763 774 1990 830 scopum
2020 757 2119 813 ob-
2184 751 2189 757 ’

527 866 749 908 servare
774 858 1025 919 oportet;
1081 848 1210 904 fecit
1239 852 1388 905 enim
1422 852 1551 915 hoc,
1585 866 1657 907 ne
1687 852 1963 922 quispiam
2019 865 2119 921 per

528 943 714 1012 fugam
741 942 1091 1008 elaberetur;
1142 943 1463 1000 sacerdotes
1506 959 1636 1001 vero
1689 944 1784 1002 Dei
1856 954 2116 1016 tanquam

526 1034 785 1104 indignos
814 1034 1030 1105 abegit;
1068 1049 1273 1090 cavens
1313 1036 1577 1092 nimirum
1606 1051 1678 1093 ne
1725 1037 1861 1109 quid
1897 1038 2115 1094 adversi

526 1133 848 1195 paterentur

598 1211 769 1269 Vens.
803 1213 895 1268 2i.
926 1214 966 1267 Α
1002 1216 1242 1271 sinistris
1273 1216 1510 1272 Baalim.
1543 1217 1635 1285 Ἐξ
1690 1220 1995 1289 ἀριστερῶν
2020 1218 2115 1272 τοῦ

526 1304 763 1375 Βααλίμ.
791 1304 1089 1377 .Templum
1126 1306 1254 1361 Baal
1280 1307 1384 1362 hoc
1412 1308 1576 1363 modo
1606 1308 1942 1378 appellavit:

1037 1397 1194 1453 CAP.
1237 1398 1283 1452 Χ
1313 1398 1456 1471 [XI].

594 1488 761 1545 Vens.
800 1489 851 1543 l.
888 1488 956 1542 Et
996 1488 1264 1544 Oclwzias
1301 1489 1368 1543 ad
1403 1490 1684 1545 Asaltelem
1726 1490 1996 1560 profectus
2013 1499 2114 1545 est.

524 1582 735 1636 Aeliabi
764 1582 910 1636 enim
941 1598 1115 1652 gener
1154 1590 1295 1638 erat.

599 1673 805 1728 Deiecit
834 1690 990 1728 omne
1021 1690 1199 1729 semen
1221 1676 1446 1746 regium.
1497 1675 1669 1748 Impia
1693 1676 1843 1731 enim
1876 1664 2001 1732 cum
2026 1691 2115 1732 es-

524 1771 632 1829 set,
654 1771 709 1818 et
739 1764 974 1820 subditis
1026 1734 1362 1836 impietatem
1415 1734 1727 1823 obtrudere‘
1761 1774 1817 1822 et
1849 1768 2119 1835 imperare
2148 1734 2191 1790 Β

525 1853 906 1920 decrevisset;
974 1869 1147 1924 genus
1215 1855 1424 1925 regale,
1489 1856 1697 1926 quippe
1757 1855 2112 1925 religiosum,

527 1943 778 1998 funditus
814 1942 998 1999 delere
1047 1952 1101 1999 et
1131 1946 1443 2015 exstirpare
1497 1945 1695 2001 voluit.
1737 1945 1883 2000 Deus
1907 1951 2113 2009 autem,

525 2033 620 2102 qui
648 2032 834 2087 omnia
865 2034 1150 2104 Sapienter
1176 2035 1453 2105 gubernat
1513 2043 1569 2091 et
1599 2035 1810 2107 dirigit,
1838 2033 2117 2089 ordinavit

524 2123 835 2200 iterum.ut
861 2124 1009 2194 regia
1062 2125 1273 2179 familia
1332 2126 1668 2183 sacerdotali
1746 2126 2109 2189 misceretur;

523 2211 892 2283 utqueJoiada
919 2215 1163 2284 pontifex
1190 2216 1638 2287 sapientissimus
1663 2216 1913 2272 Josabea:
1944 2214 2111 2268 ﬁliam

520 2301 707 2357 Joram
741 2319 973 2358 uxorem
1010 2304 1263 2369 duceret,
1300 2315 1357 2361 ut
1383 2307 1687 2361 scintillula
1731 2306 1863 2377 regii
1890 2305 2111 2378 generis

520 2403 968 2449 conservaretur.
1013 2395 1138 2465 Ipsa
1178 2398 1327 2451 enim
1363 2399 1503 2452 clam
1547 2398 1825 2453 subtraxit
1853 2409 2107 2467 nepotem

518 2501 587 2539 ex
614 2485 786 2539 fratre
813 2484 991 2550 leam,
1029 2480 1193 2557 quem
1241 2488 1485 2557 prudens
1539 2489 1631 2544 ille
1664 2487 1929 2544 sacerdos
1987 2500 2110 2557 post

518 2586 734 2634 sextum
768 2578 986 2633 tandem
1016 2593 1219 2633 annum
1259 2594 1425 2649 regno
1452 2581 1715 2634 restituit.

595 2669 761 2724 Vens.
802 2668 857 2723 4.
898 2668 1116 2734 Chorri,
1160 2680 1208 2723 et
1246 2669 1450 2724 Rasim.
1482 2670 1756 2726 Cursorcs
1800 2677 1854 2725 et
1899 2668 2108 2724 satelli-

519 2772 644 2831 tes;
679 2764 772 2818 alii
840 2762 1142 2819 scutiferus
1216 2771 1271 2816 et
1317 2762 1585 2816 satellites
1614 2770 1914 2831 exponunt.
1944 2758 2105 2814 Juxta

517 2867 807 2912 currentes
851 2870 984 2910 vero
1018 2863 1181 2909 vocat
1224 2856 1620 2923 praecedentes.
1672 2861 1726 2908 et
1771 2852 2106 2907 deducentes

517 2963 723 3020 regem.
773 2946 902 3003 Illos
930 2947 984 2999 in
1029 2955 1144 3001 tres
1190 2946 1414 3000 ordines
1440 2946 1757 3009 distribuit;
1792 2945 1929 3000 alios
1959 2945 2102 2998 enim

517 3041 721 3110 regiam
754 3036 1038 3092 custodire
1078 3036 1281 3105 jussit;
1328 3036 1469 3091 alios
1498 3036 1690 3104 templi
1723 3034 2055 3089 vestibulum
2085 3051 2101 3100 ;

519 3129 901 3197 alios-portam
944 3127 1202 3181 alteram.

593 3218 821 3273 Messae.
873 3216 990 3273 Hoc
1023 3197 1351 3273 vocabulum
1401 3217 1601 3287 reliqui
1641 3216 1751 3270 ἀπὸ
1780 3215 2103 3286 διαφθορᾶς,

520 3309 574 3364 id
619 3316 727 3372 est,
762 3308 833 3362 ab
864 3307 1104 3362 interitu
1129 3316 1528 3378 exposuerunt.
1584 3306 1869 3378 Significat
1899 3310 2103 3368 autem,

520 3400 730 3455 nullum
760 3399 1023 3453 damnum
1057 3399 1246 3454 domui
1278 3397 1375 3453 Dei
1414 3399 1625 3454 illatum
1652 3413 1796 3454 esse.
1834 3394 1949 3450 [loc
1972 3409 2104 3450 vero

519 3493 641 3547 dua:
707 3505 905 3546 manus
968 3493 1023 3546 in
1055 3491 1231 3558 vobis,
1285 3506 1387 3561 pro
1419 3506 1485 3547 eo
1519 3492 1667 3562 quod
1734 3498 1841 3556 est,
1900 3487 2104 3558 integri

517 3585 675 3651 estis,
702 3592 756 3639 et
790 3583 935 3649 sani,
971 3593 1026 3639 et
1082 3583 1262 3639 idonei
1313 3584 1381 3639 ad
1433 3581 1853 3641 custodiendam
1879 3581 2102 3636 domum

522 3676 640 3740 Dei,
672 3683 725 3731 et
753 3674 976 3730 domum
1022 3673 1189 3746 regis.

592 3764 761 3820 Vens.
795 3766 850 3821 8.
886 3763 1203 3837 Ingrediens
1237 3767 1294 3819 in
1338 3764 1586 3821 Siderotli
1621 3765 1897 3819 morietur.
1943 3761 2106 3835 5“
2136 3834 2152 3849 .

518 3859 578 3912 lu
625 3858 769 3913 libro
792 3858 1253 3927 Paralipomenon
1285 3859 1368 3912 sic
1395 3857 1638 3913 dicitur:
1673 3855 1990 3927 Ingrediens
2045 3857 2101 3910 in

516 3951 740 4007 domum
796 3952 1086 4007 morietur.
1151 3951 1419 4008 Similiter
1458 3952 1623 4008 etiam
1673 3949 1949 4022 Iosephus
2005 3950 2103 4005 lia-

492 4044 628 4097 .bet.
710 4046 713 4049 ’

588 4130 759 4188 Vens.
810 4133 897 4187 ll.
942 4132 1020 4187 Ab
1060 4132 1279 4189 humero
1317 4133 1506 4207 domus
1535 4132 2125 4207 dea-tero.Significat,,

513 4223 661 4291 quod
719 4222 1123 4278 Levita-luna:
1186 4223 1243 4276 in
1310 4224 1549 4292 speciem
1615 4222 1843 4294 ﬁguram
1890 4224 2103 4280 consti~

515 4326 752 4382 tuentes,
792 4329 1003 4369 cornua
1059 4314 1250 4369 domui
1306 4315 1607 4386 conjuncta
1665 4315 1996 4382 habuerunt,
2046 4323 2102 4371 et

2224 485 2445 541 Τούτων
2470 490 2566 545 καὶ
2592 492 2619 542 ό
2655 489 2942 559 προφήτης
2978 487 3246 559 Ἱερεμίας
3278 489 3337 539 ἐν
3366 490 3611 555 ἐπαίνοις
3647 495 3836 567 ἐμνή-

2221 578 2347 649 σθη.
2379 579 2452 631 Τὸ
2472 578 2550 645 δὲ,
2587 580 2697 632 Καὶ
2724 578 3021 649 εὐλόγησεν
3049 577 3238 642 αὑτὸν,
3275 578 3400 632 ἀντὶ
3429 580 3524 634 τοῦ
3546 620 3563 645 ,
3597 590 3841 654 προσεϊο

2229 686 2332 722 πεν
2373 670 2555 724 αὐτόν.
3668 668 3673 669 ν

2290 761 2399 815 Kal
2458 762 2575 831 ἐγὼ
2626 760 2945 817 δουλεύσω
2996 762 3159 829 αὐτῷ
3205 762 3428 817 πολλὰ.
3469 765 3574 819 Τὸν
3615 768 3836 821 σκοπὸν

2218 853 2464 923 δρατέον,
2498 854 2547 904 εἰ
2589 852 2682 905 καὶ
2727 853 2777 905 οἱ
2818 852 2971 921 λόγοι
2996 851 3211 922 ψεκτοί.
3244 852 3416 906 Τοῦτο
3443 852 3553 924 γὰρ
3579 856 3731 927 πρὸς
3761 860 3831 910 τὸ

2222 944 2429 1012 μηδένα
2449 943 2753 1012 διαφυγεῖν.
2773 944 2911 1006 Τοὺς
2934 938 2995 998 δὲ’
3023 944 3203 1008 θείους
3236 945 3435 1015 ἱερέας,
3458 946 3541 1009 ὡς
3556 945 3833 1013 ἀναξίους

2158 1029 2166 1036 ’
2219 1031 2408 1103 δῆθεν,
2444 1031 2720 1104 ἀπήλασε,
2749 1030 2811 1085 τὸ
2849 1030 2925 1102 μὴ
2959 1030 3157 1084 παθεῖν
3186 1031 3610 1102 φυλαττόμενος.

2304 1212 2404 1277 Ἐξ
2432 1211 2766 1284 ἀριστερῶν
2784 1211 2889 1268 τοῦ
2914 1211 3169 1283 Βααλίμ.
3211 1210 3314 1267 Τὸν
3343 1211 3437 1265 τοῦ
3468 1211 3616 1266 Βαὰλ
3648 1226 3830 1284 σηκόν

2218 1304 2393 1369 οὕτως
2423 1306 2706 1361 ἐκάλεσεν.

2844 1400 3095 1455 ΚΕΦΑΔ.
3134 1401 3192 1455 I'.

2291 1492 2401 1545 Kal
2450 1492 2742 1560 ἐπορεύθη
2779 1491 3037 1561 Ὀχοζῖας
3072 1491 3173 1547 ἐπὶ
3209 1490 3449 1560 Ἀζαήλ.
3496 1492 3618 1545 Ὅτι
3667 1508 3824 1560 γαμρ

2217 1582 2351 1653 ϐρὸς
2384 1578 2453 1653 ἦν
2489 1582 2586 1637 τοῦ
2624 1583 2818 1654 ’Λχάᾶ

2291 1673 2403 1728 Καὶ
2446 1673 2725 1728 ἀπώλεσε
2755 1664 2881 1731 πᾶν
2906 1673 2989 1737 ξτὸ
3029 1674 3271 1745 σπέρμα
3308 1673 3420 1741 τῆς
3456 1674 3822 1738 βασιλείας.

2233 1764 2320 1829 Ὠς
2355 1764 2578 1836 ἀσεϐὴς,
2609 1766 2704 1820 καὶ
2733 1764 3006 1837 κρατῦναι
3031 1765 3261 1820 θέλουσα
3281 1768 3395 1828 τοῖς
3423 1763 3695 1835 ὑπηκόοις
3714 1762 3825 1834 τὴν

2214 1856 2503 1921 ἀσέϐειαν,
2536 1854 2613 1921 ὡς
2647 1857 2873 1921 εὐσεϐὲς
2910 1858 2972 1911 ab
2998 1856 3291 1927 βασιλικὸν
3328 1856 3497 1927 ἄρδην
3541 1854 3822 1924 ἀφανίσαι

2213 1947 2373 2015 γένος
2426 1948 2715 2020 ἠθέλησεν.
2735 1949 2878 2002 Ἀλλ’
2907 1951 2936 2003 ό
2983 1949 3163 2004 πάντα
3208 1947 3389 2016 σοφῶς
3435 1945 3629 1999 ἰθύνων
3679 1944 3823 2008 Θεὸς

2213 2041 2631 2111 παρεσκεύασεν
2664 2038 2821 2107 αὖθις
2864 2045 2931 2113 τῇ
2979 2041 3236 2113 βασιλικῇ
3266 2041 3364 2112 τὴν
3393 2037 3692 2109 ἱερατικὴν
3728 2054 3822 2107 μι-

2211 2131 2379 2202 γῆναι
2412 2133 2620 2204 φυλὴν,
2652 2133 2748 2188 καὶ¹
2786 2133 2876 2188 τὸν
2902 2134 3091 2188 Ἰωδαὲ
3112 2174 3127 2199 ,
3159 2131 3252 2185 τὸν
3286 2130 3601 2202 σοφώτατον
3631 2130 3817 2199 ἱερέα,

2211 2224 2387 2294 γῆμαι
2427 2225 2527 2297 τὴν
2553 2225 2839 2279 Ἱωσαϐεαὶ
2881 2224 2977 2279 τοῦ
3004 2224 3216 2295 Ἰωρὰμ
3243 2223 3544 2295 θυγατέρα,
3577 2218 3680 2277 ἵνα
3713 2238 3821 2293 φυ-

2208 2314 2382 2386 λαχθῇ
2415 2315 2510 2368 τοῦ
2541 2315 2825 2384 βασιλικοῦ
2866 2316 3059 2384 γένους
3087 2315 3116 2366 ό
3144 2312 3654 2385 σπινθήρ.Ἕκλεψε
3703 2314 3819 2383 γὰρ

2209 2406 2349 2477 αὕτη
2377 2406 2468 2460 τὸν
2498 2407 2812 2477 ἀδελφιδοῦν
2831 2406 3011 2470 ἰωάς,
3041 2406 3099 2459 δν
3128 2408 3158 2459 ό
3192 2406 3355 2475 σοφὸς
3391 2404 3572 2476 ἱερεὺς
3595 2407 3673 2476 τῇ
3711 2404 3818 2474 βα-

2213 2499 2389 2570 σιλείᾳ
2417 2498 2538 2568 μεθ’
2566 2499 2726 2552 ἕκτον
2758 2498 2878 2562 ἔτος
2907 2497 3213 2552 ἀπέδωκεν.

2286 2674 2398 2728 Τόν
2424 2672 2622 2742 Χορῤὶ,
2661 2671 2895 2727 καὶτὸν
2934 2671 3172 2742 Ῥασίμ.
3216 2673 3357 2736 Τοὺς
3406 2671 3656 2743 δρομεῖς.
3714 2671 3814 2725 καὶ

2207 2764 2332 2827 τοὺς
2370 2761 2725 2833 δορυφόρους.
2752 2759 2911 2823 Τινὲς
2938 2760 3019 2826 δὲ,
3050 2760 3486 2832 ἀσπιδηφόρους,
3517 2760 3618 2812 καὶ
3642 2757 3812 2830 δορυ.

2206 2855 2428 2925 φόρους.
2469 2852 2922 2924 ῐιαρατρέχοντας
2963 2850 3021 2904 δὲ
3064 2851 3239 2920 λέγει,
3285 2850 3413 2913 τοὺς
3465 2849 3810 2919 ἡγουμένους

2205 2947 2299 3001 τοῦ
2334 2945 2624 3018 βασιλέως,
2654 2943 2883 3007 τούτους
2914 2944 3080 3015 τριχῆ
3099 2942 3311 2998 διελὼν.
3334 2941 3478 3004 Τοὺς
3527 2940 3653 3012 μὲν,
3685 2941 3809 2995 ἑκε-

2211 3040 2369 3092 λευσε
2421 3037 2712 3107 φυλάττειν
2760 3036 2855 3090 τοῦ
2888 3036 3158 3107 βασιλέως
3204 3035 3299 3089 τὸν
3345 3029 3529 3087 οἷκονο
3560 3034 3699 3097 τοὺς
3726 3034 3804 3100 δὲ,

2211 3130 2310 3197 τὴν
2334 3130 2538 3183 εἴσοδον
2560 3130 2655 3184 τοῦ
2684 3128 2790 3182 νεώ
2816 3144 2832 3160 ο
2864 3128 2992 3192 τοὺς
3017 3125 3094 3191 δὲ,
3121 3126 3223 3199 τὴν
3251 3125 3430 3198 πύλην
3452 3125 3553 3196 τὴν
3580 3126 3802 3198 ἑτέραν.

2280 3218 2550 3275 Μεσσαέ.
2578 3219 2653 3272 Τὸ
2685 3219 2968 3274 «Maccus»
2996 3218 3048 3272 ol
3069 3217 3269 3283 λοιποὶ,
3291 3217 3410 3273 ἀπὸ
3441 3215 3801 3286 διαφθορᾶς,

2206 3313 2577 3388 ήρμήνευσαν.
2606 3311 2771 3381 Δηλοϊ
2792 3310 2870 3375 δὲ,
2895 3308 3037 3363 ὥστε
3064 3308 3340 3380 μηδεμίαν
3369 3306 3633 3375 γενέσθαι
3664 3306 3797 3375 βλά-

2209 3404 2310 3475 ϐην
2342 3406 2400 3458 ἐν
2426 3404 2503 3475 τῷ
2530 3404 2667 3473 οἴκῳ
2685 3401 2760 3471 τῷ
2795 3401 2944 3472 θείῳ.
2974 3400 3048 3453 Τδ
3075 3400 3156 3467 δὲ,
3187 3399 3280 3453 δύο
3333 3402 3517 3469 χεῖρες
3544 3401 3611 3453 ὲν
3644 3400 3794 3468 ὑμῖν,

2178 3497 2330 3563 ,ἀντὶ
2353 3495 2471 3561 τοῦ,
2505 3494 2837 3568 ἀρτιοιὲστε,
2859 3494 2953 3548 καὶ
2975 3494 3169 3561 ὑγιεῖς,
3201 3493 3297 3547 καὶ
3331 3491 3509 3546 ἱκανοὶ
3534 3490 3790 3560 φυλάξαι,

2209 3591 2304 3645 καὶ
2318 3591 2409 3643 τὸν
2443 3586 2592 3644 οἷκον
2623 3586 2717 3642 τοῦ
2741 3585 2902 3653 Θεοῦ,
2945 3586 3040 3640 καὶ
3067 3586 3159 3640 τὸν
3180 3580 3330 3639 οἷκον
3362 3583 3458 3637 τοῦ
3502 3583 3789 3653 βασιλέως.

2293 3763 2356 3816 'O
2377 3763 2801 3831 εἰσερχόμενος
2826 3763 2916 3827 εις
2937 3759 3010 3814 τὰ
3038 3756 3323 3827 Σιδηρὼθ,
3350 3756 3453 3809 καὶ
3474 3754 3790 3812 ἀποθανεῖ-

2204 3869 2320 3909 tat.
2371 3853 2557 3916 Οὕτως
2583 3855 2642 3907 ὲν
2669 3849 3186 3923 Παραλειπομέναις
3228 3846 3412 3917 φησίν·
3447 3846 3596 3900 «Καὶ
3626 3848 3658 3898 ό
3683 3847 3788 3898 sic.

2207 3943 2574 4017 πορευόμενος
2601 3945 2682 4007 εἰς
2699 3942 2790 3997 τὸν
2815 3937 2964 3995 οἶκον
2987 3940 3359 3995 ἀποθανεῖται.
3375 3955 3395 3989 ι
3429 3936 3786 4007 ΚαὶἸώσηπ-

2207 4058 2309 4106 πος
2345 4044 2413 4111 ὀμ
2422 4041 2570 4104 οίως.
3056 4072 3059 4077 ι

2278 4131 2415 4186 Ἀπὸ
2438 4131 2551 4199 τῆς
2582 4130 2765 4199 ὠμίας
2792 4129 2899 4184 τοῦ
2924 4127 3096 4182 οἴκου
3119 4124 3231 4193 τῆς
3261 4122 3488 4189 δεξιᾶς.
3527 4123 3699 4191 Δηλοῖ
3718 4120 3786 4183 ὡς

2210 4223 2488 4295 μηνοειδὲς
2525 4223 2576 4274 οἱ
2622 4217 2846 4274 Λευῖται
2894 4219 3083 4289 σχῆμα
3123 4217 3454 4287 ποιήσαντες
3478 4214 3551 4267 τὰ
3579 4216 3785 4286 κέρατα

2206 4314 2353 4385 εἶχον
2375 4311 2701 4383 συνημμένα
2729 4310 2811 4387 τῷ
2834 4309 2991 4380 οἴκῳ.
3035 4309 3126 4362 Ἐν
3161 4309 3310 4379 μέσῳ
3326 4306 3386 4359 δὲ
3406 4306 3538 4360 ὄντα
3572 4306 3670 4359 τὸν
3699 4304 3789 4375 βα·

510 4421 719 4477 regem,
750 4407 846 4475 qui
891 4407 947 4459 in
980 4404 1165 4460 medio
1192 4413 1332 4471 erat,
1369 4406 1776 4475 custodiebant.
1811 4404 2101 4462 Exercitus

2224 4404 2361 4458 ιιλέα
2389 4403 2712 4474 ἐφρούρουν.
2755 4400 2813 4455 '0
2850 4401 2908 4455 δὲ
2946 4398 3175 4470 στρατὸς
3204 4396 3529 4468 όπλοφορῶν
3582 4396 3693 4464 ἔξω
3718 4396 3785 4448 si-

510 4513 645 4555 vero
670 4505 916 4550 armatus
949 4493 1086 4549 foris
1120 4496 1328 4561 stabat,
1359 4506 1715 4568 exspectans,
1743 4506 1799 4553 et
1830 4497 2098 4554 cohibens

511 4589 657 4649 illos,
693 4589 784 4655 qui
829 4585 1042 4654 ingredi
1093 4586 1402 4640 tentabant.

582 4675 748 4730 Vens.
786 4676 872 4730 l2.
911 4674 1099 4730 Posuit
1133 4690 1291 4744 super
1331 4692 1450 4730 eum
1501 4679 1987 4747 sanctiﬁcatione»:
2047 4691 2098 4735 et

512 4768 896 4822 testimonium.
937 4767 1101 4823 Liber
1130 4766 1587 4839 Paralipomenon
1616 4760 1799 4835 habet,
1834 4771 1894 4824 τὸ
1938 4772 2096 4843 βασί-

508 4860 698 4937 λειον,
764 4860 985 4931 signum
1044 4861 1224 4929 regale
1279 4869 1333 4915 et
1386 4845 1777 4916 testimonium.
1821 4862 2098 4935 Ἀγιασμα

503 4947 733 5018 quidem
768 4950 1086 5004 unctionem
1132 4948 1445 5018 significat;
1492 4948 1795 5021 μαρτύριον
1836 4966 1968 5006 vero
1997 4966 2094 5006 co-

507 5049 698 5089 ronam
728 5036 969 5112 regiam;
985 5037 1283 5108 σύνδεσμον
1304 5046 1488 5092 autem
1512 5038 1879 5110 tyrannidem,
1904 5054 2097 5111 quem-

508 5125 803 5181 admodum
849 5137 979 5181 ante
1007 5128 1144 5195 dixi,
1195 5128 1576 5184 nominabant.
1608 5129 1748 5185 Dicit
1780 5140 1963 5186 autem
1997 5146 2094 5186 ex-

506 5224 592 5270 tra
647 5212 906 5269 Siderotli
941 5214 1205 5271 Attaliam
1249 5216 1482 5273 interfici
1520 5219 1843 5289 imperasse.
1905 5218 1963 5274 In
2018 5220 2086 5275 li-

504 5309 607 5364 bro
639 5306 1096 5379 Paralipomenon
1139 5328 1158 5360 ι
1210 5322 1365 5364 extra
1414 5309 1635 5365 domum
1690 5331 1708 5362 ι
1746 5313 1937 5382 inquit.

578 5398 739 5457 τως.
817 5399 903 5454 l7.
941 5395 1138 5453 Fcrdus
1199 5400 1504 5473 (διαθήκην)
1572 5402 1708 5456 inter
1771 5402 2079 5459 Dominum.

2197 4495 2410 4566 στήκει,
2436 4495 2563 4556 τοὺς
2587 4492 2812 4546 εἰσιέναι
2844 4491 3222 4562 πειρωμένους
3253 4489 3491 4559 ἐπέχων.

2265 4674 2377 4729 Καὶ
2407 4674 2634 4728 ἔδωκεν
2654 4674 2750 4727 ἐπ’
2785 4673 2975 4728 αὑτὸν
2999 4675 3074 4728 τὸ
3100 4674 3381 4740 ἁγίασμα,
3414 4665 3518 4719 καὶ
3554 4665 3626 4718 τὸ
3644 4677 3780 4735 μαρο

2194 4766 2420 4834 ruptor.
2446 4766 2539 4818 ‘Ev
2564 4763 3083 4836 Παραὶειπομέναις
3114 4762 3229 4832 ἔχει
3253 4761 3316 4817 τὸ
3356 4757 3663 4827 βασίλειον,
3700 4753 3779 4808 καὶ

2192 4856 2257 4911 τὸ
2282 4855 2603 4929 μαρτύριον.
2626 4856 2788 4925 Δηλοῖ
2823 4854 2883 4909 δὲ
2912 4854 2973 4907 τὸ
3010 4854 3110 4922 μὲν
3127 4854 3413 4921 ἁγίασμα,
3450 4850 3517 4903 τὸ
3542 4852 3772 4920 χρίσμα·

2199 4949 2498 5021 μαρτύριον
2526 4948 2607 5014 δὲ,
2639 4946 2732 5018 τὸν
2768 4944 3047 5017 βασιλικὸν
3092 4944 3380 5014 στέφανον.
3426 4941 3777 5009 Σύνδεσμον

2193 5039 2252 5092 δὲ
2276 5039 2375 5110 τὴν
2404 5038 2724 5110 τυραννίδα,
2760 5037 2904 5093 οιαθά
2941 5038 3225 5108 προεῖπον,
3260 5032 3572 5103 ὠνόμαζον.
3611 5030 3748 5095 "age

2196 5132 2289 5186 θεν
2317 5131 2396 5197 δὲ,
2430 5131 2563 5202 φησὶ
2587 5171 2603 5195 ,
2641 5131 2753 5184 τῶν
2798 5128 3042 5200 Σιδηρὼθ
3094 5125 3450 5198 ἀναιρεθῆναι
3488 5124 3598 5195 τὴν
3630 5120 3771 5177 F000-

2194 5222 2314 5276 λίαν
2362 5222 2380 5260 ί
2438 5222 2798 5294 προσέταξεν.
2849 5222 2936 5274 Ἐν
2968 5220 3029 5274 δὲ
3056 5210 3194 5283 ,ταῖς
3240 5215 3768 5289 Παραλειπομέναιςν

2201 5336 2220 5369 ι
2259 5316 2415 5379 ἐκτὸς
2443 5315 2538 5368 τοῦ
2565 5318 2713 5369 οἴκου
2750 5334 2770 5367 ι
2796 5314 2979 5386 φησίν.
3024 5307 3033 5315 ’
3534 5304 3541 5309 ι

2180 5446 2181 5453 η
2265 5408 2568 5477 Διαθήκην
2597 5408 2713 5463 ἀνὰ
2736 5408 2933 5479 μέσον
2957 5411 3199 5476 Κυρίου.
3240 5401 3599 5471 Συνθήκην,
3638 5399 3706 5459 ὡς
3723 5392 3761 5446 σί

1792 5580 2029 5637 vitam
2083 5582 2490 5641 LECTIONES.
2560 5566 2577 5581 '

558 5686 577 5727 ί
616 5686 676 5742 ιιι
707 5686 957 5744 Lavateri
988 5689 1177 5745 codice
1223 5689 1439 5745 videtur
1470 5667 1940 5746 fuisse"A01).iav.
