3986 6218
267 291 405 357 1193

257 503 366 572 γὰρ
399 502 603 570 αὐτοῖς,
627 506 719 558 καὶ
747 507 966 577 νόμους,
992 512 1275 582 παρέδωκε
1299 516 1575 573 δουλεύειν
1616 522 1828 592 Κυρίῳ.

255 593 374 655 Φῶς
395 592 473 657 δὲ,
505 594 580 656 ὼς
610 594 846 663 ἀληθῶς,
870 598 1194 667 διδάσκαλος
1223 606 1447 674 ἀγαθός.
1497 605 1571 663 Οὗ
1605 608 1827 676 ζῶντος,

255 684 543 756 ὲλάτρευον
568 686 646 756 τῷ
669 688 808 758 Θεῷ.
860 692 1003 762 Πλὴν
1044 697 1138 746 καὶ
1184 695 1357 762 οὕτως
1407 695 1555 770 ἦσαν,
1596 702 1825 769 ἀτελεῖς,

254 773 475 840 θύοντες
518 778 743 831 ἐπὶτῶν
777 780 997 851 ὑψηλῶν
1048 784 1126 856 τῷ
1161 788 1301 857 Θεῷ,
1329 791 1424 843 καὶ
1457 792 1557 844 οὐκ
1584 794 1642 846 έν
1678 794 1828 865 νόμῳ

252 865 331 938 τῷ
358 867 499 940 Θεῷ,
529 869 674 925 καθὰ
696 870 941 938 διέταξεν
964 875 992 928 ὁ
1021 877 1202 948 νόμος.

832 1074 1082 1131 ΚΕΦΑΛ.
1142 1079 1244 1131 ΙᾹ’.

319 1161 624 1233 Ἀργύριον
663 1167 1081 1235 συντιμήσεως
1130 1170 1370 1238 ἀνδρός.
1426 1173 1569 1245 Ἔφη
1610 1175 1716 1246 γὰρ
1767 1179 1825 1230 ἐν

250 1252 676 1324 Δευτερονομίῳ,
709 1255 834 1335 τοὺς
862 1256 1003 1327 ὑπὲρ
1034 1260 1243 1313 ἑαυτῶν
1288 1261 1631 1333 παρέχοντας
1659 1268 1823 1338 τιμὴν

247 1339 326 1410 τῷ
347 1340 484 1412 Θεῷ,
514 1344 715 1406 πόσους
741 1330 959 1410 σίκλους
984 1351 1249 1420 προσήκει
1271 1330 1496 1407 διδόναι.
1523 1330 1823 1429 Ὅπερνύν

248 1433 515 1502 ἀργύριον
555 1434 709 1498 Ὶωὰς
758 1440 1058 1508 προσέταξε
1086 1443 1215 1504 τοὺς
1251 1442 1435 1514 ίερέας
1469 1447 1819 1516 κομίσασθαι,

246 1525 343 1577 καὶ
369 1525 694 1596 θεραπεύειν
722 1528 790 1581 τὰ
829 1531 1108 1600 πάσχοντα
1142 1532 1237 1586 τοῦ
1270 1536 1419 1600 ναοῦ,
1452 1536 1823 1609 φθειρομένων

246 1614 438 1681 ξύλων,
461 1616 493 1687 ἢ
520 1618 702 1671 λίθων.
741 1619 912 1674 Τοῦτο
934 1622 1043 1691 γὰρ
1068 1622 1221 1693 δηλοῖ
1278 1626 1395 1679 τόδε
1443 1629 1569 1691 Βὲκ,
1594 1631 1732 1703 ὅπερ
1764 1633 1823 1685 ὲν

246 1705 756 1777 Παραλειπομὲναις
779 1709 1142 1764 ἐπισκευάσαι
1189 1713 1281 1765 τὸν
1311 1712 1458 1767 οἶκον
1498 1717 1703 1788 Κυρίου
1733 1719 1820 1772 λέ-

246 1813 355 1865 γει,
391 1797 486 1851 καὶ
514 1796 700 1865 πάλιν,
733 1797 829 1851 τοῦ
862 1798 1199 1870 θεραπεῦσαι
1223 1804 1315 1857 τὸν
1341 1802 1490 1859 οἷκον
1521 1805 1748 1879 Κυρίου.

826 1891 1081 1948 ΚΕΦΑΛ.
1114 1893 1214 1947 ΙΒ’.

314 1975 426 2029 Kal
461 1974 836 2046 μετεμελήθη
865 1980 1097 2047 Κύριοζι,
1129 1983 1226 2036 καὶ
1254 1985 1545 2054 οἷκτειρεν
1577 1991 1818 2058 αὐτούς.

242 2063 628 2134 Μεταμέλειαν
651 2066 808 2118 καλεῖ
834 2065 932 2137 τὴν
967 2069 1075 2120 ἀπὸ
1116 2070 1214 2139 τῆς
1240 2071 1571 2145 δυσκληρίας
1606 2078 1685 2141 είς
1729 2080 1822 2131 εύ-

242 2156 475 2227 κληρίαν
508 2157 838 2228 μεταϐολήν.

312 2248 469 2303 Λάϐε
521 2250 704 2314 τόξον
747 2251 847 2304 καὶ
884 2253 1167 2320 βολίδας.
1215 2257 1325 2327 Οὐχ
1356 2257 1499 2310 οὕτω
1546 2259 1655 2331 γὰρ
1703 2262 1821 2315 ἐπί-

245 2354 431 2392 στευον
473 2343 586 2403 τοῖς
616 2340 819 2409 λόγοις,
863 2344 938 2406 ὡς
960 2347 1079 2407 ταῖς
1124 2344 1189 2398 δι’
1214 2345 1391 2416 ἔργων
1426 2352 1816 2421 προρρήσεσιν.

251 2430 569 2483 Ὑπολαόὼν
592 2432 670 2495 δὲ,
693 2433 768 2495 ὡς
797 2434 1104 2498 αὐτόματος
1124 2436 1325 2506 ἀφήσει
1356 2437 1483 2510 βέλη
1508 2441 1700 2507 πολλὰ,
1726 2440 1820 2495 τοῦ

242 2520 462 2590 πρώτου
497 2523 860 2591 πεμφθέντος,
894 2523 1020 2593 ἔφη,
1059 2522 1211 2595 βέλος
1242 2530 1516 2599 σωτηρίας
1540 2570 1556 2596 ,
1608 2533 1704 2585 καὶ
1752 2533 1820 2587 τὰ

242 2611 391 2681 ἑξῆς.
435 2612 522 2675 Ὠς
542 2612 599 2665 δὲ
625 2613 754 2682 τρία
780 2613 917 2683 μόνοι
939 2612 1270 2685 ἐξέπεμψεν,
1299 2619 1563 2693 ἠχθέσθη,
1599 2623 1676 2687 ὡς
1719 2627 1818 2695 τῆς

242 2703 443 2773 Συρίας
475 2705 659 2776 τρίτον
684 2705 1015 2776 ἡττημένης,
1043 2707 1159 2760 ἀλλ’
1179 2708 1239 2761 ού
1267 2711 1644 2785 πανωλεθρίαν
1671 2715 1819 2787 δεχο-

243 2794 432 2864 μένης.

826 3084 1077 3142 ΚΕΦΑΛ.
1127 3087 1226 3142 II".

314 3166 377 3220 Ὀ
409 3167 607 3238 ἀκχὰν
637 3172 670 3224 ό
702 3170 772 3224 ἐν
801 3172 882 3239 τῷ
906 3140 1500 3250 Λιϐάνω,Ἀμεσσίας,
1528 3181 1638 3235 τῶν
1680 3180 1810 3235 Ἰου-
1840 3140 1883 3190 C

229 3258 395 3314 δαίων
425 3263 575 3333 νόμῳ
603 3263 838 3333 πολέμου
871 3272 1172 3339 κρατήσας,
1201 3273 1400 3344 ἤλπισε
1424 3273 1518 3327 καὶ
1552 3276 1649 3336 τὰς
1676 3274 1808 3329 δέκα

228 3357 473 3424 νικήσειν
500 3356 696 3426 φυλάς.
755 3361 865 3413 Καὶ
918 3364 1274 3432 προεκαλεῖτο
1314 3368 1451 3439 πρὸς
1502 3370 1680 3440 μάχην
1719 3372 1808 3424 τὸν

229 3444 457 3513 βασιλέα
479 3447 574 3501 τοῦ
614 3451 852 3522 Ἰσραήλ.
896 3453 953 3506 '0
980 3454 1035 3506 δὲ
1057 3454 1155 3525 τὴν
1175 3459 1478 3527 παροιμίαν
1509 3461 1805 3531 ἐδήλωσεν,

227 3536 391 3590 αὑτὸν
420 3540 729 3606 ἀπεικάσας
761 3548 826 3616 τῇ
858 3547 1055 3619 κέδρῳ,
1088 3550 1297 3604 ἐκεῖνον
1328 3552 1384 3603 δὲ
1410 3552 1486 3622 τῷ
1512 3554 1707 3624 ἀκχάν.

300 3714 409 3767 Καὶ
443 3715 586 3783 τοὺς
623 3718 793 3784 υἱοὺς
826 3722 944 3773 τῶν
964 3723 1316 3792 συμμίξειαν
1330 3725 1807 3799 τῶνβδελυγμά-

226 3819 366 3857 των.
393 3806 671 3872 Τουτέττι,
709 3812 835 3872 τοὺς
861 3811 969 3863 τῶν
997 3813 1364 3882 ψευδωνύμων
1416 3817 1552 3871 θεῶν
1603 3820 1804 3889 ἱερέας,

225 3896 288 3948 τὸ
308 3896 542 3951 ἄτακτον
570 3900 754 3954 αὐτῶν
784 3902 988 3972 πλῆθος
1024 3905 1219 3971 δηλῶν.

301 3985 422 4052 Τὴν
441 3985 657 4056 Αίλώμ.
690 3989 800 4060 Τὴν
827 3991 921 4044 νῦν
950 3994 1360 4066 ὀνομαζομένην
1384 3997 1588 4061 Ἀἳλὰν,
1616 4001 1709 4054 ἐπὶ
1727 4001 1804 4072 τῷ

226 4073 457 4143 στόματι
484 4074 575 4129 τοῦ
613 4077 904 4149 Ἀρασικοῦ
935 4082 1134 4135 κόλπου
1160 4086 1441 4158 κειμένην,
1461 4087 1802 4160 ὃνἙρυθρὰν

222 4166 694 4239 προσαγορεύουσι
726 4168 1016 4226 θάλατταν.

823 4264 1075 4320 ΚΕΦΑΛ.
1113 4267 1208 4322 ΙΔ’.

289 4351 400 4405 Kal
428 4352 627 4421 ἥψατο
660 4355 875 4425 Κύριος
924 4359 1030 4413 τοῦ
1066 4362 1401 4430 βασιλέως.
1455 4364 1797 4440 Σαφέστερον

212 4441 277 4493 τὸ
311 4444 453 4496 κατὰ
490 4444 677 4498 τοῦτον
702 4449 760 4500 ὲν
799 4449 1313 4522 Παραλειπομέναις
1344 4459 1529 4527 φησίν.

299 4532 396 4586 Ἐν
415 4533 561 4600 οῑκῳ
602 4535 965 4605 Ἀπφουσώθ.
994 4544 1056 4597 Οί
1077 4544 1254 4598 λοιποὶ
1280 4550 1583 4618 κρυφαίως
1601 4550 1793 4618 ἐξέδω-

214 4639 343 4678 καν.

800 4723 1053 4781 ΚΕΦΑΛ.
1110 4729 1210 4783 ΙΕ⁹.

285 4813 396 4865 Kal
433 4811 574 4878 τοὺς
627 4814 797 4880 υἱοὺς
820 4819 1008 4897 αὐτοῦ
1042 4818 1252 4891 διῆγεν
1278 4824 1348 4877 ἐν
1392 4831 1555 4897 :rvpl.
1605 4829 1787 4887 'Eouct

209 4896 405 4967 δηλοῦν
427 4898 487 4950 τὸ
512 4898 703 4970 μέχρις
727 4894 883 4972 ἡμῶν
912 4905 1123 4974 φθάσαν
1145 4910 1242 4979 τῆς
1270 4894 1487 4985 πλάνης
1505 4913 1661 4982 εἶδος.
1694 4921 1792 4973 Ἔν

206 5005 321 5041 τισι
342 4988 453 5059 γὰρ
487 4991 707 5045 πόλεσιν
736 4994 891 5077 ἅπαξ
913 4996 1006 5049 τοῦ
1043 4998 1196 5064 ἔτους
1251 5005 1310 5056 ἐν
1344 5010 1463 5071 ταῖς
1504 5010 1788 5077 πλατείαις

207 5082 523 5151 ἁπτομένας
552 5085 730 5153 πυρὰς
760 5076 1053 5142 ὲθεάσαντό
1082 5110 1248 5157 τινες,
1275 5098 1367 5150 καὶ
1393 5100 1596 5165 ταύτας
1617 5104 1789 5175 ὑπερ-

207 5172 536 5244 αλλομένους
570 5177 742 5239 τινὰς,
773 5179 867 5231 καὶ
918 5181 1222 5251 πηδῶντας,
1263 5187 1326 5239 ού
1360 5190 1520 5258 μόνον
1570 5195 1785 5262 παῖδας,

204 5264 347 5316 ἀλλὰ
404 5267 495 5317 καὶ
529 5266 744 5338 ἄνδρας
774 5268 843 5322 τὰ
873 5269 930 5324 δὲ
966 5273 1144 5345 βρέφη
1187 5279 1338 5349 παρὰ
1378 5281 1486 5333 τῶν
1535 5288 1787 5357 μητέρων

207 5355 638 5426 παραφερόμενα
663 5358 753 5413 διὰ
779 5361 881 5432 τῆς
909 5363 1125 5433 φλογὸς,
1157 5369 1294 5438 πρὸς
1339 5355 1784 5449 ἀποτροπιασμὸν

201 5443 389 5513 δῆθεν,
422 5447 520 5499 καὶ
546 5448 836 5527 κάθαρσιν.
876 5454 1179 5525 Ἰὡσηππος
1205 5459 1261 5512 δὲ
1292 5462 1387 5513 καὶ
1419 5465 1513 5516 τὸν
1545 5468 1641 5521 ἕνα
1676 5443 1785 5526 τῶν

204 5535 341 5590 υἱῶν
377 5538 750 5596 ὁλοκαυτῶσαι
782 5561 936 5615 φησι,
964 5547 1055 5601 τὸν
1092 5550 1257 5620 Ἀχὰζ
1285 5553 1361 5623 τῷ
1391 5554 1559 5613 Βαάλ.

274 5733 387 5790 Καὶ
421 5732 543 5792 εἶδε
581 5739 647 5791 τὸ
693 5745 1145 5812 θυσιαστήριον.
1200 5751 1415 5807 Ἔοικεν
1445 5758 1506 5811 ού
1560 5759 1636 5832 τῷ
1669 5761 1776 5816 τῶν

522 5835 798 5899 Ρηεοι.
847 5839 965 5917 Gn.
1010 5844 1388 5909 LXXXVII.

1256 311 1794 377 COMMENTARII
1846 316 1925 377 IN
1968 317 2117 380 LIB.
2144 320 2222 382 IV
2249 323 2541 383 REGUM.

249 409 433 465 λοιποὶ
462 410 568 464 τῶν
617 412 1000 485 Ἐρμηνευτῶν
1034 418 1303 485 ἐξέδωκαν
1338 427 1593 498 ἀλλαχοῦ.
1631 430 1832 501 Ὄρους
1864 439 1908 494 Α
1936 453 2184 525 Συνθήκη

3377 328 3512 394 1191

2190 476 2237 521 ν,
2270 457 2373 511 hoc
2408 466 2492 513 est
2522 459 2727 524 turdus,
2755 468 2809 515 et
2842 470 3082 532 pactum,
3114 473 3175 521 ut
3205 461 3399 537 reliqui
3428 470 3511 523 in-

1939 551 2203 611 terpretes
2249 546 2453 617 ubique
2497 548 2876 605 reddiderunt.
2930 552 3195 622 Regulam
3263 562 3407 614 enim
3453 569 3509 616 et
3566 578 3574 593 ι

1938 633 2082 704 leges
2120 639 2475 708 praescripsit,
2535 651 2593 694 ut
2644 640 2751 697 Deo
2794 645 3089 700 servirent.
3141 645 3282 704 Vere
3325 660 3506 706 autem

1937 725 2113 783 bonus
2164 731 2425 800 magister
2482 731 2571 785 lux
2624 741 2744 800 est;
2800 750 2909 805 quo
2957 737 3172 793 vivente
3219 739 3508 796 Dominum

1937 818 2247 874 coluerunt.
2297 823 2448 877 Adeo
2513 832 2693 878 tamen
2748 839 2904 882 erant
2964 829 3288 899 imperfecti.
3334 843 3395 886 ut
3453 835 3508 889 in

1935 911 2170 967 excelsis
2204 912 2317 968 Deo
2347 916 2743 982 sacriﬁcarent,
2774 929 2829 974 et
2871 937 2979 976 non
3013 922 3067 977 in
3112 927 3334 995 templo,
3369 929 3509 985 sicut

1938 1000 1991 1054 in
2018 1002 2135 1072 lege
2165 1013 2281 1059 erat
2310 1009 2713 1076 praescriptum.

2475 1096 2629 1151 CAP.
2670 1098 2762 1155 XI.
2802 1100 2968 1174 [κει]

2004 1181 2170 1237 Vens.
2209 1185 2265 1239 4.
2302 1185 2591 1256 Argentum
2624 1193 2996 1248 testimationis
3039 1196 3158 1252 viri.
3197 1197 3337 1254 Dicit
3360 1202 3503 1256 enim

1934 1274 1989 1328 in
2024 1273 2450 1332 Deuteronomio
2490 1279 2560 1335 de
2601 1282 2733 1348 illis,
2776 1285 2869 1353 qui
2898 1300 2996 1339 sua
3024 1302 3219 1357 sponte
3276 1291 3505 1350 Domino

1932 1378 2133 1418 munus
2174 1364 2486 1433 conferunt,
2517 1379 2651 1438 quot
2686 1373 2854 1429 siclos
2885 1390 2980 1430 eos
3005 1377 3136 1432 dare
3169 1383 3502 1451 conveniat;

1932 1470 2096 1524 quam
2146 1459 2436 1525 pecuniam
2491 1459 2623 1517 Joas
2676 1481 2824 1521 nunc
2883 1471 3199 1528 sacerdotes
3249 1476 3506 1547 colligere

1930 1548 2209 1616 praecepit,
2258 1558 2311 1603 et
2364 1549 2593 1609 reﬂecre
2633 1556 2801 1626 ligna.
2836 1567 2890 1613 et
2928 1561 3137 1631 lapides
3175 1566 3230 1621 in
3276 1572 3502 1641 templo.

1931 1634 2045 1691 Hoc
2079 1639 2224 1693 enim
2272 1641 2549 1727 signiticet
2592 1646 2724 1701 illud
2782 1648 2907 1716 Bek,
2955 1655 3101 1722 quod
3143 1657 3198 1711 in
3255 1634 3500 1734 Pura-Iip.

1930 1731 2060 1787 dicit
2086 1750 2394 1805 prazparare
2418 1741 2680 1811 templum
2730 1743 2969 1815 Domini,
2997 1758 3051 1805 et
3083 1752 3277 1810 iterum
3308 1731 3505 1815 curare

1853 1798 1896 1852 Β
1924 1798 2145 1876 domum
2177 1798 2417 1881 domini.

2417 1920 2571 1977 CAP.
2630 1924 2749 1980 xu.
2809 1926 3003 2003 [χιιι]

1932 2074 1941 2083 ἱ
1989 2002 2157 2061 Vens.
2200 2008 2254 2063 4.
2296 2009 2367 2064 Et
2414 2018 2725 2082 paenitentia
2772 2022 2963 2078 ductus
2990 2002 3089 2079 est
3132 2025 3412 2097 Dominus,
3445 2045 3497 2090 et

1920 2097 2167 2154 misertus
2207 2112 2288 2155 est
2338 2120 2541 2162 eorum.
2589 2108 2975 2170 Paenitentiam
3033 2129 3190 2175 vocat
3239 2127 3498 2184 mutatio-

1921 2201 2043 2241 nem
2087 2190 2427 2252 int‘elicitutis
2468 2199 2521 2252 in
2553 2198 2892 2260 felicitatem.

1992 2278 2157 2337 Vens.
2212 2285 2300 2339 15.
2342 2287 2531 2359 Accipe
2592 2310 2777 2349 arcum
2806 2302 3132 2370 ctsagittas.
3184 2304 3302 2362 Non
3346 2310 3493 2366 enim

1922 2375 2129 2426 tantum
2188 2378 2486 2435 credebant
2554 2387 2716 2442 nudis
2776 2394 3169 2463 sermonibus,
3219 2411 3488 2469 quantum

1918 2461 2371 2530 prmdictionibus
2438 2490 2561 2543 qua:
2605 2492 2704 2547 per
2735 2494 2900 2549 opera
2933 2461 3257 2543 edebantur.
3288 2490 3494 2550 Existi-

1918 2567 2074 2608 mans
2105 2567 2286 2613 autem
2329 2577 2428 2616 sua
2470 2578 2666 2636 sponte
2703 2574 3019 2644 complures
3054 2582 3283 2651 sagittas
3327 2587 3494 2642 emis-

1917 2656 2127 2713 surum,
2161 2651 2338 2719 prima
2375 2656 2576 2713 emissa
2603 2697 2619 2722 ,
2657 2659 2814 2730 dixit,
2872 2668 3070 2737 sagitta
3119 2673 3335 2739 salutis,
3379 2688 3490 2737 etc.

1915 2731 2212 2807 Postquam
2247 2757 2377 2797 vero
2432 2755 2544 2802 tres
2583 2751 2762 2806 solum
2810 2731 3014 2824 emisit,
3045 2760 3229 2819 dolore
3265 2764 3492 2825 aﬂ‘ectus

1915 2833 2017 2890 est,
2044 2842 2108 2882 eo
2142 2833 2286 2899 quod
2318 2837 2478 2891 tertio
2510 2839 2672 2911 Syria
2704 2847 2922 2914 quidem
2974 2856 3286 2923 superanda
3318 2871 3487 2929 esset,

1916 2933 2024 2973 non
2060 2928 2239 2980 tamen
2291 2930 2527 3009 omnino
2563 2937 2957 2999 exscindenda.

2416 3116 2571 3172 CAP.
2612 3119 2746 3177 xm.
2803 3121 2996 3200 [xm]

1989 3195 2153 3255 Vens.
2223 3204 2276 3257 9.
2349 3206 2597 3266 Carduus
2655 3216 2709 3268 in
2759 3195 2996 3274 Libano:
3044 3221 3317 3296 Amesias,
3372 3230 3489 3302 lege

1915 3287 2038 3342 belli
2076 3292 2127 3345 in
2158 3290 2379 3353 Iudaeos
2430 3300 2721 3370 imperium
2759 3315 2973 3376 tenens,
3020 3322 3261 3385 speravit
3296 3336 3356 3377 se
3405 3326 3493 3379 de-

1913 3392 2030 3433 cem
2077 3399 2298 3455 quoque
2348 3389 2528 3445 tribus
2563 3394 2923 3466 domitnrum,
2955 3412 3009 3457 et
3049 3421 3231 3479 regem
3272 3411 3489 3469 lsraclis

1912 3469 1980 3522 ad
2036 3486 2270 3541 pugnam
2309 3484 2664 3546 provocabat.
2717 3488 2810 3544 Ille
2875 3507 3005 3546 vero
3064 3469 3376 3565 parabolam
3434 3522 3485 3560 ei

1910 3566 2216 3632 proposuit,
2251 3569 2499 3639 seipsum
2551 3576 2719 3632 cedro
2749 3595 3099 3651 comparans,
3152 3590 3303 3647 illum
3357 3610 3487 3651 vero

1910 3654 2137 3712 carduo.

1982 3741 2144 3799 Vens.
2190 3747 2278 3803 M.
2334 3748 2405 3803 Et
2453 3752 2596 3819 ﬁlios
2646 3762 3077 3821 commistionum
3128 3771 3485 3830 abominatio-

1909 3848 2054 3889 uum.
2091 3834 2203 3891 Hoc
2242 3847 2348 3905 est,
2397 3841 2663 3900 falsorum
2700 3850 2927 3908 deorum
2973 3861 3311 3930 sacerdotes,
3359 3882 3485 3936 pro-

1909 3926 2175 3982 miscuam
2217 3931 2459 3999 ipsorum
2496 3940 2902 4001 multitudinem
2929 3950 3270 4020 signiﬁcans.

1975 4016 2139 4075 Vens.
2188 4022 2277 4076 22.
2321 4025 2529 4085 Αῖίοηι.
2579 4031 2710 4099 Quae
2757 4036 2921 4096 liudie
2966 4016 3085 4098 Ᾰίιε
3141 4050 3479 4121 nominatur,

1904 4109 2007 4164 sita
2066 4110 2220 4180 juxta
2254 4117 2459 4173 ostium
2508 4123 2663 4181 sinus
2705 4128 2943 4197 Arabiei,
2982 4150 3142 4204 quem
3186 4155 3335 4196 mare
3361 4109 3477 4198 Ru:

1902 4198 2063 4255 brum
2100 4206 2397 4274 appellant.

2390 4301 2544 4358 CAP.
2606 4306 2747 4363 xw.
2814 4310 2979 4387 [xm

1971 4382 2139 4441 Vens.
2182 4388 2235 4444 5.
2276 4389 2346 4444 Et
2404 4395 2571 4465 tetigit
2618 4382 2872 4458 Dominus
2921 4382 3110 4477 regem.
3147 4412 3373 4475 Planius
3408 4421 3476 4477 de

1825 4508 1867 4563 υ
1896 4480 2060 4537 rebus
2088 4484 2255 4554 hujus
2290 4492 2432 4559 regis
2460 4492 2705 4565 loquitur
2735 4500 2831 4555 lib.
2874 4500 3116 4579 Paralip.

1963 4572 2032 4629 In
2057 4575 2213 4631 domo
2252 4582 2581 4665 App/tuendi.
2622 4588 2836 4663 Reliqui
2881 4572 3183 4671 κρυφαίως,
3226 4608 3471 4679 latenter,

1893 4680 2285 4737 exposuerunt.
2386 4726 2389 4731 .

2396 4770 2549 4829 CAP.
2588 4775 2706 4833 xv.
2738 4778 2937 4857 εχιτ]

1967 4847 2131 4908 Vens.
2173 4856 2226 4911 3.
2267 4857 2336 4913 Et
2371 4862 2516 4932 ﬁlios
2548 4884 2670 4924 suos
2702 4847 2944 4930 traduxi}
2964 4894 3058 4947 per
3080 4882 3271 4953 ignem.
3312 4889 3470 4945 Vide-

1892 4950 1979 4996 tur
1999 4945 2315 5015 signiiicare
2340 4957 2583 5022 speciem
2604 4945 3042 5043 ~erroris,quiad
3071 4984 3260 5031 nostra
3294 4980 3473 5054 usque'

1891 5043 2134 5106 tempora
2165 5047 2428 5110 pervenit.
2469 5047 2523 5102 lu
2566 5044 2898 5120 quibusdam
2934 5064 3080 5119 enim
3121 5070 3350 5130 urbibus
3379 5043 3467 5131 sc—

1890 5128 1993 5181 mel
2048 5129 2101 5182 in
2158 5146 2303 5205 ann-0
2334 5151 2799 5215 accensaspyras
2852 5166 2950 5219 per
2978 5157 3190 5224 plateas
3240 5128 3463 5233 quidam

1887 5217 2267 5288 inspexerunt,
2299 5236 2354 5281 et
2387 5244 2483 5299 per
2508 5232 2633 5290 illas
2663 5240 3060 5313 transilientes,
3096 5260 3150 5305 et
3173 5217 3459 5319 salientem

1887 5326 1996 5365 non
2024 5330 2223 5384 pueros
2266 5320 2450 5388 modo,
2485 5326 2580 5404 sed
2628 5331 2792 5384 etiam
2840 5335 3023 5396 viros:
3083 5344 3328 5403 infantes
3359 5365 3461 5404 an-

1886 5411 1993 5458 tem
2046 5421 2075 5459 a
2109 5411 2382 5466 matribus
2429 5392 2678 5484 gesratos
2725 5438 2822 5487 per
2852 5428 3148 5498 ﬂammam,
3201 5439 3459 5494 nimirum

1886 5504 2106 5565 propter
2147 5499 2524 5570 depulsionem
2583 5513 2880 5583 malorum,
2934 5530 2988 5575 et
3048 5525 3457 5586 lustrationem.

1885 5585 2159 5658 Iosephus
2193 5604 2372 5649 autem
2413 5598 2566 5666 dicit,
2595 5605 2776 5662 Aelia:
2813 5627 2979 5666 unum
3011 5631 3074 5669 ex
3124 5617 3251 5674 {iliis
3283 5629 3458 5677 totum

1885 5678 1986 5748 ipsi
2023 5679 2150 5734 Baal
2179 5687 2575 5749 combussissc.

1960 5768 2121 5829 Vens.
2167 5775 2252 5833 12.
2298 5777 2365 5833 Et
2397 5785 2523 5838 vidit
2585 5788 2778 5848 altarc.
2840 5791 2958 5849 Non
3017 5795 3149 5861 Deo,
3211 5803 3455 5864 universi

3065 5891 3144 5954 38
