3964 6194
264 330 403 396 1201

1245 333 1783 397 COMMENTARII
1819 336 1902 396 IN
1936 336 2082 397 LIB.
2121 334 2152 395 Ι
2207 335 2555 397 PARALIP.

3406 327 3542 395 1202

266 620 512 736 ΕΙΣ
586 620 907 737 ΤΗΝ
966 617 1595 739 ΠΡΩΤΗΝ
1654 623 1959 740 ΤΩΝ
2033 613 3276 739 ΠΑΡΑΛΕΙΠΟΜΕΝ
3295 619 3537 734 ΩΝ.

405 1011 570 1138 ΙΝ
632 1011 1261 1146 PRIMUM
1321 1014 1932 1145 LIBRUM
2003 1012 3411 1145 PARALIPOMENON.

389 1317 406 1362 ι

865 1556 1274 1615 ΠΡΟΟΙΜΙΟΝ.

350 1646 494 1719 Ὅσα
548 1645 852 1717 παρέλιπεν
889 1649 918 1702 6
947 1648 1048 1713 τὰς
1099 1648 1390 1714 Βασιλείας
1424 1649 1851 1722 συγγεγραφὼς,

276 1739 449 1795 ταῦτα
479 1739 823 1793 συντέθεικεν
852 1739 880 1792 ὁ
910 1740 1008 1809 τὴν
1064 1740 1349 1810 παροῦσαν
1381 1741 1639 1796 ὑπόθεσιν
1666 1745 1860 1813 ἐνστη-

281 1832 537 1901 σάμενος.
582 1831 671 1892 Ὠς
720 1832 813 1883 καὶ
849 1829 1089 1900 τοῦνομα
1139 1830 1233 1884 τοῦ
1266 1831 1477 1901 βιϐλίου
1502 1834 1679 1903 δηλοῖ,
1713 1836 1857 1907 άπερ

279 1924 343 1976 ἑκ
383 1922 651 1976 πλείστων
674 1921 1029 1991 προφητικῶν
1083 1922 1425 1989 συνελέξατο.
1474 1925 1654 1980 Πολλὰ
1681 1926 1739 1980 δὲ
1766 1926 1862 1980 καὶ

280 2014 390 2068 τῶν
450 2014 507 2067 ὲν
556 2016 676 2074 ταῖς
732 2012 1047 2077 Βασιλείαις
1101 2012 1315 2078 τούτοις
1359 2016 1695 2087 συνήρμοσε,
1731 2018 1864 2088 μίαν

284 2106 566 2177 συνέχειαν
599 2104 886 2175 φυλάττειν
912 2105 1544 2169 ὲσπουδακώς.¹⁹Λνωθεν
1582 2107 1641 2161 δὲ
1666 2124 1863 2177 γενεα-

284 2197 439 2264 λογεῖ
496 2195 598 2267 τήν
651 2197 834 2249 πᾶσαν
877 2195 940 2261 ἐξ
988 2195 1109 2259 ἑνὸς
1157 2195 1379 2261 δεικνὺς
1432 2198 1860 2270 ἅνθρωπότητα.

296 2288 520 2360 Ἐπειδὴ
548 2287 604 2340 δὲ
638 2288 807 2359 μόνης
836 2290 935 2359 τῆς
960 2287 1137 2342 Ἰούδα
1175 2287 1456 2358 βασιλείας
1498 2293 1735 2345 ποιεῖται
1762 2293 1866 2362 τὴν

291 2382 533 2451 μνήμην,
566 2379 833 2443 διδάσκει,
864 2380 1010 2443 τίνες
1040 2378 1250 2433 τούτων
1301 2382 1359 2433 αἱ
1385 2381 1592 2448 κῶμαι,
1632 2382 1729 2435 καὶ
1765 2382 1865 2436 πό-

288 2474 422 2537 λεις,
463 2474 557 2525 καὶ
586 2471 753 2525 πόθεν
792 2471 1124 2543 ἐκλήθησαν.
1166 2471 1448 2526 Ἐντεῦθεν
1498 2473 1866 2543 μανθάνομεν,

289 2565 364 2628 ὼς
395 2562 606 2626 Ναθὰν,
631 2563 693 2630 ἐξ
747 2556 809 2618 οῦ
854 2563 949 2617 τὸν
1004 2562 1245 2635 Χριστὸν
1279 2564 1492 2629 Λουκᾶς
1531 2564 1868 2635 γενεαλογεῖ,

290 2659 511 2727 γνήσιος
533 2653 602 2727 ἦν
638 2657 868 2725 ἀδελφὸς
924 2656 1296 2726 Σολομῶντος,
1327 2657 1392 2710 ἐκ
1416 2657 1581 2711 Δαϐ¹ιδ
1610 2659 1701 2711 καὶ
1727 2658 1871 2729 Βηρ-

290 2750 506 2805 σαϐαιέ.
547 2750 660 2803 Καὶ
687 2748 780 2802 τὸν
816 2748 1022 2820 Ῥηχάϐ
1054 2748 1134 2814 δὲ,
1175 2749 1268 2803 τὸν
1297 2749 1569 2820 πολλαχοῦ
1600 2751 1697 2819 τῆς
1726 2750 1874 2820 Γρα-

289 2842 397 2912 φῆς
420 2832 839 2911 ἐπαινούμενον,
884 2833 986 2893 ὦδε
1016 2840 1293 2893 δείκνυσιν
1332 2842 1396 2895 ὲκ
1445 2841 1546 2911 τῆς
1577 2840 1752 2895 Ἰούδα
1775 2858 1874 2910 φυ-

1888 1567 1935 1625 Α

391 1247 406 1325 ξ
1290 1247 1559 1306 Ludovico
1588 1249 1851 1309 Lavatero
1905 1250 2164 1325 Tigurino
2216 1254 2522 1325 interprete.

2533 1560 2959 1619 ΡιιοοΕΜιυΜ.

2028 1658 2238 1713 Auctor
2314 1657 2410 1728 qui
2464 1670 2708 1727 praesens
2752 1658 3141 1725 argumentum
3198 1652 3549 1708 tractandum

1959 1749 2226 1819 suscepit,
2256 1763 2345 1813 ea,
2370 1763 2493 1819 qua:
2528 1763 2557 1800 a
2596 1746 2871 1816 scriptore
2899 1743 3148 1799 historiae
3171 1744 3385 1815 Regum
3414 1757 3554 1813 pra-

1962 1841 2222 1897 termissa
2271 1850 2425 1908 sunt,
2457 1840 2546 1894 his
2594 1836 2755 1893 libris
2806 1836 3177 1907 persequitur.
3211 1834 3268 1890 ld
3306 1834 3455 1905 quod
3484 1834 3552 1887 ti-

1963 1934 2111 1989 tulus
2135 1932 2269 1987 libri
2299 1933 2468 1987 etiam
2522 1930 2789 1987 ostendit.
2832 1928 3105 1986 Caeterum
3144 1929 3262 1984 haec
3300 1943 3365 1984 ex
3418 1926 3554 1982 mul-

1965 2024 2038 2079 tis
2069 2022 2467 2095 prophetarum
2508 2022 2738 2092 scriptis
2788 2021 3034 2091 collegit.
3078 2019 3249 2075 Multa
3306 2030 3553 2089 quoque.

1964 2129 2089 2186 quae
2118 2113 2174 2169 in
2205 2113 2366 2168 libris
2397 2111 2609 2186 Regum
2658 2112 2944 2183 leguntur,
2978 2110 3067 2166 his
3098 2109 3417 2180 conjunxit.
3453 2109 3557 2164 De-

1966 2206 2049 2260 dit
2107 2204 2257 2261 enim
2310 2218 2537 2274 operam
2573 2244 2587 2268 ,
2644 2213 2705 2257 ut
2754 2203 3076 2258 continuam
3131 2208 3182 2257 et
3236 2205 3554 2270 perpetuam

1967 2296 2214 2353 historiae
2242 2295 2445 2352 seriem
2477 2303 2856 2351 conservaret.
2893 2294 3070 2350 Porro
3097 2307 3266 2365 supra
3294 2299 3556 2363 repetens

1968 2387 2374 2459 genealogiam,
2406 2402 2474 2441 ex
2511 2401 2624 2441 uno
2653 2386 2881 2442 homine
2923 2394 3102 2442 totum
3144 2400 3322 2457 genus
3353 2384 3555 2439 huma-

1970 2491 2102 2532 num
2133 2475 2377 2532 deducit.
2412 2473 2501 2542 Et,
2534 2490 2661 2531 cum
2708 2476 2861 2547 regni
2883 2474 3025 2531 Juda
3067 2483 3280 2530 tantum
3323 2474 3549 2530 mentio-

1971 2585 2097 2626 nem
2131 2568 2323 2634 faciat,
2356 2569 2542 2635 docet,
2571 2582 2712 2639 quos
2769 2584 2962 2640 pagos,
2995 2575 3051 2623 et
3090 2583 3233 2639 quas
3265 2566 3431 2624 urbes
3461 2564 3560 2621 ha-

1974 2660 2122 2725 beat,
2175 2666 2230 2714 et
2258 2659 2405 2714 unde
2457 2673 2660 2714 nomen
2705 2660 3050 2730 acceperint.
3101 2657 3380 2715 Discimus
3430 2656 3560 2714 hinc

1974 2747 2217 2814 Nathan,
2254 2763 2324 2804 ex
2362 2763 2475 2819 quo
2519 2748 2699 2804 Lucas
2726 2749 3106 2819 genealogiam
3130 2747 3341 2803 Christi
3379 2747 3558 2801 dedu—

1979 2842 2079 2907 cit,
2123 2842 2298 2896 fuisse
2335 2856 2656 2912 germanum
2706 2841 2930 2897 fratrem
2982 2840 3314 2907 Salomonis,
3364 2857 3430 2896 ex
3460 2837 3562 2894 Da-

289 2909 409 3003 λῆς.
442 2932 606 3001 Λέγει
660 2909 717 2984 δὲ
767 2931 861 2985 καὶ
901 2928 1130 3000 Ῥουϐὴν
1187 2930 1298 2984 τῶν
1331 2909 1746 3000 πρωτοτοκείων
1775 2909 1870 2982 έκ-

1979 2931 2100 2987 vide
2154 2940 2211 2987 et
2266 2909 2595 2987 Belhsabea.
2651 2930 2717 2984 Et
2745 2930 2993 2996 Rechab,
3051 2946 3217 3003 quem
3269 2929 3559 3000 Scriptura

292 3024 663 3088 πεπτωκέναι,
713 3022 807 3078 τοῦ
864 3022 1083 3093 πατρὸς.
1129 3022 1229 3093 τὴν
1289 3023 1477 3092 κοίτην
1558 3021 1829 3091 μιάναντα
1855 3039 1868 3053 ·

292 3116 467 3171 ταῦτα
491 3098 549 3170 δὲ
579 3115 673 3171 τὸν
715 3115 911 3186 Ἰωσὴφ
943 3114 1248 3185 εἰληφέναι.
1283 3115 1388 3168 Τὸν
1436 3114 1494 3168 δὲ
1540 3114 1749 3167 Ἰούδαν
1791 3116 1872 3177 είς

292 3209 593 3280 ήγεμονίαν
653 3207 1088 3279 προτιμηθῆναι,
1136 3206 1225 3259 διὰ
1279 3206 1380 3278 τὴν
1411 3205 1867 3275 ὑπερϐάλλουσαν

294 3298 461 3355 αὐτοῦ
509 3299 760 3370 δύναμιν.
796 3299 1057 3352 Μάλιστα
1078 3299 1159 3362 δὲ,
1194 3298 1284 3352 διὰ
1310 3297 1400 3351 τδν
1436 3295 1496 3362 ἐξ
1536 3296 1705 3351 αὐτοῦ
1732 3297 1877 3351 κατὰ

294 3393 474 3464 σάρκα
529 3390 1173 3461 βλαστήσανταΚύριον.
1231 3389 1407 3443 Τοῦτο
1439 3390 1549 3459 γάρ
1603 3390 1757 3457 δηλοῖ
1787 3390 1870 3454 τὸ,

289 3486 377 3550 είς
409 3483 749 3552 ἡγούμενον
781 3481 850 3547 ἐξ
880 3481 1090 3536 αὑτοῦ.
1122 3481 1186 3533 Οί
1221 3480 1320 3550 μὲν
1349 3480 1458 3550 γάρ
1490 3480 1660 3544 ἄλλοι,
1704 3479 1874 3549 πρόσ-

293 3590 514 3643 καιροιο
582 3567 739 3633 οὗτος
791 3572 869 3637 δὲ,
908 3571 1071 3639 μόνος
1118 3571 1179 3637 ἐξ
1212 3569 1378 3624 αὐτοῦ
1420 3570 1717 3641 προῆλθεν,
1742 3569 1875 3623 αίώ-

292 3682 406 3727 νιος
431 3663 507 3716 ὢν
543 3663 816 3734 βασιλεύς.
845 3663 1099 3716 Διδάσκει
1137 3662 1195 3716 δὲ
1230 3662 1323 3716 καὶ
1348 3662 1424 3725 ὡς
1453 3663 1509 3715 αἱ
1538 3662 1712 3733 πέραν
1741 3663 1877 3732 Ἰορ-

294 3757 456 3811 δάνου
488 3755 650 3824 φυλαὶ
670 3756 797 3817 τοὺς
830 3754 1164 3823 ἀλλοφύλους
1197 3754 1481 3821 ἐνίκησαν,
1514 3755 1594 3816 είς
1626 3753 1758 3806 Θεδν
1784 3754 1880 3806 καὶ

299 3847 462 3918 μόνον
494 3846 804 3901 ὲλπίσασαι.
836 3845 1152 3914 Γενεαλογεί
1172 3845 1227 3899 δὲ
1260 3846 1355 3899 καὶ
1383 3846 1508 3908 τοὺς
1546 3845 1745 3916 ἱερέας,
1782 3844 1879 3898 καὶ

295 3940 424 3999 τοὺς
454 3938 712 4002 Λευῖτας.
744 3936 856 3991 Καὶ
905 3937 1167 4003 Σαδδοῦκ,
1199 3937 1293 3991 τὸν
1327 3938 1420 3991 ἐπὶ
1466 3937 1562 3990 τοῦ
1592 3936 1756 3990 Δαϐὶδ
1781 3938 1880 4007 ἀρ-

296 4030 743 4105 χιερατεύσαντα,
797 4030 1071 4083 δείκνυσιν
1134 4030 1419 4083 ἑνδέκατον
1458 4029 1566 4083 άπὸ
1613 4028 1864 4100 ’Λαρὼνο

297 4126 394 4179 καὶ
430 4125 522 4178 τὸν
540 4124 779 4177 Σαδδοὺκ
803 4122 1030 4190 ἔκγονον
1081 4121 1340 4194 ’Λζαρίαν
1376 4121 1593 4192 πρῶτον
1626 4120 1879 4193 ίερατεῦ-

1974 3025 2182 3096 passim
2212 3024 2481 3089 celebrat,
2506 3039 2571 3080 ex
2609 3024 2757 3079 tribu
2803 3022 2945 3079 Juda
2980 3021 3154 3080 fuisse
3178 3022 3443 3079 ostendit.
3476 3022 3558 3076 Ad

1976 3117 2093 3173 haec
2127 3116 2345 3184 Ruben,
2382 3132 2449 3174 eo
2487 3124 2632 3187 quod
2673 3116 2851 3187 patris
2880 3117 3091 3173 lectum
3122 3116 3340 3185 incestu
3371 3123 3562 3171 conta-

1976 3209 2267 3274 minasset,
2321 3210 2415 3279 jus
2483 3210 2938 3280 primogenitum
3000 3209 3293 3277 amisisse,
3354 3208 3562 3278 Joseph

1977 3298 2138 3371 547
2171 3315 2300 3354 vero
2331 3299 2507 3371 ipsius
2532 3299 2655 3354 loco
2687 3297 3259 3371 accepisse’docetur.
3303 3296 3435 3352 item
3473 3294 3566 3350 Ju.

1977 3391 2061 3446 dae
2115 3392 2385 3447 honorem
2470 3391 2845 3463 principatus,
2911 3400 3137 3463 propter
3196 3390 3562 3447 excellentem

1979 3497 2135 3536 suam
2181 3483 2441 3537 virtutem
2487 3483 2737 3537 habitum
2785 3498 2954 3551 esse,.
2977 3482 3217 3538 maxime
3262 3496 3393 3538 vero
3438 3494 3569 3552 pro—

1979 3582 2103 3644 pter
2139 3573 2516 3641 Servatorem,
2547 3574 2644 3643 qui
2669 3590 2735 3628 ex
2763 3589 2829 3629 eo
2863 3574 3174 3629 secundum
3212 3586 3434 3628 carnem
3465 3572 3566 3627 de-

1980 3664 2221 3719 scendit.
2280 3662 2336 3719 id
2384 3664 2472 3720 his
2518 3665 2704 3720 verbis
2780 3665 3118 3729 declaratur,
3168 3665 3234 3718 in
3280 3662 3466 3718 ducem
3503 3679 3569 3719 ea;

1979 3758 2114 3825 ipso.
2172 3755 2381 3827 Reliqui
2426 3758 2575 3812 enim
2629 3756 2952 3827 temporarii
2981 3755 3241 3823 fuerunt;
3294 3755 3388 3810 hic
3434 3770 3568 3810 vero

1980 3866 2047 3906 ex
2105 3850 2230 3922 ipso
2282 3848 2593 3913 descendit,
2638 3850 2733 3920 qui
2785 3848 2939 3906 solus
2970 3848 3299 3905 saeculorum
3338 3863 3434 3903 rex
3460 3857 3566 3903 est.

1983 3942 2151 3999 Docet
2178 3942 2367 4006 etiam,
2402 3941 2684 4012 quomodo
2708 3941 2909 4015 tribus,
2942 3956 3067 4011 qua:
3099 3940 3243 3994 ultra
3266 3937 3565 3995 Jordanetn

1983 4045 2133 4098 sunt.
2166 4038 2220 4091 in
2274 4036 2393 4092 solo
2433 4037 2545 4090 Deo
2590 4034 2707 4104 spei
2738 4034 2997 4104 praesidio
3050 4034 3254 4103 posito,
3300 4032 3566 4103 alienige-

1982 4143 2083 4183 nas
2109 4126 2369 4182 vicerint.
2432 4123 2757 4195 Catalogum
2813 4131 3068 4179 recenset
3113 4121 3334 4194 generis
3383 4136 3570 4177 sacer-

300 4233 410 4277 σαι,
452 4214 589 4283 μετὰ
614 4214 713 4285 τὴν
746 4214 852 4267 ὑπὸ
865 4213 1212 4285 Σολομῶντος
1229 4215 1577 4284 κατασκευὴν
1604 4213 1698 4267 τοῦ
1723 4214 1874 4270 ναοῦ.

1985 4220 2176 4274 dctum
2231 4226 2285 4272 et
2342 4214 2686 4271 Levitarum.
2758 4212 3083 4279 Sadoeum,
3144 4211 3240 4282 qui
3303 4220 3569 4281 regnante

311 4305 402 4369 Ἐξ
426 4300 501 4359 ὧν
521 4301 589 4376 ἦν
634 4304 904 4370 Ἰωσεδὲκ,
931 4307 959 4359 ὁ
990 4304 1126 4374 μετὰ
1161 4306 1259 4376 τὴν
1283 4305 1485 4359 ἅλωσιν
1505 4305 1774 4376 ἀπαχθεὶς
1802 4308 1882 4370 είς

297 4395 611 4451 Βαϐυλῶνα.
630 4388 817 4467 Οῦπερ
837 4392 904 4467 ἦν
939 4397 1056 4460 υἱὸς
1099 4396 1329 4468 Ἰησοῦς,
1351 4399 1379 4450 6
1410 4398 1589 4468 ἱερεὺς
1616 4399 1643 4451 6
1685 4398 1883 4468 μέγας,

300 4494 328 4542 6
356 4489 483 4551 τοὺς
508 4485 887 4557 αἰχμαλώτους
948 4490 1048 4543 σὺν
1098 4489 1176 4560 τῷ
1228 4488 1539 4561 Ζοροϐάϐελ
1566 4489 1882 4558 ἀναγαγών.

312 4579 596 4634 Ἐντεῦθεν
655 4578 1022 4649 μανθάνομεν,
1056 4580 1131 4643 ὡς
1179 4580 1207 4632 ὁ
1258 4579 1573 4643 ἐπαναστὰς
1632 4579 1776 4650 Κορὲ
1809 4579 1884 4651 τῷ

301 4672 529 4727 Μωῦσεῖ
557 4668 883 4739 ἀνεψιαδοῦς
928 4670 1176 4740 ὑπῆρχεν
1218 4670 1388 4741 αὐτῷ,
1432 4669 1529 4725 τοῦ
1576 4670 1762 4742 Ἰσαὰρ
1790 4670 1885 4725 ἐκ·

300 4779 480 4831 γονος,
535 4760 656 4815 υίοῦ
714 4760 815 4831 μὲν
873 4760 1053 4824 Καὰθ,
1118 4762 1347 4832 ἀδελφοῦ
1390 4763 1448 4816 δὲ
1482 4764 1730 4835 ’Λμρὰμ,
1787 4764 1885 4818 τοῦ

302 4853 583 4915 Μωῦσέιος
616 4851 861 4921 πατρόςο
891 4851 983 4908 καὶ
1012 4851 1088 4914 ὡς
1130 4853 1179 4906 οί
1204 4853 1398 4907 τούτου
1438 4856 1630 4918 παῖδες
1663 4855 1763 4925 τῆς
1789 4853 1884 4908 τοῦ

304 4943 509 5015 πατρὸς
545 4945 609 4998 οὐ
654 4942 1028 5013 μετεσχήκασι
1065 4943 1244 5013 δίκης.
1292 4945 1549 5016 Σαμουὴλ
1579 4945 1711 5013 γοῦν
1735 4947 1762 4999 6
1792 4947 1888 5016 μέ-

301 5056 405 5107 γας
430 5038 491 5103 ἐξ
515 5037 680 5091 αὐτοῦ
706 5037 938 5107 κατάγει
963 5038 1024 5091 τὸ
1048 5040 1227 5106 γένος,
1245 5042 1341 5094 καὶ
1366 5041 1589 5111 Λίμὰνὸ
1605 5040 1885 5113 ψαλτῳδὸς

304 5129 529 5195 ἔκγονος
576 5122 645 5197 ἦν
697 5127 976 5198 Σαμουὴλ.
1030 5128 1159 5191 Υἱὸς
1206 5129 1316 5200 γὰρ
1347 5125 1416 5202 ἦν
1460 5130 1614 5202 Ἰωήλ
1635 5130 1729 5185 τοῦ
1768 5132 1884 5187 υίοῦ

303 5218 579 5291 Σαμουήλ.
630 5219 803 5287 ’Δζὰφ
865 5219 922 5272 δὲ
981 5223 1009 5274 6
1061 5220 1340 5292 ψαλτῳδὸς
1366 5225 1433 5276 ὲκ
1469 5221 1563 5276 τοῦ
1599 5222 1826 5293 Γεδσὼμ
1856 5225 1883 5265 ιι

304 5311 511 5379 κατῆγε
572 5310 633 5364 τὸ
688 5310 865 5378 γένος,
896 5311 1012 5364 υἱοῦ
1066 5312 1217 5376 Λευῖ,
1254 5313 1487 5383 ἀδελφοῦ
1541 5315 1719 5369 Καάθ.
1776 5316 1885 5369 Καὶ

316 5401 495 5471 Ἐθὰμ
540 5401 637 5465 δὲ,
667 5401 777 5455 τῶν
833 5403 1070 5474 ᾀδόντων
1100 5399 1201 5465 εἷς.
1266 5407 1331 5458 ὲκ
1380 5405 1476 5459 τοῦ
1510 5407 1750 5477 Μεραρὶ,
1787 5407 1883 5461 τοῦ

306 5491 458 5555 Λευτ,
502 5490 712 5561 κατῆγε
745 5491 807 5545 τὸ
853 5492 1031 5561 γένος.
1072 5494 1238 5563 Λέγει
1301 5494 1357 5549 δὲ
1400 5499 1493 5551 καὶ
1543 5498 1756 5568 ἱερέων,
1790 5500 1883 5553 καὶ

1989 4307 2192 4363 Davide
2224 4322 2497 4363 summum
2529 4304 2923 4374 pontificatum.
2946 4303 3146 4375 gessit,
3180 4300 3425 4357 ostendit
3462 4316 3567 4356 un-

1988 4401 2259 4455 decimum
2318 4399 2387 4454 ab
2433 4398 2652 4451 Aarone
2701 4394 2897 4462 fuisse,
2945 4403 3001 4450 et
3058 4390 3260 4448 Sadoci
3311 4400 3568 4461 nepotem

1984 4493 2237 4547 Azariam
2322 4491 2561 4561 primum
2610 4472 2941 4541 “sacerdotis
3024 4497 3229 4552 munus
3300 4481 3569 4544 obivisse,

1986 4588 2274 4652 postquam
2309 4578 2572 4649 templum
2591 4592 2622 4631 a
2647 4575 2941 4631 Salomone
2965 4574 3163 4630 fuisset
3187 4579 3528 4628 exstructum
3552 4587 3567 4635 ;

1984 4689 2054 4730 ex
2101 4673 2303 4744 quibus
2355 4673 2523 4727 etiam
2576 4667 2817 4725 Josedck
2870 4676 3014 4735 erat,
3050 4667 3145 4738 qni
3198 4672 3359 4735 capta
3408 4664 3569 4728 urbe,

1984 4762 2316 4835 Babylonem
2368 4760 2643 4815 abductus
2684 4765 2791 4815 est.
2844 4756 3022 4827 Hujus
3061 4756 3211 4811 ﬁlius
3245 4751 3353 4808 fuit
3384 4750 3568 4816 Jesus,

1986 4868 2237 4911 summus
2268 4852 2540 4923 pontifex,
2574 4850 2669 4921 qui
2724 4848 2973 4919 captivos
3001 4861 3109 4900 una
3156 4860 3281 4901 cum
3322 4842 3567 4899 Zoroba-

1984 4946 2108 5001 bele
2150 4943 2390 4999 reduxit.
2445 4940 2588 4995 Hinc
2643 4938 2982 5009 colligimus,
3036 4934 3368 4992 seditiosum
3426 4932 3571 4988 Core

1989 5036 2292 5108 patruelem
2323 5033 2529 5105 Moysis
2576 5031 2774 5094 fuisse,
2805 5030 2976 5107 tilium
3016 5028 3211 5095 lsaari,
3246 5027 3341 5082 ﬁlii
3372 5025 3567 5089 Caath,

1988 5129 2178 5185 fratris
2241 5140 2375 5181 vero
2426 5126 2674 5187 Amram,
2723 5121 2897 5192 patris
2946 5119 3174 5191 Moysis.
3233 5116 3368 5173 Item
3430 5117 3571 5170 ﬁlios

1987 5220 2165 5291 ipsius
2195 5226 2439 5289 paternae
2480 5228 2657 5286 paena:
2708 5227 2820 5267 non
2867 5210 3042 5266 fuisse
3074 5212 3397 5281 participes.
3458 5206 3571 5261 Ma-

1985 5328 2127 5385 gnus
2164 5312 2309 5368 enim
2340 5311 2431 5364 illc
2454 5313 2720 5379 propheta
2762 5305 2986 5360 Samuel
3019 5304 3088 5359 ab
3129 5303 3233 5358 hoc
3265 5317 3440 5373 genus
3470 5299 3569 5353 du-

1986 5410 2083 5469 cit,
2117 5415 2171 5461 et
2205 5403 2434 5459 Hennam
2483 5401 2685 5472 psaltes
2715 5415 2888 5471 nepos
2938 5398 3039 5453 fuit
3081 5396 3376 5460 Samuelis,
3413 5392 3556 5472 tjlius

1984 5497 2178 5559 Joelis.
2213 5496 2307 5550 ﬁlii
2355 5492 2650 5548 Samuelis.
2697 5491 2878 5561 Asaph
2924 5503 3056 5546 vero
3103 5497 3295 5543 cantor
3319 5499 3384 5539 ex
3425 5481 3568 5537 Ger-

306 5583 569 5650 Λευῖτῶν,
592 5583 655 5636 τὸ
682 5583 958 5655 διάφορον.
1013 5587 1180 5655 Λέγει
1233 5588 1290 5641 δὲ
1341 5590 1436 5642 καὶ
1472 5590 1568 5659 τῆς
1594 5592 1874 5661 αἰχμαλω-

1994 5608 2091 5647 son
2140 5590 2271 5645 ﬁilio
2320 5588 2469 5655 Levi,
2521 5587 2689 5643 fratre
2730 5583 2924 5652 Caath,
2953 5596 3128 5654 genus
3164 5576 3340 5635 duxit.
3373 5573 3567 5629 Etham

1597 5703 1837 5758 VARIAS
1879 5700 2279 5761 LECTIONES.

384 5785 408 5825 ιι
449 5786 693 5859 Γεδσώμ.
735 5788 987 5845 Lavateri
1034 5790 1215 5847 Codex
1258 5790 1473 5858 habuit,
1510 5792 1763 5866 Γερσώμ.
