3964 6194
237 295 364 360 1209
456 354 468 365 .

247 405 2290 448 ..._.___._____..__________________

965 353 999 366 -
1164 307 1699 374 COMMENTARII
1731 305 1821 376 ΙΝ
1853 319 2000 380 LIB.
2034 319 2096 381 II
2136 324 2484 392 PARALIP.

3345 336 3480 405 1210

2296 438 2332 450 ρ...

2340 436 3444 468 ..—____________

229 567 468 680 ΕΙΣ
505 568 823 730 ΤΗΝ
880 568 1647 690 ΔΕΥΤΕΡΑΝ
1685 579 1988 696 ΤΩΝ
2027 583 3482 715 ΠΑΡΑΛΕΙΠΟΜΕΝΩΝ

293 983 458 1108 IN
505 979 1352 1188 SECUNDUM
1397 982 2014 1117 LIBRUM
2056 900 3392 1132 PABALIPOMENON
3501 1179 3507 1188 ν

1327 1199 1666 1282 Hartmanno
1703 1225 2070 1302 Hambergero
2094 1231 2403 1307 interprete.

827 1537 1080 1593 ΚΕΦΑΛ.
1127 1540 1204 1592 B'.

299 1621 408 1677 Καὶ
445 1624 537 1690 τίς
571 1625 768 1696 ἰσχύει
795 1629 1190 1698 οἰκοδομῆσαι
1217 1629 1378 1696 αὑτῷ
1407 1621 1806 1704 οἷκονξΔηλοῐ

227 1711 305 1782 τῷ
342 1713 532 1783 Χιρὰμ
568 1715 670 1786 τὴν
691 1716 900 1770 οἰκείαν
924 1716 1275 1778 θεογνωσίαν.
1307 1720 1404 1784 Τίς
1443 1720 1572 1792 γὰρ,
1611 1723 1800 1793 φησὶν,

229 1801 376 1866 ἄξιον
409 1800 560 1859 οἶκον
599 1807 855 1878 ἀνεγερεῖ
889 1809 965 1878 τῷ
995 1809 1136 1878 Θεῷ,
1163 1811 1223 1865 ὃν
1263 1812 1364 1865 οὐκ
1400 1813 1514 1882 ἔχει
1546 1815 1746 1884 χωρεῖν
1776 1815 1805 1868 δ

227 1891 457 1962 οὐρανὸς
515 1896 544 1948 ὁ
579 1896 915 1969 ὑπέρτερος
987 1901 1135 1972 Πλὴν
1181 1904 1324 1956 κατὰ
1376 1903 1608 1974 δύναμιν
1655 1905 1806 1976 αὐτῷ

228 1985 493 2053 προσάγω
529 1987 718 2055 σέϐας,
762 1992 858 2044 κα)⁵
909 1993 1099 2062 τιμήν.
1131 1995 1296 2048 Ὅσον
1332 1995 1389 2049 δὲ
1423 1995 1531 2050 τῶν
1563 1997 1806 2050 εὐσεϐῶν

229 2072 472 2144 ὀνίνησιν
505 2077 538 2146 ή
569 2078 743 2143 φιλία,
771 2079 1076 2150 δεδήλωκεν
1107 2083 1136 2134 ὁ
1158 2084 1371 2154 Χιρὰμ,
1412 2085 1614 2154 λέγων’
1657 2106 1676 2139 ι
1703 2087 1808 2140 Εὐ-

229 2161 456 2233 λογητὸς
499 2167 727 2240 Κύριος,
780 2171 808 2224 ὁ
857 2170 992 2233 Θεὸς
1022 2171 1280 2244 Ἰσραὴλ,
1328 2174 1386 2237 ὃς
1432 2177 1661 2244 ἐποίησε
1714 2177 1807 2230 τὸν

227 2255 494 2324 οὐρανὸν,
561 2259 655 2312 καὶ
725 2261 826 2330 τὴν
881 2263 986 2332 γῆν
1021 2279 1036 2294 ⁶
1086 2284 1106 2316 ι
1159 2265 1238 2328 ὡς
1295 2265 1358 2337 δὴ
1413 2269 1686 2338 προγνοὺς
1743 2271 1808 2322 ὲκ

229 2345 412 2410 Δασιδ,
451 2347 528 2412 ὡς
557 2351 586 2402 ὀ
619 2350 751 2413 Θεὸς
784 2351 1004 2424 Ἰσραήλ
1047 2357 1164 2408 ἐστι
1202 2357 1432 2426 ποιητὴς
1471 2358 1704 2428 οὐρανοῦ
1745 2375 1806 2412 τε

230 2438 326 2492 καὶ
359 2440 482 2508 γῆς.
519 2443 578 2493 '0
609 2443 666 2495 δὲ
703 2443 812 2497 τῶν
849 2445 1066 2516 μέτρων
1106 2447 1343 2518 ἀριθμὸς
1380 2447 1474 2501 τοῦ
1507 2450 1636 2502 ναοῦ
1678 2451 1808 2504 δια-

231 2529 440 2600 φωνίαν
467 2532 568 2586 οὐκ
607 2532 721 2604 ἔχει
760 2537 901 2606 πρὸς
943 2537 1035 2590 τὸν
1070 2539 1128 2591 ὲν
1167 2542 1285 2602 ταῖς
1328 2541 1638 2604 Βασιλειαις
1661 2559 1677 2573 ο
1711 2543 1808 2598 ἐάν

228 2637 314 2684 τις
345 2623 459 2685 τοῖς
523 2624 624 2693 μὲν
668 2626 1086 2695 τεσσαράκοντα
1137 2630 1370 2700 πήχεσιν
1425 2631 1518 2683 τοῦ
1571 2633 1803 2702 μήκους,

230 2714 440 2784 προσθῇ
467 2717 594 2778 τοὺς
641 2717 814 2770 εἴκοσι
849 2718 943 2772 τοῦ
976 2719 1177 2790 Δαϐείρ
1197 2734 1223 2748 “
1244 2723 1356 2784 τοῖς
1412 2721 1469 2776 δὲ
1499 2723 1662 2776 πέντε
1711 2725 1807 2778 καὶ

1829 1541 1880 1599 Δ

2464 1548 2629 1623 51.9
2679 1552 2828 1608 CAP.
2864 1554 2925 1608 ιι.

1981 1637 2142 1696 Vens.
2167 1639 2220 1706 6,
2245 1641 2378 1708 Quis
2407 1658 2525 1698 vero
2561 1655 2712 1698 tanta
2745 1634 3006 1714 praeditus.
3042 1647 3270 1710 virtute,
3309 1658 3366 1700 ut
3401 1645 3488 1702 illi

1885 1721 2124 1784 'domum
2155 1733 2410 1802 azdiﬁcet?
2430 1733 2596 1790 Suam
2633 1738 2698 1792 de
2731 1739 2838 1792 Deo
2880 1739 3133 1792 natitiam
3167 1737 3270 1808 ipsi
3298 1737 3484 1792 Hiram

1908 1818 2198 1890 patefacit.
2259 1821 2396 1886 Quis
2446 1825 2615 1889 enim,
2669 1825 2866 1895 inquit,
2924 1826 3254 1896 condignam
3313 1825 3485 1882 aedem

1905 1919 2218 1967 exstrueret
2240 1911 2370 1976 Deo,
2401 1929 2562 1984 quem
2593 1923 2876 1971 extremus
2928 1917 3052 1972 (εωιὶ
3077 1917 3348 1972 circuitus
3376 1929 3484 1970 non

1907 2009 2087 2068 potest
2113 2003 2628 2071 comprehendere?
2663 2007 3058 2063 Verumtamen
3085 2022 3184 2078 pro
3199 2022 3318 2062 mea
3340 2006 3485 2062 virili

1909 2092 2268 2147 reverentiam
2297 2102 2353 2149 et
2385 2094 2652 2150 honorem
2705 2096 2786 2150 illi
2835 2096 3054 2151 deferre
3091 2113 3282 2152 conor.
3315 2096 3488 2152 Cate-

1909 2195 2030 2234 rum
2049 2187 2322 2250 quantum
2360 2183 2620 2238 utilitatis
2649 2200 2712 2238 ex
2761 2185 2975 2254 piorum
3019 2185 3304 2238 hominum
3349 2199 3486 2238 con-

1911 2271 2207 2325 suetudine
2268 2271 2479 2338 redeat,
2544 2273 2760 2326 clarum
2799 2273 2886 2326 his
2944 2271 3126 2326 verbis
3171 2271 3325 2336 fecit,
3358 2287 3484 2326 cum

1911 2363 2118 2432 inquit:
2159 2363 2562 2420 «Benedictus
2628 2363 2896 2419 Dominus
2951 2365 3095 2418 Deus
3152 2362 3342 2428 Israel,
3393 2363 3484 2431 qui

1910 2453 2040 2508 fecit
2072 2454 2274 2507 cmlum
2319 2463 2376 2508 et
2409 2451 2712 2508 terram'h
2729 2451 2884 2508 Unde
2916 2454 3062 2510 enim
3087 2453 3216 2507 huic
3251 2452 3370 2508 hac
3391 2453 3485 2508 Dei

1908 2544 2129 2604 notitia,
2173 2543 2283 2599 nisi
2330 2543 2478 2614 quod
2514 2544 2633 2614 ipso
2685 2543 2892 2599 Davide
2933 2561 3068 2601 usus
3097 2555 3180 2600 est
3202 2541 3486 2598 familiari-

1911 2639 2037 2692 ter?
2073 2637 2249 2692 Porro
2307 2653 2576 2692 numerus
2637 2652 2700 2692 ac
2745 2637 3034 2708 proportio
3079 2637 3486 2693 dimensionum

1910 2729 2096 2797 templi
2153 2729 2320 2796 hujus
2359 2727 2501 2782 nihil
2562 2728 2838 2798 discrepat
2898 2727 2966 2783 ab
2989 2727 3132 2798 ejus,
3182 2729 3250 2783 de
3284 2742 3397 2798 quo
3429 2726 3486 2780 in

229 2801 404 2856 εἴκοσι
453 2803 658 2875 ὕψους,
705 2805 814 2861 τῶν
847 2807 1167 2880 διωρόφων,
1220 2813 1317 2866 καὶ
1367 2814 1694 2886 τριωρόφων
1736 2815 1805 2870 τὰ

1922 2815 2118 2887 Regum
2174 2818 2335 2872 libris
2367 2817 2648 2872 memorias
2680 2818 2959 2887 proditum
2981 2826 3103 2882 est;
3137 2817 3182 2873 si
3203 2817 3329 2886 quis
3353 2831 3489 2885 qua:

233 2893 429 2965 μέτρα.

311 3157 417 3215 Ἐκ
452 3160 688 3230 πόλεως
727 3163 924 3218 Ἀαὸίδ.
969 3165 1079 3236 Τὴν
1124 3167 1262 3221 Σιὼν
1301 3167 1444 3224 οὕτω
1499 3171 1678 3238 καλεῖ,
1739 3171 1808 3242 ἣν

229 3247 513 3320 ὠχύρωσε,
547 3252 790 3322 τειχίσας
815 3255 874 3308 ὲν
907 3256 1044 3328 αὐτῇ
1072 3256 1140 3310 τὰ
1171 3257 1434 3327 βασίλεια.

299 3341 406 3396 Ἕν
437 3343 512 3411 τῇ
558 3345 757 3414 ἑορτῇ.
791 3347 966 3415 Δῆλον
1008 3349 1092 3400 ὅτι
1125 3349 1236 3403 τῶν
1287 3351 1700 3423 σκηνοπηγιῶν.
1745 3351 1805 3406 Ὅ

231 3428 339 3499 μὴν
367 3431 496 3502 γὰρ,
533 3433 724 3502 φησὶν,
760 3433 1012 3504 ἒδδομος.
1114 3485 1137 3502 ,

828 3529 1079 3584 ΚΕΦΔΛ.
1136 3531 1212 3584 Γ¹.

298 3612 532 3681 Δαόείρ.
588 3613 664 3667 To
715 3615 908 3670 ἄδυτον
957 3620 1054 3672 καὶ
1112 3619 1390 3690 ἄψαυστον
1435 3619 1580 3677 οὕτω
1623 3625 1802 3692 καλεῖ,

127 3739 130 3747 .
229 3698 368 3771 ὅπερ
409 3701 579 3771 ’Δγια
633 3703 806 3773 ἁγίων
861 3705 982 3772 ἔθος
1037 3709 1326 3780 ὀνομάζειν
1376 3714 1444 3784 τῇ
1498 3713 1618 3786 θείᾳ
1659 3714 1804 3787 Γρα-

233 3793 331 3863 ς»ῇέ

831 3890 1080 3946 ΚΕΦΑΛ.
1123 3895 1196 3948 Ζ’.

305 3976 493 4049 ᾭδῶν
533 3980 786 4050 Κυρίου,
834 3975 922 4036 ὧν
969 3983 1260 4052 ἐποίησεν
1301 3989 1335 4041 ὀ
1383 3991 1581 4046 Δαϐίδ.
1638 3993 1804 4047 Πάλιν

233 4069 494 4137 ἐδίδαξεν,
533 4071 609 4137 ὡς
645 4072 810 4126 Δασίδ
864 4075 1003 4128 εἰσιν
1027 4078 1077 4129 οἱ
1133 4078 1378 4149 Ψαλμοι.
1433 4082 1690 4138 Εὑσεὸῶν
1745 4085 1803 4139 δὲ

233 4161 515 4232 Σαλομὼν,
550 4163 652 4216 οὐκ
681 4164 892 4234 ἀφῆκεν
916 4167 1088 4219 οἰκεῖν
1118 4169 1176 4220 ὲν
1207 4167 1342 4237 οἴκῳ
1385 4171 1547 4226 Δασὶδ
1574 4175 1676 4246 τὴν
1709 4175 1805 4228 Θυ-

231 4253 442 4323 γατὲρα
479 4253 574 4306 τοῦ
613 4255 831 4325 Φαραώ.
883 4256 1036 4326 Ἅγια
1092 4259 1222 4330 γὰρ,
1262 4253 1417 4326 οὗτός
1466 4264 1622 4336 φἠὤ,
1667 4267 1804 4322 Θεοῦ

231 4342 482 4412 εἰσῆλθεν
525 4347 641 4398 ἐκεῖ
677 4349 709 4415 ή
758 4347 990 4412 κιόωτὸς
1015 4351 1247 4420 Κυρίου.
1310 4353 1393 4406 Τὰ
1440 4356 1497 4410 δὲ
1540 4357 1800 4429 ἀγώγιμα

235 4433 368 4501 ξύλα
399 4435 628 4488 πεύκινα
661 4437 926 4506 κέκληκεν
958 4441 992 4492 ἁ
1033 4440 1358 4510 ἰώσηππος,
1401 4446 1545 4518 ειπερ
1591 4452 1647 4502 ἐν
1697 4451 1805 4503 Βα-

238 4524 471 4588 σιλειαις
506 4527 960 4598 ὑποστηρίγματα
989 4533 1084 4584 τοῦ
1138 4534 1291 4588 οἴκου
1346 4537 1553 4606 Κυρίου
1613 4543 1801 4609 φησιν,

232 4617 329 4672 καὶ
355 4616 450 4669 τοῦ
494 4616 647 4671 οἴκου
674 4619 772 4680 ,τοῦ
810 4619 1102 4687 Βασιλέως.
1141 4627 1252 4678 Καὶ
1283 4627 1341 4680 ὃν
1371 4628 1657 4702 ἄνθρωπον
1689 4636 1808 4686 ἐκεῖ

231 4724 368 4778 φησι
395 4707 490 4760 τοῦ
549 4707 686 4762 θεοῦ
741 4709 1020 4780 βρωθέντα
1053 4714 1157 4768 ὑπὸ
1210 4717 1305 4771 τοῦ
1358 4719 1606 4788 λέοντος,
1650 4722 1806 4796 Ἰωήλ

235 4798 496 4856 ἐνταῦθα.

852 4897 1106 4952 ΚΕΦᾹΛ.
1147 4901 1203 4953 I'.
1643 4959 1646 4962 .

308 4983 419 5040 Kal
453 4986 566 5040 οὐκ
591 4983 862 5053 ἤκουσεν
889 4987 1243 5056 ὀβασιλεὺς
1270 4993 1377 5047 τοῦ
1405 4995 1581 5060 λαοῦ,
1613 4995 1700 5050 ὅτι
1731 4993 1808 5067 ἦν

228 5077 619 5146 μεταστροφὴ
653 5078 772 5132 ἀπὸ
799 5079 905 5133 τοῦ
929 5079 1096 5134 Θεοῦ.
1131 5073 1231 5136 Ὧν
1265 5084 1374 5156 γὰρ
1401 5087 1626 5155 κήδεται
1654 5089 1806 5154 Θεὸς,

234 5169 459 5230 τούτους
486 5168 557 5223 τὰ
592 5170 844 5239 πρακτέα
881 5171 1115 5238 σοφίζει.
1151 5174 1355 5230 Τούτου
1394 5177 1450 5230 δέ
1493 5196 1576 5242 τις
1618 5197 1812 5252 στερη-

239 5258 452 5328 ρηϐεὶς,
491 5258 566 5322 ὡς
627 5259 837 5330 ἔτυχεν,
888 5262 1136 5333 φέρεται.
1211 5267 1398 5332 Ἔδοξε
1459 5270 1516 5323 δὲ
1569 5271 1644 5340 τῷ
1691 5273 1810 5344 Θεῷ

235 5351 435 5403 διελεῖν
460 5349 559 5418 τὴν
613 5350 910 5421 βασιλείαν,
950 5353 1067 5406 ἀνθ’
1116 5348 1190 5409 ὧν
1242 5359 1496 5426 Σολομὼν
1529 5363 1812 5433 ἐπλημμέ-

236 5440 392 5510 λησε.
430 5439 537 5492 Τοῦ
569 5440 626 5493 δὲ
669 5440 804 5494 Θεοῦ
835 5443 926 5496 τὸν
967 5444 1093 5496 λαὸν
1140 5446 1458 5517 ἀποστήσας
1507 5449 1806 5524 Ἰεροϐοὰμ,

240 5529 336 5584 καὶ
365 5533 486 5592 τοῦς
514 5534 677 5602 ἱερεῖς
701 5533 888 5600 αὑτοῦ,
917 5535 1008 5588 καὶ
1036 5535 1288 5603 Λευΐτας,
1315 5539 1614 5612 ἀπήλασεν,
1645 5547 1809 5611 ὶδέους

279 5704 328 5738 ³⁸
357 5703 506 5762 Psal.
524 5720 682 5778 την,
704 5707 758 5766 6.

1835 2882 1879 2938 Β
1909 2882 2160 2978 dragiuta
2220 2909 2439 2976 quidem
2497 2882 2702 2964 cubitis
2732 2909 3120 2978 longitudinis,
3165 2882 3488 2977 viginti—cu-

1910 2998 2054 3053 bitos
2077 2997 2267 3052 Sancti
2326 3007 2644 3054 sanctorum
2693 2997 2893 3061 addat;
2929 2997 3124 3068 viginti
3163 3011 3294 3052 vero
3327 2997 3488 3066 quiu-

1907 3093 2014 3159 que
2041 3087 2348 3142 altitudinis
2386 3087 2592 3142 cubitis
2621 3101 2914 3143 mensuras
2938 3086 3314 3157 fastigiorum,

1972 3181 2298 3240 Ex,cit~itate
2320 3179 2518 3236 David.
2541 3179 2673 3234 Sion
2706 3179 2910 3246 innuit,
2937 3194 3102 3250 quam
3135 3179 3485 3234 munitiorem

1906 3271 2064 3332 fecit,
2101 3280 2154 3326 et
2187 3272 2336 3339 regia
2367 3270 2702 3326 nobilitavit.

1973 3363 2042 3418 In
2064 3364 2222 3432 festo.
2253 3363 2523 3418 Nimirum
2579 3361 3099 3431 tabernaculorum;
3131 3360 3182 3416 id
3215 3359 3360 3416 enim
3381 3357 3485 3417 sibi

1909 3458 2026 3513 vult
2057 3459 2262 3513 mensis
2297 3457 2587 3527 septimus.

2563 3545 2720 3600 CAP.
2743 3546 2838 3601 Ill.

1968 3636 2160 3690 Dabir.
2184 3635 2423 3707 Adytum
2457 3636 2561 3690 hoc
2589 3643 2749 3691 vocat
2776 3637 3020 3701 nomine,
3051 3637 3198 3706 quod
3225 3636 3484 3694 Sanctum

1905 3735 2228 3781 sanctorum
2281 3725 2572 3796 Scriptura
2627 3725 2813 3780 divina
2856 3725 3152 3783 consuevit
3186 3726 3481 3798 appellare.

2548 3893 2704 3951 CAP.
2733 3893 2844 3950 VII.

1975 3983 2142 4042 Vens.
2169 3985 2223 4041 6.
2260 3985 2502 4040 Laudum
2537 3985 2754 4040 Domini
2769 4001 2902 4055 quas
2939 3985 3175 4039 carmine
3200 3983 3481 4039 celebrauit

1909 4075 2101 4131 David.
2138 4075 2255 4132 Hoc
2287 4078 2432 4132 aliud
2474 4077 2852 4132 testimonium
2890 4085 2996 4142 est,
3041 4076 3292 4132 Psalmos
3319 4079 3483 4132 David

1909 4169 2110 4222 habere
2131 4174 2436 4222 auctorem.
2455 4167 2726 4220 Caeterum
2750 4163 3037 4228 Solomon,
3053 4166 3272 4235 pietatis
3303 4166 3485 4222 adhuc

1914 4259 2219 4322 studiosus,
2256 4259 2383 4312 (illa:
2405 4257 2713 4312 Pharaonis
2767 4257 2977 4312 nullum
3014 4257 3194 4311 locum
3239 4257 3292 4310 in
3320 4257 3486 4312 domo

1915 4347 2140 4403 Davidis
2167 4348 2426 4418 reliquit;
2479 4355 2842 4404 sacrosancta
2888 4347 3063 4410 enim,
3131 4345 3330 4415 inquit,
3391 4345 3484 4400 Dei

1915 4457 2044 4496 arca
2075 4441 2129 4494 in
2161 4457 2280 4496 eam
2307 4448 2392 4496 est
2417 4441 2689 4511 ingressa.
2715 4439 2887 4494 Porro
2909 4439 3080 4509 ligna,
3109 4453 3232 4508 qua:
3257 4437 3484 4492 advecta

1914 4539 2064 4596 sunt,
2089 4531 2320 4601 abiegna
2358 4530 2578 4586 vocavit
2611 4525 2908 4598 Iosephus.
2946 4543 3011 4583 ex
3042 4528 3245 4598 quibus
3262 4527 3486 4598 quidem

1915 4623 2224 4691 pavimenta
2245 4623 2442 4678 domus
2493 4620 2705 4676 Domini
2733 4631 2900 4690 atque
2929 4621 3097 4691 regia:
3141 4619 3285 4675 facta
3319 4627 3482 4684 sunt,

1915 4722 2077 4769 utest
2107 4714 2161 4768 in
2196 4715 2352 4778 libris
2369 4714 2603 4784 Regum.
2633 4713 2888 4782 (Denique
2910 4713 3213 4776 hominem,
3240 4713 3335 4782 qui
3373 4712 3487 4768 illic

1915 4822 1944 4860 a
1980 4805 2136 4860 leone
2164 4803 2463 4861 devoratus
2497 4804 2726 4880 dicitur,
2753 4802 2872 4858 Joel
2907 4803 2995 4856 hic
3018 4810 3201 4857 vocat.

2571 4891 2728 4948 CAP.
2763 4891 2831 4947 Χ.

1983 5007 2148 5062 Vens.
2183 5008 2269 5064 15.
2303 5008 2412 5062 Nec
2438 5007 2646 5061 audivit
2675 5021 2768 5060 rea:
2791 5005 3066 5074 populum,
3093 5006 3345 5075 quoniam
3373 5014 3488 5060 erat

1919 5098 2170 5152 revolutio
2203 5113 2235 5150 a
2293 5096 2419 5151 Deo.
2477 5096 2720 5161 Quorum
2747 5095 2892 5150 enim
2949 5110 3140 5149 curam
3179 5095 3322 5150 Deus
3353 5096 3487 5166 agit,

1918 5187 2139 5244 eosdem
2170 5187 2332 5240 etiam
2393 5186 2461 5241 de
2509 5187 2680 5242 rebus
2707 5185 2962 5257 gerendis
2997 5185 3259 5252 instruit;
3287 5187 3489 5257 quibus

1919 5290 2050 5329 vero
2073 5275 2320 5330 eamdem
2347 5273 2648 5339 subtrahit,
2713 5254 2814 5328 suo
2845 5254 3107 5343 relinquit
3143 5254 3323 5342 genio.
3363 5271 3484 5325 Sta-

1919 5367 2024 5418 tuit
2055 5381 2184 5420 vero
2235 5365 2379 5420 Deus
2434 5378 2661 5434 regnum
2715 5361 2978 5417 dirimere
3035 5368 3261 5432 propter
3292 5359 3489 5414 delicta

1923 5457 2256 5514 Solomonis.
2290 5457 2557 5512 Caeterum
2609 5471 2732 5514 cum
2774 5455 3036 5526 populum
3078 5453 3191 5523 jam
3217 5451 3282 5506 ad
3308 5449 3490 5505 defec-

1923 5549 2125 5605 tionem
2168 5547 2259 5604 Dei
2319 5547 2611 5604 Jcroboam
2661 5545 3094 5607 commovisset,
3161 5541 3488 5596 sacerdota
