3964 6194
239 288 370 355 1217

1187 277 1722 344 COMMENTARII
1765 276 1849 338 IN
1912 272 2058 336 LIB.
2106 271 2169 333 II
2218 272 2566 333 PARALIP.

3363 264 3497 329 12ὶῆ

307 401 413 458 Kal
444 399 852 459 ἀντελάόοντο
898 395 1099 452 αὐτῶν
1145 399 1199 449 οι
1245 393 1496 463 ἀδελφοὶ
1540 388 1741 446 αὐτῶν
1759 391 1813 443 οι

1991 383 2161 439 Vens.
2192 383 2281 437 54.
2320 385 2386 436 At
2421 384 2619 450 fratres
2654 395 2837 434 eorum
2860 379 3058 435 Levitis
3085 395 3232 449 opem
3261 378 3498 433 tulerunt

237 493 475 552 Λευῖται
530 489 714 559 Ολίγοι
741 485 880 561 ἦσαν
903 487 1012 541 τῶν
1032 486 1226 559 ίερέων
1250 486 1427 554 άγνοὶ,
1446 485 1541 537 καὶ
1560 483 1660 536 οὑκ
1689 482 1816 534 άντ-

238 587 382 656 εῖχον
420 580 555 654 πρὸς
588 583 688 652 τὴν
712 580 993 653 ἱερατικὴν
1007 576 1375 648 λειτουργίαν.
1405 574 1566 628 Ὅθεν
1588 573 1636 625 οἱ
1655 568 1815 624 Λευῖ-

236 694 326 728 ται
356 671 830 747 (προηγνίσθησαν
871 670 1007 742 γάρ)
1058 666 1416 722 ἀντελάὸοντο
1468 664 1575 717 τῶν
1631 661 1814 733 ιερῶν.

237 765 408 819 Τοῦτο
428 764 486 818 δὲ
509 765 605 817 καὶ¹
631 763 749 830 νῦν,
783 764 937 832 φασὶ,
968 761 1288 830 γιγνόμενον
1314 757 1463 810 ἔστιν
1493 756 1642 808 ἰδεῖν.
1673 757 1816 826 Πρε-

240 857 502 927 σδυτέρου
527 855 638 926 γάρ
662 855 722 907 οὑ
748 854 1039 924 παρόντος,
1071 851 1166 904 καὶ
1206 849 1305 918 τῆς
1336 849 1527 919 χρείας
1558 863 1819 901 κατεπει-

237 946 460 1017 γούσης,
508 943 880 1013 ἀναγκάζεται
932 941 1024 994 καὶ
1068 941 1317 1003 διάκονος
1356 935 1690 1008 προσφέρειν
1737 935 1819 1006 τῷ

238 1035 478 1106 δεομένῳ
518 1036 578 1087 τὸ
610 1032 918 1106 βάπτισμα.

311 1149 422 1204 Καὶ
442 1146 648 1220 προῖὼν
665 1147 722 1201 δὲ
747 1147 913 1212 λέξει,
938 1145 1075 1210 πῶς,
1100 1143 1297 1198 πολλοῦ
1311 1141 1654 1202 συνελθόντος
1674 1139 1816 1210 πλή-

240 1243 383 1305 θους,
416 1240 564 1294 θύειν
594 1239 1021 1310 ἡναγκάσθησαν
1057 1238 1106 1289 οί
1144 1233 1387 1299 Λευῖται,
1427 1231 1691 1305 μηδαμῶς
1718 1233 1819 1301 ἀρ·

237 1330 479 1384 κούντων
520 1328 629 1382 τῶν
661 1327 874 1398 ίερέων.
925 1325 1025 1378 Διὰ
1071 1324 1128 1379 δὲ
1168 1325 1230 1377 τὸ
1257 1322 1517 1392 ἐξαπίνης
1551 1320 1817 1392 κληθῆναι

233 1423 365 1483 τοὺς
399 1421 458 1488 ἐξ
505 1419 743 1491 Ἰσραὴλ,
772 1419 822 1471 οἱ
858 1417 1079 1480 πλείους
1112 1414 1222 1470 τῶν
1250 1414 1631 1476 συνελθόντων,
1665 1414 1819 1481 ἁγνι-

237 1513 432 1583 σθῆναι
470 1511 545 1581 μὴ
574 1511 880 1580 φθάσαντες
901 1549 917 1576 ,
948 1508 1153 1578 ἔφαγον
1199 1506 1261 1560 τὺ
1307 1506 1522 1577 πάσχα,
1552 1506 1646 1558 καὶ
1683 1519 1818 1571 συγ-

234 1604 462 1674 γνώμης
482 1604 694 1673 έτυχον,
721 1603 812 1657 διὰ
826 1603 926 1677 τὴν
954 1602 1048 1655 τοῦ
1073 1600 1342 1673 βασιλέως
1366 1598 1671 1665 εὑσέὸειαν,
1694 1595 1820 1650 καί·

235 1715 346 1772 περ
380 1696 892 1769 παρανομήσαντες.

824 1831 1078 1885 ΚΕΦΑΔ.
1112 1829 1236 1883 ΛΒ’.

305 1965 468 2020 Μετὰ
504 1963 573 2019 δὲ
600 1963 743 2030 τοὺς
775 1964 1002 2032 λόγους
1056 1963 1306 2028 τούτους
1326 2003 1343 2028 ,
1376 1926 1508 2017 καῖ’
1521 1959 1636 2028 τὴν
1671 1959 1822 2027 ἀλή-

236 2059 405 2111 θειαν
443 2056 699 2123 ταύτην,
743 2051 894 2125 ἦλθε
937 2055 1360 2124 Σενναχερρίμ.
1404 2053 1658 2107 Διδάσκει
1699 2051 1816 2117 νῦν,

234 2146 321 2200 ὅτι
346 2145 440 2199 καὶ
461 2147 587 2210 τοὺς
606 2145 882 2208 θεοσεϐεῖς
902 2145 1102 2217 ἄνδρας
1129 2144 1442 2212 δοκιμάζων
1475 2147 1503 2198 ό
1524 2145 1655 2208 Θεὸς
1677 2163 1818 2215 συμ-

233 2238 430 2306 φοραῖς
457 2238 780 2307 περιπεσεῖν
800 2238 1098 2306 συγχωρεῖ,
1123 2235 1217 2295 καὶ
1241 2235 1446 2289 διαλύει
1466 2235 1535 2289 τὰ
1556 2235 1813 2306 δυσχερῆ’

234 2326 333 2380 καὶ
387 2328 469 2380 ὅτι
498 2327 578 2380 δεῖ
609 2325 729 2397 Θεῷ
778 2326 1119 2397 θαρροῦντας
1160 2327 1234 2398 μὴ
1253 2327 1522 2397 καθῆσθαι
1541 2328 1817 2397 διακενῆς,

239 2418 619 2489 συνεισφέρειν
648 2417 706 2471 δὲ
739 2419 835 2473 καὶ
864 2418 932 2471 τὰ
973 2420 1104 2489 παρ’
1138 2418 1383 2472 ὲαυτῶν.“
1403 2419 1617 2488 ’Ὠσπερ
1668 2420 1819 2482 Ἑζε-

239 2509 364 2573 κίας
418 2510 557 2580 πρὸς
605 2509 699 2563 τὸν
749 2509 987 2580 πόλεμον
1036 2509 1424 2581 ηὑτρεπίσατο,
1456 2511 1550 2564 καὶ⁹
1599 2511 1734 2582 μετὰ
1758 2509 1820 2564 τὸ

240 2602 419 2656 πάντα
452 2602 699 2672 ποιῆσαι,
730 2602 886 2672 φησι,
917 2600 1053 2654 Μετ’
1076 2601 1243 2654 αὑτοῦ
1305 2601 1592 2672 βραχίονες
1624 2602 1819 2671 σάρκι-

241 2713 351 2759 νοι,
382 2695 500 2765 μεθ’
530 2694 691 2765 ἡμῶν
717 2694 796 2761 δὲ,
824 2692 1032 2763 Κύριος
1056 2695 1085 2746 ό
1109 2693 1242 2757 Θεὸς
1268 2695 1425 2763 ήμῶν
1445 2710 1458 2723 ·
1487 2694 1548 2747 τὸ
1605 2693 1819 2763 ἄμαχον

238 2786 454 2851 δεικνὺς
502 2785 597 2838 τοῦ
634 2784 794 2851 Θεοῦ,
827 2786 924 2839 καὶ
967 2787 1077 2839 τῶν
1120 2785 1426 2854 ἀνθρώπων
1451 2785 1511 2838 τὺ
1541 2787 1738 2858 σαθρόν
1758 2805 1818 2841 τε

238 2878 335 2931 καὶ
386 2876 745 2949 πρόσκαιρον.
775 2878 1029 2947 Νικήσας
1057 2878 1136 2939 δὲ,
1174 2877 1268 2930 καὶ
1303 2877 1561 2946 ὑψωθεὶς,
1595 2880 1818 2932 ἐταπει-

240 2969 405 3041 νώθη,
471 2970 614 3025 κατά
663 2970 745 3038 τὸ,
793 2971 849 3024 Ὀ
876 2970 1026 3039 ὑψῶν
1068 2970 1289 3035 ἑαυτὸν,
1323 2970 1816 3041 ταπεινωθήσεται.

244 3062 453 3134 Ὅμως,
492 3062 582 3116 διὰ
633 3066 734 3131 τὴν
773 3062 1089 3126 εὐσέϐειαν,
1125 3062 1402 3132 αὐτόπτης
1457 3063 1556 3115 οὑκ
1604 3062 1822 3130 ἐγένετο
1849 3070 1891 3127 C

242 3154 349 3206 τῶν
378 3152 660 3223 λυπηρῶν,
692 3150 1024 3222 τελευτήσας
1069 3150 1203 3221 πρὶν
1246 3151 1373 3213 τοὺς
1408 3150 1698 3227 πολεμίους
1738 3150 1823 3202 έλ-

243 3244 376 3299 θεῖν.
396 3244 646 3298 Διδάσκει
665 3241 723 3295 δὲ
756 3244 789 3314 ἠ
848 3242 1065 3313 Γραφὴ,
1095 3242 1172 3305 ὡς
1222 3239 1311 3294 διὰ
1336 3240 1427 3293 τὸν
1456 3239 1823 3311 ἁναποδισμὸν

247 3336 343 3389 τοῦ
367 3335 521 3404 ἡλίου
570 3333 863 3388 ἀπέστειλε
917 3333 1054 3403 πρὸς
1084 3332 1245 3385 αὑτὸν
1270 3332 1379 3385 τῶν
1405 3331 1762 3385 Βαὸυλωνίων
1792 3334 1823 3386 ὁ

243 3424 518 3495 βασιλεὺς,
548 3423 643 3478 τοῦ
682 3422 949 3478 πυθέσθαι
988 3423 1121 3493 παρ’
1149 3422 1316 3476 αὑτοῦ
1338 3423 1398 3476 τὸ
1425 3421 1610 3494 τέρας,
1640 3421 1670 3474 ὃ
1696 3422 1821 3490 ὲγέ-

242 3535 365 3571 νετο
401 3517 496 3571 ἐπὶ
525 3518 624 3588 τῆς
654 3517 780 3587 γῆς.

326 3717 510 3784 ’1ηών.
546 3715 650 3770 Τὸν
680 3716 885 3787 Σιλοὰμ
917 3717 1062 3771 οὕτω
1099 3719 1271 3774 καλεῖ.

318 3828 423 3883 Καὶ
483 3829 877 3898 ἐγκατέλιπεν
915 3831 1105 3886 αὐτὸν
1134 3836 1167 3887 d
1208 3834 1424 3901 Κύριος·
1478 3834 1584 3890 τοῦ
1619 3835 1821 3904 πειρά-

245 3935 348 3976 σιιι
402 3921 610 3974 αὐτόν.
666 3920 829 3991 Δηλοῖ
857 3921 883 3972 ό
915 3920 1093 3988 λόγος,
1130 3922 1212 3974 ὅτι
1265 3923 1492 3991 ἄμεινον
1544 3926 1602 3978 ἐν
1629 3926 1819 3997 Κυρίῳ

243 4008 574 4078 καυχᾶσθαι.
607 4011 736 4083 Δέον
758 4010 867 4082 γὰρ
896 4012 1060 4065 αὑτὸν
1091 4013 1217 4083 περὶ
1245 4013 1343 4084 τῆς
1366 4014 1515 4077 θείας
1538 4015 1818 4087 δυνάμεως

241 4102 644 4173 διηγήσασθαι,
677 4104 767 4157 τὸν
794 4104 1026 4158 πλοῦτον
1086 4106 1429 4160 ὑποδεικνύει
1494 4110 1585 4162 τὸν
1646 4111 1817 4180 πρόσ-

244 4206 454 4259 καιρον.
479 4191 551 4244 Τὸ
575 4191 653 4256 δὲ,
712 4192 1001 4262 Πειράσαι
1055 4194 1243 4248 αὐτὸν
1282 4195 1504 4250 ειδέναι
1539 4200 1611 4252 τὰ
1642 4199 1712 4251 ἐν
1743 4199 1817 4269 τῇ

241 4281 451 4348 καρδίᾳ
503 4282 710 4349 αὑτοῦ,
745 4285 865 4337 ἀντὶ
895 4284 1013 4345 τοῦ,
1062 4284 1326 4357 Ἠθὲλησε
1359 4288 1644 4359 γυμνῶσαι
1689 4291 1816 4354 τοὺς

1917 475 2052 529 illis.
2089 472 2418 528 Sacerdotes
2449 472 2740 542 pauciores
2774 479 2934 526 erant
2968 479 3295 536 consecrati,
3332 485 3496 540 quam

1920 573 1980 616 ut
2024 562 2334 616 ministerio
2385 560 2717 615 sacerdotali
2764 558 3019 615 sullicere
3065 567 3312 628 possent.
3343 557 3499 613 Unde

1920 653 2123 708 Levita
2144 694 2162 719 ,
2205 653 2363 722 prius
2399 651 2735 706 sanetilicati
2757 690 2774 716 ,
2806 649 3192 704 sacerdotibus
3219 649 3500 717 suppetias

1917 746 2187 809 tulerunt,
2217 744 2366 813 quod
2397 744 2697 797 etiamnum
2736 741 2854 796 ﬁeri
2881 739 3148 794 videmus.
3183 738 3317 793 Cum
3352 740 3497 794 enim

1918 836 2212 907 presbyter
2232 849 2339 889 non
2364 819 2567 904 praesto
2586 842 2692 896 est,
2707 847 2771 887 ac
2793 848 2928 887 usus
2949 830 3501 902 postulat,diaconus

1920 928 2263 999 baptismum
2290 927 2684 982 administrare
2710 926 2953 997 cogitur.
3122 932 3123 935 ‘

1988 1126 2164 1182 Porro
2197 1140 2364 1188 vero,
2400 1124 2620 1193 inquit',
2673 1138 2799 1179 cum
2836 1123 3097 1195 frequens
3139 1121 3331 1178 concio
3367 1135 3502 1176 con-

1918 1221 2184 1283 venisset,
2213 1217 2412 1272 Levitaa
2434 1215 2754 1271 sacriﬁcare
2779 1218 2955 1270 coacti
2984 1225 3135 1281 sunt,
3165 1230 3292 1269 cum
3319 1213 3501 1280 inopia

1917 1326 2174 1366 verorum
2210 1308 2602 1364 saerilicorum
2637 1315 2804 1362 esset.
2847 1307 3119 1373 Quoniam
3155 1320 3284 1360 vero
3315 1303 3500 1357 multi-

1919 1406 2108 1460 tudine
2164 1402 2473 1458 Israelitica:
2519 1400 2804 1455 concionis
2846 1400 3011 1453 citius
3048 1406 3234 1454 essent
3283 1396 3500 1460 obruti,

1920 1508 2083 1563 quam
2118 1499 2178 1544 ut
2220 1506 2280 1547 se
2323 1489 2390 1544 ad
2426 1503 2584 1543 sacra
2634 1497 2856 1558 possent
2897 1487 3191 1556 accingere
3220 1525 3234 1550 ,
3288 1485 3495 1554 pascha

1920 1582 2213 1639 comedere
2243 1597 2352 1635 non
2384 1588 2511 1634 sunt
2561 1579 2752 1644 veriti,
2803 1593 2868 1631 ac
2900 1576 3085 1631 delicti
3138 1576 3349 1631 veniam
3385 1592 3473 1631 me

1920 1680 2173 1739 ruerunt,
2208 1683 2437 1746 propter
2468 1670 2615 1742 regis
2644 1676 2943 1740 spectatam
2976 1668 3258 1740 pietatem.

2503 1758 2924 1869 csrnxxxu.
3138 1766 3144 1772 ’

1990 1929 2157 1987 Vsus.
2197 1931 2250 1985 ’7.
2288 1931 2421 1985 Post
2472 1930 2569 1983 illa
2605 1938 2756 1999 gesta
2780 1968 2796 1996 ,
2846 1937 2894 1981 et
2942 1925 3102 1997 [idem
3132 1926 3325 1989 illam,
3364 1926 3503 1980 renit

1922 2020 2311 2078 Sennacherib.
2367 2023 2540 2077 Docet
2566 2036 2717 2076 nunc
2781 2034 2944 2090 quam
3000 2020 3169 2074 variis
3201 2019 3358 2074 malis
3395 2018 3506 2073 cir-

1922 2124 2251 2174 cumventos
2282 2128 2418 2169 suos
2444 2114 2686 2167 cultores
2713 2112 2855 2166 Dens
2888 2110 3107 2180 probet,
3132 2125 3197 2164 ac
3237 2111 3497 2180 probatos

1920 2206 2138 2262 demum
2191 2214 2445 2271 asserat;
2498 2205 2630 2258 item
2706 2202 2982 2273 quomodo
3034 2203 3291 2257 omnibus
3338 2203 3504 2258 rebus

1922 2294 2256 2363 posthabitis
2281 2333 2296 2358 ,
2352 2291 2556 2345 ﬁducia
2591 2290 2767 2344 solida
2795 2288 2849 2342 in
2887 2287 2997 2342 Deo
3029 2287 3383 2354 collocanda,
3435 2302 3501 2342 ac

1922 2385 2140 2439 interim
2174 2392 2352 2437 tamen
2385 2396 2577 2436 omnes
2608 2389 2843 2435 conatus
2912 2387 3075 2449 atque
3101 2381 3247 2433 vires
3275 2379 3504 2435 alieren'

1920 2474 2022 2530 dat.
2068 2474 2541 2540 Quemadmodum
2591 2471 2859 2527 Ezechias
2909 2471 3109 2526 bellum
3166 2470 3499 2536 adornavit,

1919 2567 2201 2637 rebusque
2230 2565 2489 2620 omnibus
2534 2564 2637 2619 rite
2663 2564 2851 2628 obitis,
2901 2564 3111 2633 inquit,
3151 2562 3363 2617 Caroea
3396 2563 3503 2618 illis

1921 2664 2125 2719 adsunt
2162 2664 2408 2725 brachia,
2446 2665 2605 2719 nobis
2635 2679 2768 2718 vero
2800 2664 3066 2719 Dominus
3098 2654 3243 2718 Deus
3290 2674 3501 2719 noster.

1920 2754 2136 2821 Quibus
2172 2755 2356 2810 verbis
2401 2755 2653 2820 indicat,
2713 2756 2861 2824 quod
2917 2756 3010 2810 Dei
3063 2759 3211 2812 rires
3254 2756 3504 2812 infracta!

1921 2847 2054 2912 sint,
2105 2846 2390 2900 hominum
2462 2861 2594 2901 vero
2636 2845 2797 2902 ουτω
2860 2862 2923 2902 ac
2977 2848 3282 2903 instabiles.
3334 2847 3506 2903 Porro

1921 2952 2043 2991 cum
2079 2952 2145 2991 ex
2194 2938 2425 2991 victoria
2469 2937 2778 3003 eﬂerretur,
2831 2939 3152 2993 humiliatus
3182 2949 3266 2993 est
3292 2981 3305 3003 ,
3345 2940 3503 3009 juxta

1926 3028 2080 3094 illud,
2105 3029 2207 3095 Qui
2234 3046 2355 3087 sese
2384 3030 2560 3095 cﬂ‘ert,
2596 3032 3002 3085 humiliabitur.
3033 3030 3363 3101 Quanquam
3416 3032 3501 3086 in-

1930 3123 2090 3177 terim
2120 3124 2406 3192 prtemium
2436 3139 2548 3179 suae
2575 3124 2796 3194 pietatis
2831 3125 2964 3179 illud
2994 3126 3137 3190 tulit,
3170 3136 3227 3180 ut
3256 3126 3505 3179 miseria-

1945 3230 2067 3268 rum
2115 3229 2257 3284 quae,
2288 3226 2600 3270 consecutae
2648 3225 2824 3280 sunt,
2879 3232 2986 3270 non
3040 3218 3202 3270 fuerit
3251 3218 3504 3271 oculatus

1925 3305 2266 3374 speculator;
2321 3321 2508 3360 verum
2564 3314 2742 3361 morte
2796 3308 3196 3377 grassationem
3266 3309 3502 3363 hostium

1924 3400 2304 3452 anteverterit.
2339 3396 2551 3453 Iudicat
2576 3413 2705 3452 vero
2734 3395 3045 3467 Scriptura,
3073 3399 3219 3468 quod
3250 3400 3502 3470 diligenti

1922 3489 2055 3545 solis
2083 3491 2458 3558 recognitione
2479 3489 2690 3557 habita,
2718 3505 2809 3545 rex
2835 3491 3263 3561 Babyloniorum
3295 3492 3505 3561 legatos

1922 3582 1992 3635 ad
2024 3595 2149 3634 eum
2189 3581 2429 3646 miserit,
2465 3595 2526 3634 ac
2560 3581 2629 3636 de
2663 3589 2920 3651 portento
2946 3582 3096 3637 edito
3141 3585 3501 3639 consuluerit.

1994 3693 2184 3748 Gihon.
2230 3693 2322 3748 Sic
2351 3703 2510 3748 vocat
2542 3695 2773 3750 Siloam.

1986 3801 2152 3860 Vens.
2181 3805 2269 3859 3i.
2312 3806 2611 3877 Dereliquit
2639 3825 2759 3863 eum
2801 3809 2941 3864 Deus
2962 3850 2977 3876 ,
3012 3819 3069 3864 ut
3107 3820 3329 3867 tentaret
3361 3830 3502 3868 eum.

1923 3894 2198 3951 Docemur
2226 3898 2331 3953 hoc
2355 3902 2631 3971 exemplo,
2671 3903 3011 3957 tutissimum
3037 3918 3156 3960 esse
3188 3905 3241 3958 in
3274 3906 3505 3963 Domino

1922 3988 2171 4059 gloriari.
2222 3989 2459 4045 Decebat
2501 3993 2645 4047 enim
2686 3993 2863 4063 ipsum
2892 4035 2907 4059 ,
2952 3994 3152 4049 divinae
3202 3997 3507 4066 majestatis

1925 4081 2154 4151 gloriam
2186 4083 2389 4151 potius,
2420 4100 2583 4154 quam
2616 4101 2751 4155 opes
2774 4085 2947 4142 ﬂuxas
3003 4096 3054 4142 et
3088 4088 3326 4145 incertas
3356 4106 3506 4145 com-

1922 4171 2418 4243 memorare.552
2479 4172 2784 4245 Notumque
2838 4177 2987 4245 fieret
3055 4178 3310 4248 quidquid
3372 4190 3505 4235 esset

1918 4263 1973 4316 in
2011 4264 2361 4331 cordeipsius.
2404 4264 2530 4333 ,lloc
2561 4276 2671 4331 est,
2708 4268 2831 4322 aliis
2875 4269 3120 4323 revelare
3176 4272 3342 4325 voluit
3412 4288 3506 4326 co—

240 4371 537 4442 λογισμοὺς
565 4373 732 4427 αὑτοῦ
765 4378 879 4437 τοῖς
912 4375 1114 4440 ἄλλοις.
1185 4355 1359 4442 Αὑτὸς
1403 4355 1815 4451 γάρ’γινὼσκει

1931 4355 2211 4426 gitationcs
2242 4356 2438 4426 ipsius.
2484 4357 2602 4428 Ipse
2638 4359 2783 4414 enim
2828 4361 2981 4417 solus
3023 4361 3190 4416 corda
3224 4363 3504 4418 hominum

242 4458 343 4522 τὰς
372 4460 602 4530 καρδίας
631 4460 740 4515 τῶν
777 4462 1082 4535 ἀνθρώπων
1108 4464 1437 4534 μονώτατος.

841 4596 1262 4679 KE¢AA.Arz

316 4711 427 4765 Kal
453 4710 609 4781 ἔγνω
643 4710 1009 4779 Μανασσῆς,
1048 4711 1137 4764 ὅτι
1171 4712 1389 4780 Κύριος
1439 4713 1620 4779 αὐτός
1649 4712 1821 4767 ἐστιν

243 4806 277 4857 ό
315 4803 479 4870 Θεός.
537 4801 725 4866 Οὕτως
770 4805 803 4873 ἡ
860 4804 1076 4857 παιδεία
1124 4804 1252 4869 τοὺς
1305 4804 1667 4877 βουλομένους
1710 4805 1821 4860 ὀνί-

244 4910 420 4964 νησιν.

314 5180 488 5248 Πλὴν
526 5181 614 5236 ἔτι
645 5184 849 5248 ἀλαὸς
873 5182 971 5235 ἐπὶ
1011 5174 1131 5236 τῶνέ
1173 5185 1434 5253 ὑψηλῶν
1480 5187 1816 5251 ἐθυσίαζεν.

244 5273 371 5325 Ὅτι
396 5274 527 5344 περὶ
551 5272 659 5327 τῶν
685 5272 923 5330 θυόντων
954 5277 1014 5329 ὲν
1043 5275 1269 5348 ὑψηλοῖς
1295 5278 1374 5349 τῷ
1401 5280 1591 5351 Κυρίῳ
1627 5284 1815 5355 φησὶν,

245 5361 425 5466 δηλον.
465 5364 742 5436 Ἐπήγαγε
771 5367 899 5437 γὰρ,
935 5368 1087 5438 mi]:
1134 5369 1218 5432 είς
1271 5370 1431 5423 κενὸν
1460 5370 1539 5442 τῷ
1567 5372 1685 5444 Θεῷ
1720 5374 1816 5427 αὑ-

243 5470 373 5506 των.

829 5569 1089 5628 ΚΕΦΑΔ.
1122 5574 1243 5627 ΔΔ’.

256 5679 357 5735 'Er
383 5680 660 5738 Μοσανά.
684 5682 1007 5757 Σύμμαχος,
1036 5686 1108 5742 ἐν
1146 5688 1223 5763 τῇ
1258 5688 1634 5759 δευτερὼσει.

1922 4447 2327 4518 cognitahabet.

2416 4587 2425 4598 '
2498 4579 2651 4638 CAP.
2694 4582 2935 4639 XXXIII.

1996 4690 2166 4749 Vsus.
2201 4694 2291 4748 l5.
2336 4693 2470 4747 Tum
2496 4697 2732 4764 cognovit
2764 4696 3059 4761 Manasses,
3082 4696 3222 4766 quod
3247 4696 3505 4753 Dominus

1924 4796 2059 4840 esset
2103 4786 2262 4841 Deus.
2308 4785 2447 4842 ‘l‘am
2480 4789 2748 4858 frugifera
2776 4796 2861 4843 est
2891 4789 3204 4858 disciplina,
3257 4804 3380 4845 sese
3425 4790 3504 4846 illi

1928 4879 2515 4945 accommodantibus;
2559 4881 2810 4948 nihilque
2838 4880 2973 4934 adeo
3007 4879 3180 4934 ferum
3211 4891 3326 4945 est,
3355 4883 3505 4951 quod

1925 4982 2037 5022 non
2072 4968 2360 5024 mitescere
2410 4971 2614 5037 possit,
2668 4970 2713 5024 si
2747 4971 2910 5024 modo
2955 4970 3173 5024 cultura
3205 4973 3501 5040 patientem

1922 5060 2230 5115 commodet
2260 5074 2471 5114 aurem.

1997 5175 2162 5232 Vens.
2192 5178 2279 5231 l7.
2328 5176 2700 5249 Verumtamen
2726 5178 2951 5247 populus
2986 5181 3158 5237 adhuc
3187 5185 3241 5238 in
3280 5187 3504 5241 excelsis

1923 5271 2195 5327 adolebat.
2225 5270 2338 5327 Deo
2370 5271 2679 5326 adolevisse
2700 5311 2716 5335 ,
2746 5287 2987 5342 sequens
3033 5275 3244 5333 indicat
3283 5281 3502 5336 oratio:

1924 5362 2156 5419 Frustra
2192 5374 2375 5417 tamen
2412 5361 2647 5417 Domino
2676 5360 2787 5418 Deo
2817 5379 2937 5421 suo.

2503 5584 2655 5645 CAP.
2700 5585 2941 5643 XXXIV.

1992 5697 2057 5754 lu
2088 5696 2342 5755 Mosana.
2378 5698 2745 5771 Symmachus
2766 5743 2779 5769 ,
2813 5703 2866 5758 in
2901 5701 3191 5757 traditione
3218 5698 3484 5771 majorum
