  <div class='ocr_page' id='page_1' title='image "/cluster/home/n/w/nwhite01/storage/ocr_20150623/87:1/hvd.32044073502353/616.png"; bbox 0 0 3964 6194; ppageno 0'>
   <div class='ocr_carea' id='block_1_1' title="bbox 285 239 420 310">
    <p class='ocr_par' dir='ltr' id='par_1_1' title="bbox 285 239 420 310">
     <span class='ocr_line' id='line_1_1' title="bbox 285 239 420 310; baseline 0.03 -4"><span class='ocrx_word' id='word_1_1' title='bbox 285 239 420 310; x_wconf 69' lang='grc'>1221</span> 
     </span>
    </p>
   </div>
   <div class='ocr_carea' id='block_1_2' title="bbox 278 381 412 398">
    <p class='ocr_par' dir='ltr' id='par_1_2' title="bbox 278 381 412 398">
     <span class='ocr_line' id='line_1_2' title="bbox 278 381 412 398; baseline 0.007 -1"><span class='ocrx_word' id='word_1_2' title='bbox 278 381 412 398; x_wconf 49' lang='grc'><strong>’⁸-</strong></span> 
     </span>
    </p>
   </div>
   <div class='ocr_carea' id='block_1_3' title="bbox 730 524 1869 658">
    <p class='ocr_par' dir='ltr' id='par_1_3' title="bbox 730 524 1869 658">
     <span class='ocr_line' id='line_1_3' title="bbox 730 524 1869 658; baseline -0.001 -2"><span class='ocrx_word' id='word_1_3' title='bbox 730 586 762 625; x_wconf 76' lang='grc' dir='ltr'><strong><em>ο</em></strong></span> <span class='ocrx_word' id='word_1_4' title='bbox 919 524 1869 658; x_wconf 87' lang='grc' dir='ltr'><strong>ΠΡΟΚΟΠΙΟΥ</strong></span> 
     </span>
    </p>
   </div>
   <div class='ocr_carea' id='block_1_4' title="bbox 1321 251 2473 322">
    <p class='ocr_par' dir='ltr' id='par_1_4' title="bbox 1321 251 2473 322">
     <span class='ocr_line' id='line_1_4' title="bbox 1321 251 2473 322; baseline 0.008 -9"><span class='ocrx_word' id='word_1_5' title='bbox 1321 251 1856 314; x_wconf 81' lang='lat' dir='ltr'><strong>COMMENTARII</strong></span> <span class='ocrx_word' id='word_1_6' title='bbox 1896 256 1979 316; x_wconf 76' lang='lat' dir='ltr'><strong>IN</strong></span> <span class='ocrx_word' id='word_1_7' title='bbox 2018 257 2473 322; x_wconf 77' lang='lat' dir='ltr'><strong>PROVERBIA.</strong></span> 
     </span>
    </p>
   </div>
   <div class='ocr_carea' id='block_1_5' title="bbox 3311 225 3546 342">
    <p class='ocr_par' dir='ltr' id='par_1_5' title="bbox 3311 225 3546 342">
     <span class='ocr_line' id='line_1_5' title="bbox 3311 225 3546 342; baseline 0.021 -5"><span class='ocrx_word' id='word_1_8' title='bbox 3311 225 3546 342; x_wconf 12' lang='lat'><strong>.1222</strong></span> 
     </span>
    </p>
   </div>
   <div class='ocr_carea' id='block_1_6' title="bbox 2131 389 3464 418">
    <p class='ocr_par' dir='ltr' id='par_1_6' title="bbox 2131 389 3464 418">
     <span class='ocr_line' id='line_1_6' title="bbox 2131 389 3464 418; baseline 0.005 -19"><span class='ocrx_word' id='word_1_9' title='bbox 2131 389 3464 418; x_wconf 57' lang='grc' dir='ltr'>Ἥ</span> 
     </span>
    </p>
   </div>
   <div class='ocr_carea' id='block_1_7' title="bbox 1975 542 2907 666">
    <p class='ocr_par' dir='ltr' id='par_1_7' title="bbox 1975 542 2907 666">
     <span class='ocr_line' id='line_1_7' title="bbox 1975 542 2907 666; baseline 0.013 -13"><span class='ocrx_word' id='word_1_10' title='bbox 1975 542 2907 666; x_wconf 87' lang='grc' dir='ltr'><strong>ΧΡΙΣΤΙΑΝΟΥ</strong></span> 
     </span>
    </p>
   </div>
   <div class='ocr_carea' id='block_1_8' title="bbox 1615 760 3007 888">
    <p class='ocr_par' dir='ltr' id='par_1_8' title="bbox 1615 760 3007 888">
     <span class='ocr_line' id='line_1_8' title="bbox 1615 760 3007 888; baseline 0.001 -36"><span class='ocrx_word' id='word_1_11' title='bbox 1615 760 2183 888; x_wconf 76' lang='lat' dir='ltr'><strong>EPMHNEIA</strong></span> <span class='ocrx_word' id='word_1_12' title='bbox 2631 861 2634 866; x_wconf 96' lang='lat'><em>_</em></span> <span class='ocrx_word' id='word_1_13' title='bbox 2899 795 2908 827; x_wconf 65' lang='grc' dir='ltr'><strong>ι</strong></span> <span class='ocrx_word' id='word_1_14' title='bbox 2998 799 3007 809; x_wconf 66' lang='grc' dir='ltr'><strong>ι</strong></span> 
     </span>
    </p>
   </div>
   <div class='ocr_carea' id='block_1_9' title="bbox 1513 945 2300 1007">
    <p class='ocr_par' dir='ltr' id='par_1_9' title="bbox 1513 945 2300 1007">
     <span class='ocr_line' id='line_1_9' title="bbox 1513 945 2300 1007; baseline 0.006 -6"><span class='ocrx_word' id='word_1_15' title='bbox 1513 945 1624 1001; x_wconf 86' lang='grc' dir='ltr'><strong>ΕΙΣ</strong></span> <span class='ocrx_word' id='word_1_16' title='bbox 1702 946 1837 1000; x_wconf 79' lang='grc' dir='ltr'><strong>ΤΑΣ</strong></span> <span class='ocrx_word' id='word_1_17' title='bbox 1898 947 2300 1007; x_wconf 80' lang='grc' dir='ltr'><strong>ΠΑΡΟΙΜῙΛΣ.</strong></span> 
     </span>
    </p>
   </div>
   <div class='ocr_carea' id='block_1_10' title="bbox 1089 1197 2690 1415">
    <p class='ocr_par' dir='ltr' id='par_1_10' title="bbox 1089 1197 2690 1415">
     <span class='ocr_line' id='line_1_10' title="bbox 1089 1197 2690 1415; baseline 0.006 -21"><span class='ocrx_word' id='word_1_18' title='bbox 1089 1277 1764 1415; x_wconf 72' lang='lat' dir='ltr'><strong>PRO’COPII</strong></span> <span class='ocrx_word' id='word_1_19' title='bbox 1844 1197 2690 1404; x_wconf 5' lang='lat' dir='ltr'><strong>CDHRISTIANI</strong></span> 
     </span>
    </p>
   </div>
   <div class='ocr_carea' id='block_1_11' title="bbox 992 1517 2798 1622">
    <p class='ocr_par' dir='ltr' id='par_1_11' title="bbox 992 1517 2798 1622">
     <span class='ocr_line' id='line_1_11' title="bbox 992 1517 2798 1622; baseline 0.002 -8"><span class='ocrx_word' id='word_1_20' title='bbox 992 1517 1847 1616; x_wconf 82' lang='lat' dir='ltr'><strong>COMMENTARII</strong></span> <span class='ocrx_word' id='word_1_21' title='bbox 1929 1523 2056 1615; x_wconf 89' lang='lat' dir='ltr'><strong>IN</strong></span> <span class='ocrx_word' id='word_1_22' title='bbox 2112 1520 2798 1622; x_wconf 79' lang='lat' dir='ltr'><strong>PROVERBIA</strong></span> 
     </span>
    </p>
   </div>
   <div class='ocr_carea' id='block_1_12' title="bbox 1861 1895 1935 1913">
    <p class='ocr_par' dir='ltr' id='par_1_12' title="bbox 1861 1895 1935 1913">
     <span class='ocr_line' id='line_1_12' title="bbox 1861 1895 1935 1913; baseline -0.014 0"><span class='ocrx_word' id='word_1_23' title='bbox 1861 1895 1935 1913; x_wconf 41' lang='grc' dir='ltr'>ὴ</span> 
     </span>
    </p>
   </div>
   <div class='ocr_carea' id='block_1_13' title="bbox 687 2022 1939 2087">
    <p class='ocr_par' dir='ltr' id='par_1_13' title="bbox 687 2022 1939 2087">
     <span class='ocr_line' id='line_1_13' title="bbox 687 2022 1939 2087; baseline -0.004 -8"><span class='ocrx_word' id='word_1_24' title='bbox 687 2022 1086 2080; x_wconf 74' lang='grc' dir='ltr'><strong>ΚΕΦΑΛΑΙΟΝ</strong></span> <span class='ocrx_word' id='word_1_25' title='bbox 1116 2023 1417 2078; x_wconf 81' lang='grc' dir='ltr'><strong>ΠΡΩΤΟΝ.</strong></span> <span class='ocrx_word' id='word_1_26' title='bbox 1886 2027 1939 2087; x_wconf 81' lang='grc' dir='ltr'><strong>Α</strong></span> 
     </span>
    </p>
   </div>
   <div class='ocr_carea' id='block_1_14' title="bbox 346 2113 1865 2186">
    <p class='ocr_par' dir='ltr' id='par_1_14' title="bbox 346 2113 1865 2186">
     <span class='ocr_line' id='line_1_14' title="bbox 346 2113 1865 2186; baseline -0.001 -17"><span class='ocrx_word' id='word_1_27' title='bbox 346 2114 558 2169; x_wconf 81' lang='grc' dir='ltr'>Σκοπὸν</span> <span class='ocrx_word' id='word_1_28' title='bbox 602 2113 744 2185; x_wconf 79' lang='grc' dir='ltr'>ἔχων</span> <span class='ocrx_word' id='word_1_29' title='bbox 776 2113 1064 2184; x_wconf 82' lang='grc' dir='ltr'>Σαλομὼν,</span> <span class='ocrx_word' id='word_1_30' title='bbox 1121 2115 1216 2168; x_wconf 82' lang='grc' dir='ltr'>τὸν</span> <span class='ocrx_word' id='word_1_31' title='bbox 1248 2113 1416 2168; x_wconf 83' lang='grc' dir='ltr'>πόθον</span> <span class='ocrx_word' id='word_1_32' title='bbox 1455 2115 1486 2184; x_wconf 84' lang='grc' dir='ltr'><strong>ή</strong></span> <span class='ocrx_word' id='word_1_33' title='bbox 1499 2113 1616 2184; x_wconf 82' lang='grc' dir='ltr'><strong>μῶν</strong></span> <span class='ocrx_word' id='word_1_34' title='bbox 1643 2116 1865 2186; x_wconf 84' lang='grc' dir='ltr'>κινῆσαι</span> 
     </span>
    </p>
   </div>
   <div class='ocr_carea' id='block_1_15' title="bbox 279 2204 1865 2276">
    <p class='ocr_par' dir='ltr' id='par_1_15' title="bbox 279 2204 1865 2276">
     <span class='ocr_line' id='line_1_15' title="bbox 279 2204 1865 2276; baseline -0.001 -16"><span class='ocrx_word' id='word_1_35' title='bbox 279 2205 417 2276; x_wconf 79' lang='grc' dir='ltr'>πρὸς</span> <span class='ocrx_word' id='word_1_36' title='bbox 448 2206 510 2260; x_wconf 78' lang='grc' dir='ltr'>τὸ</span> <span class='ocrx_word' id='word_1_37' title='bbox 536 2205 821 2276; x_wconf 63' lang='grc' dir='ltr'>ἄφραστον</span> <span class='ocrx_word' id='word_1_38' title='bbox 854 2207 1050 2270; x_wconf 81' lang='grc' dir='ltr'>κάλλος</span> <span class='ocrx_word' id='word_1_39' title='bbox 1081 2205 1177 2258; x_wconf 81' lang='grc' dir='ltr'><strong>τοῦ</strong></span> <span class='ocrx_word' id='word_1_40' title='bbox 1229 2205 1376 2258; x_wconf 78' lang='grc' dir='ltr'>θείου</span> <span class='ocrx_word' id='word_1_41' title='bbox 1406 2204 1776 2276; x_wconf 78' lang='grc' dir='ltr'>χαρακτῆρος,</span> <span class='ocrx_word' id='word_1_42' title='bbox 1807 2205 1865 2270; x_wconf 83' lang='grc' dir='ltr'>ὃς</span> 
     </span>
    </p>
   </div>
   <div class='ocr_carea' id='block_1_16' title="bbox 277 2290 1867 2369">
    <p class='ocr_par' dir='ltr' id='par_1_16' title="bbox 277 2290 1867 2369">
     <span class='ocr_line' id='line_1_16' title="bbox 277 2290 1867 2369; baseline 0 -19"><span class='ocrx_word' id='word_1_43' title='bbox 277 2300 427 2352; x_wconf 73' lang='grc' dir='ltr'>ἐστιν</span> <span class='ocrx_word' id='word_1_44' title='bbox 473 2298 501 2351; x_wconf 84' lang='grc' dir='ltr'><strong>ὁ</strong></span> <span class='ocrx_word' id='word_1_45' title='bbox 547 2297 643 2352; x_wconf 89' lang='grc' dir='ltr'><strong>τοῦ</strong></span> <span class='ocrx_word' id='word_1_46' title='bbox 688 2297 824 2352; x_wconf 86' lang='grc' dir='ltr'>Θεοῦ</span> <span class='ocrx_word' id='word_1_47' title='bbox 878 2299 974 2353; x_wconf 77' lang='grc' dir='ltr'><strong>καὶ</strong></span> <span class='ocrx_word' id='word_1_48' title='bbox 1021 2290 1236 2368; x_wconf 76' lang='grc' dir='ltr'>[ἰατρὸς</span> <span class='ocrx_word' id='word_1_49' title='bbox 1295 2298 1589 2369; x_wconf 74' lang='grc' dir='ltr'>μονογενὴς</span> <span class='ocrx_word' id='word_1_50' title='bbox 1616 2297 1744 2360; x_wconf 76' lang='grc' dir='ltr'><strong>Υἱὸς</strong></span> <span class='ocrx_word' id='word_1_51' title='bbox 1771 2297 1867 2351; x_wconf 72' lang='grc' dir='ltr'><strong>καὶ</strong></span> 
     </span>
    </p>
   </div>
   <div class='ocr_carea' id='block_1_17' title="bbox 278 2387 1865 2461">
    <p class='ocr_par' dir='ltr' id='par_1_17' title="bbox 278 2387 1865 2461">
     <span class='ocr_line' id='line_1_17' title="bbox 278 2387 1865 2461; baseline -0.001 -17"><span class='ocrx_word' id='word_1_52' title='bbox 278 2388 473 2458; x_wconf 80' lang='grc' dir='ltr'>Λόγος,</span> <span class='ocrx_word' id='word_1_53' title='bbox 522 2390 556 2461; x_wconf 81' lang='grc' dir='ltr'><strong>ή</strong></span> <span class='ocrx_word' id='word_1_54' title='bbox 599 2389 967 2454; x_wconf 70' lang='grc' dir='ltr'>ινυπόστατος</span> <span class='ocrx_word' id='word_1_55' title='bbox 989 2389 1157 2444; x_wconf 75' lang='grc' dir='ltr'>αὑτοῦ</span> <span class='ocrx_word' id='word_1_56' title='bbox 1203 2387 1434 2458; x_wconf 86' lang='grc' dir='ltr'>δύναμις</span> <span class='ocrx_word' id='word_1_57' title='bbox 1474 2387 1574 2443; x_wconf 72' lang='grc' dir='ltr'>καὶ</span> <span class='ocrx_word' id='word_1_58' title='bbox 1617 2387 1799 2456; x_wconf 80' lang='grc' dir='ltr'><strong>σοφία,</strong></span> <span class='ocrx_word' id='word_1_59' title='bbox 1831 2390 1865 2460; x_wconf 82' lang='grc' dir='ltr'>ἠ</span> 
     </span>
    </p>
   </div>
   <div class='ocr_carea' id='block_1_18' title="bbox 277 2478 1864 2552">
    <p class='ocr_par' dir='ltr' id='par_1_18' title="bbox 277 2478 1864 2552">
     <span class='ocr_line' id='line_1_18' title="bbox 277 2478 1864 2552; baseline 0 -20"><span class='ocrx_word' id='word_1_60' title='bbox 277 2481 366 2536; x_wconf 72' lang='grc' dir='ltr'>ιτιά</span> <span class='ocrx_word' id='word_1_61' title='bbox 389 2480 500 2538; x_wconf 80' lang='grc' dir='ltr'><strong>τῶν</strong></span> <span class='ocrx_word' id='word_1_62' title='bbox 534 2481 879 2551; x_wconf 82' lang='grc' dir='ltr'><strong>φαινομένων</strong></span> <span class='ocrx_word' id='word_1_63' title='bbox 902 2480 978 2546; x_wconf 85' lang='grc' dir='ltr'><strong>ὡς</strong></span> <span class='ocrx_word' id='word_1_64' title='bbox 1014 2480 1104 2534; x_wconf 76' lang='grc' dir='ltr'><strong>διὰ</strong></span> <span class='ocrx_word' id='word_1_65' title='bbox 1155 2478 1442 2552; x_wconf 79' lang='grc' dir='ltr'>συμϐόλων</span> <span class='ocrx_word' id='word_1_66' title='bbox 1465 2479 1864 2552; x_wconf 83' lang='grc' dir='ltr'>κηρυττομένη,</span> 
     </span>
    </p>
   </div>
   <div class='ocr_carea' id='block_1_19' title="bbox 279 2565 1865 2643">
    <p class='ocr_par' dir='ltr' id='par_1_19' title="bbox 279 2565 1865 2643">
     <span class='ocr_line' id='line_1_19' title="bbox 279 2565 1865 2643; baseline -0.003 -19"><span class='ocrx_word' id='word_1_67' title='bbox 279 2571 593 2643; x_wconf 81' lang='grc' dir='ltr'><strong>ὑπογράφει</strong></span> <span class='ocrx_word' id='word_1_68' title='bbox 615 2587 674 2623; x_wconf 89' lang='grc' dir='ltr'><strong>τε</strong></span> <span class='ocrx_word' id='word_1_69' title='bbox 701 2566 1091 2642; x_wconf 81' lang='grc' dir='ltr'>παροιμιωδῶς</span> <span class='ocrx_word' id='word_1_70' title='bbox 1126 2567 1224 2630; x_wconf 82' lang='grc' dir='ltr'>τὰς</span> <span class='ocrx_word' id='word_1_71' title='bbox 1255 2567 1482 2639; x_wconf 82' lang='grc' dir='ltr'>χάριτας</span> <span class='ocrx_word' id='word_1_72' title='bbox 1518 2565 1710 2637; x_wconf 79' lang='grc' dir='ltr'>αὐτῆς,</span> <span class='ocrx_word' id='word_1_73' title='bbox 1742 2568 1865 2620; x_wconf 78' lang='grc' dir='ltr'>ἑπι-</span> 
     </span>
    </p>
   </div>
   <div class='ocr_carea' id='block_1_20' title="bbox 281 2659 1866 2734">
    <p class='ocr_par' dir='ltr' id='par_1_20' title="bbox 281 2659 1866 2734">
     <span class='ocr_line' id='line_1_20' title="bbox 281 2659 1866 2734; baseline -0.004 -18"><span class='ocrx_word' id='word_1_74' title='bbox 281 2661 568 2734; x_wconf 83' lang='grc' dir='ltr'>σπώμενος</span> <span class='ocrx_word' id='word_1_75' title='bbox 594 2661 975 2733; x_wconf 82' lang='grc' dir='ltr'>είσαγωγικῶς</span> <span class='ocrx_word' id='word_1_76' title='bbox 1010 2663 1150 2734; x_wconf 74' lang='grc' dir='ltr'>πρὸς</span> <span class='ocrx_word' id='word_1_77' title='bbox 1179 2660 1270 2714; x_wconf 81' lang='grc' dir='ltr'>τὸν</span> <span class='ocrx_word' id='word_1_78' title='bbox 1307 2661 1476 2723; x_wconf 77' lang='grc' dir='ltr'>ὅντως</span> <span class='ocrx_word' id='word_1_79' title='bbox 1509 2659 1744 2730; x_wconf 81' lang='grc' dir='ltr'>ἐραστὴν</span> <span class='ocrx_word' id='word_1_80' title='bbox 1767 2659 1866 2729; x_wconf 78' lang='grc' dir='ltr'>τὴν</span> 
     </span>
    </p>
   </div>
   <div class='ocr_carea' id='block_1_21' title="bbox 277 2748 1864 2824">
    <p class='ocr_par' dir='ltr' id='par_1_21' title="bbox 277 2748 1864 2824">
     <span class='ocr_line' id='line_1_21' title="bbox 277 2748 1864 2824; baseline -0.004 -16"><span class='ocrx_word' id='word_1_81' title='bbox 277 2751 470 2824; x_wconf 73' lang='grc' dir='ltr'>ἔφεσιν</span> <span class='ocrx_word' id='word_1_82' title='bbox 490 2751 588 2806; x_wconf 91' lang='grc' dir='ltr'><strong>τοῦ</strong></span> <span class='ocrx_word' id='word_1_83' title='bbox 622 2752 700 2806; x_wconf 76' lang='grc' dir='ltr'>ἔτι</span> <span class='ocrx_word' id='word_1_84' title='bbox 725 2751 827 2823; x_wconf 78' lang='grc' dir='ltr'>τὴν</span> <span class='ocrx_word' id='word_1_85' title='bbox 865 2751 1008 2806; x_wconf 82' lang='grc' dir='ltr'><strong>κατά</strong></span> <span class='ocrx_word' id='word_1_86' title='bbox 1033 2750 1210 2824; x_wconf 73' lang='grc' dir='ltr'>ψυχὴν</span> <span class='ocrx_word' id='word_1_87' title='bbox 1239 2751 1456 2822; x_wconf 73' lang='grc' dir='ltr'>ἡλικίαν</span> <span class='ocrx_word' id='word_1_88' title='bbox 1482 2748 1864 2822; x_wconf 77' lang='grc' dir='ltr'>νηπιὰζοντος,</span> 
     </span>
    </p>
   </div>
   <div class='ocr_carea' id='block_1_22' title="bbox 276 2841 1868 2914">
    <p class='ocr_par' dir='ltr' id='par_1_22' title="bbox 276 2841 1868 2914">
     <span class='ocr_line' id='line_1_22' title="bbox 276 2841 1868 2914; baseline -0.003 -15"><span class='ocrx_word' id='word_1_89' title='bbox 276 2843 370 2899; x_wconf 79' lang='grc' dir='ltr'><strong>διὰ</strong></span> <span class='ocrx_word' id='word_1_90' title='bbox 415 2843 528 2897; x_wconf 85' lang='grc' dir='ltr'><strong>τῶν</strong></span> <span class='ocrx_word' id='word_1_91' title='bbox 573 2844 708 2913; x_wconf 80' lang='grc' dir='ltr'>ἡμίν</span> <span class='ocrx_word' id='word_1_92' title='bbox 750 2841 1016 2896; x_wconf 83' lang='grc' dir='ltr'>ποθεινῶν</span> <span class='ocrx_word' id='word_1_93' title='bbox 1057 2845 1116 2896; x_wconf 80' lang='grc' dir='ltr'>ἐν</span> <span class='ocrx_word' id='word_1_94' title='bbox 1164 2842 1414 2914; x_wconf 84' lang='grc' dir='ltr'><strong>αἰσθήσει</strong></span> <span class='ocrx_word' id='word_1_95' title='bbox 1458 2842 1728 2913; x_wconf 79' lang='grc' dir='ltr'><strong>τερπνῶν,</strong></span> <span class='ocrx_word' id='word_1_96' title='bbox 1771 2843 1868 2895; x_wconf 70' lang='grc' dir='ltr'>καὶ</span> 
     </span>
    </p>
   </div>
   <div class='ocr_carea' id='block_1_23' title="bbox 277 2932 1866 3008">
    <p class='ocr_par' dir='ltr' id='par_1_23' title="bbox 277 2932 1866 3008">
     <span class='ocr_line' id='line_1_23' title="bbox 277 2932 1866 3008; baseline -0.004 -17"><span class='ocrx_word' id='word_1_97' title='bbox 277 2934 487 3008; x_wconf 70' lang='grc' dir='ltr'>ἠθικῶς</span> <span class='ocrx_word' id='word_1_98' title='bbox 534 2935 804 3002; x_wconf 81' lang='grc' dir='ltr'>παιδεύει,</span> <span class='ocrx_word' id='word_1_99' title='bbox 863 2934 1053 2988; x_wconf 84' lang='grc' dir='ltr'>παθῶν</span> <span class='ocrx_word' id='word_1_100' title='bbox 1100 2932 1596 3006; x_wconf 72' lang='grc' dir='ltr'>ἐπανορθούμενος,</span> <span class='ocrx_word' id='word_1_101' title='bbox 1653 2933 1751 2986; x_wconf 72' lang='grc' dir='ltr'>καὶ</span> <span class='ocrx_word' id='word_1_102' title='bbox 1796 2932 1866 2985; x_wconf 74' lang='grc' dir='ltr'><strong>τὰ</strong></span> 
     </span>
    </p>
   </div>
   <div class='ocr_carea' id='block_1_24' title="bbox 280 3024 1722 3100">
    <p class='ocr_par' dir='ltr' id='par_1_24' title="bbox 280 3024 1722 3100">
     <span class='ocr_line' id='line_1_24' title="bbox 280 3024 1722 3100; baseline 0.008 -18"><span class='ocrx_word' id='word_1_103' title='bbox 280 3028 533 3100; x_wconf 77' lang='grc' dir='ltr'><strong>πρακτέα</strong></span> <span class='ocrx_word' id='word_1_104' title='bbox 559 3027 857 3093; x_wconf 71' lang='grc' dir='ltr'>ὑποτιθεὶς,</span> <span class='ocrx_word' id='word_1_105' title='bbox 890 3026 983 3080; x_wconf 85' lang='grc' dir='ltr'><strong>καί</strong></span> <span class='ocrx_word' id='word_1_106' title='bbox 1023 3041 1190 3096; x_wconf 80' lang='grc' dir='ltr'>φησιν</span> <span class='ocrx_word' id='word_1_107' title='bbox 1213 3024 1290 3088; x_wconf 85' lang='grc' dir='ltr'>ὠς</span> <span class='ocrx_word' id='word_1_108' title='bbox 1328 3026 1387 3078; x_wconf 74' lang='grc' dir='ltr'><strong>έν</strong></span> <span class='ocrx_word' id='word_1_109' title='bbox 1415 3025 1722 3096; x_wconf 72' lang='grc' dir='ltr'>ἐπιγραφῇ·</span> 
     </span>
    </p>
   </div>
   <div class='ocr_carea' id='block_1_25' title="bbox 351 3200 1866 3275">
    <p class='ocr_par' dir='ltr' id='par_1_25' title="bbox 351 3200 1866 3275">
     <span class='ocr_line' id='line_1_25' title="bbox 351 3200 1866 3275; baseline -0.003 -15"><span class='ocrx_word' id='word_1_110' title='bbox 351 3202 422 3261; x_wconf 84' lang='grc' dir='ltr'><strong>α’.</strong></span> <span class='ocrx_word' id='word_1_111' title='bbox 453 3203 765 3275; x_wconf 75' lang='grc' dir='ltr'>Παροιμίαι</span> <span class='ocrx_word' id='word_1_112' title='bbox 807 3200 1199 3273; x_wconf 67' lang='grc' dir='ltr'><strong>Σολομῶντος</strong></span> <span class='ocrx_word' id='word_1_113' title='bbox 1237 3201 1374 3257; x_wconf 74' lang='grc' dir='ltr'>υἱοῦ</span> <span class='ocrx_word' id='word_1_114' title='bbox 1399 3202 1600 3268; x_wconf 77' lang='grc' dir='ltr'>Δαὸὶδ,</span> <span class='ocrx_word' id='word_1_115' title='bbox 1631 3201 1700 3269; x_wconf 81' lang='grc' dir='ltr'>ὃς</span> <span class='ocrx_word' id='word_1_116' title='bbox 1730 3201 1866 3256; x_wconf 75' lang='grc' dir='ltr'>ἐϐα-</span> 
     </span>
    </p>
   </div>
   <div class='ocr_carea' id='block_1_26' title="bbox 278 3293 1864 3366">
    <p class='ocr_par' dir='ltr' id='par_1_26' title="bbox 278 3293 1864 3366">
     <span class='ocr_line' id='line_1_26' title="bbox 278 3293 1864 3366; baseline -0.003 -14"><span class='ocrx_word' id='word_1_117' title='bbox 278 3295 574 3352; x_wconf 76' lang='grc' dir='ltr'>σίλευσεν</span> <span class='ocrx_word' id='word_1_118' title='bbox 605 3296 680 3350; x_wconf 77' lang='grc' dir='ltr'><strong>ἐν</strong></span> <span class='ocrx_word' id='word_1_119' title='bbox 716 3293 1128 3366; x_wconf 77' lang='grc' dir='ltr'>Ἰερουσαλήμ.</span> <span class='ocrx_word' id='word_1_120' title='bbox 1169 3295 1334 3362; x_wconf 82' lang='grc' dir='ltr'>Λόγοι</span> <span class='ocrx_word' id='word_1_121' title='bbox 1366 3295 1520 3366; x_wconf 84' lang='grc' dir='ltr'>παρὰ</span> <span class='ocrx_word' id='word_1_122' title='bbox 1559 3295 1741 3348; x_wconf 81' lang='grc' dir='ltr'>πᾶσαν</span> <span class='ocrx_word' id='word_1_123' title='bbox 1765 3295 1864 3365; x_wconf 82' lang='grc' dir='ltr'>τὴν</span> 
     </span>
    </p>
   </div>
   <div class='ocr_carea' id='block_1_27' title="bbox 276 3387 1864 3461">
    <p class='ocr_par' dir='ltr' id='par_1_27' title="bbox 276 3387 1864 3461">
     <span class='ocr_line' id='line_1_27' title="bbox 276 3387 1864 3461; baseline -0.003 -14"><span class='ocrx_word' id='word_1_124' title='bbox 276 3391 397 3448; x_wconf 79' lang='grc' dir='ltr'>όδδν</span> <span class='ocrx_word' id='word_1_125' title='bbox 423 3391 521 3461; x_wconf 86' lang='grc' dir='ltr'><strong>τῆς</strong></span> <span class='ocrx_word' id='word_1_126' title='bbox 555 3388 842 3460; x_wconf 81' lang='grc' dir='ltr'><strong>παρούσης</strong></span> <span class='ocrx_word' id='word_1_127' title='bbox 887 3388 1039 3458; x_wconf 80' lang='grc' dir='ltr'>ζωῆς</span> <span class='ocrx_word' id='word_1_128' title='bbox 1087 3387 1540 3460; x_wconf 85' lang='grc' dir='ltr'>χρησιμεύοντες,</span> <span class='ocrx_word' id='word_1_129' title='bbox 1593 3389 1657 3443; x_wconf 83' lang='grc' dir='ltr'><strong>ού</strong></span> <span class='ocrx_word' id='word_1_130' title='bbox 1704 3389 1864 3460; x_wconf 87' lang='grc' dir='ltr'>μόνον</span> 
     </span>
    </p>
   </div>
   <div class='ocr_carea' id='block_1_28' title="bbox 274 3477 1866 3554">
    <p class='ocr_par' dir='ltr' id='par_1_28' title="bbox 274 3477 1866 3554">
     <span class='ocr_line' id='line_1_28' title="bbox 274 3477 1866 3554; baseline -0.003 -16"><span class='ocrx_word' id='word_1_131' title='bbox 274 3481 354 3548; x_wconf 80' lang='grc' dir='ltr'>ὡς</span> <span class='ocrx_word' id='word_1_132' title='bbox 386 3483 447 3536; x_wconf 70' lang='grc' dir='ltr'>τὸ</span> <span class='ocrx_word' id='word_1_133' title='bbox 481 3477 614 3554; x_wconf 81' lang='grc' dir='ltr'>ἦθος</span> <span class='ocrx_word' id='word_1_134' title='bbox 641 3481 801 3552; x_wconf 76' lang='grc' dir='ltr'>ἡμῶν</span> <span class='ocrx_word' id='word_1_135' title='bbox 830 3481 966 3552; x_wconf 72' lang='grc' dir='ltr'>πρὸς</span> <span class='ocrx_word' id='word_1_136' title='bbox 991 3481 1052 3534; x_wconf 76' lang='grc' dir='ltr'><strong>τὸ</strong></span> <span class='ocrx_word' id='word_1_137' title='bbox 1080 3481 1286 3548; x_wconf 73' lang='grc' dir='ltr'>ἀγαθὸν</span> <span class='ocrx_word' id='word_1_138' title='bbox 1317 3481 1692 3552; x_wconf 76' lang='grc' dir='ltr'>ρυθμίζοντες,</span> <span class='ocrx_word' id='word_1_139' title='bbox 1727 3480 1866 3535; x_wconf 85' lang='grc' dir='ltr'><strong>ἀλλά</strong></span> 
     </span>
    </p>
   </div>
   <div class='ocr_carea' id='block_1_29' title="bbox 278 3571 1865 3644">
    <p class='ocr_par' dir='ltr' id='par_1_29' title="bbox 278 3571 1865 3644">
     <span class='ocr_line' id='line_1_29' title="bbox 278 3571 1865 3644; baseline -0.001 -18"><span class='ocrx_word' id='word_1_140' title='bbox 278 3575 376 3629; x_wconf 82' lang='grc' dir='ltr'>καὶ</span> <span class='ocrx_word' id='word_1_141' title='bbox 403 3571 480 3636; x_wconf 84' lang='grc' dir='ltr'><strong>ὡς</strong></span> <span class='ocrx_word' id='word_1_142' title='bbox 515 3572 800 3642; x_wconf 74' lang='grc' dir='ltr'>ἐνάγοντες</span> <span class='ocrx_word' id='word_1_143' title='bbox 831 3574 980 3643; x_wconf 75' lang='grc' dir='ltr'>ἡμᾶς</span> <span class='ocrx_word' id='word_1_144' title='bbox 1023 3572 1161 3643; x_wconf 82' lang='grc' dir='ltr'>πρὸς</span> <span class='ocrx_word' id='word_1_145' title='bbox 1191 3573 1294 3644; x_wconf 84' lang='grc' dir='ltr'>τὴν</span> <span class='ocrx_word' id='word_1_146' title='bbox 1322 3574 1380 3626; x_wconf 76' lang='grc' dir='ltr'>ἐν</span> <span class='ocrx_word' id='word_1_147' title='bbox 1405 3574 1674 3644; x_wconf 85' lang='grc' dir='ltr'>πνεύματι</span> <span class='ocrx_word' id='word_1_148' title='bbox 1705 3589 1865 3642; x_wconf 77' lang='grc' dir='ltr'>φυσι-</span> 
     </span>
    </p>
   </div>
   <div class='ocr_carea' id='block_1_30' title="bbox 279 3659 1865 3735">
    <p class='ocr_par' dir='ltr' id='par_1_30' title="bbox 279 3659 1865 3735">
     <span class='ocr_line' id='line_1_30' title="bbox 279 3659 1865 3735; baseline -0.001 -17"><span class='ocrx_word' id='word_1_149' title='bbox 279 3664 383 3735; x_wconf 75' lang='grc' dir='ltr'>κὴν</span> <span class='ocrx_word' id='word_1_150' title='bbox 411 3663 646 3732; x_wconf 83' lang='grc' dir='ltr'>θεωρίαν</span> <span class='ocrx_word' id='word_1_151' title='bbox 679 3664 788 3717; x_wconf 86' lang='grc' dir='ltr'><strong>τῶν</strong></span> <span class='ocrx_word' id='word_1_152' title='bbox 827 3665 995 3718; x_wconf 77' lang='grc' dir='ltr'>δντων</span> <span class='ocrx_word' id='word_1_153' title='bbox 1017 3681 1032 3695; x_wconf 82' lang='lat'><strong><em>°</em></strong></span> <span class='ocrx_word' id='word_1_154' title='bbox 1057 3659 1132 3718; x_wconf 78' lang='grc' dir='ltr'>ὧν</span> <span class='ocrx_word' id='word_1_155' title='bbox 1161 3667 1280 3728; x_wconf 84' lang='grc' dir='ltr'>ταῖς</span> <span class='ocrx_word' id='word_1_156' title='bbox 1311 3665 1676 3735; x_wconf 74' lang='grc' dir='ltr'>ἐπιφανείαις,</span> <span class='ocrx_word' id='word_1_157' title='bbox 1703 3665 1779 3727; x_wconf 86' lang='grc' dir='ltr'>ὡς</span> <span class='ocrx_word' id='word_1_158' title='bbox 1808 3666 1865 3717; x_wconf 86' lang='grc' dir='ltr'>ὲν</span> 
     </span>
    </p>
   </div>
   <div class='ocr_carea' id='block_1_31' title="bbox 281 3755 1866 3830">
    <p class='ocr_par' dir='ltr' id='par_1_31' title="bbox 281 3755 1866 3830">
     <span class='ocr_line' id='line_1_31' title="bbox 281 3755 1866 3830; baseline 0.001 -20"><span class='ocrx_word' id='word_1_159' title='bbox 281 3756 573 3828; x_wconf 75' lang='grc' dir='ltr'>ἐσόπτροις</span> <span class='ocrx_word' id='word_1_160' title='bbox 613 3757 705 3811; x_wconf 73' lang='grc' dir='ltr'>καὶ</span> <span class='ocrx_word' id='word_1_161' title='bbox 753 3756 1063 3828; x_wconf 79' lang='grc' dir='ltr'>αἰνίγμασι,</span> <span class='ocrx_word' id='word_1_162' title='bbox 1117 3758 1186 3812; x_wconf 81' lang='grc' dir='ltr'>τὰ</span> <span class='ocrx_word' id='word_1_163' title='bbox 1217 3758 1312 3812; x_wconf 89' lang='grc' dir='ltr'><strong>τοῦ</strong></span> <span class='ocrx_word' id='word_1_164' title='bbox 1357 3758 1493 3812; x_wconf 81' lang='grc' dir='ltr'>Θεοῦ</span> <span class='ocrx_word' id='word_1_165' title='bbox 1527 3755 1866 3830; x_wconf 79' lang='grc' dir='ltr'>ἱστοροῦνται</span> 
     </span>
    </p>
   </div>
   <div class='ocr_carea' id='block_1_32' title="bbox 281 3847 1866 3921">
    <p class='ocr_par' dir='ltr' id='par_1_32' title="bbox 281 3847 1866 3921">
     <span class='ocr_line' id='line_1_32' title="bbox 281 3847 1866 3921; baseline -0.001 -16"><span class='ocrx_word' id='word_1_166' title='bbox 281 3847 590 3921; x_wconf 76' lang='grc' dir='ltr'>θελήματα,</span> <span class='ocrx_word' id='word_1_167' title='bbox 623 3849 698 3913; x_wconf 87' lang='grc' dir='ltr'>ὡς</span> <span class='ocrx_word' id='word_1_168' title='bbox 731 3847 882 3918; x_wconf 83' lang='grc' dir='ltr'>λόγοι</span> <span class='ocrx_word' id='word_1_169' title='bbox 911 3847 1018 3902; x_wconf 86' lang='grc' dir='ltr'>τῶν</span> <span class='ocrx_word' id='word_1_170' title='bbox 1053 3848 1247 3912; x_wconf 72' lang='grc' dir='ltr'>ὄντων,</span> <span class='ocrx_word' id='word_1_171' title='bbox 1288 3849 1411 3903; x_wconf 83' lang='grc' dir='ltr'>καθ’</span> <span class='ocrx_word' id='word_1_172' title='bbox 1452 3849 1542 3912; x_wconf 79' lang='grc' dir='ltr'>οὓς</span> <span class='ocrx_word' id='word_1_173' title='bbox 1574 3850 1644 3903; x_wconf 81' lang='grc' dir='ltr'><strong>τά</strong></span> <span class='ocrx_word' id='word_1_174' title='bbox 1687 3849 1866 3904; x_wconf 82' lang='grc' dir='ltr'>πάντα</span> 
     </span>
    </p>
   </div>
   <div class='ocr_carea' id='block_1_33' title="bbox 280 3939 1864 4011">
    <p class='ocr_par' dir='ltr' id='par_1_33' title="bbox 280 3939 1864 4011">
     <span class='ocr_line' id='line_1_33' title="bbox 280 3939 1864 4011; baseline -0.001 -17"><span class='ocrx_word' id='word_1_175' title='bbox 280 3939 578 4010; x_wconf 77' lang='grc' dir='ltr'>γεγόνασιν</span> <span class='ocrx_word' id='word_1_176' title='bbox 609 3953 626 3971; x_wconf 86' lang='grc'>⁶</span> <span class='ocrx_word' id='word_1_177' title='bbox 681 3957 698 3992; x_wconf 85' lang='grc' dir='ltr'><strong>ι</strong></span> <span class='ocrx_word' id='word_1_178' title='bbox 725 3939 806 3992; x_wconf 66' lang='lat' dir='ltr'><strong>Tit</strong></span> <span class='ocrx_word' id='word_1_179' title='bbox 849 3939 959 4011; x_wconf 89' lang='grc' dir='ltr'><strong>γάρ</strong></span> <span class='ocrx_word' id='word_1_180' title='bbox 1005 3939 1215 4011; x_wconf 81' lang='grc' dir='ltr'>ἀόρατα</span> <span class='ocrx_word' id='word_1_181' title='bbox 1242 3940 1429 3994; x_wconf 82' lang='grc' dir='ltr'>,αὑτοῦ</span> <span class='ocrx_word' id='word_1_182' title='bbox 1478 3941 1588 3994; x_wconf 81' lang='grc' dir='ltr'>ἀπὸ</span> <span class='ocrx_word' id='word_1_183' title='bbox 1635 3941 1864 4002; x_wconf 81' lang='grc' dir='ltr'>κτίσεως</span> 
     </span>
    </p>
   </div>
   <div class='ocr_carea' id='block_1_34' title="bbox 283 4025 1864 4104">
    <p class='ocr_par' dir='ltr' id='par_1_34' title="bbox 283 4025 1864 4104">
     <span class='ocr_line' id='line_1_34' title="bbox 283 4025 1864 4104; baseline 0.001 -19"><span class='ocrx_word' id='word_1_184' title='bbox 283 4025 512 4102; x_wconf 83' lang='grc' dir='ltr'>κόσμου,</span> <span class='ocrx_word' id='word_1_185' title='bbox 563 4033 680 4096; x_wconf 83' lang='grc' dir='ltr'>τοῖς</span> <span class='ocrx_word' id='word_1_186' title='bbox 713 4031 983 4104; x_wconf 86' lang='grc' dir='ltr'>ποιήμασι</span> <span class='ocrx_word' id='word_1_187' title='bbox 1016 4032 1304 4104; x_wconf 82' lang='grc' dir='ltr'>νοούμενα,</span> <span class='ocrx_word' id='word_1_188' title='bbox 1353 4033 1655 4104; x_wconf 82' lang='grc' dir='ltr'>καθορᾶται</span> <span class='ocrx_word' id='word_1_189' title='bbox 1681 4049 1728 4086; x_wconf 74' lang='grc' dir='ltr'>ο»</span> <span class='ocrx_word' id='word_1_190' title='bbox 1773 4029 1864 4088; x_wconf 69' lang='grc' dir='ltr'>οἷα</span> 
     </span>
    </p>
   </div>
   <div class='ocr_carea' id='block_1_35' title="bbox 279 4107 1865 4205">
    <p class='ocr_par' dir='ltr' id='par_1_35' title="bbox 279 4107 1865 4205">
     <span class='ocr_line' id='line_1_35' title="bbox 279 4107 1865 4205; baseline 0.001 -27"><span class='ocrx_word' id='word_1_191' title='bbox 279 4123 392 4178; x_wconf 84' lang='grc' dir='ltr'><strong>τῶν</strong></span> <span class='ocrx_word' id='word_1_192' title='bbox 423 4107 684 4179; x_wconf 82' lang='grc' dir='ltr'>τοιούτων</span> <span class='ocrx_word' id='word_1_193' title='bbox 715 4123 913 4194; x_wconf 87' lang='grc' dir='ltr'>λόγων,</span> <span class='ocrx_word' id='word_1_194' title='bbox 947 4125 1135 4198; x_wconf 73' lang='grc' dir='ltr'>ἕτερον</span> <span class='ocrx_word' id='word_1_195' title='bbox 1187 4127 1286 4197; x_wconf 82' lang='grc' dir='ltr'>μὲν</span> <span class='ocrx_word' id='word_1_196' title='bbox 1325 4127 1468 4181; x_wconf 85' lang='grc' dir='ltr'><strong>κατά</strong></span> <span class='ocrx_word' id='word_1_197' title='bbox 1501 4127 1560 4180; x_wconf 86' lang='grc' dir='ltr'>τὸ</span> <span class='ocrx_word' id='word_1_198' title='bbox 1601 4127 1865 4205; x_wconf 82' lang='grc' dir='ltr'>φαινόμε-</span> 
     </span>
    </p>
   </div>
   <div class='ocr_carea' id='block_1_36' title="bbox 281 4217 1862 4292">
    <p class='ocr_par' dir='ltr' id='par_1_36' title="bbox 281 4217 1862 4292">
     <span class='ocr_line' id='line_1_36' title="bbox 281 4217 1862 4292; baseline 0 -18"><span class='ocrx_word' id='word_1_199' title='bbox 281 4235 394 4282; x_wconf 89' lang='grc' dir='ltr'>νον,</span> <span class='ocrx_word' id='word_1_200' title='bbox 437 4217 627 4290; x_wconf 72' lang='grc' dir='ltr'>ἓτερον</span> <span class='ocrx_word' id='word_1_201' title='bbox 683 4217 741 4272; x_wconf 83' lang='grc' dir='ltr'>δὲ</span> <span class='ocrx_word' id='word_1_202' title='bbox 770 4219 914 4274; x_wconf 85' lang='grc' dir='ltr'><strong>κατά</strong></span> <span class='ocrx_word' id='word_1_203' title='bbox 959 4219 1020 4274; x_wconf 84' lang='grc' dir='ltr'>τὸ</span> <span class='ocrx_word' id='word_1_204' title='bbox 1051 4219 1340 4292; x_wconf 86' lang='grc' dir='ltr'>νοούμενον</span> <span class='ocrx_word' id='word_1_205' title='bbox 1371 4221 1826 4290; x_wconf 79' lang='grc' dir='ltr'>ἀπαγγελλόντων</span> <span class='ocrx_word' id='word_1_206' title='bbox 1847 4239 1862 4252; x_wconf 73' lang='grc' dir='ltr'><strong>ο</strong></span> 
     </span>
    </p>
   </div>
   <div class='ocr_carea' id='block_1_37' title="bbox 282 4303 1866 4385">
    <p class='ocr_par' dir='ltr' id='par_1_37' title="bbox 282 4303 1866 4385">
     <span class='ocr_line' id='line_1_37' title="bbox 282 4303 1866 4385; baseline 0.004 -25"><span class='ocrx_word' id='word_1_207' title='bbox 282 4308 394 4364; x_wconf 76' lang='grc' dir='ltr'>εἰσὶ</span> <span class='ocrx_word' id='word_1_208' title='bbox 419 4310 474 4364; x_wconf 74' lang='grc' dir='ltr'>δὲ</span> <span class='ocrx_word' id='word_1_209' title='bbox 522 4303 667 4364; x_wconf 76' lang='grc' dir='ltr'>οὗτοι</span> <span class='ocrx_word' id='word_1_210' title='bbox 704 4312 755 4364; x_wconf 81' lang='grc' dir='ltr'>οἱ</span> <span class='ocrx_word' id='word_1_211' title='bbox 781 4311 929 4382; x_wconf 83' lang='grc' dir='ltr'>λόγοι</span> <span class='ocrx_word' id='word_1_212' title='bbox 975 4311 1070 4366; x_wconf 86' lang='grc' dir='ltr'><strong>τοῦ</strong></span> <span class='ocrx_word' id='word_1_213' title='bbox 1112 4312 1178 4366; x_wconf 81' lang='grc' dir='ltr'>δι’</span> <span class='ocrx_word' id='word_1_214' title='bbox 1234 4313 1414 4366; x_wconf 79' lang='grc' dir='ltr'>αὐτῶν</span> <span class='ocrx_word' id='word_1_215' title='bbox 1462 4313 1866 4385; x_wconf 74' lang='grc' dir='ltr'>ἐπιχειροῦντος</span> 
     </span>
    </p>
   </div>
   <div class='ocr_carea' id='block_1_38' title="bbox 284 4397 1866 4472">
    <p class='ocr_par' dir='ltr' id='par_1_38' title="bbox 284 4397 1866 4472">
     <span class='ocr_line' id='line_1_38' title="bbox 284 4397 1866 4472; baseline 0.001 -20"><span class='ocrx_word' id='word_1_216' title='bbox 284 4397 589 4472; x_wconf 73' lang='grc' dir='ltr'>εἰρηνεύειν</span> <span class='ocrx_word' id='word_1_217' title='bbox 618 4401 765 4471; x_wconf 80' lang='grc' dir='ltr'>ἡμᾶς</span> <span class='ocrx_word' id='word_1_218' title='bbox 797 4401 934 4472; x_wconf 89' lang='grc' dir='ltr'>πρός</span> <span class='ocrx_word' id='word_1_219' title='bbox 959 4418 1018 4454; x_wconf 89' lang='grc' dir='ltr'><strong>τε</strong></span> <span class='ocrx_word' id='word_1_220' title='bbox 1053 4402 1279 4464; x_wconf 75' lang='grc' dir='ltr'>ἑαυτοὺς</span> <span class='ocrx_word' id='word_1_221' title='bbox 1327 4404 1420 4456; x_wconf 68' lang='grc' dir='ltr'>καὶ</span> <span class='ocrx_word' id='word_1_222' title='bbox 1457 4403 1724 4471; x_wconf 81' lang='grc' dir='ltr'>ἀγγέλους</span> <span class='ocrx_word' id='word_1_223' title='bbox 1772 4402 1866 4455; x_wconf 79' lang='grc' dir='ltr'>καὶ</span> 
     </span>
    </p>
   </div>
   <div class='ocr_carea' id='block_1_39' title="bbox 284 4490 1864 4565">
    <p class='ocr_par' dir='ltr' id='par_1_39' title="bbox 284 4490 1864 4565">
     <span class='ocr_line' id='line_1_39' title="bbox 284 4490 1864 4565; baseline 0.001 -19"><span class='ocrx_word' id='word_1_224' title='bbox 284 4491 378 4546; x_wconf 84' lang='grc' dir='ltr'>τὸν</span> <span class='ocrx_word' id='word_1_225' title='bbox 423 4490 584 4558; x_wconf 70' lang='grc' dir='ltr'>Θεὸν,</span> <span class='ocrx_word' id='word_1_226' title='bbox 628 4492 977 4563; x_wconf 85' lang='grc' dir='ltr'>Σολομῶντος</span> <span class='ocrx_word' id='word_1_227' title='bbox 1011 4493 1356 4565; x_wconf 75' lang='grc' dir='ltr'>(εἰρηνικὸς</span> <span class='ocrx_word' id='word_1_228' title='bbox 1389 4495 1497 4564; x_wconf 79' lang='grc' dir='ltr'>γὰρ</span> <span class='ocrx_word' id='word_1_229' title='bbox 1543 4497 1572 4548; x_wconf 84' lang='grc' dir='ltr'><strong>ὁ</strong></span> <span class='ocrx_word' id='word_1_230' title='bbox 1612 4493 1864 4565; x_wconf 85' lang='grc' dir='ltr'>Σολομὼν</span> 
     </span>
    </p>
   </div>
   <div class='ocr_carea' id='block_1_40' title="bbox 283 4583 1862 4658">
    <p class='ocr_par' dir='ltr' id='par_1_40' title="bbox 283 4583 1862 4658">
     <span class='ocr_line' id='line_1_40' title="bbox 283 4583 1862 4658; baseline 0 -20"><span class='ocrx_word' id='word_1_231' title='bbox 283 4583 968 4658; x_wconf 73' lang='grc' dir='ltr'>ἑρμηνεύεται),λαϐόντος</span> <span class='ocrx_word' id='word_1_232' title='bbox 993 4587 1144 4656; x_wconf 78' lang='grc' dir='ltr'>παρὰ</span> <span class='ocrx_word' id='word_1_233' title='bbox 1166 4586 1303 4640; x_wconf 81' lang='grc' dir='ltr'>θεοῦ</span> <span class='ocrx_word' id='word_1_234' title='bbox 1328 4583 1519 4655; x_wconf 75' lang='grc' dir='ltr'>σοφίαν</span> <span class='ocrx_word' id='word_1_235' title='bbox 1538 4586 1631 4640; x_wconf 80' lang='grc' dir='ltr'>καὶ</span> <span class='ocrx_word' id='word_1_236' title='bbox 1658 4587 1862 4658; x_wconf 79' lang='grc' dir='ltr'>φρόνη-</span> 
     </span>
    </p>
   </div>
   <div class='ocr_carea' id='block_1_41' title="bbox 287 4674 1934 4772">
    <p class='ocr_par' dir='ltr' id='par_1_41' title="bbox 287 4674 1934 4772">
     <span class='ocr_line' id='line_1_41' title="bbox 287 4674 1934 4772; baseline 0 -42"><span class='ocrx_word' id='word_1_237' title='bbox 287 4693 390 4740; x_wconf 89' lang='grc' dir='ltr'>σιν,</span> <span class='ocrx_word' id='word_1_238' title='bbox 427 4677 524 4732; x_wconf 72' lang='grc' dir='ltr'><strong>καὶ</strong></span> <span class='ocrx_word' id='word_1_239' title='bbox 553 4677 706 4740; x_wconf 73' lang='grc' dir='ltr'>ὄντος</span> <span class='ocrx_word' id='word_1_240' title='bbox 733 4674 853 4730; x_wconf 83' lang='grc' dir='ltr'>υἱοῦ</span> <span class='ocrx_word' id='word_1_241' title='bbox 887 4676 1069 4742; x_wconf 68' lang='grc' dir='ltr'>Δαὸὶδ,</span> <span class='ocrx_word' id='word_1_242' title='bbox 1115 4676 1210 4772; x_wconf 74' lang='grc' dir='ltr'><strong>τοῦ</strong></span> <span class='ocrx_word' id='word_1_243' title='bbox 1265 4681 1320 4732; x_wconf 82' lang='grc' dir='ltr'><strong>έν</strong></span> <span class='ocrx_word' id='word_1_244' title='bbox 1357 4677 1717 4749; x_wconf 82' lang='grc' dir='ltr'>Ἰερουσαλὴμ</span> <span class='ocrx_word' id='word_1_245' title='bbox 1767 4678 1862 4749; x_wconf 84' lang='grc' dir='ltr'><strong>βα-</strong></span> <span class='ocrx_word' id='word_1_246' title='bbox 1893 4715 1934 4772; x_wconf 75' lang='lat' dir='ltr'>c</span> 
     </span>
    </p>
   </div>
   <div class='ocr_carea' id='block_1_42' title="bbox 285 4764 1863 4841">
    <p class='ocr_par' dir='ltr' id='par_1_42' title="bbox 285 4764 1863 4841">
     <span class='ocr_line' id='line_1_42' title="bbox 285 4764 1863 4841; baseline 0.001 -19"><span class='ocrx_word' id='word_1_247' title='bbox 285 4767 633 4832; x_wconf 62' lang='grc' dir='ltr'>σιλεύσαιτος</span> <span class='ocrx_word' id='word_1_248' title='bbox 657 4784 673 4800; x_wconf 76' lang='grc' dir='ltr'><strong>ο</strong></span> <span class='ocrx_word' id='word_1_249' title='bbox 713 4766 1040 4839; x_wconf 83' lang='grc' dir='ltr'>ὲξετέθησαν</span> <span class='ocrx_word' id='word_1_250' title='bbox 1062 4767 1108 4822; x_wconf 75' lang='grc' dir='ltr'>δ’</span> <span class='ocrx_word' id='word_1_251' title='bbox 1153 4764 1298 4824; x_wconf 80' lang='grc' dir='ltr'>οῦτοι</span> <span class='ocrx_word' id='word_1_252' title='bbox 1341 4771 1472 4841; x_wconf 79' lang='grc' dir='ltr'>παρ’</span> <span class='ocrx_word' id='word_1_253' title='bbox 1505 4769 1695 4834; x_wconf 84' lang='grc' dir='ltr'>αὐτοῦ,</span> <span class='ocrx_word' id='word_1_254' title='bbox 1723 4769 1863 4824; x_wconf 82' lang='grc' dir='ltr'>ὥστε</span> 
     </span>
    </p>
   </div>
   <div class='ocr_carea' id='block_1_43' title="bbox 281 4847 1889 4930">
    <p class='ocr_par' dir='ltr' id='par_1_43' title="bbox 281 4855 1712 4930">
     <span class='ocr_line' id='line_1_43' title="bbox 281 4855 1712 4930; baseline 0.002 -19"><span class='ocrx_word' id='word_1_255' title='bbox 281 4860 377 4914; x_wconf 85' lang='grc' dir='ltr'><strong>τδν</strong></span> <span class='ocrx_word' id='word_1_256' title='bbox 401 4859 627 4923; x_wconf 86' lang='grc' dir='ltr'>τούτους</span> <span class='ocrx_word' id='word_1_257' title='bbox 663 4861 1025 4930; x_wconf 81' lang='grc' dir='ltr'>μανθάνοντα,</span> <span class='ocrx_word' id='word_1_258' title='bbox 1708 4855 1712 4858; x_wconf 6' lang='grc' dir='ltr'><strong>ἢ</strong></span> 
     </span>
    </p>
   </div>
   <div class='ocr_carea' id='block_1_44' title="bbox 357 4948 1873 5024">
    <p class='ocr_par' dir='ltr' id='par_1_44' title="bbox 357 4948 1873 5024">
     <span class='ocr_line' id='line_1_44' title="bbox 357 4948 1873 5024; baseline -0.003 -15"><span class='ocrx_word' id='word_1_259' title='bbox 357 4951 425 5024; x_wconf 82' lang='grc' dir='ltr'><strong>β’.</strong></span> <span class='ocrx_word' id='word_1_260' title='bbox 479 4950 716 5007; x_wconf 79' lang='grc' dir='ltr'>Γνῶναι</span> <span class='ocrx_word' id='word_1_261' title='bbox 757 4951 1007 5020; x_wconf 69' lang='grc' dir='ltr'>σοφίαν,</span> <span class='ocrx_word' id='word_1_262' title='bbox 1061 4949 1163 5004; x_wconf 79' lang='grc' dir='ltr'>καὶ</span> <span class='ocrx_word' id='word_1_263' title='bbox 1203 4950 1500 5014; x_wconf 79' lang='grc' dir='ltr'>παιδείαν,</span> <span class='ocrx_word' id='word_1_264' title='bbox 1543 4948 1768 5019; x_wconf 72' lang='grc' dir='ltr'>νοῆσαί</span> <span class='ocrx_word' id='word_1_265' title='bbox 1810 4968 1873 5004; x_wconf 87' lang='grc' dir='ltr'><strong>τε</strong></span> 
     </span>
    </p>
   </div>
   <div class='ocr_carea' id='block_1_45' title="bbox 284 5043 1874 5116">
    <p class='ocr_par' dir='ltr' id='par_1_45' title="bbox 284 5043 1874 5116">
     <span class='ocr_line' id='line_1_45' title="bbox 284 5043 1874 5116; baseline -0.002 -16"><span class='ocrx_word' id='word_1_266' title='bbox 284 5048 510 5116; x_wconf 69' lang='grc' dir='ltr'>λόγους</span> <span class='ocrx_word' id='word_1_267' title='bbox 553 5044 926 5116; x_wconf 77' lang='grc' dir='ltr'>φρονήσεως.</span> <span class='ocrx_word' id='word_1_268' title='bbox 986 5044 1314 5113; x_wconf 86' lang='grc' dir='ltr'>Ἐπιγνῶναι</span> <span class='ocrx_word' id='word_1_269' title='bbox 1377 5043 1573 5114; x_wconf 81' lang='grc' dir='ltr'>σοφίαν</span> <span class='ocrx_word' id='word_1_270' title='bbox 1617 5061 1698 5108; x_wconf 84' lang='grc' dir='ltr'><strong>τε,</strong></span> <span class='ocrx_word' id='word_1_271' title='bbox 1753 5045 1874 5114; x_wconf 75' lang='grc' dir='ltr'>ἥτις</span> 
     </span>
    </p>
   </div>
   <div class='ocr_carea' id='block_1_46' title="bbox 286 5133 1873 5208">
    <p class='ocr_par' dir='ltr' id='par_1_46' title="bbox 286 5133 1873 5208">
     <span class='ocr_line' id='line_1_46' title="bbox 286 5133 1873 5208; baseline 0.001 -20"><span class='ocrx_word' id='word_1_272' title='bbox 286 5136 437 5190; x_wconf 63' lang='grc' dir='ltr'>ἔστὶν</span> <span class='ocrx_word' id='word_1_273' title='bbox 465 5137 744 5208; x_wconf 79' lang='grc' dir='ltr'>ἐπιστήμη</span> <span class='ocrx_word' id='word_1_274' title='bbox 797 5133 958 5188; x_wconf 85' lang='grc' dir='ltr'>θείων</span> <span class='ocrx_word' id='word_1_275' title='bbox 987 5151 1048 5188; x_wconf 87' lang='grc' dir='ltr'><strong>τε</strong></span> <span class='ocrx_word' id='word_1_276' title='bbox 1087 5135 1181 5188; x_wconf 74' lang='grc' dir='ltr'>καὶ</span> <span class='ocrx_word' id='word_1_277' title='bbox 1227 5133 1588 5206; x_wconf 84' lang='grc' dir='ltr'>ἀνθρωπίνων</span> <span class='ocrx_word' id='word_1_278' title='bbox 1612 5135 1873 5204; x_wconf 68' lang='grc' dir='ltr'>πραγμάε</span> 
     </span>
    </p>
   </div>
   <div class='ocr_carea' id='block_1_47' title="bbox 285 5226 1870 5300">
    <p class='ocr_par' dir='ltr' id='par_1_47' title="bbox 285 5226 1870 5300">
     <span class='ocr_line' id='line_1_47' title="bbox 285 5226 1870 5300; baseline 0.001 -18"><span class='ocrx_word' id='word_1_279' title='bbox 285 5244 434 5284; x_wconf 75' lang='grc' dir='ltr'>τωνο</span> <span class='ocrx_word' id='word_1_280' title='bbox 479 5231 574 5284; x_wconf 73' lang='grc' dir='ltr'>καὶ</span> <span class='ocrx_word' id='word_1_281' title='bbox 601 5227 875 5294; x_wconf 83' lang='grc' dir='ltr'>παιδείαν,</span> <span class='ocrx_word' id='word_1_282' title='bbox 927 5229 1054 5300; x_wconf 73' lang='grc' dir='ltr'>ἣτις</span> <span class='ocrx_word' id='word_1_283' title='bbox 1087 5229 1234 5282; x_wconf 72' lang='grc' dir='ltr'>ἐστὶν</span> <span class='ocrx_word' id='word_1_284' title='bbox 1295 5227 1570 5298; x_wconf 80' lang='grc' dir='ltr'>ὠφέλιμος</span> <span class='ocrx_word' id='word_1_285' title='bbox 1614 5229 1682 5298; x_wconf 78' lang='grc' dir='ltr'><strong>τῇ</strong></span> <span class='ocrx_word' id='word_1_286' title='bbox 1725 5226 1870 5298; x_wconf 77' lang='grc' dir='ltr'>ψυχῇ</span> 
     </span>
    </p>
   </div>
   <div class='ocr_carea' id='block_1_48' title="bbox 287 5316 1874 5388">
    <p class='ocr_par' dir='ltr' id='par_1_48' title="bbox 287 5316 1874 5388">
     <span class='ocr_line' id='line_1_48' title="bbox 287 5316 1874 5388; baseline -0.002 -16"><span class='ocrx_word' id='word_1_287' title='bbox 287 5317 501 5388; x_wconf 76' lang='grc' dir='ltr'>ἀγωγὴ,</span> <span class='ocrx_word' id='word_1_288' title='bbox 537 5319 812 5382; x_wconf 70' lang='grc' dir='ltr'>ἐπιπόνως</span> <span class='ocrx_word' id='word_1_289' title='bbox 840 5317 1103 5382; x_wconf 76' lang='grc' dir='ltr'>πολλάκις</span> <span class='ocrx_word' id='word_1_290' title='bbox 1129 5317 1239 5372; x_wconf 85' lang='grc' dir='ltr'><strong>τῶν</strong></span> <span class='ocrx_word' id='word_1_291' title='bbox 1271 5318 1380 5372; x_wconf 84' lang='grc' dir='ltr'>ἀπὸ</span> <span class='ocrx_word' id='word_1_292' title='bbox 1405 5319 1608 5382; x_wconf 82' lang='grc' dir='ltr'>κακίας</span> <span class='ocrx_word' id='word_1_293' title='bbox 1637 5316 1874 5388; x_wconf 85' lang='grc' dir='ltr'>κηλίδων</span> 
     </span>
    </p>
   </div>
   <div class='ocr_carea' id='block_1_49' title="bbox 288 5409 1872 5482">
    <p class='ocr_par' dir='ltr' id='par_1_49' title="bbox 288 5409 1872 5482">
     <span class='ocr_line' id='line_1_49' title="bbox 288 5409 1872 5482; baseline 0 -18"><span class='ocrx_word' id='word_1_294' title='bbox 288 5411 462 5482; x_wconf 68' lang='grc' dir='ltr'>αὐτὴν</span> <span class='ocrx_word' id='word_1_295' title='bbox 485 5409 906 5482; x_wconf 80' lang='grc' dir='ltr'>ἑκκαθαίρουσα·</span> <span class='ocrx_word' id='word_1_296' title='bbox 943 5409 1053 5464; x_wconf 58' lang='grc' dir='ltr'><strong>καῖ</strong></span> <span class='ocrx_word' id='word_1_297' title='bbox 1073 5410 1407 5466; x_wconf 76' lang='grc' dir='ltr'>καταλαϐεῖν</span> <span class='ocrx_word' id='word_1_298' title='bbox 1437 5411 1632 5480; x_wconf 79' lang='grc' dir='ltr'>λόγους</span> <span class='ocrx_word' id='word_1_299' title='bbox 1662 5410 1725 5463; x_wconf 81' lang='grc' dir='ltr'>τὸ</span> <span class='ocrx_word' id='word_1_300' title='bbox 1751 5426 1872 5464; x_wconf 83' lang='grc' dir='ltr'><strong>συν⁸</strong></span> 
     </span>
    </p>
   </div>
   <div class='ocr_carea' id='block_1_50' title="bbox 287 5499 904 5570">
    <p class='ocr_par' dir='ltr' id='par_1_50' title="bbox 287 5499 904 5570">
     <span class='ocr_line' id='line_1_50' title="bbox 287 5499 904 5570; baseline 0 -16"><span class='ocrx_word' id='word_1_301' title='bbox 287 5503 433 5554; x_wconf 83' lang='grc' dir='ltr'>οἶσον</span> <span class='ocrx_word' id='word_1_302' title='bbox 460 5499 904 5570; x_wconf 76' lang='grc' dir='ltr'>ὑποτιθεμένους.</span> 
     </span>
    </p>
   </div>
   <div class='ocr_carea' id='block_1_51' title="bbox 355 5591 1892 5666">
    <p class='ocr_par' dir='ltr' id='par_1_51' title="bbox 355 5591 1892 5666">
     <span class='ocr_line' id='line_1_51' title="bbox 355 5591 1892 5666; baseline 0.002 -20"><span class='ocrx_word' id='word_1_303' title='bbox 355 5599 426 5663; x_wconf 82' lang='grc' dir='ltr'><strong>γ’.</strong></span> <span class='ocrx_word' id='word_1_304' title='bbox 455 5591 750 5656; x_wconf 81' lang='grc' dir='ltr'>Δέξασθαι</span> <span class='ocrx_word' id='word_1_305' title='bbox 771 5609 838 5646; x_wconf 81' lang='grc' dir='ltr'><strong>τε</strong></span> <span class='ocrx_word' id='word_1_306' title='bbox 855 5594 1122 5665; x_wconf 67' lang='grc' dir='ltr'>στροφὰς</span> <span class='ocrx_word' id='word_1_307' title='bbox 1149 5595 1346 5666; x_wconf 71' lang='grc' dir='ltr'>λόγων</span> <span class='ocrx_word' id='word_1_308' title='bbox 1394 5595 1492 5649; x_wconf 71' lang='grc' dir='ltr'>καὶ</span> <span class='ocrx_word' id='word_1_309' title='bbox 1554 5595 1768 5662; x_wconf 68' lang='grc' dir='ltr'>,λύσεις</span> <span class='ocrx_word' id='word_1_310' title='bbox 1800 5597 1892 5649; x_wconf 80' lang='lat' dir='ltr'><strong>al-</strong></span> 
     </span>
    </p>
   </div>
   <div class='ocr_carea' id='block_1_52' title="bbox 361 5730 775 5802">
    <p class='ocr_par' dir='ltr' id='par_1_52' title="bbox 361 5730 775 5802">
     <span class='ocr_line' id='line_1_52' title="bbox 361 5730 775 5802; baseline 0 -12"><span class='ocrx_word' id='word_1_311' title='bbox 361 5735 379 5768; x_wconf 80' lang='grc'>³</span> <span class='ocrx_word' id='word_1_312' title='bbox 413 5732 572 5790; x_wconf 79' lang='lat' dir='ltr'><strong>Rom.</strong></span> <span class='ocrx_word' id='word_1_313' title='bbox 608 5748 650 5802; x_wconf 85' lang='lat' dir='ltr'><strong>t,</strong></span> <span class='ocrx_word' id='word_1_314' title='bbox 679 5730 775 5790; x_wconf 75' lang='grc'><strong>20.</strong></span> 
     </span>
    </p>
   </div>
   <div class='ocr_carea' id='block_1_53' title="bbox 2455 2019 3016 2082">
    <p class='ocr_par' dir='ltr' id='par_1_53' title="bbox 2455 2019 3016 2082">
     <span class='ocr_line' id='line_1_53' title="bbox 2455 2019 3016 2082; baseline 0.005 -3"><span class='ocrx_word' id='word_1_315' title='bbox 2455 2019 2686 2080; x_wconf 68' lang='lat' dir='ltr'><strong>CAPUT</strong></span> <span class='ocrx_word' id='word_1_316' title='bbox 2723 2022 3016 2082; x_wconf 74' lang='lat' dir='ltr'><strong>PRIMUM.</strong></span> 
     </span>
    </p>
   </div>
   <div class='ocr_carea' id='block_1_54' title="bbox 2039 2111 3550 2184">
    <p class='ocr_par' dir='ltr' id='par_1_54' title="bbox 2039 2111 3550 2184">
     <span class='ocr_line' id='line_1_54' title="bbox 2039 2111 3550 2184; baseline 0.009 -18"><span class='ocrx_word' id='word_1_317' title='bbox 2039 2111 2176 2168; x_wconf 80' lang='lat' dir='ltr'><strong>Cum</strong></span> <span class='ocrx_word' id='word_1_318' title='bbox 2212 2113 2266 2166; x_wconf 91' lang='lat' dir='ltr'><strong>in</strong></span> <span class='ocrx_word' id='word_1_319' title='bbox 2309 2115 2494 2170; x_wconf 85' lang='lat' dir='ltr'><strong>animo</strong></span> <span class='ocrx_word' id='word_1_320' title='bbox 2531 2125 2679 2171; x_wconf 85' lang='lat' dir='ltr'><strong>esset</strong></span> <span class='ocrx_word' id='word_1_321' title='bbox 2707 2117 3013 2184; x_wconf 85' lang='lat' dir='ltr'><strong>Salomoni,</strong></span> <span class='ocrx_word' id='word_1_322' title='bbox 3049 2125 3300 2175; x_wconf 87' lang='lat' dir='ltr'><strong>nostrum</strong></span> <span class='ocrx_word' id='word_1_323' title='bbox 3331 2121 3550 2179; x_wconf 79' lang='lat' dir='ltr'><strong>deside-</strong></span> 
     </span>
    </p>
   </div>
   <div class='ocr_carea' id='block_1_55' title="bbox 1968 2203 3551 2279">
    <p class='ocr_par' dir='ltr' id='par_1_55' title="bbox 1968 2203 3551 2279">
     <span class='ocr_line' id='line_1_55' title="bbox 1968 2203 3551 2279; baseline 0.008 -23"><span class='ocrx_word' id='word_1_324' title='bbox 1968 2203 2114 2257; x_wconf 91' lang='lat' dir='ltr'><strong>rium</strong></span> <span class='ocrx_word' id='word_1_325' title='bbox 2146 2219 2369 2259; x_wconf 77' lang='lat' dir='ltr'><strong>movere</strong></span> <span class='ocrx_word' id='word_1_326' title='bbox 2399 2206 2464 2258; x_wconf 84' lang='lat' dir='ltr'><strong>ad</strong></span> <span class='ocrx_word' id='word_1_327' title='bbox 2493 2205 2920 2261; x_wconf 86' lang='lat' dir='ltr'><strong>inenarrabilem</strong></span> <span class='ocrx_word' id='word_1_328' title='bbox 2955 2209 3430 2279; x_wconf 75' lang='lat' dir='ltr'><strong>pulchritudinem</strong></span> <span class='ocrx_word' id='word_1_329' title='bbox 3465 2213 3551 2270; x_wconf 86' lang='lat' dir='ltr'><strong>di-</strong></span> 
     </span>
    </p>
   </div>
   <div class='ocr_carea' id='block_1_56' title="bbox 1969 2293 3550 2371">
    <p class='ocr_par' dir='ltr' id='par_1_56' title="bbox 1969 2293 3550 2371">
     <span class='ocr_line' id='line_1_56' title="bbox 1969 2293 3550 2371; baseline 0.007 -24"><span class='ocrx_word' id='word_1_330' title='bbox 1969 2295 2079 2348; x_wconf 84' lang='lat' dir='ltr'><strong>vini</strong></span> <span class='ocrx_word' id='word_1_331' title='bbox 2117 2295 2254 2365; x_wconf 83' lang='lat' dir='ltr'><strong>typi,</strong></span> <span class='ocrx_word' id='word_1_332' title='bbox 2299 2296 2390 2366; x_wconf 88' lang='lat' dir='ltr'><strong>qui</strong></span> <span class='ocrx_word' id='word_1_333' title='bbox 2434 2304 2520 2350; x_wconf 88' lang='lat' dir='ltr'><strong>est</strong></span> <span class='ocrx_word' id='word_1_334' title='bbox 2549 2295 2644 2352; x_wconf 86' lang='lat' dir='ltr'><strong>Dei</strong></span> <span class='ocrx_word' id='word_1_335' title='bbox 2677 2313 2740 2351; x_wconf 89' lang='lat' dir='ltr'><strong>ac</strong></span> <span class='ocrx_word' id='word_1_336' title='bbox 2779 2297 2964 2354; x_wconf 85' lang='lat' dir='ltr'><strong>Patris</strong></span> <span class='ocrx_word' id='word_1_337' title='bbox 3019 2293 3338 2371; x_wconf 78' lang='lat' dir='ltr'><strong>unigenitus</strong></span> <span class='ocrx_word' id='word_1_338' title='bbox 3377 2303 3550 2358; x_wconf 81' lang='lat' dir='ltr'><strong>Filius</strong></span> 
     </span>
    </p>
   </div>
   <div class='ocr_carea' id='block_1_57' title="bbox 1968 2379 3554 2454">
    <p class='ocr_par' dir='ltr' id='par_1_57' title="bbox 1968 2379 3554 2454">
     <span class='ocr_line' id='line_1_57' title="bbox 1968 2379 3554 2454; baseline 0.005 -18"><span class='ocrx_word' id='word_1_339' title='bbox 1968 2391 2026 2436; x_wconf 88' lang='lat' dir='ltr'><strong>et</strong></span> <span class='ocrx_word' id='word_1_340' title='bbox 2054 2379 2324 2447; x_wconf 81' lang='lat' dir='ltr'><strong>Verbum,</strong></span> <span class='ocrx_word' id='word_1_341' title='bbox 2358 2383 2512 2437; x_wconf 90' lang='lat' dir='ltr'><strong>illius</strong></span> <span class='ocrx_word' id='word_1_342' title='bbox 2555 2400 2654 2454; x_wconf 88' lang='lat' dir='ltr'><strong>per</strong></span> <span class='ocrx_word' id='word_1_343' title='bbox 2685 2399 2744 2438; x_wconf 85' lang='lat' dir='ltr'><strong>se</strong></span> <span class='ocrx_word' id='word_1_344' title='bbox 2765 2385 3060 2442; x_wconf 80' lang='lat' dir='ltr'><strong>existenlis</strong></span> <span class='ocrx_word' id='word_1_345' title='bbox 3088 2388 3358 2444; x_wconf 72' lang='lat' dir='ltr'><strong>fortitudo</strong></span> <span class='ocrx_word' id='word_1_346' title='bbox 3377 2399 3432 2444; x_wconf 84' lang='lat' dir='ltr'><strong>et</strong></span> <span class='ocrx_word' id='word_1_347' title='bbox 3469 2404 3554 2446; x_wconf 82' lang='lat' dir='ltr'><strong>sa-</strong></span> 
     </span>
    </p>
   </div>
   <div class='ocr_carea' id='block_1_58' title="bbox 1967 2472 3550 2552">
    <p class='ocr_par' dir='ltr' id='par_1_58' title="bbox 1967 2472 3550 2552">
     <span class='ocr_line' id='line_1_58' title="bbox 1967 2472 3550 2552; baseline 0.008 -27"><span class='ocrx_word' id='word_1_348' title='bbox 1967 2472 2195 2542; x_wconf 87' lang='lat' dir='ltr'><strong>pientia,</strong></span> <span class='ocrx_word' id='word_1_349' title='bbox 2238 2488 2364 2543; x_wconf 67' lang='lat' dir='ltr'><strong>quae</strong></span> <span class='ocrx_word' id='word_1_350' title='bbox 2417 2473 2586 2529; x_wconf 82' lang='lat' dir='ltr'><strong>rebus</strong></span> <span class='ocrx_word' id='word_1_351' title='bbox 2626 2475 2939 2532; x_wconf 86' lang='lat' dir='ltr'><strong>visibilibus</strong></span> <span class='ocrx_word' id='word_1_352' title='bbox 2979 2487 3242 2550; x_wconf 84' lang='lat' dir='ltr'><strong>tanquam</strong></span> <span class='ocrx_word' id='word_1_353' title='bbox 3285 2481 3550 2552; x_wconf 87' lang='lat' dir='ltr'><strong>symbolis</strong></span> 
     </span>
    </p>
   </div>
   <div class='ocr_carea' id='block_1_59' title="bbox 1968 2565 3549 2640">
    <p class='ocr_par' dir='ltr' id='par_1_59' title="bbox 1968 2565 3549 2640">
     <span class='ocr_line' id='line_1_59' title="bbox 1968 2565 3549 2640; baseline 0.006 -24"><span class='ocrx_word' id='word_1_354' title='bbox 1968 2565 2359 2630; x_wconf 87' lang='lat' dir='ltr'><strong>annuntiatur,</strong></span> <span class='ocrx_word' id='word_1_355' title='bbox 2388 2578 2684 2620; x_wconf 79' lang='lat' dir='ltr'><strong>enumerat</strong></span> <span class='ocrx_word' id='word_1_356' title='bbox 2717 2568 2880 2624; x_wconf 81' lang='lat' dir='ltr'><strong>modo</strong></span> <span class='ocrx_word' id='word_1_357' title='bbox 2915 2573 3251 2640; x_wconf 74' lang='lat' dir='ltr'><strong>proverliiali</strong></span> <span class='ocrx_word' id='word_1_358' title='bbox 3282 2582 3549 2635; x_wconf 79' lang='lat' dir='ltr'><strong>venusta-</strong></span> 
     </span>
    </p>
   </div>
   <div class='ocr_carea' id='block_1_60' title="bbox 1969 2656 3549 2731">
    <p class='ocr_par' dir='ltr' id='par_1_60' title="bbox 1969 2656 3549 2731">
     <span class='ocr_line' id='line_1_60' title="bbox 1969 2656 3549 2731; baseline 0.006 -22"><span class='ocrx_word' id='word_1_359' title='bbox 1969 2665 2052 2712; x_wconf 86' lang='lat' dir='ltr'><strong>tes</strong></span> <span class='ocrx_word' id='word_1_360' title='bbox 2112 2656 2257 2727; x_wconf 83' lang='lat' dir='ltr'><strong>ejus,</strong></span> <span class='ocrx_word' id='word_1_361' title='bbox 2315 2673 2412 2727; x_wconf 87' lang='lat' dir='ltr'><strong>per</strong></span> <span class='ocrx_word' id='word_1_362' title='bbox 2460 2659 2682 2714; x_wconf 88' lang='lat' dir='ltr'><strong>modum</strong></span> <span class='ocrx_word' id='word_1_363' title='bbox 2721 2660 3174 2731; x_wconf 83' lang='lat' dir='ltr'><strong>introductinnis,</strong></span> <span class='ocrx_word' id='word_1_364' title='bbox 3215 2665 3549 2720; x_wconf 84' lang='lat' dir='ltr'><strong>desiderium</strong></span> 
     </span>
    </p>
   </div>
   <div class='ocr_carea' id='block_1_61' title="bbox 1967 2747 3550 2825">
    <p class='ocr_par' dir='ltr' id='par_1_61' title="bbox 1967 2747 3550 2825">
     <span class='ocr_line' id='line_1_61' title="bbox 1967 2747 3550 2825; baseline 0.008 -25"><span class='ocrx_word' id='word_1_365' title='bbox 1967 2747 2090 2817; x_wconf 82' lang='lat' dir='ltr'><strong>ejus</strong></span> <span class='ocrx_word' id='word_1_366' title='bbox 2121 2748 2216 2818; x_wconf 89' lang='lat' dir='ltr'><strong>qui</strong></span> <span class='ocrx_word' id='word_1_367' title='bbox 2249 2749 2432 2804; x_wconf 85' lang='lat' dir='ltr'><strong>adhuc</strong></span> <span class='ocrx_word' id='word_1_368' title='bbox 2473 2751 2780 2806; x_wconf 84' lang='lat' dir='ltr'><strong>secundum</strong></span> <span class='ocrx_word' id='word_1_369' title='bbox 2817 2754 3130 2810; x_wconf 87' lang='lat' dir='ltr'><strong>animamin</strong></span> <span class='ocrx_word' id='word_1_370' title='bbox 3156 2758 3390 2825; x_wconf 89' lang='lat' dir='ltr'><strong>pueritia</strong></span> <span class='ocrx_word' id='word_1_371' title='bbox 3421 2773 3550 2813; x_wconf 88' lang='lat' dir='ltr'><strong>ver-</strong></span> 
     </span>
    </p>
   </div>
   <div class='ocr_carea' id='block_1_62' title="bbox 1969 2839 3552 2917">
    <p class='ocr_par' dir='ltr' id='par_1_62' title="bbox 1969 2839 3552 2917">
     <span class='ocr_line' id='line_1_62' title="bbox 1969 2839 3552 2917; baseline 0.007 -24"><span class='ocrx_word' id='word_1_372' title='bbox 1969 2847 2152 2905; x_wconf 84' lang='lat' dir='ltr'><strong>satur,</strong></span> <span class='ocrx_word' id='word_1_373' title='bbox 2195 2839 2265 2892; x_wconf 87' lang='lat' dir='ltr'><strong>ad</strong></span> <span class='ocrx_word' id='word_1_374' title='bbox 2295 2855 2482 2894; x_wconf 82' lang='lat' dir='ltr'><strong>verum</strong></span> <span class='ocrx_word' id='word_1_375' title='bbox 2509 2852 2817 2897; x_wconf 82' lang='lat' dir='ltr'><strong>amatorem</strong></span> <span class='ocrx_word' id='word_1_376' title='bbox 2845 2845 3096 2912; x_wconf 76' lang='lat' dir='ltr'><strong>trahens,</strong></span> <span class='ocrx_word' id='word_1_377' title='bbox 3120 2849 3420 2917; x_wconf 68' lang='lat' dir='ltr'><strong>propositis</strong></span> <span class='ocrx_word' id='word_1_378' title='bbox 3453 2864 3552 2904; x_wconf 91' lang='lat' dir='ltr'><strong>no-</strong></span> 
     </span>
    </p>
   </div>
   <div class='ocr_carea' id='block_1_63' title="bbox 1966 2927 3551 3002">
    <p class='ocr_par' dir='ltr' id='par_1_63' title="bbox 1966 2927 3551 3002">
     <span class='ocr_line' id='line_1_63' title="bbox 1966 2927 3551 3002; baseline 0.006 -20"><span class='ocrx_word' id='word_1_379' title='bbox 1966 2927 2052 2984; x_wconf 70' lang='lat' dir='ltr'><strong>bis</strong></span> <span class='ocrx_word' id='word_1_380' title='bbox 2080 2929 2458 3000; x_wconf 76' lang='lat' dir='ltr'><strong>intelligentiae</strong></span> <span class='ocrx_word' id='word_1_381' title='bbox 2483 2933 2742 3000; x_wconf 83' lang='lat' dir='ltr'><strong>optandis</strong></span> <span class='ocrx_word' id='word_1_382' title='bbox 2771 2933 3018 3001; x_wconf 84' lang='lat' dir='ltr'><strong>gaudiis;</strong></span> <span class='ocrx_word' id='word_1_383' title='bbox 3053 2936 3340 2992; x_wconf 83' lang='lat' dir='ltr'><strong>amuenter</strong></span> <span class='ocrx_word' id='word_1_384' title='bbox 3365 2938 3551 3002; x_wconf 86' lang='lat' dir='ltr'><strong>docet,</strong></span> 
     </span>
    </p>
   </div>
   <div class='ocr_carea' id='block_1_64' title="bbox 1967 3020 3549 3098">
    <p class='ocr_par' dir='ltr' id='par_1_64' title="bbox 1967 3020 3549 3098">
     <span class='ocr_line' id='line_1_64' title="bbox 1967 3020 3549 3098; baseline 0.009 -28"><span class='ocrx_word' id='word_1_385' title='bbox 1967 3021 2144 3075; x_wconf 79' lang='lat' dir='ltr'><strong>rnalos</strong></span> <span class='ocrx_word' id='word_1_386' title='bbox 2193 3020 2485 3092; x_wconf 83' lang='lat' dir='ltr'><strong>corrigens</strong></span> <span class='ocrx_word' id='word_1_387' title='bbox 2545 3037 2751 3089; x_wconf 87' lang='lat' dir='ltr'><strong>mores,</strong></span> <span class='ocrx_word' id='word_1_388' title='bbox 2791 3031 2846 3078; x_wconf 90' lang='lat' dir='ltr'><strong>et</strong></span> <span class='ocrx_word' id='word_1_389' title='bbox 2886 3023 3097 3094; x_wconf 77' lang='lat' dir='ltr'><strong>agenda</strong></span> <span class='ocrx_word' id='word_1_390' title='bbox 3147 3042 3454 3098; x_wconf 86' lang='lat' dir='ltr'><strong>exponens,</strong></span> <span class='ocrx_word' id='word_1_391' title='bbox 3493 3037 3549 3084; x_wconf 78' lang='lat' dir='ltr'><strong>et</strong></span> 
     </span>
    </p>
   </div>
   <div class='ocr_carea' id='block_1_65' title="bbox 1969 3109 2804 3181">
    <p class='ocr_par' dir='ltr' id='par_1_65' title="bbox 1969 3109 2804 3181">
     <span class='ocr_line' id='line_1_65' title="bbox 1969 3109 2804 3181; baseline 0.006 -20"><span class='ocrx_word' id='word_1_392' title='bbox 1969 3109 2216 3178; x_wconf 86' lang='lat' dir='ltr'><strong>loquitur</strong></span> <span class='ocrx_word' id='word_1_393' title='bbox 2232 3111 2366 3164; x_wconf 90' lang='lat' dir='ltr'><strong>utin</strong></span> <span class='ocrx_word' id='word_1_394' title='bbox 2393 3109 2758 3181; x_wconf 84' lang='lat' dir='ltr'><strong>inscriptione</strong></span> <span class='ocrx_word' id='word_1_395' title='bbox 2791 3131 2804 3166; x_wconf 93' lang='lat'>:</span> 
     </span>
    </p>
   </div>
   <div class='ocr_carea' id='block_1_66' title="bbox 2037 3199 3549 3278">
    <p class='ocr_par' dir='ltr' id='par_1_66' title="bbox 2037 3199 3549 3278">
     <span class='ocr_line' id='line_1_66' title="bbox 2037 3199 3549 3278; baseline 0.007 -24"><span class='ocrx_word' id='word_1_396' title='bbox 2037 3199 2205 3256; x_wconf 78' lang='lat' dir='ltr'><strong>Vens.</strong></span> <span class='ocrx_word' id='word_1_397' title='bbox 2233 3201 2286 3256; x_wconf 73' lang='grc'><strong>1.</strong></span> <span class='ocrx_word' id='word_1_398' title='bbox 2315 3199 2600 3256; x_wconf 72' lang='lat' dir='ltr'><strong>Parabola:</strong></span> <span class='ocrx_word' id='word_1_399' title='bbox 2633 3201 2944 3259; x_wconf 72' lang='lat' dir='ltr'><strong>Saiomom‘s</strong></span> <span class='ocrx_word' id='word_1_400' title='bbox 2981 3206 3088 3276; x_wconf 79' lang='lat' dir='ltr'><strong>ﬁlii</strong></span> <span class='ocrx_word' id='word_1_401' title='bbox 3119 3207 3310 3273; x_wconf 82' lang='lat' dir='ltr'><strong>David,</strong></span> <span class='ocrx_word' id='word_1_402' title='bbox 3347 3209 3440 3278; x_wconf 87' lang='lat' dir='ltr'><strong>qui</strong></span> <span class='ocrx_word' id='word_1_403' title='bbox 3462 3225 3549 3264; x_wconf 86' lang='lat' dir='ltr'><strong>re-</strong></span> 
     </span>
    </p>
   </div>
   <div class='ocr_carea' id='block_1_67' title="bbox 1967 3290 3548 3368">
    <p class='ocr_par' dir='ltr' id='par_1_67' title="bbox 1967 3290 3548 3368">
     <span class='ocr_line' id='line_1_67' title="bbox 1967 3290 3548 3368; baseline 0.008 -24"><span class='ocrx_word' id='word_1_404' title='bbox 1967 3293 2145 3362; x_wconf 84' lang='lat' dir='ltr'><strong>gnavit</strong></span> <span class='ocrx_word' id='word_1_405' title='bbox 2198 3293 2253 3345; x_wconf 82' lang='lat' dir='ltr'><strong>in</strong></span> <span class='ocrx_word' id='word_1_406' title='bbox 2305 3290 2631 3349; x_wconf 76' lang='lat' dir='ltr'><strong>Jerusalem.</strong></span> <span class='ocrx_word' id='word_1_407' title='bbox 2687 3292 2890 3358; x_wconf 83' lang='lat' dir='ltr'><strong>Verba,</strong></span> <span class='ocrx_word' id='word_1_408' title='bbox 2934 3311 3034 3366; x_wconf 91' lang='lat' dir='ltr'><strong>pro</strong></span> <span class='ocrx_word' id='word_1_409' title='bbox 3088 3303 3206 3351; x_wconf 90' lang='lat' dir='ltr'><strong>toto</strong></span> <span class='ocrx_word' id='word_1_410' title='bbox 3263 3300 3548 3368; x_wconf 63' lang='lat' dir='ltr'><strong>praesentis</strong></span> 
     </span>
    </p>
   </div>
   <div class='ocr_carea' id='block_1_68' title="bbox 1969 3383 3546 3456">
    <p class='ocr_par' dir='ltr' id='par_1_68' title="bbox 1969 3383 3546 3456">
     <span class='ocr_line' id='line_1_68' title="bbox 1969 3383 3546 3456; baseline 0.004 -19"><span class='ocrx_word' id='word_1_411' title='bbox 1969 3386 2090 3438; x_wconf 67' lang='lat' dir='ltr'><strong>vitae</strong></span> <span class='ocrx_word' id='word_1_412' title='bbox 2113 3383 2395 3438; x_wconf 87' lang='lat' dir='ltr'><strong>curriculo</strong></span> <span class='ocrx_word' id='word_1_413' title='bbox 2421 3385 2600 3449; x_wconf 89' lang='lat' dir='ltr'><strong>utilia,</strong></span> <span class='ocrx_word' id='word_1_414' title='bbox 2632 3399 2744 3439; x_wconf 82' lang='lat' dir='ltr'><strong>non</strong></span> <span class='ocrx_word' id='word_1_415' title='bbox 2775 3387 2955 3441; x_wconf 89' lang='lat' dir='ltr'><strong>solum</strong></span> <span class='ocrx_word' id='word_1_416' title='bbox 2990 3389 3115 3456; x_wconf 89' lang='lat' dir='ltr'><strong>quia</strong></span> <span class='ocrx_word' id='word_1_417' title='bbox 3143 3399 3400 3444; x_wconf 87' lang='lat' dir='ltr'><strong>naturam</strong></span> <span class='ocrx_word' id='word_1_418' title='bbox 3450 3406 3546 3445; x_wconf 56' lang='lat' dir='ltr'><strong>nov</strong></span> 
     </span>
    </p>
   </div>
   <div class='ocr_carea' id='block_1_69' title="bbox 1969 3473 3545 3550">
    <p class='ocr_par' dir='ltr' id='par_1_69' title="bbox 1969 3473 3545 3550">
     <span class='ocr_line' id='line_1_69' title="bbox 1969 3473 3545 3550; baseline 0.004 -20"><span class='ocrx_word' id='word_1_419' title='bbox 1969 3483 2142 3530; x_wconf 87' lang='lat' dir='ltr'><strong>stram</strong></span> <span class='ocrx_word' id='word_1_420' title='bbox 2165 3473 2235 3528; x_wconf 88' lang='lat' dir='ltr'><strong>ad</strong></span> <span class='ocrx_word' id='word_1_421' title='bbox 2261 3475 2467 3529; x_wconf 84' lang='lat' dir='ltr'><strong>bonum</strong></span> <span class='ocrx_word' id='word_1_422' title='bbox 2501 3487 2692 3545; x_wconf 77' lang='lat' dir='ltr'><strong>agunt,</strong></span> <span class='ocrx_word' id='word_1_423' title='bbox 2723 3476 2820 3531; x_wconf 85' lang='lat' dir='ltr'><strong>sed</strong></span> <span class='ocrx_word' id='word_1_424' title='bbox 2848 3479 3014 3532; x_wconf 87' lang='lat' dir='ltr'><strong>etiam</strong></span> <span class='ocrx_word' id='word_1_425' title='bbox 3055 3481 3185 3550; x_wconf 86' lang='lat' dir='ltr'><strong>quia</strong></span> <span class='ocrx_word' id='word_1_426' title='bbox 3223 3496 3327 3536; x_wconf 84' lang='lat' dir='ltr'><strong>nos</strong></span> <span class='ocrx_word' id='word_1_427' title='bbox 3359 3481 3427 3536; x_wconf 86' lang='lat' dir='ltr'><strong>ad</strong></span> <span class='ocrx_word' id='word_1_428' title='bbox 3452 3498 3545 3536; x_wconf 89' lang='lat' dir='ltr'><strong>na-</strong></span> 
     </span>
    </p>
   </div>
   <div class='ocr_carea' id='block_1_70' title="bbox 1967 3564 3549 3641">
    <p class='ocr_par' dir='ltr' id='par_1_70' title="bbox 1967 3564 3549 3641">
     <span class='ocr_line' id='line_1_70' title="bbox 1967 3564 3549 3641; baseline 0.008 -25"><span class='ocrx_word' id='word_1_429' title='bbox 1967 3564 2204 3618; x_wconf 87' lang='lat' dir='ltr'><strong>turalem</strong></span> <span class='ocrx_word' id='word_1_430' title='bbox 2267 3565 2568 3620; x_wconf 85' lang='lat' dir='ltr'><strong>veritatum</strong></span> <span class='ocrx_word' id='word_1_431' title='bbox 2635 3566 2691 3620; x_wconf 92' lang='lat' dir='ltr'><strong>in</strong></span> <span class='ocrx_word' id='word_1_432' title='bbox 2734 3568 2934 3637; x_wconf 90' lang='lat' dir='ltr'><strong>spiritu</strong></span> <span class='ocrx_word' id='word_1_433' title='bbox 3027 3573 3549 3641; x_wconf 81' lang='lat' dir='ltr'><strong>contemplationem</strong></span> 
     </span>
    </p>
   </div>
   <div class='ocr_carea' id='block_1_71' title="bbox 1967 3661 3546 3736">
    <p class='ocr_par' dir='ltr' id='par_1_71' title="bbox 1967 3661 3546 3736">
     <span class='ocr_line' id='line_1_71' title="bbox 1967 3661 3546 3736; baseline 0.004 -20"><span class='ocrx_word' id='word_1_434' title='bbox 1967 3661 2344 3727; x_wconf 73' lang='lat' dir='ltr'><strong>conducunt;</strong></span> <span class='ocrx_word' id='word_1_435' title='bbox 2376 3677 2614 3732; x_wconf 87' lang='lat' dir='ltr'><strong>quarum</strong></span> <span class='ocrx_word' id='word_1_436' title='bbox 2661 3663 3234 3736; x_wconf 68' lang='lat' dir='ltr'><strong>manifestatioiiibus,</strong></span> <span class='ocrx_word' id='word_1_437' title='bbox 3282 3675 3546 3736; x_wconf 88' lang='lat' dir='ltr'><strong>tanquam</strong></span> 
     </span>
    </p>
   </div>
   <div class='ocr_carea' id='block_1_72' title="bbox 1958 3731 3548 3821">
    <p class='ocr_par' dir='ltr' id='par_1_72' title="bbox 1958 3731 3548 3821">
     <span class='ocr_line' id='line_1_72' title="bbox 1958 3731 3548 3821; baseline 0.005 -16"><span class='ocrx_word' id='word_1_438' title='bbox 1958 3750 2025 3805; x_wconf 84' lang='lat' dir='ltr'><strong>&#39;in</strong></span> <span class='ocrx_word' id='word_1_439' title='bbox 2069 3751 2316 3819; x_wconf 85' lang='lat' dir='ltr'><strong>speculis</strong></span> <span class='ocrx_word' id='word_1_440' title='bbox 2355 3731 2410 3806; x_wconf 86' lang='lat' dir='ltr'><strong>et</strong></span> <span class='ocrx_word' id='word_1_441' title='bbox 2457 3731 3017 3821; x_wconf 62' lang='lat' dir='ltr'><strong>aanigmatibus,‘Dei</strong></span> <span class='ocrx_word' id='word_1_442' title='bbox 3055 3755 3415 3812; x_wconf 85' lang='lat' dir='ltr'><strong>innotescunt</strong></span> <span class='ocrx_word' id='word_1_443' title='bbox 3451 3773 3548 3813; x_wconf 60' lang='lat' dir='ltr'><strong>vo-</strong></span> 
     </span>
    </p>
   </div>
   <div class='ocr_carea' id='block_1_73' title="bbox 1967 3842 3550 3920">
    <p class='ocr_par' dir='ltr' id='par_1_73' title="bbox 1967 3842 3550 3920">
     <span class='ocr_line' id='line_1_73' title="bbox 1967 3842 3550 3920; baseline 0.007 -24"><span class='ocrx_word' id='word_1_444' title='bbox 1967 3843 2217 3898; x_wconf 73' lang='lat' dir='ltr'><strong>luntates</strong></span> <span class='ocrx_word' id='word_1_445' title='bbox 2254 3851 2316 3897; x_wconf 90' lang='lat' dir='ltr'><strong>ut</strong></span> <span class='ocrx_word' id='word_1_446' title='bbox 2355 3842 2604 3898; x_wconf 85' lang='lat' dir='ltr'><strong>rationes</strong></span> <span class='ocrx_word' id='word_1_447' title='bbox 2635 3859 2844 3910; x_wconf 90' lang='lat' dir='ltr'><strong>rerum,</strong></span> <span class='ocrx_word' id='word_1_448' title='bbox 2897 3847 3208 3901; x_wconf 87' lang='lat' dir='ltr'><strong>secundum</strong></span> <span class='ocrx_word' id='word_1_449' title='bbox 3245 3864 3383 3920; x_wconf 88' lang='lat' dir='ltr'><strong>quas</strong></span> <span class='ocrx_word' id='word_1_450' title='bbox 3428 3865 3550 3906; x_wconf 85' lang='lat' dir='ltr'><strong>om-</strong></span> 
     </span>
    </p>
   </div>
   <div class='ocr_carea' id='block_1_74' title="bbox 1967 3933 3549 3998">
    <p class='ocr_par' dir='ltr' id='par_1_74' title="bbox 1967 3933 3549 3998">
     <span class='ocr_line' id='line_1_74' title="bbox 1967 3933 3549 3998; baseline 0.007 -10"><span class='ocrx_word' id='word_1_451' title='bbox 1967 3934 2058 3988; x_wconf 91' lang='lat' dir='ltr'><strong>nia</strong></span> <span class='ocrx_word' id='word_1_452' title='bbox 2092 3933 2238 3988; x_wconf 80' lang='lat' dir='ltr'><strong>lacta</strong></span> <span class='ocrx_word' id='word_1_453' title='bbox 2271 3942 2400 3989; x_wconf 88' lang='lat' dir='ltr'><strong>sunt</strong></span> <span class='ocrx_word' id='word_1_454' title='bbox 2434 3951 2449 3988; x_wconf 89' lang='lat'><strong>:</strong></span> <span class='ocrx_word' id='word_1_455' title='bbox 2487 3953 2506 3986; x_wconf 82' lang='grc' dir='ltr'><strong>ι</strong></span> <span class='ocrx_word' id='word_1_456' title='bbox 2547 3935 2856 3991; x_wconf 79' lang='lat' dir='ltr'><strong>lnvisibilia</strong></span> <span class='ocrx_word' id='word_1_457' title='bbox 2878 3938 3028 3992; x_wconf 81' lang='lat' dir='ltr'><strong>enim</strong></span> <span class='ocrx_word' id='word_1_458' title='bbox 3067 3937 3158 3994; x_wconf 92' lang='lat' dir='ltr'><strong>Dei</strong></span> <span class='ocrx_word' id='word_1_459' title='bbox 3194 3953 3224 3992; x_wconf 90' lang='lat' dir='ltr'><strong>a</strong></span> <span class='ocrx_word' id='word_1_460' title='bbox 3266 3944 3549 3998; x_wconf 85' lang='lat' dir='ltr'><strong>creatione</strong></span> 
     </span>
    </p>
   </div>
   <div class='ocr_carea' id='block_1_75' title="bbox 1965 4023 3586 4105">
    <p class='ocr_par' dir='ltr' id='par_1_75' title="bbox 1965 4023 3586 4105">
     <span class='ocr_line' id='line_1_75' title="bbox 1965 4023 3586 4105; baseline 0.007 -27"><span class='ocrx_word' id='word_1_461' title='bbox 1965 4023 2184 4087; x_wconf 89' lang='lat' dir='ltr'><strong>mundi,</strong></span> <span class='ocrx_word' id='word_1_462' title='bbox 2234 4025 2502 4094; x_wconf 89' lang='lat' dir='ltr'><strong>operibus</strong></span> <span class='ocrx_word' id='word_1_463' title='bbox 2554 4027 2841 4082; x_wconf 82' lang='lat' dir='ltr'><strong>intellecta</strong></span> <span class='ocrx_word' id='word_1_464' title='bbox 2889 4029 3245 4085; x_wconf 83' lang='lat' dir='ltr'><strong>declarantur</strong></span> <span class='ocrx_word' id='word_1_465' title='bbox 3273 4033 3340 4086; x_wconf 82' lang='grc' dir='ltr'>¹ι</span> <span class='ocrx_word' id='word_1_466' title='bbox 3385 4053 3404 4086; x_wconf 74' lang='grc' dir='ltr'><strong>ι</strong></span> <span class='ocrx_word' id='word_1_467' title='bbox 3451 4049 3586 4105; x_wconf 78' lang='lat' dir='ltr'><strong>per,</strong></span> 
     </span>
    </p>
   </div>
   <div class='ocr_carea' id='block_1_76' title="bbox 1968 4117 3545 4196">
    <p class='ocr_par' dir='ltr' id='par_1_76' title="bbox 1968 4117 3545 4196">
     <span class='ocr_line' id='line_1_76' title="bbox 1968 4117 3545 4196; baseline 0.006 -25"><span class='ocrx_word' id='word_1_468' title='bbox 1968 4119 2083 4172; x_wconf 81' lang='lat' dir='ltr'><strong>haec</strong></span> <span class='ocrx_word' id='word_1_469' title='bbox 2120 4117 2314 4180; x_wconf 85' lang='lat' dir='ltr'><strong>verba,</strong></span> <span class='ocrx_word' id='word_1_470' title='bbox 2347 4133 2496 4172; x_wconf 84' lang='lat' dir='ltr'><strong>Ill)th</strong></span> <span class='ocrx_word' id='word_1_471' title='bbox 2529 4119 2678 4172; x_wconf 87' lang='lat' dir='ltr'><strong>aliud</strong></span> <span class='ocrx_word' id='word_1_472' title='bbox 2718 4133 2788 4174; x_wconf 81' lang='lat' dir='ltr'><strong>ex</strong></span> <span class='ocrx_word' id='word_1_473' title='bbox 2830 4136 2898 4176; x_wconf 89' lang='lat' dir='ltr'><strong>eo</strong></span> <span class='ocrx_word' id='word_1_474' title='bbox 2939 4121 3088 4191; x_wconf 85' lang='lat' dir='ltr'><strong>quod</strong></span> <span class='ocrx_word' id='word_1_475' title='bbox 3130 4121 3268 4179; x_wconf 80' lang='lat' dir='ltr'><strong>foris</strong></span> <span class='ocrx_word' id='word_1_476' title='bbox 3295 4134 3545 4196; x_wconf 82' lang='lat' dir='ltr'><strong>apparet,</strong></span> 
     </span>
    </p>
   </div>
   <div class='ocr_carea' id='block_1_77' title="bbox 1967 4209 3546 4286">
    <p class='ocr_par' dir='ltr' id='par_1_77' title="bbox 1967 4209 3546 4286">
     <span class='ocr_line' id='line_1_77' title="bbox 1967 4209 3546 4286; baseline 0.005 -22"><span class='ocrx_word' id='word_1_477' title='bbox 1967 4225 2112 4264; x_wconf 88' lang='lat' dir='ltr'><strong>nunc</strong></span> <span class='ocrx_word' id='word_1_478' title='bbox 2140 4209 2293 4264; x_wconf 82' lang='lat' dir='ltr'><strong>aliud</strong></span> <span class='ocrx_word' id='word_1_479' title='bbox 2323 4225 2390 4265; x_wconf 83' lang='lat' dir='ltr'><strong>ex</strong></span> <span class='ocrx_word' id='word_1_480' title='bbox 2425 4225 2490 4265; x_wconf 90' lang='lat' dir='ltr'><strong>eo</strong></span> <span class='ocrx_word' id='word_1_481' title='bbox 2514 4211 2658 4280; x_wconf 86' lang='lat' dir='ltr'><strong>quod</strong></span> <span class='ocrx_word' id='word_1_482' title='bbox 2691 4212 3060 4282; x_wconf 78' lang='lat' dir='ltr'><strong>intelligentia</strong></span> <span class='ocrx_word' id='word_1_483' title='bbox 3102 4217 3339 4286; x_wconf 85' lang='lat' dir='ltr'><strong>capitur,</strong></span> <span class='ocrx_word' id='word_1_484' title='bbox 3369 4219 3546 4274; x_wconf 87' lang='lat' dir='ltr'><strong>deter-</strong></span> 
     </span>
    </p>
   </div>
   <div class='ocr_carea' id='block_1_78' title="bbox 1968 4298 3548 4374">
    <p class='ocr_par' dir='ltr' id='par_1_78' title="bbox 1968 4298 3548 4374">
     <span class='ocr_line' id='line_1_78' title="bbox 1968 4298 3548 4374; baseline 0.006 -20"><span class='ocrx_word' id='word_1_485' title='bbox 1968 4302 2230 4354; x_wconf 86' lang='lat' dir='ltr'><strong>minatur.</strong></span> <span class='ocrx_word' id='word_1_486' title='bbox 2267 4298 2408 4356; x_wconf 80' lang='lat' dir='ltr'><strong>Ecce</strong></span> <span class='ocrx_word' id='word_1_487' title='bbox 2437 4317 2569 4372; x_wconf 79' lang='lat' dir='ltr'><strong>ergo</strong></span> <span class='ocrx_word' id='word_1_488' title='bbox 2607 4301 2800 4366; x_wconf 79' lang='lat' dir='ltr'><strong>verba,</strong></span> <span class='ocrx_word' id='word_1_489' title='bbox 2849 4304 3055 4374; x_wconf 84' lang='lat' dir='ltr'><strong>quibus</strong></span> <span class='ocrx_word' id='word_1_490' title='bbox 3085 4316 3321 4361; x_wconf 88' lang='lat' dir='ltr'><strong>conatur</strong></span> <span class='ocrx_word' id='word_1_491' title='bbox 3354 4325 3452 4364; x_wconf 88' lang='lat' dir='ltr'><strong>nos</strong></span> <span class='ocrx_word' id='word_1_492' title='bbox 3481 4311 3548 4363; x_wconf 82' lang='lat' dir='ltr'><strong>ad</strong></span> 
     </span>
    </p>
   </div>
   <div class='ocr_carea' id='block_1_79' title="bbox 1968 4393 3550 4468">
    <p class='ocr_par' dir='ltr' id='par_1_79' title="bbox 1968 4393 3550 4468">
     <span class='ocr_line' id='line_1_79' title="bbox 1968 4393 3550 4468; baseline 0.006 -25"><span class='ocrx_word' id='word_1_493' title='bbox 1968 4404 2154 4460; x_wconf 90' lang='lat' dir='ltr'><strong>pacem</strong></span> <span class='ocrx_word' id='word_1_494' title='bbox 2187 4400 2242 4444; x_wconf 89' lang='lat' dir='ltr'><strong>et</strong></span> <span class='ocrx_word' id='word_1_495' title='bbox 2285 4407 2412 4445; x_wconf 90' lang='lat' dir='ltr'><strong>cum</strong></span> <span class='ocrx_word' id='word_1_496' title='bbox 2455 4393 2874 4462; x_wconf 86' lang='lat' dir='ltr'><strong>nobismetipsis</strong></span> <span class='ocrx_word' id='word_1_497' title='bbox 2902 4435 2918 4462; x_wconf 89' lang='lat'><strong>,</strong></span> <span class='ocrx_word' id='word_1_498' title='bbox 2973 4403 3028 4450; x_wconf 88' lang='lat' dir='ltr'><strong>et</strong></span> <span class='ocrx_word' id='word_1_499' title='bbox 3072 4410 3196 4450; x_wconf 88' lang='lat' dir='ltr'><strong>cum</strong></span> <span class='ocrx_word' id='word_1_500' title='bbox 3227 4399 3464 4468; x_wconf 81' lang='lat' dir='ltr'><strong>angelis,</strong></span> <span class='ocrx_word' id='word_1_501' title='bbox 3494 4413 3550 4458; x_wconf 83' lang='lat' dir='ltr'><strong>et</strong></span> 
     </span>
    </p>
   </div>
   <div class='ocr_carea' id='block_1_80' title="bbox 1966 4480 3549 4556">
    <p class='ocr_par' dir='ltr' id='par_1_80' title="bbox 1966 4480 3549 4556">
     <span class='ocr_line' id='line_1_80' title="bbox 1966 4480 3549 4556; baseline 0.008 -20"><span class='ocrx_word' id='word_1_502' title='bbox 1966 4497 2092 4536; x_wconf 86' lang='lat' dir='ltr'><strong>cum</strong></span> <span class='ocrx_word' id='word_1_503' title='bbox 2146 4480 2254 4536; x_wconf 90' lang='lat' dir='ltr'><strong>Deo</strong></span> <span class='ocrx_word' id='word_1_504' title='bbox 2303 4481 2598 4549; x_wconf 87' lang='lat' dir='ltr'><strong>adducere,</strong></span> <span class='ocrx_word' id='word_1_505' title='bbox 2631 4483 2888 4540; x_wconf 86' lang='lat' dir='ltr'><strong>Salomon</strong></span> <span class='ocrx_word' id='word_1_506' title='bbox 2929 4484 3222 4556; x_wconf 74' lang='lat' dir='ltr'><strong>(Paciﬁcas</strong></span> <span class='ocrx_word' id='word_1_507' title='bbox 3265 4491 3411 4544; x_wconf 88' lang='lat' dir='ltr'><strong>enim</strong></span> <span class='ocrx_word' id='word_1_508' title='bbox 3447 4488 3549 4549; x_wconf 81' lang='lat' dir='ltr'><strong>Sa-</strong></span> 
     </span>
    </p>
   </div>
   <div class='ocr_carea' id='block_1_81' title="bbox 1967 4574 3546 4652">
    <p class='ocr_par' dir='ltr' id='par_1_81' title="bbox 1967 4574 3546 4652">
     <span class='ocr_line' id='line_1_81' title="bbox 1967 4574 3546 4652; baseline 0.008 -25"><span class='ocrx_word' id='word_1_509' title='bbox 1967 4574 2151 4630; x_wconf 90' lang='lat' dir='ltr'><strong>lomon</strong></span> <span class='ocrx_word' id='word_1_510' title='bbox 2178 4575 2626 4648; x_wconf 83' lang='lat' dir='ltr'><strong>interpretatur),</strong></span> <span class='ocrx_word' id='word_1_511' title='bbox 2657 4576 2750 4648; x_wconf 89' lang='lat' dir='ltr'><strong>qui</strong></span> <span class='ocrx_word' id='word_1_512' title='bbox 2777 4581 2993 4648; x_wconf 89' lang='lat' dir='ltr'><strong>accepit</strong></span> <span class='ocrx_word' id='word_1_513' title='bbox 3021 4593 3050 4632; x_wconf 87' lang='lat' dir='ltr'><strong>a</strong></span> <span class='ocrx_word' id='word_1_514' title='bbox 3078 4578 3187 4635; x_wconf 89' lang='lat' dir='ltr'><strong>Deo</strong></span> <span class='ocrx_word' id='word_1_515' title='bbox 3221 4582 3546 4652; x_wconf 82' lang='lat' dir='ltr'><strong>sapientiam</strong></span> 
     </span>
    </p>
   </div>
   <div class='ocr_carea' id='block_1_82' title="bbox 1967 4667 3552 4746">
    <p class='ocr_par' dir='ltr' id='par_1_82' title="bbox 1967 4667 3552 4746">
     <span class='ocr_line' id='line_1_82' title="bbox 1967 4667 3552 4746; baseline 0.006 -24"><span class='ocrx_word' id='word_1_516' title='bbox 1967 4676 2022 4722; x_wconf 86' lang='lat' dir='ltr'><strong>et</strong></span> <span class='ocrx_word' id='word_1_517' title='bbox 2050 4667 2420 4737; x_wconf 88' lang='lat' dir='ltr'><strong>prudentiam,</strong></span> <span class='ocrx_word' id='word_1_518' title='bbox 2471 4667 2872 4740; x_wconf 78' lang='lat' dir='ltr'><strong>fuitque-[ilius</strong></span> <span class='ocrx_word' id='word_1_519' title='bbox 2934 4671 3131 4738; x_wconf 83' lang='lat' dir='ltr'><strong>David,</strong></span> <span class='ocrx_word' id='word_1_520' title='bbox 3159 4673 3257 4744; x_wconf 90' lang='lat' dir='ltr'><strong>qui</strong></span> <span class='ocrx_word' id='word_1_521' title='bbox 3300 4680 3552 4746; x_wconf 79' lang='lat' dir='ltr'><strong>regnavit</strong></span> 
     </span>
    </p>
   </div>
   <div class='ocr_carea' id='block_1_83' title="bbox 1970 4759 3550 4840">
    <p class='ocr_par' dir='ltr' id='par_1_83' title="bbox 1970 4759 3550 4840">
     <span class='ocr_line' id='line_1_83' title="bbox 1970 4759 3550 4840; baseline 0.008 -27"><span class='ocrx_word' id='word_1_522' title='bbox 1970 4760 2024 4814; x_wconf 88' lang='lat' dir='ltr'><strong>in</strong></span> <span class='ocrx_word' id='word_1_523' title='bbox 2050 4759 2357 4815; x_wconf 73' lang='lat' dir='ltr'><strong>Jerusalem</strong></span> <span class='ocrx_word' id='word_1_524' title='bbox 2389 4779 2403 4816; x_wconf 88' lang='lat'><strong>:</strong></span> <span class='ocrx_word' id='word_1_525' title='bbox 2436 4777 2558 4833; x_wconf 76' lang='lat' dir='ltr'><strong>qua:</strong></span> <span class='ocrx_word' id='word_1_526' title='bbox 2590 4765 2862 4834; x_wconf 82' lang='lat' dir='ltr'><strong>explicata</strong></span> <span class='ocrx_word' id='word_1_527' title='bbox 2896 4764 3052 4822; x_wconf 80' lang='lat' dir='ltr'><strong>fuere</strong></span> <span class='ocrx_word' id='word_1_528' title='bbox 3073 4766 3143 4821; x_wconf 88' lang='lat' dir='ltr'><strong>ab</strong></span> <span class='ocrx_word' id='word_1_529' title='bbox 3163 4781 3252 4834; x_wconf 88' lang='lat' dir='ltr'><strong>eo,</strong></span> <span class='ocrx_word' id='word_1_530' title='bbox 3287 4777 3550 4840; x_wconf 87' lang='lat' dir='ltr'><strong>tanquam</strong></span> 
     </span>
    </p>
   </div>
   <div class='ocr_carea' id='block_1_84' title="bbox 1969 4854 2357 4920">
    <p class='ocr_par' dir='ltr' id='par_1_84' title="bbox 1969 4854 2357 4920">
     <span class='ocr_line' id='line_1_84' title="bbox 1969 4854 2357 4920; baseline 0 -12"><span class='ocrx_word' id='word_1_531' title='bbox 1969 4869 2064 4908; x_wconf 82' lang='lat' dir='ltr'><strong>cos</strong></span> <span class='ocrx_word' id='word_1_532' title='bbox 2099 4854 2357 4920; x_wconf 84' lang='lat' dir='ltr'><strong>docente,</strong></span> 
     </span>
    </p>
   </div>
   <div class='ocr_carea' id='block_1_85' title="bbox 2035 4947 3551 5024">
    <p class='ocr_par' dir='ltr' id='par_1_85' title="bbox 2035 4947 3551 5024">
     <span class='ocr_line' id='line_1_85' title="bbox 2035 4947 3551 5024; baseline 0.005 -24"><span class='ocrx_word' id='word_1_533' title='bbox 2035 4947 2213 5009; x_wconf 64' lang='lat' dir='ltr'><strong>Usus.</strong></span> <span class='ocrx_word' id='word_1_534' title='bbox 2235 4947 2292 5000; x_wconf 70' lang='grc' dir='ltr'><strong>εὶ.</strong></span> <span class='ocrx_word' id='word_1_535' title='bbox 2325 4947 2406 4998; x_wconf 83' lang='lat' dir='ltr'><strong>Ad</strong></span> <span class='ocrx_word' id='word_1_536' title='bbox 2449 4948 2720 5002; x_wconf 78' lang='lat' dir='ltr'><strong>sciendum</strong></span> <span class='ocrx_word' id='word_1_537' title='bbox 2749 4950 3074 5018; x_wconf 77' lang='lat' dir='ltr'><strong>sapientiam</strong></span> <span class='ocrx_word' id='word_1_538' title='bbox 3105 4961 3155 5006; x_wconf 81' lang='lat' dir='ltr'><strong>et</strong></span> <span class='ocrx_word' id='word_1_539' title='bbox 3179 4953 3551 5024; x_wconf 78' lang='lat' dir='ltr'><strong>disciplinam,</strong></span> 
     </span>
    </p>
   </div>
   <div class='ocr_carea' id='block_1_86' title="bbox 1975 5039 3550 5114">
    <p class='ocr_par' dir='ltr' id='par_1_86' title="bbox 1975 5039 3550 5114">
     <span class='ocr_line' id='line_1_86' title="bbox 1975 5039 3550 5114; baseline 0.004 -21"><span class='ocrx_word' id='word_1_540' title='bbox 1975 5041 2042 5093; x_wconf 88' lang='lat' dir='ltr'><strong>ad</strong></span> <span class='ocrx_word' id='word_1_541' title='bbox 2087 5039 2432 5110; x_wconf 83' lang='lat' dir='ltr'><strong>intelligenda</strong></span> <span class='ocrx_word' id='word_1_542' title='bbox 2462 5039 2617 5092; x_wconf 87' lang='lat' dir='ltr'><strong>verba</strong></span> <span class='ocrx_word' id='word_1_543' title='bbox 2645 5039 2968 5108; x_wconf 81' lang='lat' dir='ltr'><strong>prudentiw.</strong></span> <span class='ocrx_word' id='word_1_544' title='bbox 3001 5042 3083 5096; x_wconf 85' lang='lat' dir='ltr'><strong>Ad</strong></span> <span class='ocrx_word' id='word_1_545' title='bbox 3109 5047 3550 5114; x_wconf 81' lang='lat' dir='ltr'><strong>cognoscendam</strong></span> 
     </span>
    </p>
   </div>
   <div class='ocr_carea' id='block_1_87' title="bbox 1974 5131 3556 5208">
    <p class='ocr_par' dir='ltr' id='par_1_87' title="bbox 1974 5131 3556 5208">
     <span class='ocr_line' id='line_1_87' title="bbox 1974 5131 3556 5208; baseline 0.004 -22"><span class='ocrx_word' id='word_1_546' title='bbox 1974 5131 2326 5200; x_wconf 84' lang='lat' dir='ltr'><strong>sapientiam,</strong></span> <span class='ocrx_word' id='word_1_547' title='bbox 2383 5145 2505 5200; x_wconf 71' lang='lat' dir='ltr'><strong>qua:</strong></span> <span class='ocrx_word' id='word_1_548' title='bbox 2569 5137 2654 5185; x_wconf 88' lang='lat' dir='ltr'><strong>est</strong></span> <span class='ocrx_word' id='word_1_549' title='bbox 2701 5131 3018 5185; x_wconf 85' lang='lat' dir='ltr'><strong>divinarum</strong></span> <span class='ocrx_word' id='word_1_550' title='bbox 3076 5133 3556 5208; x_wconf 85' lang='lat' dir='ltr'><strong>humanarumque</strong></span> 
     </span>
    </p>
   </div>
   <div class='ocr_carea' id='block_1_88' title="bbox 1974 5219 3555 5294">
    <p class='ocr_par' dir='ltr' id='par_1_88' title="bbox 1974 5219 3555 5294">
     <span class='ocr_line' id='line_1_88' title="bbox 1974 5219 3555 5294; baseline 0.004 -17"><span class='ocrx_word' id='word_1_551' title='bbox 1974 5238 2159 5278; x_wconf 89' lang='lat' dir='ltr'><strong>rerum</strong></span> <span class='ocrx_word' id='word_1_552' title='bbox 2217 5221 2450 5277; x_wconf 85' lang='lat' dir='ltr'><strong>scientia</strong></span> <span class='ocrx_word' id='word_1_553' title='bbox 2482 5239 2495 5276; x_wconf 91' lang='lat'><strong>:</strong></span> <span class='ocrx_word' id='word_1_554' title='bbox 2526 5251 2594 5264; x_wconf 87' lang='grc'><strong>--</strong></span> <span class='ocrx_word' id='word_1_555' title='bbox 2647 5219 3026 5292; x_wconf 83' lang='lat' dir='ltr'><strong>disciplinam,</strong></span> <span class='ocrx_word' id='word_1_556' title='bbox 3083 5241 3208 5294; x_wconf 62' lang='lat' dir='ltr'><strong>qum</strong></span> <span class='ocrx_word' id='word_1_557' title='bbox 3261 5238 3342 5283; x_wconf 91' lang='lat' dir='ltr'><strong>est</strong></span> <span class='ocrx_word' id='word_1_558' title='bbox 3399 5230 3555 5284; x_wconf 78' lang='lat' dir='ltr'><strong>utilis</strong></span> 
     </span>
    </p>
   </div>
   <div class='ocr_carea' id='block_1_89' title="bbox 1974 5317 3554 5393">
    <p class='ocr_par' dir='ltr' id='par_1_89' title="bbox 1974 5317 3554 5393">
     <span class='ocr_line' id='line_1_89' title="bbox 1974 5317 3554 5393; baseline 0.005 -21"><span class='ocrx_word' id='word_1_559' title='bbox 1974 5319 2174 5372; x_wconf 68' lang='lat' dir='ltr'><strong>animm</strong></span> <span class='ocrx_word' id='word_1_560' title='bbox 2210 5317 2513 5384; x_wconf 86' lang='lat' dir='ltr'><strong>institutio,</strong></span> <span class='ocrx_word' id='word_1_561' title='bbox 2550 5317 2702 5372; x_wconf 90' lang='lat' dir='ltr'><strong>illam</strong></span> <span class='ocrx_word' id='word_1_562' title='bbox 2747 5335 2872 5374; x_wconf 88' lang='lat' dir='ltr'><strong>cum</strong></span> <span class='ocrx_word' id='word_1_563' title='bbox 2901 5320 3075 5376; x_wconf 83' lang='lat' dir='ltr'><strong>multo</strong></span> <span class='ocrx_word' id='word_1_564' title='bbox 3103 5337 3248 5393; x_wconf 70' lang='lat' dir='ltr'><strong>smpe</strong></span> <span class='ocrx_word' id='word_1_565' title='bbox 3291 5323 3478 5380; x_wconf 80' lang='lat' dir='ltr'><strong>labore</strong></span> <span class='ocrx_word' id='word_1_566' title='bbox 3521 5340 3554 5380; x_wconf 76' lang='grc' dir='ltr'><strong>α</strong></span> 
     </span>
    </p>
   </div>
   <div class='ocr_carea' id='block_1_90' title="bbox 1972 5409 3552 5488">
    <p class='ocr_par' dir='ltr' id='par_1_90' title="bbox 1972 5409 3552 5488">
     <span class='ocr_line' id='line_1_90' title="bbox 1972 5409 3552 5488; baseline 0.006 -24"><span class='ocrx_word' id='word_1_567' title='bbox 1972 5410 2211 5464; x_wconf 80' lang='lat' dir='ltr'><strong>maculis</strong></span> <span class='ocrx_word' id='word_1_568' title='bbox 2249 5409 2512 5464; x_wconf 84' lang='lat' dir='ltr'><strong>vitiorum</strong></span> <span class='ocrx_word' id='word_1_569' title='bbox 2575 5410 2914 5480; x_wconf 80' lang='lat' dir='ltr'><strong>puriﬁcans;</strong></span> <span class='ocrx_word' id='word_1_570' title='bbox 2961 5441 3033 5454; x_wconf 89' lang='lat'>—</span> <span class='ocrx_word' id='word_1_571' title='bbox 3075 5415 3144 5470; x_wconf 87' lang='lat' dir='ltr'><strong>ad</strong></span> <span class='ocrx_word' id='word_1_572' title='bbox 3197 5415 3552 5488; x_wconf 79' lang='lat' dir='ltr'><strong>intelligenda</strong></span> 
     </span>
    </p>
   </div>
   <div class='ocr_carea' id='block_1_91' title="bbox 1975 5500 3044 5570">
    <p class='ocr_par' dir='ltr' id='par_1_91' title="bbox 1975 5500 3044 5570">
     <span class='ocr_line' id='line_1_91' title="bbox 1975 5500 3044 5570; baseline 0.006 -15"><span class='ocrx_word' id='word_1_573' title='bbox 1975 5500 2163 5567; x_wconf 81' lang='lat' dir='ltr'><strong>verba,</strong></span> <span class='ocrx_word' id='word_1_574' title='bbox 2199 5515 2322 5570; x_wconf 67' lang='lat' dir='ltr'><strong>qua:</strong></span> <span class='ocrx_word' id='word_1_575' title='bbox 2359 5503 2749 5558; x_wconf 88' lang='lat' dir='ltr'><strong>convenientia</strong></span> <span class='ocrx_word' id='word_1_576' title='bbox 2787 5508 3044 5561; x_wconf 86' lang='lat' dir='ltr'><strong>doceant.</strong></span> 
     </span>
    </p>
   </div>
   <div class='ocr_carea' id='block_1_92' title="bbox 1987 5595 3554 5674">
    <p class='ocr_par' dir='ltr' id='par_1_92' title="bbox 1987 5595 3554 5674">
     <span class='ocr_line' id='line_1_92' title="bbox 1987 5595 3554 5674; baseline 0.008 -26"><span class='ocrx_word' id='word_1_577' title='bbox 1987 5641 1994 5648; x_wconf 93' lang='lat'><strong><em>.</em></strong></span> <span class='ocrx_word' id='word_1_578' title='bbox 2069 5595 2238 5654; x_wconf 71' lang='lat' dir='ltr'><strong>Vens.</strong></span> <span class='ocrx_word' id='word_1_579' title='bbox 2285 5598 2338 5652; x_wconf 70' lang='grc' dir='ltr'><strong>ὅ.</strong></span> <span class='ocrx_word' id='word_1_580' title='bbox 2400 5601 2484 5655; x_wconf 76' lang='grc' dir='ltr'>Διί</span> <span class='ocrx_word' id='word_1_581' title='bbox 2525 5603 2917 5672; x_wconf 71' lang='lat' dir='ltr'><strong>mscipiendnm</strong></span> <span class='ocrx_word' id='word_1_582' title='bbox 2969 5608 3246 5663; x_wconf 74' lang='lat' dir='ltr'><strong>verborum</strong></span> <span class='ocrx_word' id='word_1_583' title='bbox 3297 5609 3554 5674; x_wconf 54' lang='lat' dir='ltr'><strong>rationes,</strong></span> 
     </span>
    </p>
   </div>
  </div>
