3964 6194
414 168 547 235 1229

1457 189 1987 256 COMMENTARH
2049 192 2127 256 [Ν
2169 196 2629 259 PROVERBIA.

3558 199 3692 268 1:230

480 289 658 400 td-t'f.
729 293 822 346 we
853 313 993 363 μου.
1027 300 1114 366 μὴ
1143 304 1443 372 πορευθῇς
1471 308 1540 361 ἐν
1565 308 1682 375 ὀδῷ
1708 313 1836 378 μετ’
1871 313 1953 366 αὑ

2157 313 2323 368 Vnus.
2378 315 2561 370 15-19.
2600 313 2701 368 Fili
2755 315 2846 379 mi,
2879 331 2940 368 ne
2985 330 3074 368 eas
3105 317 3159 367 in
3190 315 3271 369 via
3299 329 3414 368 cum
3443 315 3517 369 eis
3547 332 3565 370 :
3613 334 3698 370 re-

406 381 528 470 ed»:
547 403 560 414 ·
591 383 878 439 ἔκκλινον
925 387 994 440 δὲ
1043 390 1150 443 τὸν
1173 393 1330 446 πόδα
1353 410 1469 451 σου
1517 400 1584 453 ἐκ
1614 401 1730 454 τῶν
1757 405 1976 470 τρίὸἶων

403 463 629 525 αὐτῶν
660 477 714 526 οἱ
747 473 874 544 γὰρ.
897 478 1080 544 πόδες
1125 481 1326 536 αὐτῶν
1355 488 1439 552 εἰς
1479 491 1700 543 κακίαν
1732 463 1982 562 τρέχου-

405 579 490 629 σι,
519 562 617 616 καί
647 568 883 634 taxare!
907 569 1028 622 εἶσι
1061 571 1165 624 τοῦ
1185 575 1389 642 ἐκχέαι
1415 571 1558 647 αἷμα
1577 597 1590 611 ο
1613 583 1686 635 οὐ
1709 583 1820 652 γὰρ
1856 585 1982 640 ἀδί-

402 671 519 721 κως
556 657 875 711 ἐκτείνεται
923 659 1135 716 δίκτυα
1173 668 1489 736 πτερωτοῖς
1514 688 1526 701 ο
1571 672 1741 728 αὐτοὶ
1782 675 1893 744 γὰρ
1927 683 1981 732 οἱ

401 747 595 814 φόνου
614 747 996 816 μετέχοντες,
1023 754 1494 820 θησαυρίζουσιν
1513 761 1746 832 ἑαυτοῖς
1783 754 1940 820 κακά
1963 784 1976 796 ·

401 835 555 926 ἠῌδέ
597 840 984 908 καταστροφὴ
1035 842 1271 912 ἀνδρῶν
1326 855 1721 922 παρανόμων,
1779 859 1936 926 κακή
1963 877 1978 890 ·

398 923 574 984 αὗται
604 932 666 983 αἱ
692 929 820 996 dﬁoi
839 934 958 984 εισι
993 936 1232 988 πάντων
1260 945 1722 1000 συντελούντων
1742 950 1811 1003 τὰ
1837 923 1978 1004 ἂνο-

392 1035 480 1088 ιια
506 1034 519 1046 ’
565 1017 641 1088 τῇ
687 1021 799 1088 γὰρ
831 1021 1075 1090 ἀσεϐείᾳ
1127 1024 1240 1092 τὴν
1287 1027 1520 1085 ἑαυτῶν·
1558 1036 1770 1103 ψυχὴν
1803 1039 1977 1107 ἀφαι-

391 1125 662 1177 ,οουντιια

465 1199 668 1254 Τέκνον
713 1219 812 1271 μου
864 1192 1236 1274 πνευματικὸν
1263 1249 1279 1271 ,
1331 1210 1406 1280 μὴ
1461 1217 1813 1287 συνυπαχθῇς
1869 1223 1980 1282 τοῖς

392 1289 657 1352 τοιούτοις
687 1290 968 1362 ἀνδράσιν,
1007 1295 1064 1346 ὲν
1100 1298 1165 1368 τῇ
1219 1296 1310 1369 οἵᾳ
1337 1317 1442 1353 τινι
1477 1303 1580 1372 ὁδῶ
1609 1307 1852 1382 φερούσῃ
1882 1311 1981 1362 ἐπ’

391 1380 692 1444 ὰπιίιλειαν,
723 1384 937 1454 πονηρᾷ
967 1386 1271 1460 συμϐουλίᾳ
1300 1391 1481 1444 αὐτῶν
1503 1408 1515 1420 °
1553 1397 1788 1463 μετάθες
1810 1380 1902 1452 σου
1924 1401 1980 1453 δὲ

390 1470 490 1538 τὴν
550 1471 852 1542 ἐπιθυμίαν
901 1474 1008 1526 ἀπὸ
1063 1478 1174 1530 τῶν
1229 1480 1701 1550 προοδοποιουσῶν
1751 1505 1832 1541 σοι
1881 1490 1980 1561 τὴν

391 1559 666 1628 ἁμαρτίαν
699 1563 957 1634 πονηρῶν
993 1565 1334 1636 συμϐουλιῶν
1377 1573 1557 1626 αὐτῶν
1577 1593 1590 1606 ·
1622 1576 1684 1630 τὸ
1717 1577 1827 1648 γὰρ
1858 1559 1976 1633 ὲπιι

2085 423 2227 459 move
2269 407 2450 474 pedem
2505 417 2652 458 tuum
2685 423 2716 458 a
2743 403 2944 458 semitis
2976 421 3179 460 eorum.
3217 404 3382 460 Pedes
3409 407 3548 460 enim
3581 407 3698 460 illo‘

2085 511 2199 549 rum
2226 496 2296 549 ad
2355 496 2554 550 malum
2575 503 2818 562 currunt,
2837 505 2888 549 et
2945 503 3067 549 sunt
3099 495 3294 549 veloces
3317 496 3386 548 ad
3421 497 3695 566 e/funden-

2083 584 2210 637 dum
2235 587 2542 654 sanguinem
2569 601 2586 640 :
2616 602 2720 639 non
2752 587 2891 640 enim
2922 585 3118 654 injuste
3133 585 3340 654 jacitur
3363 597 3471 641 rete
3497 604 3692 656 penna-

2087 677 2158 732 tis
2190 692 2207 730 :
2245 677 2370 744 ipsi,
2424 676 2658 731 aedibus
2692 677 3098 744 participantes,
3155 675 3520 730 tliesaurizant
3587 674 3692 732 sibi

2084 764 2230 818 mala
2263 782 2281 818 :
2310 767 2433 834 ﬁnis
2465 767 2766 836 iniquorum
2824 767 3000 819 malus
3031 768 3154 820 :Iue
3208 773 3332 818 sunt
3386 767 3504 830 vile,
3570 783 3594 822 ι
3625 786 3689 821 a-

2066 858 2229 912 ‘nium
2252 856 2440 926 iniqua
2458 857 2724 931 agentium
2755 872 2773 910 :
2809 873 2932 910 nam
2965 855 3244 926 iniquitate
3269 856 3502 910 animam
3531 873 3687 913 suam

2083 949 2351 1002 occidunt.
2411 947 2513 1002 Fili
2569 948 2897 1018 spiritualis,
2962 963 3032 1002 ne
3091 947 3416 1017 acquiescas
3480 949 3686 1007 talibus

2083 1040 2246 1100 viris‘.‘
2273 1040 2324 1092 in
2361 1040 2552 1109 iniquo
2579 1053 2765 1092 eorum
2785 1037 3045 1102 consilio,
3099 1046 3159 1092 ut
3191 1039 3243 1094 in
3267 1039 3354 1093 via
3384 1055 3508 1109 qua:
3533 1041 3685 1096 ducit

2081 1129 2148 1180 ad
2183 1137 2457 1182 mortem:
2496 1144 2714 1184 remove
2765 1129 3098 1183 desiderium
3138 1137 3292 1184 tuum
3323 1145 3350 1183 a
3401 1132 3558 1205 malis
3589 1148 3682 1188 eo-

2084 1233 2205 1271 rum
2255 1219 2509 1274 consiliis
2556 1220 2700 1273 viam
2763 1218 2832 1274 ad
2871 1219 3103 1274 exilium
3159 1219 3512 1277 facientibus.
3544 1221 3678 1278 Nam

2082 1309 2279 1364 anima:
2329 1326 2519 1366 eorum
2578 1315 2870 1381 potentiae,
2897 1321 2955 1366 et
2993 1315 3452 1383 eoncupiscibilis
3501 1325 3556 1370 et
3591 1317 3676 1371 ira
3769 1327 3774 1332 '

2081 1399 2292 1454 scihilis
2315 1411 2572 1472 tauquam
2606 1401 2716 1455 duo
2745 1402 2933 1471 pedes,
2973 1401 3134 1456 facile
3157 1403 3224 1456 ad
3245 1403 3444 1457 malum
3465 1405 3672 1476 impetu

2082 1489 2334 1544 feruntur
2405 1511 2418 1546 :
2476 1492 2686 1547 idcirco
2738 1493 2844 1563 ipsi
2909 1493 3152 1564 prompti
3202 1495 3271 1550 ad
3331 1480 3670 1566 operandam

2079 1581 2284 1636 caedem
2341 1583 2570 1638 adsunt.
2647 1582 2926 1640 Exhortor
2981 1601 3134 1656 ergo,
3197 1594 3257 1640 ut
3329 1585 3668 1642 desiderium

389 1649 688 1720 θυμητικὸν
718 1651 920 1716 αὐτῶν,
950 1655 1046 1708 καὶ
1085 1655 1146 1709 τὸ
1197 1656 1446 1728 θυμικὸν,
1474 1659 1566 1717 οἷά
1607 1682 1750 1731 τινες
1791 1669 1961 1750 πόδες,

2078 1681 2230 1727 tuum
2261 1687 2292 1726 a
2323 1674 2482 1729 malis
2508 1689 2700 1730 eorum
2732 1675 2986 1732 consiliis
3016 1690 3302 1732 removeas
3331 1695 3346 1743 ;
3371 1678 3518 1752 quia,
3554 1679 3664 1735 illis

373 1739 688 1821 egoppmv
717 1743 854 1813 πρὸς
880 1746 1081 1800 κακίαν
1115 1749 1396 1805 ποιοῦνται
1439 1754 1537 1824 τὴν
1565 1757 1811 1828 κίνησινο
1842 1739 1968 1815 ὅθεν

385 1825 648 1920 οὗτοιγκαὶ
672 1829 861 1902 ταχεῖς
890 1837 970 1898 είς
995 1838 1056 1890 τὸ
1085 1840 1422 1908 ἐργάσασθαι
1445 1846 1606 1912 φόνον
1628 1825 1932 1920 ὑπάρχουσι
1949 1869 1963 1882 θ

389 1919 703 1990 μεταθεῖναι
733 1923 791 1976 δέ
829 1941 922 1978 σου
957 1926 1056 1994 τὴν
1085 1929 1382 2000 ἐπιθυμίαν
1411 1934 1518 1987 ἀπὸ
1558 1937 1667 1989 τῶν
1710 1919 1966 2012 πονηρῶν

385 2010 726 2080 συμϐουλιῶν
787 2017 1069 2085 παραινῶο
1105 2019 1295 2092 ὅτιπερ
1338 2025 1452 2086 τοῖς
1497 2015 1814 2094 δυναμένοις
1857 2010 1964 2100 μὲν

381 2101 472 2154 διὰ
497 2103 614 2166 νοὸς
637 2103 731 2188 καὶ
754 2103 934 2174 λόγου,
969 2107 1043 2165 ὡς
1075 2107 1165 2162 διά
1184 2127 1346 2163 τινων
1367 2112 1678 2183 πτερύγων,
1709 2117 1778 2170 τὰ
1799 2121 1961 2188 γήϊνα

382 2193 524 2245 κατὰ
557 2181 758 2262 γνῶσιν
785 2198 878 2249 καὶ
910 2197 1110 2270 ἀρετὴν
1136 2181 1563 2273 ὑπερίπτασθαι,
1595 2209 1689 2261 καὶ
1727 2181 1869 2280 «pi;
1893 2213 1962 2266 τὰ

379 2283 609 2352 οὐράνια
645 2285 944 2356 φέρεσθαι,
971 2290 1238 2355 ἑκουσίως
1267 2292 1324 2346 δὲ
1349 2293 1418 2347 δι’
1438 2297 1733 2369 ἐπιθυμίας
1761 2301 1959 2372 ἀλόγου

380 2375 478 2427 καὶ
505 2374 702 2445 θυμοῦ,
737 2377 813 2441 ὡς
849 2379 936 2432 διά
978 2397 1141 2434 τινων
1187 2383 1365 2437 ποδῶν
1396 2389 1787 2458 στρεφομένοις
1829 2397 1960 2466 περὶ

377 2465 478 2536 τὴν
505 2467 612 2522 τῶν
641 2469 846 2541 γηΐνων
877 2471 1082 2540 σχέσιν,
1117 2465 1346 2538 δικαίως
1377 2477 1753 2544 ύφαπλοῦνται
1779 2484 1958 2556 ψυχῆς

379 2559 604 2626 παγίδος
627 2563 707 2624 εἰς
735 2562 957 2634 ὀλεθρον
981 2579 996 2594 ·
1021 2564 1177 2618 αὐτοὶ
1208 2567 1320 2636 γὰρ
1347 2569 1396 2620 οἱ
1425 2571 1537 2633 τοῖς
1569 2572 1790 2640 φονεῦσι
1815 2593 1954 2648 συμ-

375 2648 585 2715 ϐούλοις
601 2652 894 2724 χρώμενοι,
907 2655 974 2708 τὰ
990 2659 1108 2720 ταῖς
1123 2658 1330 2712 ἑαυτῶν
1347 2660 1544 2730 ψυχαῖς
1561 2663 1952 2738 λυμαινόμενα,

373 2742 590 2806 ἑαυτοῖς
633 2745 1094 2813 ἀποταμιεύονται
1118 2763 1134 2778 ο
1165 2748 1225 2800 τὸ
1251 2749 1310 2802 δὲ
1347 2749 1498 2816 τέλος
1541 2752 1650 2807 τῶν
1680 2761 1955 2827 παραδαις

372 2832 572 2888 νόντων
602 2835 704 2900 τὰς
730 2835 826 2889 τοῦ
859 2837 996 2891 Θεοῦ
1027 2839 1270 2905 ἐντολὰς,
1290 2842 1370 2906 εις
1402 2843 1571 2896 κακὸν
1601 2845 1787 2912 αὐτοῖς
1817 2864 1954 2904 κατι

371 2927 527 2997 αντᾷ,
555 2928 1044 2999 είσπραττομένοις
1073 2928 1230 2994 δίκας
1259 2923 1335 2984 ὧν
1365 2933 1754 3006 ἡμαρτήκασιν
1779 2955 1792 2968 ·
1853 2935 1952 2996 αὖ-

2075 1763 2170 1832 qui
2220 1774 2478 1832 possunt,
2509 1779 2634 1833 cum
2675 1765 2912 1821 scientia
2945 1777 2998 1820 et
3028 1779 3304 1829 sermone,
3345 1775 3404 1820 ut
3433 1768 3668 1838 quibus-

2067 1855 2194 1907 dam
2228 1856 2354 1921 alis,
2387 1863 2632 1921 terrena,
2688 1856 2946 1911 doctrina
2977 1866 3032 1912 et
3075 1859 3278 1912 virtute
3301 1873 3579 1929 superare,
3611 1873 3667 1915 et

2064 1944 2132 1996 ad
2163 1947 2410 2002 coelestia
2439 1947 2596 2014 ferri,
2627 1947 2722 2004 sed
2753 1949 2850 2017 qui
2883 1948 3124 2003 libenter
3183 1949 3466 2004 desiderio
3492 1960 3546 2005 et
3575 1959 3664 2005 tu-

2066 2050 2218 2092 more
2249 2037 2573 2122 iniquitatis,
2611 2047 2670 2093 ut
2698 2037 2915 2094 duobus
2952 2041 3201 2110 pedibus,
3235 2039 3302 2094 ad
3322 2045 3659 2096 terrestrium

1991 2193 1999 2199 _
2056 2129 2402 2199 adeptionem
2471 2138 2806 2195 vertuntur,
2861 2131 3012 2198 justc
3069 2133 3438 2187 extenduntur
3489 2134 3655 2202 spiri-

2063 2227 2152 2273 tus
2207 2220 2344 2276 retia
2402 2220 2456 2274 in
2513 2229 2770 2276 mortem.
2835 2221 2902 2276 lli
2965 2231 3148 2276 autem
3202 2222 3296 2292 qui
3361 2221 3650 2279 homicidis

2061 2319 2294 2366 utuntur
2315 2313 2588 2380 consiliis,
2609 2312 2726 2368 suis
2753 2313 3046 2368 animabus
3072 2314 3311 2368 infausta
3339 2326 3616 2368 reservant
3642 2333 3654 2368 :

2061 2400 2170 2454 illis
2189 2415 2330 2484 .vero
2370 2401 2464 2471 qui
2498 2401 2596 2456 Dei
2633 2403 3266 2484 mamlatadespiciuut,
3299 2404 3426 2460 linis
3479 2406 3656 2460 verti-

2059 2497 2149 2542 tur
2189 2489 2508 2557 iu.malum,
2537 2493 2693 2563 ipsis
2719 2494 3066 2564 exigentibus
3113 2511 3306 2564 pmnas
3333 2511 3473 2564 quas
3514 2511 3648 2565 pec-

2058 2581 2240 2636 cando
2291 2591 2632 2666 meruerunt.
2673 2583 2766 2640 lla:
2821 2593 2950 2640 sunt
3012 2586 3137 2640 vita:
3187 2585 3473 2656 praesentis
3523 2586 3653 2652 viae,

2061 2673 2344 2728 hominum
2381 2674 2585 2745 injusta
2643 2675 2996 2745 operantium
3033 2694 3048 2731 :
3087 2673 3256 2731 Deum
3313 2692 3420 2730 non
3470 2675 3650 2730 hono-

2017 2797 2034 2804 -
2059 2763 2235 2817 rando
2259 2764 2538 2834 operibus,
2563 2765 2799 2834 seipsos,
2832 2765 2944 2819 vita
2973 2765 3271 2835 spirituali,
3298 2781 3420 2835 qua!
3448 2765 3560 2821 illis
3587 2772 3648 2820 ut

2058 2852 2276 2908 ratione
2335 2854 2939 2922 praailitis,_convenit,
3007 2853 3300 2909 frustrant.
3357 2853 3464 2910 Sed
3513 2854 3644 2910 audi

2058 2945 2229 3001 verba
2269 2947 2556 3004 doctrinas.

371 3037 462 3076 ται
493 3024 592 3094 τῆς
621 3022 907 3096 παρούσης
940 3024 1088 3095 ζωῆς
1127 3025 1181 3080 αἱ
1215 3025 1464 3093 διέξοδοι,
1497 3029 1716 3086 πάντων
1747 3033 1856 3090 τῶν
1886 3037 1956 3092 τὰ
1993 3039 2284 3110 παράλογα
2315 3043 2805 3114 συνεργαζομένων
2825 3062 2837 3074 ο
2871 3043 2930 3098 ἐν
2959 3043 3068 3114 γὰρ
3097 3041 3175 3112 τῷ
3208 3043 3282 3114 μὴ
3347 3043 3515 3113 τιμᾷν
3573 3038 3643 3096 δι’

369 3115 548 3204 ἔργων
577 3115 800 3185 ἀγαθῶν
827 3117 918 3170 τὸν
963 3115 1120 3181 Θεὸν,
1151 3119 1552 3190 ἀποστεροῦσιν
1616 3125 1842 3192 ἑαυτοὺς
1887 3129 1988 3199 τῆς
2059 3131 2268 3196 οἰκείας
2295 3133 2505 3199 τούτοις
2533 3133 2610 3197 ὡς
2638 3134 2880 3204 λογικοῖς
2910 3139 3052 3192 κατὰ
3087 3134 3302 3204 πνεῦμα
3333 3135 3508 3203 ζωῆςο
3545 3135 3640 3190 καὶ

375 3203 447 3256 τὰ
487 3204 587 3274 μὲν
621 3207 722 3277 τῆς
759 3207 1030 3276 παιδείας,
1069 3209 1314 3265 τοιαῦτα.
1413 3235 1416 3238 ’

437 3323 505 3372 κ’.
542 3319 731 3386 Σοφία
780 3319 850 3374 ἐν
895 3319 1131 3388 ἐξόδοις
1175 3325 1466 3391 ὑμνεῖται.
1503 3327 1564 3380 Ὀ
1589 3327 1646 3380 δὲ
1675 3330 1806 3402 περὶ
1842 3330 1944 3402 τῆς

2119 3331 2288 3385 Vsus.
2322 3329 2414 3388 20.
2451 3327 2730 3398 Sapientia
2759 3331 2811 3385 in
2853 3331 2952 3386 viis
3003 3329 3286 3394 praedicat.
3343 3329 3636 3397 Sapientiae

367 3407 561 3480 σοφίας
595 3409 774 3478 λόγος,
804 3411 972 3480 πολύς
1003 3411 1122 3464 ἐστι
1154 3413 1463 3482 πανταχοῖν
1501 3416 1559 3470 έν
1591 3434 1652 3470 τε
1679 3420 1788 3490 γὰρ
1832 3424 1952 3486 ταῖς

364 3495 473 3548 ἀπὸ
501 3492 600 3564 τῆς
631 3497 772 3550 κατὰ
803 3497 925 3550 νοῦν
955 3499 1238 3570 ὲνδότητος
1271 3499 1362 3554 διὰ
1404 3505 1667 3574 ῥημάτων
1718 3511 1814 3562 καὶ
1862 3509 1952 3580 ἔρ·-

363 3603 478 3653 γων
503 3585 812 3649 ὲξελεύσεσι
846 3588 1052 3660 ταύτης
1087 3592 1224 3661 πρὸς
1251 3591 1538 3660 ἔκφανσιν,
1579 3599 1948 3666 μεγαλύνεται

367 3675 521 3745 παρὰ
547 3677 680 3730 πᾶσι
707 3680 818 3738 τοῖς
844 3681 1103 3734 ἀκούουσι
1136 3683 1229 3736 καὶ
1263 3683 1462 3756 ὁρῶσιν
1498 3687 1658 3754 αὐτὰ,
1687 3689 1749 3743 τὸ
1777 3690 1948 3756 ὅντως

362 3763 786 3822 ύποδεικνύοντα
825 3771 1052 3837 ἀγαθόν.

443 3878 539 3932 Ἐν
573 3879 642 3932 δὲ
679 3884 990 3950 πλατείαις
1026 3889 1368 3956 παρῤησίαν
1403 3891 1550 3960 ἄγει.
1601 3894 1711 3947 Καὶ
1759 3896 1818 3946 ἐν
1860 3897 1938 3968 τῷ

357 3965 551 4022 πλάτει
579 3970 677 4040 τῆς
702 3972 761 4024 ὲν
788 3974 1060 4043 πνεύματι
1093 3979 1329 4048 φυσικῆς
1359 3979 1592 4050 θεωρίας
1627 3981 1726 4053 τὴν
1759 3986 1857 4055 τῆς
1877 3965 1934 4040 ὲν

353 4056 498 4123 ὅλοις
530 4059 792 4132 ἀληθείας
822 4067 1138 4137 παρρησίαν
1172 4069 1350 4140 φέρει,
1385 4071 1484 4141 τὴν
1530 4073 1736 4145 ταύτης
1788 4077 1940 4146 ἐνερ-

2055 3435 2256 3486 sermo,
2298 3421 2505 3476 multus
2553 3429 2638 3475 est
2670 3419 2820 3476 omni
2856 3420 2974 3475 loco
3023 3439 3036 3474 :
3074 3419 3298 3490 quando
3353 3421 3498 3473 enim
3565 3435 3632 3472 ex

2054 3526 2276 3567 recessu
2303 3512 2534 3580 spiritus
2564 3527 2661 3580 per
2687 3513 2852 3566 verba
2907 3522 2961 3567 et
2989 3527 3159 3582 opera
3195 3511 3263 3565 ad
3301 3510 3627 3565 manifesta-

2053 3603 2255 3658 tionem
2297 3601 2606 3672 egreditur,
2640 3602 2920 3657 hominem
2953 3617 3146 3658 verum
3179 3603 3384 3656 bonum
3441 3612 3630 3656 osten-

2050 3692 2296 3756 dentem,
2347 3693 2664 3761 magniﬁcat
2693 3692 2837 3760 apud
2888 3707 3083 3747 omnes
3111 3692 3203 3761 qui
3237 3691 3374 3764 hinc
3397 3691 3626 3745 audiunt

2047 3791 2106 3836 et
2149 3781 2357 3836 vident.

2116 3893 2182 3948 In
2209 3895 2400 3962 plateis
2423 3895 2516 3948 dat
2551 3910 2728 3950 rorem
2761 3911 2938 3950 suam.
2984 3893 3051 3950 Et
3083 3895 3136 3950 in
3163 3897 3340 3966 platea
3382 3895 3618 3952 medita-

2045 3986 2212 4040 tionis
2237 3988 2435 4041 anima:
2463 3987 2756 4052 naturalis,
2789 3989 2885 4042 dat
2917 4002 3108 4041 vocem
3144 3989 3199 4042 iu
3227 3989 3487 4044 omnibus
3527 4005 3615 4042 γι·-
3643 4021 3648 4024 -

2041 4078 2244 4142 ritatis,
2299 4078 2464 4148 hujus
2516 4078 2887 4147 cognitionem
2948 4093 3206 4148 Operans,
3260 4081 3502 4151 seipsum
3558 4085 3616 4142 in

351 4149 526 4217 γοῦσα
553 4153 755 4220 γνῶσιν
787 4155 876 4208 διὰ
905 4157 1014 4210 τῶν
1037 4160 1094 4212 ὲν
1123 4161 1270 4232 πάσῃ
1303 4165 1370 4233 τῇ
1395 4163 1588 4233 κτήσει
1616 4165 1936 4235 συμϐούλων

2075 4167 2184 4220 mni
2219 4167 2363 4222 bono
2394 4166 2806 4221 constituendo.

351 4241 544 4312 αὐτῆς.

422 4358 530 4406 καθ.
567 4352 688 4405 Ἐπ’
712 4353 912 4422 ἄκρων
951 4357 1020 4412 δὲ
1057 4361 1298 4430 τειχέων
1323 4366 1714 4432 κηρύσάεται.
1755 4369 1842 4423 Ἐν
1871 4369 1928 4424 δὲ

2111 4368 2170 4423 1η
2207 4372 2376 4439 capite
2404 4373 2685 4426 turbarum
2718 4372 2989 4426 clamitat.
3047 4371 3106 4426 In
3138 4373 3410 4443 principio
3439 4384 3491 4428 et
3549 4374 3606 4430 in

348 4443 416 4514 τῇ
443 4443 586 4514 ἀρχῇ
619 4447 712 4498 καὶ
737 4445 814 4515 τῷ
841 4449 984 4503 τέλει
1006 4449 1115 4504 τῶν
1137 4453 1295 4522 δίκην
1321 4457 1549 4524 τειχέων
1575 4459 1926 4528 φυλακτικῶν

2069 4476 2137 4515 ne
2187 4463 2454 4517 virtutum
2489 4446 2612 4532 qum
2643 4464 2905 4528 animam,
2947 4471 3004 4516 ut
3036 4464 3201 4526 muri,
3265 4465 3603 4532 Custodiunt,

345 4533 446 4625 τῆς
461 4533 638 4606 ψυχῆς
658 4538 868 4608 ἀρετῶν
889 4541 1310 4610 διαγινώσκεται
1327 4561 1341 4576 ο
1363 4549 1920 4625 πῳκαταὸαλλομένη

2068 4553 2370 4620 gnoscitur,
2407 4562 2534 4609 ante
2574 4555 2874 4620 actionem,
2927 4555 3194 4608 virtutum
3258 4556 3446 4610 timori
3497 4556 3602 4610 ob-

347 4624 574 4720 pivs'ﬁ;
599 4628 850 4698 πράξεως
882 4632 962 4702 τῷ
993 4633 1144 4703 φόδῳ
1173 4635 1283 4687 τῶν
1317 4636 1549 4708 ἀρετῶν,
1565 4624 1921 4711 καταλαμόαὲ
1955 4700 1961 4720 Α

2068 4652 2192 4708 ecta,
2226 4651 2352 4711 post.
2387 4659 2518 4698 vero
2578 4643 2873 4706 actionem.
2908 4645 2960 4698 in
3017 4646 3182 4700 rebus
3205 4644 3405 4702 divinis
3437 4660 3604 4703 occu-
3640 4715 3649 4720 _

344 4717 546 4787 νομένη
591 4719 650 4772 δὲ
695 4723 833 4792 μετὰ
863 4723 960 4794 τὴν
1001 4724 1236 4792 πρᾶξιν,
1267 4728 1488 4782 πάντων
1522 4731 1779 4786 ἐπέκεινα
1807 4735 1920 4788 τῶν
1955 4717 1961 4750 ¹

2068 4747 2169 4803 ata,
2202 4739 2398 4794 mentis
2425 4741 2568 4794 circa
2597 4754 2692 4795 eas
2723 4740 3063 4796 assiduitate.

346 4808 488 4876 μετὰ
519 4809 672 4872 Θεὸν,
709 4815 776 4884 τῇ
804 4815 933 4884 περ)⁴
963 4814 1172 4868 τούτων
1197 4816 1291 4870 τοῦ
1321 4819 1441 4883 νοὸς
1468 4823 1814 4896 προσεδρείᾳ.

425 4919 556 4974 Ἐπί
587 4917 656 4975 δὲ
688 4925 914 4990 πύλαις
939 4924 1262 4982 δυναστῶν
1281 4931 1651 5001 πορεδρεύει.
1693 4935 1804 4990 Καὶ
1828 4938 1922 4990 ἐπὶ

2089 4955 2157 5010 In
2210 4957 2416 5026 [oribus
2469 4960 2763 5028 potentium
2804 4962 2967 5025 sedet.
3027 4960 3094 5016 Et
3123 4959 3179 5014 in
3208 4961 3438 5031 apertis,
3472 4969 3595 5016 tan-

331 5012 470 5077 τοῖς,
503 5013 668 5066 οἱονεί
701 5031 813 5068 τισι
845 5013 1043 5080 πύλαις
1071 5019 1604 5092 ἀναπεταννυμένοις
1633 5025 1917 5096 στόμασιν,

2068 5062 2179 5100 nam
2235 5047 2565 5117 quibusdam
2631 5047 2824 5116 portis,
2859 5047 3024 5101 utvia
3091 5055 3270 5118 pateat
3327 5048 3588 5110 sermoni,

335 5103 418 5166 είς
448 5103 680 5168 διέξοδον
703 5107 800 5160 τοῦ
826 5111 1287 5188 κατὰρπροφορὰν
1312 5113 1472 5182 λόγου
1508 5115 1617 5168 τῶν
1647 5118 1915 5189 ἀνδρικῶς

2068 5137 2204 5193 -ἱὶηιε
2225 5155 2415 5193 eorum
2449 5141 2540 5210 qui
2577 5139 2813 5194 viriliter
2875 5141 3202 5212 cupiditates
3231 5145 3502 5202 vicerunt.
3533 5149 3589 5195 et

333 5194 402 5246 τὰ
433 5195 578 5266 πάθη
609 5202 1168 5270 καταγωνισαμένων,
1206 5205 1300 5258 καὶ
1330 5205 1646 5276 δυναμένων
1679 5209 1772 5262 καὶ
1799 5212 1916 5264 ἐτέ-

2068 5237 2242 5282 »εειιηι
2275 5229 2412 5283 alios
2440 5245 2503 5283 ex
2543 5229 2650 5286 illis
2684 5231 2945 5298 liberare,
2994 5249 3144 5289 more
3194 5235 3586 5305 magistrorum

335 5304 465 5355 ρους
511 5288 571 5352 ἐξ
610 5289 790 5344 αὐτῶν
825 5291 1092 5364 ῥύεσθαι,
1137 5295 1538 5362 διδασκαλικῶς
1582 5302 1910 5374 παρακάθη-
2011 5288 2182 5374 gem

330 5392 440 5430 ται.

395 5465 524 5518 Ἐπὶ
548 5464 602 5518 δὲ
626 5469 750 5530 ταῖς
777 5469 916 5538 πρὸς
942 5472 1275 5536 κατανόησιν
1303 5473 1412 5528 τῶν
1442 5477 1500 5529 ὲν
1525 5480 1639 5543 τοῖς
1667 5477 1788 5535 οὖσι
1814 5482 1906 5536 λόι
1942 5501 1947 5506 '

325 5571 440 5623 γων
463 5597 478 5623 ,
510 5558 841 5646 εἰσαγωγοτς
874 5561 976 5630 τῆς
1004 5561 1115 5618 τῶν
1143 5563 1357 5634 ὁρατῶν
1392 5571 1698 5638 φαντασίας
1725 5575 1928 5648 αἰσθή,

2147 5491 2233 5545 Ad
2293 5493 2716 5562 intelligentiam
2799 5515 3117 5559 sermonum
3207 5505 3274 5558 de.
3343 5505 3563 5560 eutilms

2035 5579 2091 5633 in
2165 5581 2642 5646 introduceutibus
2717 5581 3022 5650 visibilium
3079 5586 3580 5655 rnanil‘estntioneni

3619 5717 3646 5730 κ
