3958 6202
246 442 257 450 ·
309 431 461 496 1233
508 412 531 453 ’
1222 456 1233 461 -
1343 425 1879 488 connexum
1919 423 1996 484 [Ν
2030 424 2489 485 PROVERBIA.
3444 418 3581 485 test

383 541 735 611 Ζητήσουσί
758 559 831 610 με
859 539 1054 604 κακοί,
1076 539 1174 594 καί
1202 540 1314 606 οὐχ
1333 518 1730 608 εὑρήσουσιν.
1762 538 1900 606 Δεή-

2077 535 2327 599 Quterent
2357 548 2435 586 me
2461 531 2631 597 impii,
2663 537 2714 584 et
2741 547 2844 584 non
2882 530 3166 585 invenient.
3201 529 3576 585 Precabuutu.

295 633 567 703 θήσονται
594 634 703 704 γάρ
742 650 845 704 μου
875 630 1165 685 κακοποιοὶ
1185 671 1200 695 ,
1232 630 1361 684 ὅταν
1390 630 1456 683 τὰ
1485 628 1686 698 ἀνιαρὰ
1730 644 1900 680 κατα-

2039 640 2097 679 ne
2130 625 2274 677 mala
2305 624 2593 684 facientes,
2624 635 2749 676 cum
2773 622 2951 675 tristia
2983 621 3244 676 irruerint
3273 635 3440 691 super
3464 635 3583 687 eos,

298 740 322 775 ι
340 723 454 797 άϐῃ
477 725 694 788 αὐτοὺς,
732 723 869 795 πρὸς
900 722 1227 792 ἀπαλλαγὴν
1252 721 1363 774 τῶν
1380 719 1665 783 τοιούτων,
1687 718 1785 772 xui.
1803 719 1902 770 οὐκ

2039 726 2067 768 it
2103 716 2172 770 ab
2206 714 2293 768 his
2328 714 2657 774 liberentur,
2695 722 2906 767 etame
2939 712 3076 766 nihil
3108 711 3459 766 obtinebunt.

302 815 591 884 ἐπιτυχεῖς
634 831 737 883 μου
778 815 1127 881 γενήσονται.

384 907 486 968 κθ’,
517 904 583 960 λ’.
620 906 959 972 Ἐμίσησάν
994 902 1104 971 τὰρ
1144 902 1375 971 σοφίαν
1396 916 1409 929 ⁸
1441 901 1551 954 τὸν
1601 899 1671 953 δὲ
1716 899 1905 968 φόϐον

304 999 535 1065 Κυρίου
565 999 638 1051 οὐ
678 996 1033 1064 προείχοντο
1054 1009 1069 1025 °
1099 992 1242 1047 οὐδὲ
1271 991 1497 1059 ἤθελον
1514 990 1683 1061 ἐμαῖς
1713 1004 1904 1058 προσ-

305 1090 480 1158 έχειν
496 1088 758 1155 ,βουλαῖς
781 1105 794 1118 ο
839 1086 1251 1156 ἑμυκτήρισαν
1282 1084 1350 1138 δὲ
1388 1083 1571 1152 ἐμοὺς
1589 1082 1899 1151 ἐλέγχους.

312 1180 553 1250 ’Ὀτιπερ
580 1180 680 1251 ἐμὲ
710 1181 809 1249 τὴν
834 1180 1026 1246 σοφίαν
1057 1178 1126 1230 τὰ
1156 1177 1350 1230 δέοντα
1380 1173 1783 1243 ὑποτιθεμένην
1807 1174 1905 1225 αὑ-

313 1270 427 1329 τοῖς
459 1267 923 1340 ἀπεστράφησαν
962 1268 1058 1320 καὶ⁵
1088 1266 1178 1319 τὸν
1214 1264 1358 1318 θεῖον
1385 1264 1549 1333 φόὸον
1570 1303 1586 1325 ,
1615 1263 1675 1315 ὃν
1710 1263 1738 1316 ὁ
1769 1278 1907 1331 κτη-

318 1358 557 1427 σάμενος
587 1360 689 1427 τῆς
733 1359 869 1428 πρός
910 1375 979 1429 με
1016 1356 1293 1428 φερούσης
1336 1354 1456 1407 ὁδοῦ
1490 1354 1813 1424 ἀπέρχεται,
1845 1352 1907 1404 οὐ

314 1450 426 1502 τῶν
457 1451 631 1505 ἄλλων
663 1452 883 1505 πάντων
914 1451 1280 1523 προέκριναν·
1311 1448 1435 1500 οὐδὲ
1469 1447 1718 1501 ὑπείκειν
1740 1444 1908 1515 ἠϐού-

318 1541 473 1594 λοντο
521 1546 642 1606 ταῖς
692 1546 857 1611 ἐμαῖς
908 1542 1293 1613 παραινέσεσι,
1329 1539 1425 1593 καὶ
1472 1539 1604 1602 τοὺς
1654 1539 1751 1590 ἐπὶ
1797 1538 1909 1598 τοῖς

282 1668 287 1671 «
319 1635 718 1704 ἁμαρτήμασιν
757 1635 941 1689 αὐτῶν
977 1634 1147 1704 ἐμοὺς
1186 1633 1445 1701 ἐλέγχους
1482 1630 1788 1696 διέπαιξαν.

392 1725 490 1777 λα’.
538 1725 878 1794 Τοιγαροῦν,
914 1724 1152 1777 ἔδονται
1182 1721 1289 1790 τῆς
1320 1719 1550 1776 ἑαυτῶν
1588 1719 1731 1774 ὀδοῦ
1770 1717 1913 1783 τοὺς

321 1817 621 1883 καρπούς-ο
647 1816 744 1870 καὶ
774 1816 885 1884 τῆς
910 1805 1142 1869 ἑαυτῶν
1170 1812 1489 1882 ἐπιθυμίας
1515 1810 1911 1878 πλησθήσον-

322 1924 435 1960 ται.
476 1909 677 1978 Διόπερ
705 1909 971 1977 φάγονται
1002 1910 1100 1978 τῆς
1130 1904 1342 1960 ἑαυτῶν
1370 1903 1640 1974 ἐργασίας
1671 1903 1768 1964 τὰς
1791 1903 1914 1954 ἐπι·
1944 1884 1988 1936 Β

322 2001 564 2068 καρπίας
585 2014 598 2027 ’
637 2000 733 2051 καὶ
767 1999 868 2068 τῆς
898 1998 1077 2068 κακῆς
1107 1995 1344 2068 ὀρέξεως
1375 1992 1589 2047 ἑαυτῶν
1629 1991 1792 2063 κόρον
1818 1990 1916 2061 λή-

321 2090 538 2159 ψονται,
574 2090 704 2141 ὅταν
729 2089 800 2142 τὰ
827 2088 1033 2142 τούτων
1063 2088 1319 2158 ἐπίχειρα
1346 2084 1632 2156 καταλάϐῃ
1654 2083 1876 2147 αὐτούς.

394 2182 495 2252 λβ’.
522 2182 668 2235 ἈνίΓ
697 2174 786 2235 ὧν
824 2184 937 2248 γὰρ
981 2180 1239 2249 ἠδίκουν
1278 2178 1572 2245 νηπίους,
1616 2176 1913 2247 φονευθή-

322 2290 536 2329 σονται
560 2291 574 2304 ο
615 2275 711 2327 καί
740 2274 1079 2342 ἐξετασμὸν
1107 2273 1313 2327 ὀλέσει
1350 2271 1609 2336 ἀσεϐεῖς.
1648 2269 1821 2341 ’Υπὲρ
1852 2263 1914 2322 οὗ

324 2367 433 2434 γὰρ
475 2368 587 2425 τοῖς
635 2365 867 2426 τελείοις
914 2366 1012 2435 μὲν
1040 2364 1119 2433 τῷ
1150 2366 1496 2436 φρονήματι,
1523 2365 1591 2432 τῇ
1641 2361 1698 2414 δὲ
1747 2360 1918 2430 κακίᾳ

326 2454 686 2523 νηπιὰζουσιν
732 2454 952 2516 ἀδῖκους
998 2456 1188 2523 χεῖρας
1233 2452 1528 2515 ἐπέϐαλον,
1578 2451 1759 2520 ἄωρον
1808 2448 1914 2500 δώ-

332 2563 495 2599 σουσι
521 2545 752 2597 θάνατον
773 2562 785 2575 ·
830 2546 926 2597 καὶ
970 2546 1002 2613 ἡ
1056 2545 1197 2598 κατὰ
1228 2543 1290 2595 τὸ
1323 2541 1499 2611 παρὸν
1526 2542 1775 2606 ἐξέτασις
1807 2540 1917 2594 τῶν

328 2638 508 2706 ἔργων
536 2635 635 2705 τῆς
664 2635 903 2697 ἀδικίας,
933 2637 1060 2698 τοὺς
1091 2635 1165 2704 μὴ
1188 2634 1257 2687 δι’
1273 2633 1649 2705 ἀγαθοεργίας
1669 2633 1760 2686 τὸν
1784 2633 1918 2685 Θεὸν

328 2726 606 2797 τιμῶντας
656 2726 941 2790 ἀπολέσει,
972 2728 1287 2795 στερήσασα
1333 2726 1434 2795 τῆς
1478 2723 1627 2794 ζωῆς
1659 2725 1766 2795 πρὸ
1798 2741 1919 2778 και-

333 2818 428 2889 ροῦ
445 2835 460 2849 ·
485 2818 677 2889 ἄνδρες
703 2819 814 2887 γὰρ
842 2817 1094 2885 αἱμάτων
1115 2818 1213 2871 καὶ
1240 2804 1571 2887 δολιότητος,
1594 2817 1655 2870 οὐ
1686 2816 1762 2887 μὴ
1786 2819 1918 2887 ήμι-

332 2910 586 2964 σεύσουσι
624 2910 719 2973 τὰς
760 2911 972 2981 ἡμέρας
1011 2910 1212 2966 αὐτῶν.

403 3003 504 3068 λγ’,
550 3002 601 3053 ἀ
642 3001 710 3054 δὲ
744 3000 893 3069 ἐμοῦ
919 3002 1178 3065 ἀκούων,
1201 2999 1659 3066 κατασκηνώσει
1698 2998 1792 3051 ἐπ’
1820 2997 1920 3052 ἐλ-

331 3095 461 3148 πίδι
478 3113 491 3126 ·
518 3094 615 3149 καὶ
642 3093 939 3163 ἠσυχὰσει
968 3095 1205 3163 ἀφόϐως
1229 3094 1348 3148 ἀπὸ
1371 3092 1597 3159 παντὸς
1630 3091 1839 3147 κακοῦ.
1857 3091 1919 3146 ’0

2080 885 2248 964 νέας.
2268 907 2361 973 29,
2380 907 2468 963 50.
2492 905 2635 960 Nam
2667 921 2885 961 exosum
2899 906 3191 962 habuerunt
3219 904 3585 974 disciplinam,

2005 1012 2055 1056 et
2086 1004 2331 1056 timorem
2365 999 2583 1054 Domini
2619 1015 2723 1052 non
2743 1007 3108 1065 susceperunt,
3147 1007 3199 1052 et
3231 1014 3336 1052 non
3371 998 3587 1065 acquie-

2010 1106 2192 1147 verunt
2222 1108 2335 1146 meo
2366 1090 2610 1155 consilio,
2640 1099 2690 1145 et
2720 1085 2982 1144 uniuersa:
3000 1090 3320 1159 conreptioni
3352 1104 3479 1143 mea:
3498 1088 3590 1144 de-

2010 1193 2317 1239 traxerunt.
2373 1182 2513 1249 Quia
2561 1197 2648 1236 me
2685 1181 3012 1251 sapientiam
3056 1181 3443 1235 convenientia
3491 1180 3592 1233 do-
3682 1194 3705 1261 .'

2010 1282 2249 1336 centeni,
2297 1272 2653 1341 abiecerunt;
2686 1280 2741 1325 et
2778 1269 2869 1324 Dei
2904 1271 3180 1331 timorem,
3216 1283 3379 1339 quem
3413 1268 3590 1335 possi-

2011 1367 2174 1432 dens,
2240 1364 2325 1420 via
2374 1365 2440 1419 ad
2484 1380 2571 1419 me
2625 1363 2862 1418 ducente
2906 1378 3015 1415 non
3060 1360 3291 1423 recedit,
3330 1359 3592 1413 omnibus

2013 1456 2140 1511 aliis
2179 1458 2347 1511 rebus
2384 1469 2494 1509 non
2547 1453 2947 1525 praetulerunt;
2979 1461 3034 1506 et
3073 1454 3212 1505 meis
3246 1449 3593 1505 exhortatio-

2016 1550 2177 1605 nibus
2208 1549 2568 1620 acquiescere
2588 1547 2910 1612 noluerunt,
2946 1556 3000 1600 et
3026 1559 3177 1601 meas
3211 1544 3266 1599 in
3294 1559 3448 1598 suam
3474 1555 3592 1595 ma-

2015 1640 2188 1693 litiam
2229 1641 2642 1709 increpationes
2674 1637 2957 1709 fugerunt.

2086 1730 2255 1786 Vnus.
2283 1731 2372 1785 51.
2412 1729 2694 1786 Comedent
2720 1732 2886 1801 igitur
2905 1730 3110 1797 fructus
3140 1729 3258 1782 vita:
3285 1741 3424 1787 sum;
3450 1725 3593 1779 suis-

2017 1840 2116 1893 que
2152 1822 2395 1876 consiliis
2442 1818 2860 1875 saturabuntur.
2908 1818 3121 1873 Idcirco
3158 1816 3449 1871 comedent
3479 1815 3595 1867 [ru-

2018 1922 2143 1967 ctus
2185 1913 2438 1966 laborum
2478 1926 2731 1975 suorum,
2766 1917 2820 1964 et
2858 1909 3021 1963 malis
3060 1907 3455 1964 saturabuntur
3496 1919 3594 1957 cu-

2017 1993 2372 2072 piditatibus,
2408 2015 2537 2057 cum
2571 2001 2769 2056 harum
2807 2000 3033 2070 praemia
3068 1996 3395 2054 advenerim
3425 1995 3558 2049 illis.

2089 2179 2260 2236 Vens.
2291 2179 2382 2236 32.
2416 2179 2646 2249 Propter
2664 2180 2971 2248 injustitias
3002 2178 3175 2247 factas
3204 2176 3469 2245 paruulis,
3504 2190 3595 2229 oc-

2017 2272 2286 2337 cidentur,
2321 2281 2372 2325 et
2412 2271 2683 2325 discussio
2716 2280 2893 2340 perget
2938 2270 3154 2336 impios.
3198 2267 3304 2321 Pro
3346 2283 3415 2321 eo
3449 2265 3598 2335 quod

2020 2364 2075 2416 in
2100 2364 2319 2418 adultos
2349 2362 2738 2430 intelligentia,
2763 2361 3086 2430 malitiaque
3141 2359 3400 2429 parvulos
3423 2358 3600 2427 injuso

2017 2463 2104 2507 tas
2131 2453 2477 2522 conjecerint
2506 2468 2731 2512 manus.
2750 2453 3043 2506 immatura
3069 2452 3379 2521 plertentur
3401 2457 3595 2503 morte;

2018 2554 2072 2599 et
2097 2543 2378 2599 discussio
2399 2543 2469 2597 de
2495 2543 2835 2612 supradictis
2866 2542 3130 2611 operibus
3154 2540 3383 2607 iniquis,
3405 2539 3600 2610 perdet

2018 2651 2116 2693 eos
2135 2636 2230 2705 qui
2262 2635 2431 2690 Deum
2473 2635 2738 2705 operibus
2782 2650 2891 2690 non
2918 2634 3126 2698 colunt,
3177 2637 3293 2688 vita
3344 2647 3441 2689 eos
3473 2640 3605 2687 ante

2021 2739 2236 2799 tempus
2283 2730 2531 2799 spolians
2564 2745 2578 2782 :
2622 2745 2745 2784 nam
2776 2730 2882 2784 viri
2918 2731 3252 2800 sanguinem
3294 2735 3349 2781 et
3382 2727 3603 2783 astutia

2019 2823 2190 2877 vitam
2220 2822 2373 2878 nullo
2406 2823 2571 2878 modo
2607 2824 2959 2883 aversantur.

2091 3001 2261 3059 Vsus.
2298 3005 2388 3060 35.
2424 3005 2532 3072 Qui
2560 3016 2735 3062 autem
2784 3025 2866 3063 me
2914 3007 3165 3069 audierit.
3206 3006 3494 3075 requiescet
3546 3007 3606 3056 in

2020 3104 2129 3158 spe,
2164 3095 2291 3149 etin
2326 3096 2498 3165 quiete
2538 3099 2796 3164 manebit,
2829 3100 3020 3152 timore
3054 3096 3325 3152 malorum
3365 3093 3600 3171 sublato.

330 3186 376 3239 δ’
398 3188 520 3255 ἐμοὶ
553 3187 900 3257 πειθόμενος,
924 3184 1144 3247 καὶτὰς
1176 3184 1325 3247 θείας
1358 3182 1580 3270 ἐντολᾲς
1609 3181 1915 3254 ἐργαζόμε-

2039 3179 2125 3246 lui
2152 3197 2238 3238 me
2277 3185 2454 3251 audit,
2484 3193 2550 3241 et
2588 3186 2681 3242 Dei
2726 3187 2985 3242 mandata
3014 3186 3284 3252 custodit,
3315 3185 3477 3240 bonis
3521 3187 3603 3237 Iu-

334 3293 446 3340 νος,
487 3278 563 3331 τὰ
588 3278 854 3348 μέλλοντα
878 3276 1217 3346 ἀγαθὸοταῖς
1244 3276 1460 3329 ἐλπίσιν
1491 3266 1591 3345 ἤδη
1622 3273 1918 3344 καρπιίισε-

333 3381 425 3419 ται
452 3369 511 3419 ἐν
539 3366 751 3431 τούτοις
781 3366 923 3420 κατὰ
956 3365 1277 3442 προαίρεσιν
1305 3364 1404 3434 τήν
1431 3363 1719 3417 κατοικίαν
1735 3356 1921 3433 ’πηξά-

339 3475 532 3527 μενος·
584 3461 679 3512 καὶ
721 3459 831 3513 ἀπὸ
873 3459 1057 3529 πάσης
1098 3456 1297 3519 κακίας
1330 3455 1762 3526 συσταλήσεται·
1798 3454 1922 3523 οὐχὶ

335 3547 595 3611 δουλικῶς
610 3547 689 3618 τῷ
712 3549 822 3601 τῶν
841 3549 1118 3602 κολάσεων
1141 3548 1312 3617 φύσιν,
1326 3547 1461 3600 ἀλλὰ
1482 3546 1671 3610 υίικῶς
1690 3548 1759 3616 τῇ
1785 3545 1922 3615 πρὸς

337 3637 400 3691 τὸ
437 3641 686 3708 κρ-ἰττον
725 3644 964 3710 στοργῇο
1005 3638 1157 3692 ἔνθεν
1196 3654 1278 3690 τοι
1302 3651 1319 3667 ⁸
1659 3639 1671 3650 ’

939 3772 1190 3826 ΚΕΦΑΛ.
1237 3771 1317 3828 B'.

414 3910 486 3959 α’.
541 3904 651 3970 ne,
699 3907 810 3962 ἐὰν
851 3906 1181 3976 δεξάμενος
1223 3906 1417 3977 ῥῆσιν
1450 3905 1604 3976 ἐμῆς
1643 3907 1921 3977 ἐντολῆς.

343 3997 580 4065 κρύψῃς
603 3999 762 4066 παρὰ
783 3998 1041 4063 σεαυτῷ.
1077 3999 1137 4051 '0
1166 3996 1577 4069 υίοθετούμενός
1603 4015 1693 4069 μοι
1713 3998 1801 4052 διὰ
1823 4000 1925 4069 τῆς

343 4087 403 4140 ἐν
436 4088 710 4157 πνεύματι
738 4087 1110 4154 διδασκαλίας,
1141 4089 1236 4144 ἐὰν
1281 4089 1728 4160 παραδεξάμενος
1766 4089 1925 4158 λόγον

343 4179 681 4234 ἀπαιτοῦντὰ
709 4198 767 4235 σε
795 4181 856 4235 τὸ
884 4182 1017 4253 ἐμὸν
1045 4180 1322 4251 βουλητὸν,
1352 4181 1593 4253 φυλάξῃς
1625 4181 1814 4236 τοῦτον
1860 4184 1925 4235 ιν

344 4270 421 4342 τῷ
458 4271 557 4342 τῆς
594 4272 770 4344 ψυχῆς
812 4290 905 4326 σου
949 4272 1368 4345 μνημονευτικῷ
1406 4274 1789 4344 ἁνεπίληστον.

419 4363 487 4433 β’.
526 4364 957 4420 Ἐπακούσεται
1005 4368 1226 4435 σοφίας
1253 4365 1321 4418 τὸ
1363 4359 1472 4429 οὖς
1517 4378 1657 4419 σου.
1683 4361 1925 4428 ’Υπείξει

347 4455 491 4509 κατὰ
532 4455 733 4526 πρᾶξιν
775 4457 853 4527 τῷ
885 4458 986 4528 τῆς
1027 4458 1211 4521 αἰτίας
1252 4457 1643 4527 ἁπαγγελτικῷ
1691 4455 1926 4527 ἔμφρονι

2027 3273 2171 3359 turis
2198 3272 2311 3343 iam
2365 3290 2461 3346 spe
2492 3275 2730 3343 fruetur,
2756 3292 2881 3333 cum
2914 3278 2978 3333 in
3011 3279 3103 3333 his
3143 3278 3380 3333 libenter
3418 3274 3606 3331 sedem

2027 3378 2184 3417 suam
2215 3366 2601 3434 collocaverit;
2633 3378 2688 3423 et
2709 3370 2779 3424 ab
2809 3371 2960 3425 omni
2988 3370 3194 3425 malitia
3231 3366 3472 3428 recedet.
3497 3380 3605 3419 non

2028 3460 2088 3504 ut
2113 3466 2332 3518 servus,
2367 3458 2568 3511 timore
2596 3459 3021 3528 suppliciorum,
3058 3458 3155 3517 sed
3187 3471 3246 3514 ut
3269 3458 3410 3513 illius
3458 3470 3614 3509 amo-

2027 3556 2090 3598 re
2121 3544 2369 3601 melioris
2396 3547 2548 3602 boni.
2579 3547 2709 3603 lude
2739 3550 2879 3605 haec.

2602 3775 2759 3831 CAP.
2790 3776 2855 3831 ll.

2098 3903 2268 3960 Vens.
2298 3907 2350 3962 1.
2380 3905 2515 3973 Fili,
2543 3911 2589 3963 si
2617 3911 2916 3981 suscipiens
2933 3924 3202 3966 sermones
3226 3907 3470 3962 mandati
3484 3909 3613 3972 mei,

2032 3993 2334 4051 abscondas
2364 4001 2507 4067 apud
2560 4010 2628 4053 te.
2670 4002 2982 4072 Adoptatus
3038 4015 3068 4055 a
3106 4015 3192 4055 me
3232 4015 3332 4069 pro
3373 3997 3484 4052 ﬁlio
3514 4012 3614 4067 per

2033 4088 2378 4157 spiritualem
2427 4090 2765 4159 doctrinam,
2828 4093 2876 4148 si
2908 4093 3220 4163 suscipiens
3273 4104 3617 4152 sermonem,

2033 4178 2128 4246 qui
2157 4193 2334 4233 meam
2368 4180 2710 4236 voluntatem
2747 4192 2801 4238 te
2827 4183 3010 4247 docet,
3044 4181 3326 4237 custodias
3356 4181 3532 4244 illum,
3555 4180 3616 4234 in

2033 4270 2300 4323 memoria
2324 4271 2511 4326 cordis
2544 4272 2622 4325 tui
2652 4273 3017 4328 reconditum.
3446 4328 3455 4337 ,

2106 4360 2277 4417 Vsus.
2299 4363 2356 4416 2.
2388 4363 2582 4418 Audiet
2608 4367 2929 4433 sapientiam
2964 4366 3113 4420 auris
3166 4374 3278 4418 tua.
3306 4360 3531 4419 Obediet
3559 4364 3618 4417 in

2034 4452 2218 4521 praxi,
2255 4455 2510 4523 prudenti
2541 4456 2811 4510 rationem
2848 4457 3123 4511 nuntianti
3174 4454 3441 4521 sermoni,
3465 4457 3611 4525 quod

347 4545 516 4616 λόγῳ,
546 4547 606 4599 τὸ
639 4547 813 4619 τούτῳ
840 4551 922 4612 εἰς
951 4550 1302 4619 δικαιοσύνην
1335 4548 1617 4611 ἐπιπειθές
1640 4564 1756 4612 σου,
1782 4548 1916 4618 φημῖ

2039 4543 2088 4597 in
2112 4552 2165 4599 te
2202 4560 2300 4617 per
2341 4545 2494 4600 illum
2523 4547 2592 4601 ad
2617 4546 2893 4615 justitiam
2920 4549 3118 4611 fertur,
3153 4546 3211 4624 id
3235 4554 3339 4612 est,
3368 4546 3615 4616 potentia

347 4636 407 4691 δὲ
440 4638 501 4692 τὸ
528 4637 949 4709 ἐπιθυμητικὸν,
979 4643 1076 4693 καὶ
1095 4642 1157 4693 τὸ
1190 4641 1457 4717 θυμικόνο
1490 4640 1552 4694 τὺ
1584 4640 1683 4711 μὲν
1716 4640 1930 4710 σωφρό-

350 4746 456 4793 νως
493 4730 602 4783 ἀπὸ
634 4730 741 4784 τῶν
770 4732 893 4784 κατ’
926 4730 1182 4803 αἴσθησιν
1216 4733 1388 4805 ἡδέων
1420 4732 1892 4802 ἐγκρατευόμενον
1911 4748 1927 4761 ’

351 4820 411 4872 τὸ
443 4821 501 4873 δὲ
541 4821 803 4891 ἀνδρείως
841 4823 911 4875 τὰ
956 4825 1097 4877 κατὰ
1137 4824 1298 4894 σῶμα
1335 4823 1563 4894 θλιϐερὰ
1601 4824 1893 4894 ὑπομένον.

424 4911 534 4964 Καὶ
569 4913 935 4979 παραϐαλεῐς
961 4915 1215 4981 καρδίαν
1238 4930 1355 4969 σου
1389 4919 1475 4981 είς
1502 4917 1794 4970 σύνεσιν*
1821 4930 1933 4968 πα-

351 5000 631 5067 ραϐολαῖς
662 5003 731 5056 δὲ
776 5005 973 5073 αὐτὴν
1002 5009 1090 5072 είς
1112 5007 1478 5073 νουθέτησιν
1517 5006 1597 5072 τῷ
1634 5006 1745 5073 Υἱῷ
1791 5023 1932 5061 σου.

356 5094 464 5146 Καὶ
495 5094 809 5164 ἀπαλλαγὲν
843 5098 942 5168 τῆς
988 5098 1269 5167 ἐμπαθοῦς
1311 5099 1461 5168 ζωῆς
1498 5099 1559 5153 τὸ
1589 5099 1747 5169 δίκην
1793 5115 1933 5170 καρ-

353 5185 490 5250 δίας,
516 5189 616 5257 τῆς
666 5190 724 5241 ἐν
769 5191 1040 5259 πνεύματι
1075 5191 1220 5261 ζωῆς
1243 5232 1258 5256 ,
1311 5191 1662 5261 μεταδοτικδν
1692 5194 1805 5255 τοῖς
1833 5191 1938 5243 λοι-

355 5279 481 5340 ποῖς
517 5278 615 5349 τῆς
659 5279 841 5350 ψυχῆς
878 5280 1070 5351 μέρεσι
1110 5285 1296 5354 νοερόν
1338 5301 1465 5347 σου,
1497 5283 1752 5353 ἐμϐαλεῖς
1794 5283 1937 5337 κατὰ

357 5368 593 5439 Θεωρίαν
620 5372 699 5434 εἰς
719 5372 818 5441 τὴν
842 5374 942 5443 τῆς
967 5374 1227 5444 ἀληθείας
1244 5376 1541 5444 ἐπίγνωσιν
1563 5392 1576 5405 ·
1594 5377 1860 5447 ἐμϐαλεῖς
1879 5376 1936 5431 δὲ

356 5461 518 5514 τοῦτο
547 5463 683 5533 πρὸς
711 5464 1062 5521 διδασκαλίαν
1093 5470 1476 5539 πνευματικὴν
1525 5468 1620 5522 τοῦ
1668 5470 1735 5523 δι’
1765 5460 1937 5539 αὐτῆς

359 5550 601 5606 υίοθετου
611 5553 768 5621 μένου
808 5571 911 5613 σοι,

430 5642 500 5713 γ’.
536 5643 679 5697 Ἐὰν
724 5644 835 5714 γὰρ
886 5648 1003 5712 τὴν
1047 5650 1273 5718 σοφίαν
1315 5651 1673 5719 ἐπικαλέσῃ,
1719 5653 1814 5705 καὶ
1865 5652 1938 5719 τῇ

356 5736 609 5800 συνέσει
650 5734 768 5803 δῷς
795 5740 1006 5807 φωνήν
1043 5757 1159 5794 σου
1177 5781 1190 5801 ,
1216 5742 1331 5807 τὴν
1356 5741 1424 5794 δὲ
1450 5742 1740 5808 αἴσθησιν
1764 5743 1934 5810 ὀπτή-

354 5841 478 5895 σγις
501 5828 739 5899 μεγάλῃ
767 5829 837 5898 τῇ
863 5829 1051 5900 φωνῇ.
1100 5833 1158 5885 ΕΞ
1186 5834 1293 5903 γὰρ
1329 5834 1572 5904 αἰτήσεις
1599 5835 1748 5905 παρᾶ
1776 5835 1935 5899 Θεοῦ,

2034 4636 2490 4704 concupiscibilis
2532 4639 2731 4693 anima:
2756 4648 2812 4693 et
2840 4638 3137 4694 irascibilis
3157 4680 3172 4705 ,
3194 4637 3301 4692 alia
3336 4638 3614 4708 sapienter

2035 4738 2065 4776 a
2090 4740 2356 4780 sensuum
2379 4726 2662 4797 voluptate
2686 4729 2999 4794 abstinens,
3038 4730 3149 4784 alia
3200 4729 3439 4784 viriliter
3471 4731 3616 4783 mala

2035 4816 2290 4883 corporis
2319 4817 2625 4872 sustinens.
3545 4815 3554 4826 ’

2104 4906 2406 4963 Inclinabis
2440 4928 2535 4965 cor
2586 4923 2735 4964 tuum
2793 4912 2862 4964 ad
2903 4910 3285 4981 prudentiam;
3333 4911 3616 4967 inclinabis
3711 4968 3718 4983 ,

2035 5005 2191 5057 illam
2218 5005 2272 5057 in
2300 5006 2717 5060 admonitionem
2759 5006 2875 5074 [ilio
2916 5017 3030 5060 tuo.
3065 5005 3127 5059 Et
3157 5016 3424 5061 remotam
3445 5024 3473 5061 a
3498 5018 3616 5079 tur:

2038 5093 2162 5146 liata
2190 5094 2332 5156 vita,
2349 5109 2471 5162 qua:
2488 5095 2673 5149 cordis
2693 5094 2846 5164 iuste
2867 5103 3119 5160 vocatur,
3144 5097 3453 5166 spiritualis
3477 5099 3626 5160 vita;~

2036 5203 2166 5256 erga
2195 5188 2336 5242 alias
2370 5188 2890 5258 animae'potentias
2951 5190 3268 5255 liberalem,
3320 5190 3616 5244 inclinabis

2040 5278 2395 5333 meditatione
2445 5278 2878 5334 intellectualem
2935 5282 3234 5350 potentiam
3268 5282 3335 5334 ad
3366 5282 3617 5335 veritatis

2041 5371 2502 5439 recognitionem:
2554 5369 2852 5427 inclinabis
2883 5382 3067 5426 autem
3114 5388 3234 5425 eam
3262 5372 3328 5427 ad
3357 5373 3613 5439 spiritus.

2038 5463 2146 5518 lem
2180 5461 2493 5516 doctrinam
2517 5461 2659 5531 ejus,
2700 5465 2791 5532 qui
2816 5478 2912 5532 per
2950 5464 3092 5518 hanc
3123 5463 3266 5520 ﬁlius
3304 5462 3615 5532 adoptionis

2039 5557 2144 5612 crit
2170 5557 2289 5610 lilii.
3091 5560 3101 5570 ’

2110 5645 2272 5701 Vens.
2312 5647 2363 5700 5.
2403 5645 2463 5702 Si
2487 5647 2629 5699 enim
2650 5648 2974 5717 sapientiam
3009 5645 3370 5706 invocaveris,
3416 5653 3465 5696 et
3531 5644 3614 5695 in-

2040 5736 2320 5791 clinaveris
2382 5752 2474 5789 cor
2526 5745 2674 5788 tuum
2716 5734 3033 5803 prudentia’,
3096 5742 3146 5785 et
3216 5731 3617 5801 intelligentiam

2042 5829 2312 5902 σκοτίω-ὴ
2349 5845 2539 5898 magna
2602 5841 2739 5883 race.
2779 5825 2836 5879 Si
2882 5826 3027 5880 cnim
3077 5823 3260 5890 allco,
3304 5822 3617 5890 illam,qutc
