3958 6202
300 382 446 446 1237
1256 378 1286 391 ”
1327 381 1866 443 COMMENTARII
1912 382 1991 442 IN
2029 383 2488 444 PROVERBIA.
3410 380 3547 446 1338

284 502 704 575 παραινέσεως,
735 501 853 556 τότε
885 500 1161 571 ὲπιγνώσῃ
1192 501 1289 572 τὴν
1322 500 1732 571 ἀπονεμητικὴν
1754 500 1881 553 ἐκά-

2020 501 2138 555 eris
2169 503 2600 571 possessionem,
2624 509 2752 556 tunc
2789 500 3060 569 intelliges
3105 501 3275 567 illam,
3311 518 3431 572 qum
3461 517 3583 557 em-

301 610 414 663 :up
455 592 549 646 τοῦ
578 594 700 646 κατ’
746 594 905 658 ἀξίαν
925 593 1300 662 δικαιοσύνην,
1339 594 1433 645 καὶ
1470 590 1569 661 τὴν
1589 590 1684 644 τοῦ
1714 589 1883 643 καλοῦ

2030 605 2098 644 ue
2166 592 2468 646 secundum
2528 592 2778 646 meritum
2819 592 3034 655 tribuit,
3083 593 3374 663 justitiam,
3423 601 3476 646 et
3517 607 3547 644 a

306 704 327 733 ,-
346 683 706 756 παρέγκλιτον
737 684 940 756 κρίσιν,
972 683 1285 753 πληρώσεις
1314 684 1411 745 τὰς
1461 685 1541 746 είς
1577 684 1724 738 ἅπαν
1753 685 1889 752 ἀγα-

2020 695 2135 735 tono
2161 696 2268 736 non
2290 680 2550 737 deficiens
2578 682 2877 751 judicium,
2918 690 2972 736 et
3001 680 3092 737 Del
3116 682 3403 747 inaudata,
3448 697 3569 752 qua

312 775 395 825 ,ὸν
428 773 667 842 ἀγούσας
705 773 926 839 ἐντολὰς
949 772 1045 827 τοῦ
1076 773 1236 826 Θεοῦ.

2020 770 2061 824 ιιι
2087 785 2251 827 omne
2275 771 2480 827 bonum
2512 772 2741 837 ducunt,
2766 771 3042 842 implebis.

379 957 430 1003 ι’.
484 949 625 1004 Ἐὰν
653 950 766 1019 γὰρ
805 950 953 1018 ἔλθῃ
981 949 1021 1016 ἡ
1061 951 1248 1019 σοφία
1291 951 1377 1014 εἰς
1424 948 1550 1015 σὴν
1595 947 1887 1002 διάνοιαν.

2080 947 2363 1004 VansJO.
2420 948 2483 1004 Si
2505 949 2789 1004 intraverit
2833 948 3098 1017 sapientia
3156 965 3246 1002 cor
3302 959 3469 1004 tuum.
3511 946 3570 1005 Si

316 1040 583 1112 Ἐἀνγὰρ
614 1040 997 1111 παραγένηται
1030 1039 1176 1093 κατὰ
1203 1039 1440 1109 θεωρίαν
1465 1042 1499 1110 ὴ
1528 1039 1733 1109 ἀληθὴς
1761 1038 1892 1109 περὶ

2020 1039 2145 1091 ~nim
2182 1039 2565 1103 meditatione,
2602 1038 2890 1093 intraverit
2935 1038 2990 1091 in
3039 1038 3399 1110 intelligentia
3453 1047 3571 1107 tua,

308 1133 444 1185 Θεοῦ
488 1132 669 1187 ἔννοια
693 1133 775 1195 είς
802 1132 865 1185 τὸ
890 1131 1230 1201 διανοητικόν
1264 1147 1384 1184 σου.

2020 1143 2127 1184 ποτε
2165 1129 2258 1184 Dei
2293 1131 2546 1184 scientia.

320 1212 321 1217 η
387 1225 455 1279 ἰι
498 1223 570 1277 δὲ
596 1224 883 1293 αἴσθησις
920 1222 994 1292 τῇ
1022 1222 1109 1291 σῇ
1144 1222 1307 1293 ψυχῇ
1337 1224 1497 1290 καλὴ
1542 1218 1696 1276 εἶναι
1744 1221 1896 1293 δόξῃ

2068 1220 2308 1277 Scientia
2360 1224 2512 1277 cordi
2558 1232 2649 1278 tuo
2670 1223 2895 1292 pulchra
2939 1239 3052 1278 esse
3068 1225 3350 1280 videbitur.
3386 1224 3573 1279 Multi-

391 1313 455 1367 Ἦ
495 1315 553 1369 δὲ
582 1316 878 1385 πενταδικὴ
902 1315 996 1368 τοῦ
1027 1313 1199 1368 κακοῦ
1252 1314 1546 1384 διάκρισις,
1593 1312 1764 1383 ἀρετή
1812 1328 1895 1364 σοι

2020 1316 2120 1369 ilex
2152 1315 2280 1368 mali
2305 1314 2587 1381 discretio,
2621 1316 2797 1371 virtus
2857 1316 3084 1385 spiritus
3145 1315 3423 1370 videbitur
3451 1316 3569 1377 tibi,

308 1408 451 1461 κατά
477 1407 654 1477 ψυχὴν
683 1408 1007 1478 φανήσεται,
1045 1407 1124 1477 μὴ
1151 1405 1220 1460 δι’
1243 1406 1661 1478 ἀπερίσκεπτον
1690 1420 1897 1472 φαντα-

311 1498 431 1552 σίαν
460 1476 672 1566 ἀλόγως
696 1476 1055 1567 ἑπιθνμοῦντί
1082 1476 1257 1561 τινοςί

383 1585 476 1640 ια’.
520 1586 724 1655 Βουλή
767 1586 927 1656 Itali)
961 1586 1219 1656 φυλάξει
1267 1601 1363 1642 σε.
1408 1585 1558 1657 Αὕτη
1591 1586 1691 1656 μὶν
1725 1586 1760 1653 ἡ
1788 1585 1901 1638 τῶν

309 1676 655 1746 πραγμάτων
676 1676 886 1749 ⁴ἀρίστη
923 1676 1265 1747 περίσκεψις,
1301 1676 1409 1730 ἀπὸ
1441 1676 1630 1747 πάσης
1661 1673 1900 1745 παραλό-

308 1784 408 1836 γου
439 1767 807 1836 περιφυλάξει-
822 1785 882 1820 σε
913 1767 1187 1836 πράξεως.

1999 1404 2091 1474 qui
2126 1418 2223 1474 per
2245 1402 2661 1473 imprudentem
2697 1404 3198 1460 considerationem
3232 1444 3247 1470 ,
3280 1404 3575 1458 irrationa-

1999 1495 2184 1549 biliter
2219 1496 2355 1549 nulli
2385 1495 2620 1550 invides.

2023 1578 2240 1641 ‘Vsns’.
2267 1586 2357 1640 ll.
2402 1584 2700 1641 Consilium
2728 1584 2920 1640 bonum
2953 1585 3209 1641 custodiet
3240 1594 3308 1638 te.
3337 1584 3456 1653 ipsa
3490 1596 3587 1638 re-'

2002 1692 2122 1731 rum
2149 1677 2357 1747 optima
2387 1677 2606 1743 notitia,
2648 1676 2718 1732 ab
2749 1677 2899 1732 onmi
2938 1685 3063 1731 actu
3108 1690 3366 1747 perverso
3388 1682 3574 1730 custo-

2002 1769 2112 1822 diet
2135 1776 2209 1821 te.

382 1833 631 1911 'Ernoia
656 1856 725 1910 δὲ
753 1858 895 1912 ὁσία
923 1833 1175 1926 τῇρήσει
1204 1872 1300 1911 σε.
1337 1858 1403 1910 Ἦ
1429 1857 1486 1910 δὲ
1513 1857 1696 1928 πάσης
1724 1859 1889 1929 ἄλλης

2070 1857 2271 1912 Sancta
2328 1858 2552 1912 scientia
2604 1857 2831 1912 servabit
2878 1867 2946 1911 te.
3004 1855 3143 1912 Vera
3196 1858 3572 1923 lleiscientizr,

308 1946 518 2011 ἑννοίας
550 1948 916 2019 ὑπερκειμένη
950 1947 1154 2017 ἀληθὴς
1200 1948 1331 2017 περὶ
1369 1947 1504 2001 Θεοῦ
1546 1949 1745 2014 ἔννοια,
1779 1949 1891 2003 δια-

308 2041 539 2111 τηρήσει
567 2056 626 2092 σε
650 2039 757 2093 ἀπὸ
778 2040 961 2111 πάσης
982 2040 1192 2103 ἑννοίας
1219 2040 1507 2111 ἀπατηλῆς
1529 2041 1624 2095 καὶ
1648 2040 1888 2095 διασπώσ
1912 2110 1924 2122 ,

311 2148 410 2201 σης
444 2130 552 2183 ἀπὸ
579 2130 739 2185 Θεοῦ.

382 2221 471 2291 ιβ’.
509 2223 633 2295 Ἵνα
654 2223 922 2295 ριξσηται
941 2239 1016 2279 σε
1043 2222 1163 2279 ἀπό
1191 2222 1339 2278 ὀδοῦ
1363 2212 1575 2294 καέῆς.
1600 2224 1787 2290 Ὅπως
1803 2224 1893 2290 ἐξ·

308 2313 510 2368 ελεῖταί
547 2294 669 2386 σε”ίι
697 2294 797 2386 μιν
826 2317 1025 2386 ἀρίστη
1052 2315 1162 2369 τῶν
1194 2317 1538 2386 πραγμάτων
1571 2316 1895 2387 περίσκεψις

310 2406 418 2458 ἀπὸ
454 2407 555 2475 τῆς
583 2407 865 2476 ὲμπαθοῦς
898 2406 1106 2478 βιοτῆς.
1866 2396 1872 2403 ’

381 2498 489 2551 Καὶ
527 2498 649 2552 ἀπὸ
675 2497 895 2565 ἀνδρὸς
925 2500 1264 2566 λαλοῦντος
1304 2498 1503 2569 μηδὲν
1528 2499 1769 2553 πιστόν.
1830 2499 1896 2553 Ἢ

313 2586 368 2640 δὲ
395 2586 602 2658 ἀληθὴς
651 2590 780 2658 περὶ
815 2588 951 2641 Θεοῦ
985 2587 1186 2653 ἔννοια,
1241 2589 1351 2643 ἀπὸ
1376 2587 1470 2642 τοῦ
1515 2587 1897 2652 διαδάλλοντος

313 2677 409 2747 τὴν
445 2675 725 2746 ἀλήθειαν,
772 2677 868 2729 καὶ
893 2676 1132 2748 διασπᾷν
1161 2676 1570 2748 ἐπιχειροῦντος
1596 2677 1695 2748 τὴν
1717 2677 1897 2747 ψυχήν

317 2784 412 2821 σου
443 2767 551 2823 ἀπὸ
576 2765 672 2819 τοῦ
719 2768 954 2835 νυμφίου
991 2767 1162 2837 αὐτῆς
1207 2766 1342 2820 Θεοῦ
1372 2768 1570 2836 Λόγου,
1604 2768 1696 2821 καὶ
1719 2766 1897 2837 ἑαυτῷ

314 2857 684 2929 πῳσκολλᾷν,
733 2856 979 2929 φθορέως
1010 2857 1118 2910 τῶν
1154 2857 1444 2928 ἡμετέρων
1485 2856 1671 2927 ψυχῶν
1704 2856 1897 2928 δαίμο-

316 2968 435 3013 νοςν

389 3047 481 3110 ιγ’.
514 3043 583 3096 ’Ὠ
631 3044 687 3097 al
735 3041 1269 3111 ἐγκαταλείποντες
1301 3041 1481 3110 όδούς
1518 3043 1767 3107 εὐθείας,
1792 3042 1898 3098 τοῦ

317 3133 679 3203 πορευθῆναι
706 3133 776 3189 ἐν
802 3131 964 3198 ὁδοῖς
996 3132 1293 3199 σκότους]
1320 3133 1543 3200 Λοιπὸν,
1560 3132 1693 3202 φεῦι
1722 3133 1773 3186 oi
1801 3150 1899 3187 κα-

318 3222 744 3294 ταλιμπάνοντες
769 3222 869 3285 τὰς
900 3221 1037 3292 πρὸς
1069 3222 1270 3275 κακίαν
1300 3223 1400 3291 μὲν
1440 3222 1901 3293 ἀπαρεγκλίτους,

321 3317 454 3387 πρὸς
483 3315 616 3368 Θεὸν
643 3316 698 3369 δὲ
729 3316 852 3369 κατ’
877 3314 1083 3385 ἀρετὴν
1102 3312 1376 3386 φερούσας
1403 3314 1575 3378 ὁδοὺς,
1598 3314 1739 3368 ὥστε
1761 3313 1903 3367 ὁδεῦο

321 3426 408 3461 σαι
446 3410 505 3462 εν
527 3409 648 3471 ταῖς
671 3406 932 3474 ἀγούσαις
963 3407 1045 3469 είς
1092 3407 1373 3476 κρημνοὺς
1406 3405 1623 3470 κακίας,
1672 3406 1768 3460 καὶ
1806 3406 1903 3475 βά-

321 3496 497 3566 ραθρα
525 3494 622 3547 τοῦ
657 3496 880 3557 σκότους
909 3497 1010 3564 τῆς
1038 3494 1259 3562 ἀγνοίας
1280 3494 1445 3557 ὁδοῖς.

391 3586 469 3639 ιδ’.
495 3586 557 3637 Ὢ
578 3588 631 3638 ol
662 3586 1117 3653 εὐφραινόμενοι
1144 3583 1243 3637 ἐπὶ
1265 3585 1495 3651 κακοῖς,
1526 3585 1625 3638 καὶ
1657 3587 1901 3654 χαίρον-

320 3691 417 3740 τες
440 3675 539 3728 ἐπὶ
559 3674 892 3743 διαστροφῆ
914 3673 1097 3741 κακῇί
1112 3675 1242 3727 Φεῦι
1264 3676 1316 3727 oi.
1337 3675 1773 3745 ὲπαγαλλόμενοι
1788 3679 1901 3739 τοῖς

322 3766 523 3833 ἑτέρων
581 3767 795 3828 κακοῖς,
828 3765 922 3818 καὶ
964 3765 1455 3835 ὲπευφραινόμενοι
1485 3767 1551 3835 τῇ
1605 3766 1810 3820 τούτων
1836 3767 1904 3819 ἐκ

320 3853 415 3908 τοῦ
455 3852 663 3922 ἀγαθοῦ
690 3854 771 3917 είς
800 3853 863 3906 τὸ
890 3854 1136 3906 ἐναντίον
1170 3857 1499 3926 περιτροπῇ.

394 3950 477 4006 ιε’,
513 3943 610 4009 ις’.
643 3938 758 3999 Ὧν
785 3946 843 3998 al
872 3945 1058 4013 τρίϐοι
1091 3945 1361 4007 σκολιαί,
1394 3946 1490 3999 καί
1510 3947 1815 4015 καμπύλαι
1841 3949 1901 4000 al

324 4035 546 4105 τροχιαὶ
577 4034 794 4100 αὐτῶν,
825 4036 933 4089 τοῦ
950 4034 1186 4105 μακράν
1226 4052 1303 4090 σε
1335 4019 1584 4106 ποιῆσαι
1610 4037 1729 4091 ἀπὸ
1755 4037 1902 4093 ὀδοῦ

321 4127 573 4191 εὐθείας,
604 4125 701 4180 καὶ
726 4127 1048 4193 ἀλλότριον
1081 4126 1191 4195 τῆς
1244 4128 1481 4193 δικαίας
1512 4127 1769 4198 γνώμης.
1801 4121 1900 4181 ’Ὧν

324 4218 390 4272 τά
414 4234 472 4270 τε
506 4218 911 4289 ἐπιτηδεύματα
949 4219 1045 4272 καὶ
1085 4220 1143 4271 αἱ
1201 4220 1358 4290 δίκην
1402 4220 1657 4291 τροχιῶν,
1712 4220 1773 4273 τὸ
1801 4221 1901 4290 μὲν

323 4310 626 4380 ἁνάῤῥοπον
656 4310 751 4363 τοῦ
781 4310 990 4378 ἀγαθοῦ
1024 4310 1346 4380 φεύγουσαι,
1383 4312 1446 4363 τὸ
1481 4310 1540 4363 δὲ
1580 4312 1901 4383 κατωφερὲς

322 4398 421 4468 τῆς
467 4400 669 4463 κακίας
693 4400 986 4455 διώκουσαι
1013 4402 1305 4467 διαθέσεις,
1356 4403 1790 4474 διεστραμμέναι
1823 4404 1895 4456 εἰ·

326 4491 443 4544 σίνο
475 4490 551 4554 ὡς
589 4492 1045 4565 ἐπιτεχνωμένων
1088 4495 1338 4566 πόρῤωσε
1354 4483 1587 4565 ποιῆσαι
1634 4496 1733 4565 τῆς
1774 4494 1899 4549 κατ’

323 4582 522 4653 ἀρετὴν
548 4582 683 4653 πρὸς
712 4583 845 4636 Θεὸν
906 4585 1187 4657 φερούσης
1215 4587 1432 4649 εὐθείας
1467 4586 1607 4652 ὁδὸν,
1636 4588 1730 4639 καὶ
1750 4585 1903 4650 ξένον

323 4675 672 4727 παντάπασιν
707 4675 1135 4745 ἀπεργάσασθαι
1187 4677 1288 4747 τῆς
1330 4678 1471 4732 κατά
1504 4678 1661 4746 λόγον
1689 4678 1902 4749 διακρι-

324 4765 520 4833 νούσης
558 4765 667 4837 ἀπὸ
702 4765 798 4819 τοῦ
819 4767 1127 4837 κρείττονος
1152 4768 1214 4820 τὸ
1242 4772 1446 4839 χεῖρον,
1477 4771 1569 4823 καὶ
1594 4771 1905 4840 καταψηφι-

324 4856 557 4928 ζομένης
593 4858 783 4912 τούτου
814 4858 1009 4930 σχολὴν
1033 4860 1271 4932 παντελῆ
1320 4862 1714 4935 προαιρέσεως*
1752 4863 1904 4917 ἔνθεν

323 4966 399 5003 τοι
407 4965 423 4980 ⁹

393 5041 481 5105 ιζ’.
521 5041 638 5107 Υίὲ,
658 5043 743 5112 μή
768 5058 843 5098 σε
869 5043 1179 5115 καταλάϐῃ
1205 5046 1406 5115 ,ϐουλὴ
1455 5047 1632 5115 κακὴ,
1659 5049 1698 5115 ἠ
1751 5049 1902 5102 ἀπο-

322 5135 623 5189 λείπουσα
672 5135 1075 5205 διδασκαλίαν
1110 5139 1427 5204 νεότητος,
1482 5139 1577 5193 καὶ
1610 5139 1904 5205 διαθήκην

324 5228 491 5280 θείαν
530 5226 998 5295 ἐπιλελησμένῳ
1033 5225 1236 5281 Τέκνον
1287 5231 1675 5299 πνευματικὸν,
1728 5230 1901 5299 φεῦγε

322 5318 421 5390 τὴν
502 5319 745 5390 πονηρὰν
801 5320 897 5372 τοῦ
958 5320 1150 5391 νοητοῦ
1204 5320 1380 5389 ὅφεως
1435 5323 1777 5394 συμϐουλὴν,
1834 5324 1901 5376 δι’

324 5413 647 5481 ἑγκρατείας
678 5412 786 5465 τῶν
836 5412 1031 5482 ἡδέων,
1100 5415 1191 5466 καὶ
1225 5414 1501 5483 ὑπομονῆς
1554 5416 1662 5468 τῶν
1718 5416 1899 5473 01:63-

329 5506 457 5576 ρῶν,
520 5507 595 5577 μή
641 5524 700 5559 σε
732 5507 1058 5575 καταφθάσῃ
1111 5506 1372 5578 ῥᾳθύμως
1436 5508 1650 5577 περἰτὸ
1694 5508 1901 5573 ἀγαθὸν

325 5598 694 5668 διακείμενονο
740 5599 862 5667 ἥτις
898 5598 1177 5670 συμϐουλὴ
1237 5599 1419 5652 ἔπεισε
1452 5600 1543 5653 τὸν
1572 5601 1898 5670 πρωτόπλα-

328 5703 450 5740 στον
484 5689 800 5741 καταλιπεῖν
835 5690 935 5758 τὴν
961 5689 1036 5750 ὡς
1071 5687 1150 5740 ἔτι
1186 5689 1424 5753 νεάξοντι
1452 5690 1548 5758 τὴν
1593 5710 1896 5760 πνευματι-

334 5779 425 5833 xi‘v
458 5780 704 5850 ἠλικίαν,
739 5781 979 5834 δοθεῖσαν
1018 5781 1161 5848 αὐτῷ
1197 5781 1346 5833 θείαν
1392 5783 1627 5850 ἐντολὴν,
1661 5785 1751 5837 καὶ
1780 5786 1897 5836 ἐπι-

1999 1964 2218 2005 onmem
2271 1951 2435 2004 aliam
2470 1951 2756 2004 scientiam
2790 1948 3224 2017 transcendcns,
3257 1950 3496 2005 servabit
3523 1957 3576 2005 te

2002 2049 2071 2104 ab
2097 2050 2248 2105 omni
2280 2048 2514 2105 scicntia
2545 2048 2726 2104 fallaci
2750 2063 2874 2119 qua:
2902 2062 2933 2104 a
2964 2046 3076 2103 Deo
3108 2048 3324 2104 avertit.

3508 2188 3541 2203 φ

2079 2230 2244 2286 Vens.
2278 2229 2367 2284 12.
2430 2227 2499 2284 Ut
2536 2230 2751 2284 eruaris
2793 2245 2827 2282 a
2872 2227 2956 2283 eia
2984 2227 3153 2281 mala.
3180 2225 3252 2282 Ut
3283 2240 3314 2281 ε
3344 2225 3431 2281 via
3461 2232 3570 2281 tur-

2002 2321 2128 2374 bata
2170 2327 2331 2375 eruat
2365 2328 2437 2384 te,
2467 2319 2673 2389 optima
2698 2331 2884 2374 rerum
2927 2317 3144 2372 notitia.
3218 2322 3229 2329 '

2078 2496 2149 2551 Et
2178 2496 2244 2551 ab
2305 2496 2514 2549 nomine
2561 2496 2654 2565 qui
2692 2510 2939 2565 perversa
2995 2494 3248 2565 loquitur.
3287 2491 3425 2548 Vera
3482 2492 3575 2547 Dei

2008 2586 2262 2645 scientia,
2282 2600 2312 2638 a
2327 2584 2548 2638 diabolo
2568 2584 2873 2638 animarum
2898 2592 3214 2638 nostrarum
3232 2589 3574 2651 corruptore,

2004 2676 2099 2745 qui
2156 2676 2370 2729 veritati
2408 2674 2635 2738 invidet,
2663 2682 2717 2729 et
2760 2674 3001 2728 animam
3054 2680 3202 2734 tuam
3233 2688 3264 2727 a
3320 2686 3578 2727 sermone

2007 2769 2104 2824 Dei
2135 2769 2254 2835 ejus
2283 2769 2470 2838 sponsi
2495 2768 2728 2824 avellere
2760 2776 2992 2823 conatur
3021 2767 3198 2825 etsibi
3223 2767 3325 2839 ipsi
3355 2767 3581 2838 alligare

2006 2861 2085 2931 (te
2116 2860 2412 2931 liberabit).

2079 3033 2245 3090 Vens.
2282 3033 2369 3088 15.
2404 3033 2511 3101 Qui
2574 3035 2875 3106 relinquunt
2928 3034 3269 3098 iterrectum,
3324 3042 3373 3087 et
3397 3030 3583 3086 ambir-

2011 3128 2125 3179 lant
2152 3141 2245 3194 per
2275 3130 2387 3180 vias
2419 3128 2746 3180 tenebrosus.
2788 3126 3017 3193 Deinde,
3057 3126 3183 3193 ben,
3202 3126 3297 3196 qui
3327 3126 3447 3181 vias
3470 3140 3583 3179 non
3666 3132 3671 3141 ‘

2010 3220 2078 3275 ad
2109 3222 2395 3285 malitiam,
2458 3222 2554 3275 sed
2589 3221 2658 3275 ad
2697 3220 2866 3276 Deum
2892 3236 2985 3290 per
3029 3222 3289 3276 virtutem
3325 3218 3582 3283 ferentes,

2012 3312 2351 3381 relinquunt,
2391 3319 2452 3367 ut
2482 3310 2610 3376 viis,
2640 3325 2764 3381 quae
2795 3311 2849 3365 in
2884 3311 3242 3381 praecipitium
3277 3309 3499 3364 malitiae
3529 3316 3585 3363 et

2010 3404 2271 3476 abyssum
2325 3406 2675 3461 tenebrarum
2709 3404 3029 3476 ignorantia:
3120 3402 3346 3475 pellant,
3396 3400 3587 3455 ambu-

2013 3498 2146 3552 ient.

2084 3586 2248 3643 Vens.
2310 3588 2397 3643 Η.
2460 3587 2567 3654 Qui
2606 3588 2864 3643 laetantur
2915 3604 3037 3641 cum
3078 3588 3218 3640 male
3244 3587 3481 3657 fecerint.
3533 3596 3583 3640 et

2008 3678 2280 3733 exsultant
2306 3680 2361 3732 in
2403 3680 2555 3733 rebus
2578 3680 2846 3747 pessimis.
2896 3680 3022 3747 Qui,
3052 3679 3211 3733 ebeu!
3244 3679 3498 3733 laetantur
3527 3678 3583 3733 in

2010 3771 2172 3825 malis
2193 3771 2426 3824 aliorum
2462 3809 2479 3835 ,
2534 3781 2588 3825 et
2619 3772 2901 3826 exsultant
2962 3772 3018 3826 in
3059 3785 3249 3825 eorum
3281 3785 3311 3823 a
3340 3771 3486 3825 bono
3515 3771 3582 3823 ad

2014 3859 2215 3912 malum
2249 3859 2637 3915 conversione.
3550 3876 3559 3881 ‘

2082 3948 2340 4014 VensJi‘i,
2360 3950 2444 4003 16.
2468 3951 2705 4017 Quorum
2722 3951 2816 4005 via:
2832 3967 3086 4019 pervenre
3107 3959 3252 4013 sunt,
3267 3960 3312 4002 et
3335 3959 3584 4002 tortuosa:

2008 4046 2210 4097 semitte
2238 4059 2444 4108 eorum,
2482 4052 2542 4095 ut
2598 4055 2646 4096 te
2678 4052 2919 4096 avertant
2946 4060 2978 4096 a
3013 4043 3094 4097 via
3113 4052 3278 4106 recta,
3302 4052 3352 4095 ct
3383 4052 3431 4095 te
3462 4042 3581 4093 alic-

2008 4151 2134 4188 nnm
2198 4134 2403 4204 faciant
2469 4152 2502 4190 a
2561 4146 2706 4190 recta
2757 4137 2973 4190 notitia.
3032 4136 3278 4202 Quorum
3327 4151 3507 4190 mores
3529 4147 3585 4187 et

2006 4224 2256 4294 allectus,
2283 4236 2542 4298 tanquam
2567 4227 2797 4295 semitae,
2833 4243 3104 4281 summum
3140 4228 3340 4281 bonum
3369 4228 3582 4297 fugit-n-

2008 4329 2114 4383 tes,
2154 4328 2575 4390 quaerentesque
2654 4318 2986 4390 profundum
3055 4321 3299 4382 malitiae,
3343 4321 3583 4390 perversi

2014 4407 2148 4462 facti
2172 4416 2335 4463 sunt:
2372 4410 2466 4478 qui
2526 4420 2579 4463 te
2633 4418 2884 4465 avertere
2928 4421 3203 4464 conantur
3235 4412 3372 4464 avia
3413 4420 3583 4476 recta,

1935 4530 1978 4583 υ
2006 4517 2130 4571 quae
2150 4517 2249 4572 per
2299 4501 2561 4556 virtutem
2620 4502 2688 4556 ad
2725 4501 2892 4557 Deum
2942 4502 3118 4568 ducit,
3165 4509 3221 4557 et
3259 4511 3313 4556 te
3339 4504 3581 4557 alienum

2009 4593 2239 4647 reddere
2260 4592 2330 4647 ab
2366 4594 2459 4647 illo
2493 4591 2705 4662 judicio
2735 4594 2879 4663 quod
2930 4592 3231 4647 secundum
3263 4593 3529 4646 rationem
3555 4610 3585 4648 a

2008 4686 2154 4740 bono
2176 4687 2380 4739 malum
2416 4685 2700 4751 discernit,
2756 4693 2812 4739 ct
2869 4686 3036 4756 hujus
3088 4686 3583 4741 studiumomninn

2006 4780 2259 4833 damnat.
2287 4776 2447 4834 Unde
2467 4778 2740 4848 sequitur.

2074 5043 2237 5096 Vens.
2274 5043 2363 5096 l7.
2405 5041 2538 5108 Fili,
2574 5060 2637 5098 ne
2678 5053 2728 5096 te
2783 5044 3158 5098 circumveniat
3182 5045 3383 5098 malum
3405 5048 3583 5099 consi-
3676 5102 3677 5105 η

2006 5141 2157 5200 lium,
2197 5135 2336 5205 quod
2389 5136 2692 5189 doctrinam
2757 5135 3128 5191 adolescentia:
3200 5137 3475 5205 relinquit,
3534 5145 3584 5189 et

2004 5239 2217 5299 partum
2242 5230 2484 5283 divinum
2540 5229 2891 5284 obliviscitur.
2955 5229 3055 5284 Fili
3091 5230 3421 5300 spiritualis,
3459 5231 3583 5298 lnge

2006 5322 2315 5390 spiritualis
2352 5320 2627 5390 serpentis
2685 5322 2889 5374 malum
2948 5323 3264 5386 consilium,
3301 5323 3582 5375 vincendo

2004 5413 2369 5483 cupiditates,
2433 5413 2930 5484 tribulationesqne
2994 5414 3323 5469 sustinendo
3375 5432 3389 5468 :
3432 5430 3498 5469 ne
3529 5423 3583 5467 te

2005 5508 2244 5562 molliter
2302 5523 2463 5577 geras
2510 5492 2884 5562 circa'bonum
2935 5508 3079 5576 quod
3118 5518 3226 5561 ate
3256 5510 3578 5577 requirunt:

2006 5599 2150 5666 quod
2191 5601 2489 5654 consilium
2553 5601 2776 5670 irrepsit
2820 5602 2872 5663 in
2926 5600 3343 5670 protoplastum,
3379 5608 3436 5651 ut
3496 5614 3581 5652 rc-

2005 5695 2274 5761 lmqucret
2311 5692 2549 5746 divinant
2572 5695 2929 5758 voluntatem,
2958 5707 3079 5762 qua:
3115 5692 3164 5745 ei
3197 5701 3255 5745 nt
3290 5693 3434 5747 circa
3466 5707 3580 5760 spt-

2005 5787 2223 5841 ritualia
2254 5787 2619 5853 parvulndata
2654 5788 2831 5843 fuerat
2865 5795 2919 5842 ct
2953 5795 3008 5840 ut
3034 5785 3345 5855 loqueretur
3374 5787 3565 5843 incon-
