3964 6194
509 304 648 375 ιειτ

510 522 633 590 ejus
669 524 722 577 in
753 524 959 579 virtute
998 535 1259 596 tanquam
1294 529 1349 582 in
1378 529 1632 595 sinistra,
1664 545 1786 599 quae
1820 533 2089 583 humano-

514 630 637 669 rum
680 616 912 672 scientia
955 619 1298 689 intelligitur,
1334 631 1418 676 est
1453 620 1786 675 abundantia
1822 621 2086 676 virtutum

511 709 812 761 Secundum
871 709 1043 778 legem
1103 713 1407 767 naturalem
1464 720 1519 767 et
1570 714 1853 783 scriptam,
1891 722 1945 768 et
2003 714 2087 783 pia

511 796 823 851 divinorum
849 798 1208 868 judiciomm,
1230 804 1472 858 naturali
1519 805 1871 858 meditatione
1901 806 2089 872 acqui-

511 888 615 948 sita
670 889 945 958 Cognitio,
1002 892 1217 946 scilicet
1267 910 1393 948 vera
1448 898 1499 949 in
1559 897 1725 950 rebus
1782 895 2089 949 visibilibus

512 974 707 1043 gloria.

584 1064 667 1118 Ea:
699 1084 787 1121 ore
825 1069 940 1137 ejus
964 1071 1200 1137 procedit
1225 1073 1474 1142 justitia;
1509 1074 1669 1144 legem
1700 1085 1748 1129 et
1784 1077 2085 1131 inisericor-
2147 1126 2157 1135 ,

511 1156 657 1209 diam
687 1162 739 1211 in
774 1159 958 1227 lingua
986 1172 1187 1230 portat.
1216 1163 1281 1216 lat
1310 1181 1375 1219 ex
1408 1168 1698 1220 verissima
1728 1166 1848 1234 ejus
1883 1168 2090 1220 tht'll'i'

514 1264 602 1302 na.
638 1257 896 1317 tanquam
929 1268 992 1304 ex
1037 1254 1222 1322 aliquo
1248 1234 1650 1322 ore,.proeeilit
1689 1261 1877 1326 regula
1914 1259 2087 1311 virtu-

513 1346 664 1399 tum;
706 1354 829 1408 quae
872 1352 983 1396 tres
1013 1343 1209 1397 animae
1250 1345 1523 1412 potentias
1560 1353 1763 1412 servat;
1807 1356 1865 1400 ut
1894 1347 1961 1401 ad
1991 1364 2089 1401 cn-

408 1440 417 1453 '
514 1430 769 1496 piditates
817 1449 937 1500 qua:
981 1450 1045 1487 ex
1099 1433 1315 1489 defectu
1355 1438 1439 1490 vel
1477 1452 1543 1491 ex
1590 1452 1818 1492 excessu
1868 1440 2092 1494 virtutis

511 1520 785 1585 oriuntur,
839 1539 948 1576 nou
1003 1526 1339 1580 inclinentur
1388 1550 1399 1583 :
1442 1544 1658 1584 onmem
1719 1530 1848 1584 mali
1906 1533 2093 1601 operis

514 1614 920 1679 remotionem,
970 1626 1024 1669 et
1085 1620 1343 1685 pietatem
1400 1636 1530 1691 erga
1592 1637 1782 1677 omnes
1839 1622 2093 1680 homines

512 1703 671 1755 all'ert
711 1706 993 1773 sapientia:
1033 1722 1215 1761 sermo
1254 1710 1620 1778 doctrinalis;
1656 1714 1817 1781 quasi
1856 1717 2091 1783 quadam

513 1792 722 1861 lingua,
759 1796 900 1852 vitas
936 1797 1217 1852 hominum
1252 1800 1317 1853 ad
1352 1802 1607 1856 virtutem
1633 1806 1873 1860 ordinat.

589 1967 754 2023 Vens.
792 1972 877 2025 17.
921 1970 1035 2026 Via?
1076 1974 1213 2043 ejus,
1251 1977 1348 2030 via!
1376 1978 1629 2046 pulchrae.
1665 1979 1895 2050 Optima:
1922 1982 2096 2037 virtu-

515 2058 587 2110 lis
622 2062 976 2131 scientiaeque
1017 2065 1185 2133 leges,
1216 2078 1267 2121 et
1297 2068 1572 2139 dogmata,
1605 2071 1659 2124 in
1688 2072 1889 2140 quibus
1936 2075 2093 2143 quasi

517 2149 570 2200 iu
614 2152 716 2205 viis
748 2152 1111 2209 deambulans
1148 2160 1442 2226 sapientia,
1478 2160 1531 2213 in
1569 2177 1900 2232 unoquoque
1946 2165 2094 2218 salu-

516 2240 587 2293 tis
631 2256 855 2295 cursum
907 2254 1187 2313 operatur,
1239 2252 1398 2304 facile
1438 2253 1506 2305 ab
1544 2252 1611 2306 iis
1649 2252 1964 2322 implentur,
2001 2256 2094 2323 qui

515 2335 597 2387 eis
628 2334 971 2390 conforment
996 2350 1164 2409 agunt
1200 2342 1388 2399 vitam.

592 2428 785 2480 Omnes
815 2429 1016 2483 semitm
1046 2430 1159 2498 ejus
1193 2433 1449 2501 paci/iur.
1485 2434 1545 2485 Et
1574 2436 1778 2497 gradus
1808 2437 2094 2501 virtutum,

515 2519 719 2586 quibus
767 2521 974 2589 optime
1026 2525 1094 2577 ad
1158 2526 1389 2579 salutem
1448 2527 1599 2582 ducit
1653 2529 1780 2583 illos
1828 2531 1922 2599 qui
1976 2547 2095 2587 eam

518 2620 850 2674 sequuntur,
902 2627 1026 2664 eum
1089 2615 1239 2667 omni
1302 2618 1663 2684 cupiditatum
1728 2622 2099 2677 destructione

520 2700 905 2767 producuntur
955 2702 1009 2755 in
1066 2705 1154 2767 iis,
1192 2707 1282 2774 qui
1338 2724 1437 2761 nec
1483 2710 1554 2763 ob
1602 2713 1855 2779 gloriam,
1891 2728 1989 2766 nec
2029 2714 2099 2770 ob

522 2784 649 2861 aliis
701 2788 948 2855 placendi
997 2791 1331 2847 desiderium
1379 2807 1431 2849 ct
1477 2800 1811 2866 superbiam,
1842 2801 2097 2855 virtutem

520 2879 605 2930 vel
666 2880 983 2934 divinorum
1048 2885 1430 2939 mandaturum
1497 2889 1906 2944 meditationem
1974 2909 2098 2961 per-

520 2984 849 3039 sequuntur.
1827 2966 1845 2984 ⁸

594 3066 763 3121 Vsus.
816 3067 900 3121 18.
957 3068 1186 3139 Lignum
1234 3072 1357 3126 vita:
1394 3074 1635 3129 omnibus
1681 3077 1772 3143 qui
1817 3078 2170 3173 a’pprelten-C

520 3161 698 3215 derint
735 3180 875 3227 eam,
907 3175 958 3217 et
1007 3167 1071 3218 iis
1105 3168 1196 3235 qui
1239 3184 1397 3236 super
1445 3186 1583 3233 eam,
1634 3179 1691 3223 ut
1742 3172 1797 3224 in
1842 3171 2012 3225 Deum
2045 3190 2100 3227 se

522 3255 887 3325 ﬁroiiaveiint,
943 3246 1233 3315 beatitudo.
1286 3260 1517 3331 Lignnm
1548 3303 1563 3324 .
1620 3265 1927 3333 spiritualis
1977 3268 2101 3322 vitae

525 3347 765 3401 fructum
822 3346 1029 3410 ferens,
1062 3361 1150 3404 est
1204 3353 1255 3404 in
1304 3354 1561 3409 omnibus
1591 3356 1683 3422 qui
1714 3366 1807 3423 per
1844 3356 2099 3411 allectum

528 3440 597 3495 ad
649 3454 768 3494 eam
819 3441 1089 3509 aspirant,
1122 3450 1175 3495 et
1225 3442 1348 3498 illos
1400 3444 1495 3512 qui
1545 3444 1600 3498 in
1649 3460 1734 3506 ea,
1769 3460 1865 3515 per
1916 3447 2101 3513 ﬁdem,

527 3533 901 3602 tanquam.in
956 3532 1316 3601 omnipotenti
1374 3533 1469 3589 Dei
1521 3549 1774 3592 sermone
1828 3536 2101 3607 nituntur,

526 3623 597 3679 ab
623 3624 768 3679 omni
800 3624 943 3679 malo
971 3626 1234 3680 custodit.

597 3735 767 3793 Vens.
801 3739 888 3801 i9,
917 3738 1009 3793 20.
1044 3740 1300 3795 Dominus
1325 3744 1585 3812 sapientia
1608 3745 1853 3814 [undavit
1877 3757 2104 3816 terram;

522 3832 815 3901 prudentia
847 3833 1105 3886 stabilivit
1141 3836 1329 3889 caelum
1360 3852 1379 3891 :
1409 3838 1672 3906 sapientia
1720 3840 1869 3894 illius
1916 3858 2105 3912 erupe-

527 3937 653 3982 runt
673 3928 892 3997 abyssi;
940 3938 990 3982 et
1041 3928 1199 3983 nubes
1245 3930 1454 3984 stillant
1500 3947 1694 3987 rorem.
1730 3932 1866 3989 Cum
1907 3951 2106 4006 supra—

528 4018 699 4074 dictis
736 4020 1020 4090 sapientia:
1054 4021 1358 4086 beneﬁciis,
1392 4022 1508 4092 ipse
1541 4022 1683 4079 Deus
1721 4032 1776 4080 et
1804 4024 1988 4094 Pater,
2021 4042 2107 4082 sa-

530 4110 775 4182 pientia,
824 4111 984 4181 quasi
1031 4128 1132 4168 sua
1186 4128 1282 4184 per
1335 4130 1395 4170 se
1440 4117 1779 4173 subsistente
1838 4127 2109 4189 potestate

532 4201 902 4256 consolidavit
950 4203 1151 4258 siccam
1198 4213 1399 4259 terram
1445 4222 1613 4275 super
1643 4218 1895 4263 naturam
1927 4209 2105 4265 liuen-

528 4292 669 4346 tium
704 4308 971 4362 aquarum
1010 4311 1026 4349 :
1061 4298 1284 4364 pr0prio
1322 4298 1558 4352 consilio
1592 4300 1765 4355 ctelos
1799 4301 2045 4356 extendit
2090 4319 2104 4355 :

526 4394 589 4443 et
625 4387 730 4440 sub
770 4368 1113 4440 [irritamento
1136 4395 1188 4440 et
1220 4404 1383 4457 super
1431 4390 1833 4446 ﬁrmamentum
1873 4408 1899 4447 s
1943 4408 1976 4447 ο
2020 4395 2111 4464 ju-

532 4476 685 4531 dicio
713 4491 866 4538 aqua:
896 4484 1023 4530 sunt
1050 4476 1243 4532 divisae
1269 4496 1282 4532 :
1307 4487 1361 4531 et
1390 4481 1591 4538 pluviis
1621 4491 1825 4536 terram
1854 4409 2109 4538 ἰιίὲἱαιιιθε.

1803 314 2161 379 PROCOPII
2196 314 2442 378 ΟΑΖᾸΞΙ

578 428 650 485 Et
690 431 745 484 in
784 432 1008 515 sinistra
1041 433 1158 503 ejus
1198 432 1399 491 divitiae
1424 443 1472 490 et
1498 435 1691 506 gloria.
1739 436 2084 506 Imperfectio
2116 441 2161 495 Α

3624 312 3763 377 Ιίνκίδ

2276 436 2377 490 Ἐν
2414 435 2482 489 δὲ
2510 435 2581 503 τῇ
2618 435 2902 505 ἀριστερᾷ
2939 433 3130 504 αὐτῆς
3165 433 3431 501 πλοῦτος
3466 432 3559 488 καὶ
3589 432 3764 499 δόξα.

2191 531 2351 601 Παρά
2388 531 2444 585 δὲ
2475 534 2541 602 τῇ
2586 532 2658 596 ὡς
2691 533 2981 601 ἀριστερᾷ,
3015 531 3347 602 ἀτελεστέρα
3372 532 3576 599 ταύτης
3609 526 3773 594 Euip-

2190 638 2353 688 γεια,
2404 622 2529 691 ἥτις
2592 622 2743 674 ἐστὶν
2798 623 2832 691 ἡ
2888 621 2999 676 τῶν
3050 621 3412 691 ἀνθρωπίνων
3462 621 3774 688 ἐπιστήμη,

2191 715 2427 783 ὑπάρχει
2453 715 2485 767 6
2513 731 2572 767 τε
2606 712 2749 766 κατά
2781 713 2871 767 τὸν
2899 715 3131 782 φυσικὸν
3159 714 3253 767 καὶ
3284 712 3374 766 τὸν
3407 710 3652 780 γραπτὸν
3684 711 3781 763 v6-

2194 822 2292 874 μον
2330 803 2556 867 πλοῦτος
2580 805 2690 856 τῶν
2724 805 2961 874 ἀρετῶν,
3009 806 3104 859 καὶ
3137 807 3170 874 η
3203 804 3348 857 κατά
3390 803 3490 873 τὴν
3530 802 3781 871 φυσικὴν

2191 894 2426 964 Θεωρίαν
2456 896 2688 963 εὐσεϐὴς
2718 895 2828 948 τῶν
2867 896 3029 949 ὃςίων
3076 896 3363 965 κριμάτων
3407 892 3705 963 ἀνάληψις,
3746 894 3782 962 ἡ

2191 987 2400 1056 ἀληθὴς
2426 987 2630 1057 δηλαδὴ
2662 989 2791 1058 περὶ
2822 988 3033 1058 ὁρατῶν
3058 988 3207 1052 δόξα.

2276 1079 2370 1129 Ἐκ
2397 1077 2503 1131 τοῦ
2553 1081 2853 1145 στόματος
2889 1077 3081 1143 αὐτῆς
3119 1080 3506 1146 ἐκπορεύεται
3545 1077 3785 1131 δικαιο-

2190 1168 2386 1234 σύνῃ’
2418 1171 2609 1238 νόμον
2639 1169 2707 1221 δὲ
2757 1170 2855 1223 καί
2906 1170 3085 1223 ἔλεον
3117 1170 3217 1222 ἐπὶ
3256 1170 3542 1238 γλώσσης
3579 1167 3783 1238 φορεῖ

2192 1261 2303 1312 Καὶ
2337 1263 2398 1313 ὲκ
2439 1262 2537 1331 τῆς
2574 1260 2951 1331 ἀληθεστάτης
2980 1262 3333 1325 διδασκαλίας
3370 1262 3563 1329 αὐτῆς,
3596 1260 3679 1323 ὡς
3720 1261 3785 1312 ἐκ

2195 1347 2485 1415 στόματος,
2511 1351 2729 1419 πρόεισι
2752 1350 2934 1403 κανὼν
2966 1351 3165 1421 ἀρετῆς
3186 1368 3199 1381 ·
3224 1352 3409 1421 τηρῶν
3433 1350 3786 1420 ἀπαρέγκλι·

2193 1452 2306 1500 τον,
2339 1437 2478 1506 πρός
2509 1455 2569 1491 τε
2623 1441 2690 1491 τά
2730 1440 2853 1491 κατ’
2889 1439 3130 1507 ἔλλειψιν
3169 1441 3374 1509 ταύτης
3405 1441 3496 1494 καὶ
3536 1439 3611 1492 τά
3656 1439 3784 1492 καθ’

2195 1526 2508 1599 ὑπερϐολὴν
2538 1530 2708 1600 πάθη,
2746 1531 2808 1583 τὸ
2842 1526 3104 1602 τριμερὲς
3141 1531 3237 1599 τῆς
3271 1530 3483 1601 ψυχῆςο
3532 1532 3783 1602 ἀποτρο·

2194 1617 2306 1685 πὴν
2338 1617 2395 1670 δὲ
2432 1619 2634 1683 παντὸς
2660 1622 2900 1691 πονηροῦ
2928 1623 3275 1692 πράγματος,
3299 1623 3393 1675 καὶ
3425 1623 3783 1693 συμπάθειαν

2197 1706 2335 1777 πρὸς
2366 1710 2572 1773 πάντας
2607 1712 2952 1782 ἀνθρώπους,
3004 1713 3397 1783 περιϐέϐληται
3430 1714 3606 1779 αὑτὸς
3638 1717 3672 1768 δ
3705 1716 3781 1767 δι·

2123 1782 2170 1838 Β
2195 1798 2525 1861 δασκαλικδς
2562 1799 2721 1867 λόγος
2762 1802 2965 1868 αὐτῆς
3004 1782 3161 1869 ᾧτινι
3197 1795 3286 1854 οἷα
3316 1801 3558 1873 γλώττῃ,
3586 1782 3800 1885 βυθῷ-ξ

2197 1888 2281 1950 ζει
2315 1888 2452 1959 πρὸς
2477 1890 2681 1960 ἀρετὴν
2717 1890 2809 1943 τὸν
2835 1891 3176 1960 ἀνθρώπινον
3201 1891 3337 1960 βίον.
3787 1888 3799 1934 l

2273 1978 2357 2042 ιζ’.
2388 1982 2455 2032 Al
2481 1979 2605 2032 ὁδοί
2634 1980 2843 2049 αὐτῆς,
2870 1981 2997 2036 ὁδοὶ
3022 1985 3219 2036 καλαί.
3249 1984 3313 2036 υἱ
3335 1982 3390 2035 δὲ
3421 1981 3545 2035 κατ’
3579 1982 3784 2052 ἀρετήν

2198 2087 2255 2123 τε
2288 2072 2381 2125 καὶ
2414 2071 2616 2140 γνῶσιν
2649 2072 2897 2145 διάιεοροι
2935 2075 3148 2137 θεσμοὶ,
3172 2077 3266 2129 καὶ
3296 2075 3366 2129 τὰ
3396 2074 3681 2145 δόγματα,
3709 2068 3786 2143 οἷς

2197 2161 2335 2233 αὔτη
2367 2161 2443 2227 ὦς
2471 2180 2612 2216 τισιν
2646 2141 2786 2227 ὁδοῖς
2832 2167 3317 2237 ἐμπεριπατοῦσα,
3345 2168 3438 2221 τὸν
3472 2168 3534 2220 ἐν
3564 2169 3788 2236 ἑκάστῳ

2198 2258 2433 2309 ποιεῖται
2480 2254 2583 2324 τῆς
2629 2257 2907 2327 σωτηρίας
2946 2258 3189 2328 δρόμον,
3242 2260 3462 2331 εὐμαρῆ
3507 2261 3622 2313 είσι
3673 2252 3790 2323 soi;

2198 2345 2342 2399 κατά
2364 2343 2539 2397 ταῦτα
2570 2345 2671 2415 τὴν
2701 2346 2907 2399 οἰκείαν
2930 2347 3367 2419 διεξερχομένοις
3399 2348 3576 2419 ζωήν.

2269 2437 2379 2489 Kal
2432 2436 2619 2491 πᾶσαι
2658 2440 2717 2492 al
2756 2441 2943 2504 τρίόοι
2979 2439 3171 2507 αὐτῆς
3205 2441 3335 2510 μετ’
3371 2443 3648 2509 εἰρήνης.
3684 2442 3791 2496 Καὶ

2198 2531 2248 2582 οἱ
2272 2529 2463 2597 τρόποι
2492 2530 2600 2583 τῶν
2623 2531 2859 2601 ἀρετῶν,
2883 2526 2966 2595 οἷς
2990 2532 3265 2604 διαφόρως
3287 2534 3410 2602 ἄγει
3440 2535 3583 2606 πρὸς
3609 2550 3793 2603 σωτη-

2201 2622 2326 2694 ρίαν
2348 2623 2476 2684 τοὺς
2507 2623 2812 2693 ἑπομένους
2841 2624 3004 2693 αὑτῇ,
3034 2624 3385 2693 ὲνεργοῦνται
3421 2625 3568 2696 μετά
3601 2627 3790 2694 πάσης

2200 2714 2526 2784 ἀπαλλαγῆς
2565 2715 2754 2770 παθῶν
2816 2716 2969 2789 παρὰ
3029 2716 3267 2770 τούτων·
3321 2717 3395 2782 ὼς
3433 2719 3582 2788 μήτε
3629 2718 3792 2786 δόξης

2200 2808 2410 2873 ἕνεκεν,
2455 2811 2593 2880 μήτε
2658 2813 2821 2880 χάριν
2866 2810 3388 2881 ἀνθρωπαρεσκείας
3441 2814 3542 2866 καὶ
3580 2813 3793 2865 ἐπιδεῖς

2203 2900 2357 2966 ξεως,
2392 2902 2493 2972 τὴν
2529 2904 2730 2975 ἀρετὴν
2760 2903 2793 2974 ᾗ
2829 2902 2928 2974 τὴν
2980 2903 3220 2976 μελέτην
3267 2906 3376 2959 τῶν
3406 2905 3573 2958 θείων
3611 2904 3794 2973 λόγων

2206 2991 2648 3063 μετερχομένων.
3064 3028 3082 3045 ρ

2278 3088 2367 3151 ιη’.
2417 3081 2618 3136 Ξύλον
2656 3082 2807 3151 ζωῆς
2849 3084 2983 3139 ἐστι
3020 3085 3172 3142 πᾶσι
3206 3085 3331 3153 τοῖς
3363 3085 3794 3156 ἀντεχομένοις

2206 3170 2414 3239 αὐτῆς,
2445 3174 2687 3241 καὶτοῖς
2708 3177 3183 3248 ἐπερειδομένοις
3207 3178 3303 3232 ἐπ’
3326 3179 3545 3245 αὐτὴν,
3581 3179 3676 3245 ὡς
3704 3178 3795 3233 ἐπὶ

2208 3263 2451 3332 Κύριον,
2499 3265 2808 3334 ἀσφαλής.
2842 3268 3015 3321 Φυτὸν
3065 3270 3177 3339 γάρ
3220 3271 3338 3321 ἐστι
3396 3268 3795 3339 καρποφοροῦν

2208 3353 2304 3424 τὴν
2368 3356 2427 3407 ἐν
2478 3356 2751 3426 πνεύματι
2787 3358 2956 3429 ζωὴν,
3015 3359 3189 3413 ἅπασι
3219 3362 3334 3422 τοῖς
3373 3359 3518 3412 κατά
3552 3360 3797 3414 διάθεσιν

2208 3446 2683 3523 ἀντιποιρυμένοις
2737 3450 2933 3521 αὐτῆς,
2992 3452 3087 3505 καὶ
3133 3454 3247 3516 τοῖς
3287 3453 3383 3505 ἐπὶ
3441 3452 3627 3523 ταύτῃ
3659 3452 3797 3505 κατὰ

2211 3538 2396 3592 πίστιν
2423 3512 2901 3612 ὶστηριγμένοις,⁷
2942 3542 3016 3604 ὡς
3067 3543 3161 3595 ἐπὶ
3221 3512 3638 3611 παντοκράτορι
3684 3541 3796 3611 Θεῷ

2213 3628 2397 3700 Λόγῳ,
2430 3628 2744 3701 φυλακτικὴ
2779 3631 2887 3683 ἀπὸ
2930 3631 3131 3695 παντὸς
3161 3632 3399 3703 ὑπάρχει
3430 3631 3641 3686 κακοῦ.

2287 3740 2373 3806 ιϐ’,
2404 3747 2472 3797 κ’.
2513 3742 2577 3795 '0
2608 3744 2771 3809 Θεὸς,
2796 3742 2870 3811 τῇ
2896 3745 3085 3813 σοφίᾳ
3111 3744 3466 3813 ἐθεμελίωσε
3498 3743 3623 3809 τὴν
3654 3742 3793 3812 τῆς·-

2212 3834 2505 3904 ήτοίμασε
2545 3834 2614 3888 δὲ
2641 3836 2904 3905 οὐρανὸν
2937 3837 3008 3890 ἐν
3041 3836 3335 3907 φρονήσει
3359 3852 3374 3867 ·
3404 3837 3473 3889 ἐν
3508 3837 3796 3903 αἰσθήσει

2212 3925 2404 3981 αὑτοῦ
2447 3926 2711 3983 ἄϐυσσοι
2754 3927 3118 3999 ἐρῤἁγησαν,
3160 3930 3314 3999 νέφη
3351 3928 3419 3981 δὲ
3444 3928 3642 3997 ἐρρὐ
3670 3928 3797 3995 δρό·
3886 3944 3889 3999 ε

2215 4032 2356 4071 σον.
2395 4018 2553 4073 Μετὰ
2595 4019 2818 4073 πάντων
2859 4020 2918 4073 δὲ
2963 4020 3074 4073 τῶν
3118 4022 3427 4091 εἰρημένων
3454 4020 3557 4090 τῆς
3604 4023 3800 4089 σοφίας

2216 4108 2689 4178 κατορθωμάτων,
2719 4110 2814 4165 καὶ
2846 4110 3013 4175 αὑτὸς
3034 4112 3065 4163 δ
3084 4111 3221 4175 Θεὸς
3250 4114 3346 4165 καὶ
3374 4112 3592 4183 Πατὴρ,
3629 4112 3804 4183 ταύτῃ

2216 4200 2293 4263 ὡς
2354 4201 2708 4272 ἐνυποστάτῳ
2764 4202 2994 4273 δυνάμει
3044 4203 3211 4258 αὑτοῦ
3265 4202 3506 4274 ἐπήξατο
3558 4204 3666 4257 ἐπὶ
3713 4209 3803 4272 τῆς

2219 4291 2389 4362 ρυτῆς
2422 4293 2533 4346 τῶν
2581 4292 2794 4346 ὑδάτων
2834 4294 3053 4362 φύσεως
3086 4294 3184 4365 τὴν
3236 4294 3414 4365 ξηρὰν
3450 4294 3597 4363 γῆνο
3657 4314 3807 4367 παρα

2218 4383 2397 4452 ήγαγε
2454 4382 2511 4435 δὲ
2558 4384 2824 4454 οὐρανοὺς
2851 4386 2919 4455 τῇ
2978 4385 3084 4457 ἰδίᾳ
3115 4385 3315 4455 βου)ιῇ⁸
3348 4386 3445 4440 καὶ
3489 4389 3558 4456 τῇ
3625 4390 3807 4459 κρίσει

532 4476 685 4531 dicio
713 4491 866 4545 aqua:
896 4484 1023 4530 sunt
1050 4476 1243 4532 divisae
1269 4496 1282 4532 :
1307 4487 1361 4531 et
1390 4481 1591 4549 pluviis
1621 4491 1825 4536 terram
1854 4470 2104 4556 ir’Figare,

2219 4475 2382 4530 αὑτοῦ
2417 4475 2644 4547 διῃρέθη
2675 4476 2745 4529 τά
2785 4475 2958 4529 ὕδατα
2984 4475 3097 4530 ἄνω
3132 4477 3227 4529 καὶ
3253 4476 3406 4530 κάτω
3437 4477 3535 4530 τοῦ
3563 4480 3811 4545 στερεώ-

536 4569 711 4624 nubes
741 4567 1155 4623 mandaverunt.

614 4764 774 4821 Vens.
810 4764 901 4822 2|.
936 4764 1068 4833 Fili,
1102 4784 1165 4823 ne
1193 4768 1444 4840 eﬂluaris.
1480 4770 1713 4839 Idcirco,
1746 4774 1842 4840 ﬁli,
1872 4775 1967 4845 qui
1999 4777 2113 4833 scis

532 4861 720 4914 omnia
766 4860 934 4914 verbo
971 4859 1064 4915 Dei
1116 4861 1440 4929 subsistere,
1483 4879 1551 4919 ne
1590 4880 1687 4934 per
1731 4876 2110 4921 creaturarum

535 4952 998 5022 pulchritudinem
1021 4962 1074 5008 et
1099 4956 1491 5010 sublimitatem
1515 4959 1794 5020 exciteris,
1817 4959 1883 5013 ad
1909 4960 2031 5014 illas
2056 4960 2111 5013 in

536 5045 671 5099 deos
707 5047 1075 5115 accipiendas,
1108 5056 1162 5101 et
1197 5048 1264 5101 ad
1298 5047 1493 5117 Deum,
1530 5050 1775 5104 omnium
1806 5061 2109 5106 creatorem

536 5153 647 5192 non
678 5138 1143 5210 cognoscendum.

611 5248 844 5305 Observa
898 5266 1068 5303 meum
1120 5252 1425 5319 consilium,
1459 5264 1508 5307 et
1548 5255 1843 5308 scientiam.
1880 5255 2112 5311 Custodi

537 5346 595 5400 in
647 5342 806 5415 prati
855 5358 1033 5397 meum
1086 5346 1417 5409 consilium,
1472 5345 1717 5400 facienda
1766 5348 1861 5401 tibi
1917 5363 2114 5417 propo-

536 5453 699 5505 nens,
746 5444 801 5492 et
853 5436 910 5490 in
963 5428 1176 5490 theoria
1229 5436 1371 5507 piam
1422 5453 1548 5508 erga
1603 5438 1769 5493 Deum
1807 5440 2114 5511 intelligen-

536 5531 695 5585 liam.

608 5642 773 5697 Vsus.
804 5640 895 5693 2:2.
936 5637 1003 5698 Ut
1056 5639 1193 5694 vivat
1239 5641 1424 5695 anima
1464 5650 1576 5698 tua.
1613 5641 1681 5697 Ut
1710 5652 1799 5697 tua
1836 5643 2016 5697 anima
2052 5643 2117 5697 li-

529 5731 718 5811 Durata
759 5749 788 5787 a
830 5745 1005 5797 itione
1062 5749 1223 5802 quam
1270 5748 1360 5805 per
1408 5734 1777 5806 ignorantiam
1813 5737 1923 5791 veri
1962 5736 2110 5803 boni,

2224 4580 2427 4634 ματοςο
2467 4564 2721 4636 ὑδρεύειν
2753 4564 2811 4618 δὲ
2841 4566 2940 4636 τὴν
2972 4566 3077 4636 γῆν
3106 4566 3247 4639 ὑετῷ
3279 4567 3349 4621 τὰ
3379 4568 3517 4639 νέφη
3561 4570 3809 4641 ἐτάχθης-

2222 4675 2342 4713 σαν.

2286 4767 2393 4822 κα’.
2425 4767 2539 4835 Υίὲ,
2566 4768 2655 4839 μὴ
2695 4770 3067 4840 παραρῤυῇς.
3106 4772 3221 4836 Διὸ,
3254 4771 3466 4835 τέκνον,
3516 4774 3705 4842 μαθὶν
3731 4776 3808 4829 ὅτι

2217 4858 2297 4930 τῷ
2326 4860 2471 4931 λόγῳ
2500 4861 2706 4931 Κυρίου
2736 4862 2946 4932 ὑπέστη
2980 4863 3102 4915 τόδε
3140 4862 3203 4916 τὸ
3231 4864 3361 4925 πᾶν,
3399 4864 3475 4932 μὴ
3515 4882 3810 4936 παρατραο

2218 4956 2329 5025 πῇς
2353 4954 2444 5007 διὰ
2467 4952 2563 5006 τοῦ
2589 4953 2852 5023 μεγέθους
2898 4956 2993 5008 καὶ
3015 4956 3116 5024 τῆς
3141 4954 3404 5025 καλλονῆς
3428 4954 3542 5006 τῶν
3567 4959 3810 5026 κτισμά-
3886 4974 3889 5026 t

2217 5064 2347 5107 των,
2388 5048 2469 5109 εἰς
2505 5047 2566 5099 τὸ
2588 5045 2765 5099 ταῦτα
2796 5045 3141 5117 θεοποιῆσαι,
3172 5046 3266 5100 καὶ
3290 5046 3381 5099 τὸν
3411 5052 3812 5120 γενεσιουργὲν

2139 5193 2152 5209 ⁸
2221 5138 2438 5192 πάντων
2475 5136 2608 5191 Θεὸν
2642 5138 2931 5208 ἀγνοῆσαι.

2296 5251 2573 5320 Τήρησον
2610 5251 2679 5305 δὲ
2713 5250 2868 5321 ἐμὴν
2888 5251 3135 5319 βουλὴν
3160 5252 3255 5304 καί
3278 5251 3811 5319 ἐννοιαν.ᾤύλαξσν

2219 5346 2276 5399 δὲ
2324 5345 2422 5416 τὴν
2455 5345 2594 5415 ἐμὴν
2645 5347 2703 5397 ὲν
2756 5344 2855 5414 μὲν
2904 5345 3019 5407 τοῖς
3051 5343 3352 5412 πρακτέοις
3386 5342 3728 5412 impaian
3757 5344 3812 5395 τὸ
3886 5388 3889 5397 .

2218 5438 2336 5489 δέον
2388 5434 2790 5504 ὑποτιθεμένην
2829 5451 2935 5494 σοι,
2978 5437 3037 5486 ὲν
3081 5434 3138 5486 δὲ
3171 5436 3284 5497 τοῖς
3327 5433 3675 5506 θεωρητέοις
3715 5440 3811 5508 τὴν

2220 5527 2425 5598 εὐσεδῆ
2455 5526 2750 5598 περὶ.Θεοῦ
2781 5526 3010 5580 ἔννοιαν.

2293 5641 2399 5711 κβ’.
2452 5642 2576 5696 Ἵνα
2635 5638 2785 5707 Man
2839 5640 2877 5706 ἡ
2925 5639 3098 5707 ψυχή
3157 5654 3295 5692 σου.
3340 5637 3533 5700 Ὅπως
3587 5639 3695 5705 τῆς
3745 5639 3811 5690 δι’

2223 5734 2449 5803 ἄγνοιαν
2487 5730 2581 5785 τοῦ
2615 5730 2783 5794 ὅντως
2814 5728 2978 5783 καλοῦ
3007 5730 3071 5783 ἐκ
3113 5730 3223 5783 τῶν
3265 5727 3453 5782 παθῶν
3481 5728 3810 5799 νεκρὼσεως
