3958 6202
235 265 372 330 1249

1261 263 1673 324 CUMMENTA
1684 260 1802 321 R11
1840 260 1922 320 IN
1970 259 2430 323 PROVERBIA.

3343 258 3478 322 1250

214 379 600 448 άπαλλαγεῖσά
635 396 728 432 σου
770 379 803 450 η
839 378 1011 449 ψυχὴ.
1051 377 1150 446 τῆς
1185 379 1241 431 ὲν
1290 376 1558 446 πνεύματι
1595 377 1800 429 ἀπαθε-

1925 362 2214 442 iperatttur
2239 372 2590 442 cupiditates,
2631 385 2755 424 cum
2800 371 3008 427 sciendi
3051 371 3289 441 potentia
3317 372 3482 442 digna

218 477 425 542 στάτης
453 473 770 540 γνωστικῶς
801 470 1064 540 ἀξιωθείη
1102 469 1267 540 ζωῆς.

292 643 402 698 Καὶ
431 639 664 714 χάρις
691 644 822 712 περὶ
867 643 958 707 σῷ
985 642 1282 711 τραχήλῳ.
1333 640 1442 694 Καὶ
1483 637 1570 692 οἷα
1599 639 1800 692 δικαιο-

219 733 391 801 σύνης
422 731 607 799 ζυγὸς,
645 731 680 802 η
725 731 1048 801 λαμπρότης
1087 731 1198 782 τῶν
1223 729 1454 782 ἐντολῶν
1500 728 1592 783 τοῦ
1639 727 1796 793 Θεοῦ,

219 819 511 891 ἐνυπάρχει
536 817 612 882 ῶς
639 836 747 871 τινι
767 819 1027 890 τραχήλῳ
1052 819 1131 888 τῷ
1155 817 1232 888 σῷ
1257 817 1631 888 προαιρετικῷ
1662 833 1802 887 πρα-

219 909 454 972 κτικῶς.

299 1001 512 1052 Ἔσται
549 997 618 1052 δὲ
653 999 818 1062 ἴασις
842 996 1024 1064 σαρξί
1052 1011 1194 1060 σου,
1218 995 1316 1048 καί
1335 995 1640 1062 ἐπιμέλεια
1675 993 1800 1060 τοῖς

223 1089 466 1154 ὀστέοις
493 1105 632 1144 σου.
677 1089 943 1159 ’Υπάρξει
977 1088 1036 1141 δὲ
1065 1087 1334 1158 θεραπεία
1358 1087 1468 1140 τῶν
1493 1089 1559 1156 τῇ
1592 1087 1800 1156 ἡδυπα-

224 1181 352 1252 θείᾳ
391 1180 879 1251 κατατριϐομένων
929 1178 1024 1237 τοῦ
1079 1177 1329 1248 σώματός
1369 1195 1474 1248 μου
1525 1179 1724 1247 μελῶν,
1765 1179 1798 1248 ὴ

226 1273 593 1343 σωφροσύνη·
651 1273 744 1326 καὶ
811 1269 1162 1342 περιποίησις
1228 1270 1338 1324 τῶν
1388 1270 1544 1340 δίκην
1598 1271 1802 1323 ὀστέων

223 1365 538 1421 τονωτικῶν
563 1367 667 1435 τῆς
695 1364 878 1435 ψυχῆς
926 1379 1020 1415 σου
1051 1363 1358 1432 δυνάμεων,
1384 1364 1464 1428 είς
1505 1363 1568 1415 τὸ
1598 1363 1672 1434 μὴ
1706 1360 1800 1414 τοῦ

221 1451 562 1520 ἁρμόζοντος
609 1447 1086 1522 παραθραύεσθαι,
1135 1451 1170 1520 ἡ
1213 1449 1445 1522 εὐσεϐὴς
1488 1451 1616 1521 περὶ
1664 1448 1799 1503 Θεοῦ

222 1539 432 1595 ἔννοια.

298 1631 408 1702 κγ’.
459 1633 587 1687 Ἵνα
633 1627 864 1702 πορεύῃ
893 1631 1192 1698 πεποιθὼς
1224 1631 1295 1684 ἐν
1341 1628 1552 1698 εἰρήνῃ
1599 1627 1804 1693 πάσας

1910 461 2174 514 habeatur
2215 461 2326 514 vita
2363 457 2596 528 spiritali
2626 473 2749 529 quae
2789 459 2860 514 sit
2905 477 2936 514 a
2987 461 3382 528 cupiditatibus
3415 464 3482 516 li-

1827 573 1832 578 ’
1907 550 2056 604 hera.

1979 639 2048 693 Et
2079 643 2259 709 gratia
2294 641 2362 694 sit
2393 641 2536 694 circa
2566 649 2749 709 guttur
2778 649 2946 694 tuum.
2981 639 3047 693 Et
3073 642 3230 710 quasi
3255 641 3486 710 iustitiae

1903 730 2117 800 jngmu,
2163 730 2424 800 splendor
2469 733 2854 786 mandatorum
2906 731 3022 795 Dei,
3071 742 3180 788 tua:
3228 735 3486 804 practice

1909 823 2201 886 voluntati,
2241 831 2502 892 tanquam
2536 822 2702 886 collo,
2739 825 3136 878 circumdelur.

1979 991 2098 1045 Erit
2150 995 2358 1048 sanitas
2407 995 2561 1048 carni
2610 1005 2735 1058 tum,
2775 1005 2825 1050 et
2871 1000 3078 1052 curatio
3114 1000 3317 1054 ossibus
3361 1003 3485 1056 tuis.

1915 1081 2143 1136 Sanatio
2201 1085 2451 1152 corporis
2509 1085 2586 1138 tui
2647 1088 3066 1151 membrorum,
3121 1103 3151 1142 a
3213 1092 3492 1158 voluptate

1907 1181 2390 1242 consumptorum,
2428 1176 2534 1229 erit
2569 1178 2930 1244 temperantia
2964 1195 2976 1229 :
3011 1186 3064 1230 ct
3099 1181 3250 1236 salus
3292 1179 3490 1234 anima:

1909 1271 2017 1316 tua:
2053 1266 2422 1332 polentiarum
2455 1281 2596 1334 quae,
2631 1277 2890 1336 tanquam
2945 1285 3072 1323 ossa
3117 1282 3244 1324 sunt
3289 1288 3390 1340 pio
3421 1289 3490 1336 ,ea

1910 1352 2256 1417 l'ulcimenta,
2288 1367 2356 1407 ne
2401 1353 2470 1407 ab
2513 1369 2577 1408 co
2625 1355 2717 1423 qui
2767 1371 2850 1409 ea-
2881 1356 2934 1409 in
2983 1360 3256 1426 propriam
3303 1360 3488 1414 sedem

1907 1442 2176 1506 collocat,
2227 1442 2582 1513 frangantur,
2634 1446 2744 1499 erit
2794 1448 2882 1514 pia
2935 1463 3064 1519 erga
3121 1449 3286 1504 Deum
3341 1453 3490 1522 engi-

1909 1533 2068 1585 tatio.
2364 1535 2369 1540 ’

1979 1620 2276 1677 νειιειεῖὅ.
2318 1621 2387 1676 Ut
2434 1624 2668 1678 ambules
2708 1626 2763 1679 in
2807 1626 3005 1695 ﬁducia
3049 1637 3099 1682 et
3149 1646 3276 1698 pace
3311 1647 3491 1686 omnes

223 1721 338 1788 τὰς
373 1721 552 1788 ὁδούς
589 1739 741 1787 σου,
789 1727 822 1777 ό
871 1721 941 1776 δὲ
983 1722 1140 1787 πούς
1194 1737 1311 1774 σου
1365 1721 1437 1773 οὐ
1488 1719 1569 1785 μὴ
1610 1731 1800 1784 προσ-

1925 1711 2013 1763 vias
2039 1721 2180 1774 tuas,
2204 1721 2252 1764 et
2282 1728 2371 1781 pes
2402 1721 2521 1766 tuus
2551 1729 2652 1766 non
2687 1715 2941 1783 offendat.
2979 1716 3047 1770 Ut
3081 1723 3324 1786 practice
3355 1723 3492 1774 lidu-

225 1813 446 1880 κόπτῃ.
491 1813 580 1874 Ὠς
638 1811 704 1866 ἂν
755 1813 1086 1884 πρακτικῶς
1148 1811 1404 1882 διεξέρχῃ
1455 1809 1696 1880 θαρρῶν,
1748 1811 1806 1862 ὲν

225 1904 587 1975 ἀπαθεστάτῃ
615 1903 728 1969 ἕξει
767 1905 862 1957 καὶ
895 1903 1175 1974 άταράχῳ,
1208 1903 1386 1965 πάσας
1421 1897 1530 1964 τὰς’
1563 1903 1641 1962 εἰς
1673 1899 1806 1952 Θεὸν

228 1991 510 2064 φερούσας
550 1991 745 2066 τούτου
788 1993 1009 2056 ἐντολάς
1036 2007 1051 2024 ·
1095 1991 1191 2045 καὶ
1236 1991 1300 2044 τὸ
1350 1990 1458 2043 ἀπὸ
1489 1990 1806 2062 προτάσεων

230 2085 560 2154 ἀρχόμενον,
610 2083 708 2136 καὶ
752 2083 918 2153 μέχρι
957 2081 1448 2153 συμπερασμάτων
1479 2079 1668 2149 διῆκον
1696 2078 1809 2132 δια-

231 2174 486 2246 νοητικόν
522 2190 638 2237 σου,
671 2173 734 2226 ού
762 2175 838 2244 μὴ
875 2172 1192 2245 προσκρούῃ
1217 2171 1399 2237 δόξαις
1420 2171 1699 2240 ψευδέσιν.

303 2267 404 2320 κδ’.
451 2265 742 2336 Ἐὰνηοὰρ
768 2265 943 2332 κάθῃ,
983 2264 1210 2334 ἄφοϐος
1243 2265 1390 2332 ἔσῃ’
1426 2264 1534 2316 ἐὰν
1569 2263 1639 2316 δὲ
1669 2264 1810 2316 καθ-

229 2357 437 2426 εύδῃς,
469 2357 665 2426 ἡδέως
703 2354 1023 2421 ὑπνώσεις.
1061 2356 1184 2409 Ehe
1229 2355 1338 2426 γὰρ
1375 2353 1470 2408 τοῦ
1516 2355 1678 2407 πόνου
1709 2354 1811 2418 τῆς

235 2447 442 2519 ἀρετῆς
479 2447 676 2516 μικρὸν
697 2447 798 2517 τὴν
827 2448 1005 2518 σάρκα
1023 2444 1402 2509 διαναπαύεις,
1428 2445 1490 2496 ού
1521 2443 1810 2514 φοϐηθήσῃ

232 2538 336 2599 τὰς
366 2536 590 2605 ἐφόδους
611 2537 720 2590 τῶν
761 2535 1091 2606 πνευμάτων
1130 2535 1230 2604 τῆς
1275 2533 1573 2605 πονηρίας’
1615 2531 1692 2595 ὡς
1721 2532 1808 2586 ἀεὶ

231 2630 330 2682 τὸν
367 2627 492 2681 νοῦν
523 2627 662 2699 ἔχων
692 2626 1118 2698 προσηλωμένον
1163 2625 1313 2694 Θεῷ·
1355 2623 1457 2678 εἴθ’
1502 2624 1688 2684 ύπνοῖς
1718 2621 1810 2674 τὸν

234 2719 418 2788 τίμιον
439 2717 685 2770 ἐναντίον
707 2716 916 2788 Κυρίου
945 2715 1176 2769 θάνατον
1203 2713 1313 2766 τῶν
1334 2712 1498 2766 ὁσίων
1525 2710 1712 2776 αὐτοῦ,
1742 2711 1808 2780 τῇ

235 2811 412 2864 ἑλπίδι
441 2809 543 2878 τῆς
567 2807 918 2870 ἀναστάσεως
951 2805 1172 2860 καὶτῶν
1200 2802 1629 2884 ἐπηγγελμένων
1659 2800 1813 2872 παρὰ

239 2901 377 2954 Θεοῦ
411 2895 658 2968 ἀγαθῶν,
691 2898 790 2970 ἔσῃ
825 2895 1350 2968 ὲπευφραινόμενος.

309 2999 408 3046 κε’.
459 2991 569 3047 Καὶ
596 2993 669 3046 οὐ
717 2987 1034 3060 φοϐηθήσῃ
1089 2991 1354 3054 πτόησιν
1404 2985 1810 3046 ἐπελθοῦσαν,

1909 1803 2014 1864 cia,
2052 1803 2270 1871 plenus,
2307 1804 2416 1856 vita
2455 1819 2563 1858 non
2615 1806 2854 1869 tttrbata,
2883 1823 3004 1874 qua:
3053 1809 3123 1861 sit
3155 1823 3183 1860 a
3219 1811 3492 1878 cupidita-

1907 1895 2057 1948 tibus
2103 1895 2296 1959 libera,
2339 1895 2672 1964 ingrediaris
2721 1898 2903 1950 omnia
2953 1898 3047 1977 Dei
3097 1904 3372 1963 mandata,
3421 1903 3489 1956 ad

1909 1987 2061 2040 illum
2097 1984 2328 2041 ferentia
2363 2007 2374 2040 :
2411 1996 2470 2041 ut
2507 1999 2600 2041 tua
2633 1989 3014 2059 intelligentia.
3044 2006 3074 2045 a
3108 1993 3393 2062 principiis
3423 1995 3490 2046 atl

1907 2076 2320 2137 conclusiones,
2354 2091 2686 2151 percurrens
2715 2081 3068 2148 quaestiones,
3097 2083 3163 2134 ad
3188 2086 3494 2138 sententias

1856 2169 1860 2171 ⁴
1909 2167 2078 2222 falsas
2109 2182 2217 2221 non
2249 2167 2513 2222 oﬂ‘endat.

1976 2254 2146 2311 Vnus.
2178 2257 2268 2310 ει.
2303 2257 2366 2312 Si
2403 2257 2716 2325 descendas,
2751 2261 2864 2314 sine
2902 2260 3090 2314 timore
3119 2262 3256 2323 eris;
3291 2263 3338 2316 si
3370 2262 3496 2316 dor-

1910 2349 2118 2410 micris.
2167 2349 2406 2404 suaviter
2449 2351 2702 2404 dormies.
2755 2352 2812 2404 Si
2861 2368 3061 2420 corpus
3107 2362 3260 2406 tuutn
3309 2355 3497 2410 labore

1911 2434 2136 2486 virtutis
2163 2431 2392 2496 fessum,
2431 2437 2712 2502 paululum
2755 2437 3102 2505 requiescere
3131 2440 3394 2505 volueris,
3425 2441 3497 2494 ab

1913 2517 2326 2572 incursionibus
2358 2520 2654 2587 spirituum
2687 2522 3052 2592 malignorum
3097 2538 3205 2577 non
3249 2526 3494 2591 timebis,

1909 2610 2040 2680 quia
2094 2623 2311 2679 semper
2356 2611 2584 2679 spiritus
2637 2619 2769 2666 tuus
2799 2615 2850 2666 in
2882 2613 2992 2667 Deo
3031 2613 3170 2670 ﬁxus
3197 2629 3302 2670 est.
3335 2647 3404 2656 —
3435 2616 3494 2672 Si

1913 2699 2210 2754 dormieris
2257 2710 2486 2770 mortem
2536 2711 2854 2755 sanctorum
2903 2703 3035 2766 Dei,
3083 2707 3380 2774 pretiosam
3438 2711 3490 2763 in

1911 2800 2210 2858 conspectu
2247 2791 2389 2860 ejus,
2421 2793 2845 2848 resurrectionis
2889 2802 2943 2848 et
2989 2795 3256 2852 bonorum
3305 2813 3334 2851 a
3382 2797 3496 2850 Deo

1912 2884 2310 2950 promissorum
2343 2896 2440 2949 spe
2467 2881 2752 2950 gaudebis.

1990 2991 2160 3047 Vsus.
2196 2991 2292 3048 25.
2323 2991 2446 3054 Non
2486 2992 2696 3046 timebis
2729 3002 2980 3048 terrorem
3019 2997 3369 3065 repentinum,
3403 3013 3494 3052 nec

238 3081 384 3139 οὐδὲ
421 3083 608 3152 ὁρμὰς
635 3079 873 3136 ἀσεϐῶν
926 3078 1352 3149 ἐπερχομένας.
1394 3078 1504 3132 Καὶ
1547 3077 1608 3130 οὐ
1643 3093 1810 3146 πτοηο

1925 3082 2290 3138 iesolationem
2326 3084 2634 3150 impiorum,
2670 3102 2789 3138 cum
2831 3089 3054 3141 verterit.
3091 3087 3208 3143 Non
3253 3092 3491 3151 timebis.

239 3175 382 3248 θήσῃ
410 3173 502 3228 διὰ
534 3172 776 3236 συνειδὸς
796 3171 1242 3240 ἀκατάγνωστον,
1266 3169 1665 3240 ὲκδειμάτωσίν
1687 3185 1812 3222 τινα

235 3263 592 3336 δαιμονιώδη,
623 3263 1084 3334 παραγενομένην
1115 3267 1200 3315 σοι
1220 3261 1362 3332 μετὰ
1381 3261 1478 3332 τὴν
1501 3260 1681 3328 ἔξοδον
1710 3261 1812 3330 τῆς

237 3355 523 3428 παρούσης
553 3355 720 3427 ζωῆς,
749 3354 892 3408 ὥστε
940 3352 1198 3423 διακόψαι
1235 3370 1294 3406 σε
1334 3353 1432 3422 τῆς
1487 3352 1624 3424 πρὸς
1676 3351 1809 3405 Θεὸν

239 3447 484 3512 ἱλπίδοφ
515 3446 638 3500 οὔτε
675 3445 1025 3517 καταδρομάς
1053 3444 1164 3498 τῶν
1194 3443 1552 3498 ἀποστάντων
1591 3443 1808 3510 τούτου,

237 3539 334 3593 καὶ
369 3541 445 3609 μὴ
481 3537 769 3609 τιμώντων
803 3537 967 3592 αὐτὸν
1013 3537 1344 3605 πνευμάτων
1386 3535 1488 3603 τῆς
1521 3533 1806 3606 πονηρίας,

240 3629 503 3692 ἐπιούσας
529 3646 614 3682 σοι
639 3631 696 3682 ὲν
718 3629 854 3698 ζωῇ,
876 3627 1020 3680 ὥστε
1050 3627 1160 3680 τῶν
1183 3625 1344 3678 θείων
1374 3623 1604 3680 ἐντολῶν
1633 3641 1814 3696 παρα-

241 3720 414 3792 ϐάτην
441 3719 826 3772 ἀποδεικνύειν
858 3713 940 3770 σεξ
1379 3791 1384 3794 _

311 3814 426 3875 κςν.
473 3808 535 3862 '0
565 3808 676 3878 γὰρ
697 3808 912 3874 Κύριος
931 3807 1099 3861 ἔσται
1123 3805 1219 3859 ἐπὶ
1237 3805 1466 3860 ’πασῶν
1489 3803 1646 3860 ὁδῶν
1668 3821 1810 3868 σου,

241 3897 340 3953 καί
368 3897 584 3967 ἐρείσει
607 3896 727 3950 σὸν
750 3895 925 3960 πόδα,
948 3896 1048 3949 ἵνα
1069 3894 1154 3967 εὴ
1179 3893 1472 3962 σαλευθῇ.
1499 3893 1674 3959 Αὐτὸς
1701 3892 1813 3963 γὰρ

240 3989 268 4041 ό
295 3987 403 4040 τῶν
431 3985 568 4039 ὅλων
598 3985 882 4050 Δεσπότης
914 3985 1047 4048 Θεὸς
1103 3983 1286 4036 ἔσεται
1329 3985 1389 4035 ὲν
1437 3984 1644 4048 πάσαις
1688 3985 1813 4048 ταῖς

241 4081 298 4132 ὲν
327 4077 442 4149 ζωῇ
475 4079 596 4131 κατ’
624 4077 828 4147 ἀρετὴν
877 4077 1126 4145 πορείαις
1163 4091 1280 4138 σου,
1323 4074 1534 4144 ὁδηγῶν
1568 4091 1628 4128 σε
1675 4073 1812 4144 πρὸς

244 4165 538 4238 σωτηρίαν,
560 4164 650 4218 διὰ
679 4164 789 4219 τῶν
823 4165 996 4232 ἀγίων
1039 4162 1207 4216 αὑτοῦ
1241 4163 1474 4218 ἐντολῶν
1495 4179 1508 4193 ·
1548 4164 1690 4218 ἀλλά
1721 4164 1814 4217 καὶ

245 4256 382 4328 μετά
431 4255 528 4328 τὴν
577 4257 758 4322 ἔξοδον
801 4257 901 4327 τῆς
949 4255 1232 4328 παρούσης
1266 4255 1432 4325 ζωῆς,
1472 4256 1718 4326 στηρίξει
1754 4259 1814 4311 ἐν

1911 3173 1984 3228 ob
2012 3183 2162 3229 tuam
2200 3175 2737 3244 it-reprcheusibilcm
2774 3180 3192 3247 conscientiam,
3227 3195 3255 3233 a
3299 3184 3495 3235 timore

1909 3259 2175 3315 dannonis
2204 3262 2319 3330 qui,
2349 3262 2400 3314 in
2436 3263 2671 3316 transitu
2703 3263 2772 3317 ab
2809 3264 2911 3318 bac
2949 3269 3198 3334 prtcscnti
3232 3269 3363 3326 vita.
3397 3269 3494 3322 tibi

1912 3353 2112 3420 aderit,
2146 3363 2206 3408 ιιι
2255 3365 2307 3408 te
2349 3369 2376 3406 a
2428 3353 2518 3408 ονε
2561 3370 2659 3424 spe
2705 3367 2916 3411 avertat
2958 3374 2974 3412 :
3014 3373 3120 3412 nou
3171 3360 3494 3416 formidabis

1913 3445 2263 3501 incursiones
2293 3444 2386 3500 Dei
2426 3445 2796 3508 inimicorum,
2832 3455 2886 3500 ct
2921 3450 3212 3516 spirituum
3247 3451 3493 3515 malitiae,

1913 3537 2069 3592 illum
2133 3553 2243 3590 non
2275 3537 2568 3591 colentium
2602 3539 2693 3606 qui
2732 3539 2785 3590 in
2821 3541 2925 3590 \‘ita
2959 3550 3011 3594 te
3041 3543 3325 3608 invadunt,
3357 3553 3414 3596 ιιι
3445 3554 3499 3599 te

1917 3626 2009 3682 Dei
2042 3627 2423 3680 mandatorum
2458 3627 2774 3681 violatorem
2803 3630 3064 3685 eftit-iant.

1982 3802 2150 3858 Vens.
2183 3801 2274 3856 “26.
2318 3803 2576 3856 Dominus
2616 3807 2717 3857 erit
2763 3806 2816 3858 in
2861 3807 3108 3861 omnibus
3143 3809 3240 3861 riis
3286 3809 3412 3872 tnis,
3443 3819 3498 3864 et

1913 3895 2148 3964 ﬁrmabit
2198 3894 2380 3961 pedem
2413 3889 2580 3957 trium,
2613 3912 2676 3948 ne
2701 3897 2899 3952 titubet.
2934 3897 3054 3966 Ipse
3105 3911 3287 3953 autem
3331 3901 3496 3962 Deus,

1913 3988 2157 4041 Omnium
2199 3986 2486 4053 Dominus,
2515 3989 2620 4042 erit
2662 4004 2714 4041 ιιι
2753 3991 3010 4044 omnibus
3043 3993 3168 4046 vita:
3197 3993 3354 4047 bona:
3385 4003 3497 4048 tua:

1915 4063 2145 4142 sentitis,
2187 4086 2239 4132 te
2289 4094 2383 4146 per
2433 4095 2534 4132 sua
2590 4091 2780 4134 sancta
2829 4085 3082 4136 mandata
3139 4086 3205 4138 ad
3263 4087 3494 4140 salutem

1915 4167 2162 4236 ducens;
2189 4169 2284 4222 sed
2309 4168 2474 4222 etiam
2509 4169 2562 4222 itt
2591 4171 2825 4224 transitu
2849 4187 2878 4224 a
2905 4175 3013 4224 vita
3041 4176 3318 4239 pnesenti,
3346 4184 3499 4230 tttam

1915 4260 1969 4312 in
2029 4273 2097 4312 eo
2144 4275 2319 4328 spent,
2368 4270 2428 4313 ut
2477 4260 2768 4329 quemdam
2821 4263 3032 4331 pedem.
3083 4265 3136 4316 in
3187 4264 3305 4318 loco
3355 4275 3495 4330 tuto,

244 4346 422 4418 ἑαυτῷ
451 4347 550 4418 τὴν
581 4348 777 4402 ὲλπίδα
825 4347 1060 4410 σου,“ῶ;
1101 4365 1224 4400 τινα
1275 4347 1430 4412 πόδα,
1473 4347 1531 4400 ὲν
1577 4347 1810 4416 ἀσφαλεῖ

1925 4349 2305 4416 consolidabit,
2342 4366 2410 4405 ne
2436 4352 2506 4405 ab
2535 4368 2600 4406 eo
2635 4357 2949 4422 separaris:
2986 4356 3100 4408 haec
3143 4369 3272 4410 sunt
3315 4367 3499 4412 autem

243 4437 392 4506 τόπῳ
421 4474 438 4500 ,
471 4434 558 4488 ῑνα
593 4436 670 4506 μὴ
712 4435 878 4488 αὐτοῦ
921 4438 1168 4506 ἀποστῇο
1205 4438 1238 4504 ή
1267 4435 1417 4490 δὲτὰ
1447 4436 1695 4506 πρακτέα
1729 4454 1812 4492 σοι
1859 4442 1864 4446 ’

247 4523 614 4595 ὑποτιθεμένη
643 4523 752 4595 ἐμὴ
789 4525 1134 4594 παραίνεσις,
1159 4525 1300 4595 αὕτη
1325 4527 1494 4582 ἐστίν.

315 4614 420 4682 κζ’.
453 4615 552 4684 Μὴ
573 4617 816 4684 ἀπόσχῃ
838 4611 907 4670 εὗ
946 4616 1140 4670 ποιεῖν
1162 4616 1364 4686 ἐνδεῆ,
1397 4618 1584 4686 ἡνίκα
1604 4617 1683 4672 ἂν
1702 4620 1813 4688 ἔχη

247 4710 284 4778 ἡ
326 4708 456 4778 χεΙρ
507 4721 626 4762 σου
667 4705 938 4772 βοηθεῖν.
990 4707 1083 4778 Μὴ
1133 4707 1316 4780 παύσῃ
1368 4709 1677 4778 εὐεργετεῖν
1723 4711 1814 4763 τὸν

247 4799 438 4869 ἔχοντα
494 4797 684 4869 χρείαν
743 4797 1189 4867 εὐεργετεῖσθαι·
1219 4799 1323 4864 ἕως
1364 4800 1430 4852 ἄν
1488 4817 1570 4854 σοι
1627 4803 1709 4863 είς
1756 4802 1816 4855 τὸ

249 4890 514 4966 ἐπαρκεῖν
545 4887 717 4958 αὐτῷ,
753 4887 1042 4956 περιουσία
1073 4888 1244 4944 ἐστίν.

319 4981 426 5048 κη’.
448 4977 544 5045 Μὴ
563 4977 740 5044 siam
753 5019 766 5033 .
783 4976 1166 5032 Ἐπανελθὼν
1191 4979 1478 5046 ἐπάνηκε,
1497 4983 1591 5035 καὶ
1609 4983 1818 5052 αὔριον

249 5067 440 5133 δώσω,
479 5066 740 5122 δυνατοῦ
805 5085 922 5123 σου
981 5070 1155 5136 ὄντος
1197 5067 1268 5127 εὖ
1318 5073 1542 5126 ποιεῖν·
1586 5077 1659 5128 οὐ
1709 5073 1817 5143 γὰρ

250 5153 416 5222 οἶδας
447 5156 507 5210 τί
529 5155 760 5220 τέξεται
798 5157 837 5224 ἡ
869 5157 1148 5212 ἐπιοῦσα.
1177 5161 1269 5229 Μὴ
1298 5162 1678 5235 παραπέμψης
1719 5164 1818 5216 αύ-

250 5247 339 5302 τδν
355 5248 434 5311 είς
452 5246 551 5318 τὴν
579 5247 840 5301 ἐπιοῦσαν
869 5249 1310 5319 ἡμέραν,είπὼν,
1337 5253 1420 5304 ὅτι
1440 5253 1549 5324 Τὴν
1579 5257 1818 5326 σήμερον

255 5339 352 5408 μὲν
381 5337 761 5410 ύποχώρησον,
799 5339 899 5410 τὴν
929 5339 974 5393 δ’
995 5340 1186 5413 αὔριον
1215 5343 1360 5407 ἐλθὲ,
1403 5345 1499 5397 καὶ
1523 5341 1584 5399 οὗ
1628 5348 1819 5418 χρείαν

253 5429 392 5501 ἔχεις
423 5429 692 5500 παράσχω
715 5446 820 5495 σοι,
851 5429 1034 5501 ἰσχύος
1056 5433 1367 5504 προσούσης
1393 5453 1475 5488 σοι
1505 5439 1820 5505 παραυτίκα

251 5514 438 5568 τοῦτον
476 5515 821 5588 εὐεργετεῖν
853 5518 1068 5586 ἀγνοεῖς
1100 5523 1210 5592 γὰρ
1245 5521 1296 5574 τί
1341 5524 1612 5592 ἐπαγάγει
1645 5527 1677 5596 ἡ
1721 5525 1820 5579 αὓ-

205 5657 208 5662 .
257 5623 388 5679 ριον.

1915 4457 2035 4510 quae
2067 4442 2306 4510 practica
2334 4443 2429 4496 tibi
2461 4445 2712 4513 proponit
2741 4460 2922 4498 meum
2955 4449 3270 4502 consilium.

1985 4637 2154 4694 Vens.
2210 4639 2297 4694 27.
2359 4639 2442 4695 Ne
2508 4642 2776 4698 abstineas
2836 4645 3140 4714 benefacere
3204 4650 3496 4720 indigenti,

1914 4729 2125 4797 quando
2169 4730 2368 4798 poterit
2418 4748 2608 4786 manus
2663 4749 2755 4786 ma
2804 4735 3128 4804 benefacere.
3167 4739 3247 4794 Ne
3278 4741 3502 4801 desinas

1915 4813 2241 4871 benefacere
2279 4819 2382 4883 illi,
2417 4822 2506 4875 cui
2546 4836 2684 4890 opus
2726 4831 2810 4876 est
2861 4826 3088 4889 auiilio,
3127 4831 3372 4896 quandiu
3418 4833 3496 4886 illi

1918 4906 2277 4959 succurrendi
2308 4917 2548 4976 potestas
2579 4911 2681 4964 erit
2714 4912 2835 4965 tibi.

1993 4990 2156 5050 Vsus.
2189 4994 2282 5048 28.
2321 4995 2405 5051 Ne
2448 4999 2599 5054 dicas
2637 4977 2909 5065 :‘Abiens,
2943 5007 3076 5068 redi,
3109 5018 3160 5060 et
3197 5025 3314 5062 cras
3338 5011 3496 5076 dabo,

1919 5096 2048 5142 cum,
2079 5083 2248 5148 possis
2299 5083 2641 5154 benefacere;
2685 5094 2854 5145 nescis
2894 5094 3029 5146 enim
3069 5097 3198 5164 quid
3241 5104 3501 5167 parturiet

1918 5174 2160 5226 rrastina
2217 5174 2351 5230 dies.
2400 5177 2489 5244 .Ne
2543 5168 2797 5238 remittas
2861 5184 3014 5248 illum
3085 5188 3136 5240 in
3197 5193 3496 5246 crastinam

1919 5262 2086 5327 diem,
2122 5264 2351 5320 dicetis:
2392 5268 2568 5326 Hodie
2605 5272 2718 5336 abi,
2749 5287 2870 5330 cras
2899 5277 3042 5339 rcui,
3078 5287 3132 5332 et
3168 5281 3295 5334 illud
3318 5284 3500 5354 ιιιῂιδ

1921 5368 2060 5419 Opus
2103 5364 2188 5409 est
2231 5357 2328 5411 tibi
2371 5361 2534 5428 dabo,
2564 5377 2687 5416 cum
2737 5366 2807 5418 sit
2853 5367 2951 5421 tibi
2997 5369 3178 5435 modo,
3215 5373 3288 5425 illi
3331 5374 3497 5429 bene-

1925 5443 2163 5500 faciendi
2233 5459 2483 5520 prompta
2551 5457 2826 5525 potentia;
2887 5459 3112 5529 ignoras
3164 5465 3308 5516 enim
3365 5464 3499 5534 quid

1925 5534 2167 5590 adducet
2191 5540 2521 5638 cras-tuum.
