3958 6202
239 270 374 336 1257

1251 272 1786 334 COMMENTARII
1824 271 1906 331 IN
1938 271 2393 335 PROVERBIA.

3345 283 3481 343 1258

305 392 396 454 ιγ’.
431 384 753 440 Ἐπιλασοῦ
811 385 962 455 ἐμῆς
993 384 1287 450 παιδείας,
1311 385 1398 453 μὴ
1430 384 1616 454 ἀφῇς,
1650 383 1796 441 ἀλ.ιά

1976 384 2143 441 Vens.
2179 387 2269 440 15.
2305 387 2441 442 Tene
2497 388 2860 458 disciplinam,
2909 407 2969 445 ne
3020 390 3258 448 dimittas
3316 411 3478 460 eam;

185 487 190 491 '
227 477 510 546 φύλαξον
541 476 741 544 αὐτὴν
768 476 1003 542 σεαυτῷ
1031 480 1117 542 είς
1147 475 1299 544 ζωήν
1331 492 1468 530 σου.
1502 476 1592 529 Διὸ
1634 491 1808 546 προσ-

227 569 394 624 λαϐοῦ
423 570 564 622 κατὰ
624 568 866 620 διάθεσιν
909 567 1008 638 τὴν
1041 567 1182 638 ἐμὴν
1227 568 1570 637 παραίνεσιν,
1601 569 1695 620 καὶ
1730 565 1805 636 μὴ

225 660 586 732 καταλεὶψῃς,
615 659 750 713 ἀ).λά
779 660 1019 729 τήρησον
1045 658 1250 728 ταύτην
1285 657 1436 730 παρὰ
1466 657 1677 727 σεαυτῷ
1711 658 1807 709 ἀν-

228 754 523 822 επίληστον
553 767 566 781 ·
596 750 737 804 ὥστε
777 749 876 821 ζῇν
908 749 1089 814 καθὼς
1118 749 1256 819 αὕτη
1293 767 1376 803 σοι
1402 749 1710 820 ὑποτίθησι.

302 845 382 898 ιδ’.
421 843 632 909 Ὀδοὺς
662 842 900 898 ἀσεϐῶν
924 842 1012 912 μὴ
1041 841 1334 909 ἐπέλθῃς,
1356 841 1512 911 μηδέ
1535 838 1808 909 ζηλώσῃς

227 935 410 1003 ὀδοὺς
452 938 832 1005 παρανόμων.
882 935 1007 997 Τοῖς
1056 935 1228 1003 ἴχνεσι
1263 932 1372 986 τῶν
1432 931 1804 986 ἀπιστούντων

229 1027 372 1093 θεῷ,
409 1026 482 1096 μὴ
514 1024 800 1095 τιμώντων
828 1025 895 1078 δι’
921 1023 1143 1092 ἀγαθῶν
1172 1022 1351 1093 ἔργων
1368 1021 1550 1086 αὑτὸν,
1578 1021 1652 1090 μὴ
1670 1022 1805 1074 ἀκο-

224 1116 522 1188 λουθήσῃς,
563 1118 698 1187 μήτε
739 1117 957 1188 μιμήσῃ
977 1116 1044 1168 τά
1067 1114 1329 1186 ἐργατῶν
1357 1113 1803 1183 παραϐαινόντων

224 1207 324 1270 τὰς
360 1206 524 1262 αὑτοῦ
560 1208 801 1271 ἐντολάς.

298 1305 381 1352 ιε’.
424 1298 527 1352 Ἐν
574 1291 622 1363 ᾧ
672 1298 724 1350 δ’
763 1298 841 1352 ἂν
881 1298 1042 1363 τόπῳ
1077 1295 1673 1366 στρατοπεδεύσωσι,
1714 1294 1799 1364 μὴ

221 1390 488 1459 cassam
514 1389 671 1442 ἐκεῐο
702 1389 989 1444 ἐκκλίνον
1005 1390 1056 1443 δ’
1084 1390 1185 1446 ἀπ’
1211 1388 1428 1455 αὐτῶν,
1460 1388 1557 1442 καὶ
1576 1386 1802 1455 παράλ-

220 1483 439 1547 λαξον.
503 1481 674 1536 Ἔνθα
716 1482 762 1535 δ’
797 1483 862 1536 ἂν
905 1477 1050 1536 οὗτοι
1089 1481 1226 1552 πρὸς
1258 1481 1462 1552 βλάϐην
1496 1479 1802 1550 ἀνθρώπων

219 1573 610 1646 ἁθροισθῶσιν,
637 1575 799 1639 αὑτὸς
831 1575 908 1646 μὴ
941 1575 1184 1648 ἀπέλθῃς
1204 1589 1220 1604 ⁸
1258 1573 1476 1646 μακράν
1509 1573 1566 1626 δὲ
1595 1573 1800 1627 τούτων

1915 480 2004 532 sed
2039 479 2251 545 custodi
2299 479 2452 532 illam
2480 479 2787 546 tibimetipsi
2813 481 2867 535 in
2895 483 3054 536 vitam
3083 493 3250 540 tuam.
3273 487 3482 544 Idcirco

1915 569 2104 638 accipe
2139 583 2263 624 cum
2287 570 2484 626 affectu
2507 587 2683 625 meam
2714 572 3106 638 hortationem,
3130 588 3184 632 et
3210 595 3278 634 ne
3303 581 3485 634 dimit-

1916 665 2019 722 tas,
2043 659 2137 713 sed
2167 674 2290 713 eam
2319 660 2461 729 apud
2513 670 2564 715 te
2591 662 2967 717 absconditam
2997 667 3238 734 custodi,
3276 675 3334 722 ut
3365 670 3485 740 ipsa

1914 756 1967 802 te
1995 747 2190 803 doceat
2221 751 2498 818 quomodo
2530 752 2719 808 vivere
2748 764 3023 824 oporteat.

1984 836 2151 895 Vens.
2177 840 2262 895 14.
2300 840 2382 895 Ne
2406 843 2677 899 delecteris
2714 847 2772 900 in
2829 849 3027 902 seruilis
3061 850 3361 918 impiorum,
3392 871 3486 909 nec

1913 928 2008 981 tibi
2033 930 2242 998 placeat
2276 933 2542 986 malorum
2558 936 2661 989 via.
2681 934 2760 990 Ne
2789 938 2845 991 in
2873 939 2978 995 viis
3007 941 3288 997 hominum
3312 946 3406 1014 qui
3431 946 3486 1001 in
3513 980 3515 982 -

1911 1015 2021 1072 Deo
2051 1035 2162 1074 non
2185 1021 2441 1088 credunt,
2479 1039 2580 1078 nec
2617 1025 2769 1079 illum
2803 1026 2966 1082 bonis
2989 1032 3251 1100 cperibus
3275 1035 3486 1098 colunt,

1910 1107 2242 1178 ingrediaris
2279 1129 2295 1177 ;
2335 1121 2392 1167 et
2430 1126 2499 1168 ne
2550 1113 2786 1172 imiteris
2817 1131 3006 1186 opera,
3068 1121 3190 1191 ejus
3229 1127 3487 1180 tutandam

1908 1199 2259 1254 violantium.

1977 1287 2144 1344 Vens.
2180 1289 2266 1345 15.
2293 1289 2359 1345 In
2389 1292 2523 1358 loco,
2554 1311 2655 1364 quo
2686 1299 2949 1364 steterint,
2985 1316 3050 1354 ne
3081 1318 3168 1356 eas
3210 1305 3264 1358 in
3318 1322 3436 1360 eum
3465 1322 3487 1362 .-

1907 1379 2117 1434 declina
2151 1381 2216 1434 ab
2249 1383 2346 1450 eis,
2376 1395 2421 1438 et
2456 1386 2599 1456 fuge.
2637 1389 2694 1442 ln
2721 1405 2844 1444 eum
2876 1391 3082 1458 locum,
3142 1395 3198 1449 in
3241 1411 3349 1466 quo
3406 1399 3486 1454 illi

1906 1472 1973 1526 ad
2001 1473 2286 1528 hominum
2319 1476 2616 1544 perniciem
2639 1494 2709 1534 se
2743 1480 3090 1551 collegerint,
3119 1500 3188 1540 ne
3212 1487 3486 1556 ingredia-

1909 1565 1988 1620 ris
2027 1566 2232 1636 :longe
2266 1567 2334 1622 ab
2376 1567 2507 1633 illis,
2567 1579 2626 1627 ut
2676 1569 2792 1627 Deo
2838 1573 3112 1644 simulque
3167 1577 3484 1638 hominibus

221 1669 300 1731 ὼς
316 1666 586 1738 μισοθέων
599 1667 717 1737 ἀμα
744 1668 840 1721 καὶ
871 1665 1065 1736 μισανθ
1075 1665 1273 1733 ρώπων
1296 1665 1456 1734 γενοῦ
1477 1681 1490 1694 ·
1521 1665 1615 1718 καὶ
1635 1663 1796 1735 ἀλλην

1920 1656 2171 1720 inimicis,
2196 1657 2322 1729 fuge
2357 1677 2371 1713 :
2401 1667 2457 1715 et
2485 1660 2650 1716 aliam
2675 1663 2744 1718 ab
2766 1664 2847 1719 eis
2871 1680 3071 1739 perage
3097 1669 3286 1738 vitam,
3314 1671 3482 1728 Deum

222 1759 368 1828 ἢπερ
397 1750 542 1812 οὑτοι
573 1757 772 1828 βίωσον
807 1756 1012 1828 βιοτὴν,
1044 1755 1290 1827 φιλόθεον
1315 1756 1453 1827 ὁμοῦ
1483 1755 1579 1810 καλ⁸
1616 1753 1805 1824 φιλάν-
1835 1740 1878 1795 Β
1905 1753 1958 1802 οι
1993 1745 2247 1804 Ῐιοιιιίιιθε
2270 1749 2435 1804 Simul
2463 1750 2724 1822 diligens.

223 1847 468 1903 θοωπον.

262 1865 516 2004 ᾌῠ
541 1937 654 2008 γὰρ
679 1937 765 2007 μὴ
795 1938 1183 2005 ὑπνώσωσιν,
1211 1939 1320 1994 ἐὰν
1345 1937 1432 2008 μὴ
1481 1938 1805 2005 κακοποιῆ-

218 2034 420 2083 σωσιν
445 2044 462 2060 ο
500 2029 801 2098 ἀφῄρηται
849 2031 883 2082 ό
920 2027 1114 2094 ὕπνος
1151 2028 1253 2084 ἀπ’
1297 2025 1528 2093 αὐτῶν,
1586 2027 1687 2081 καί
1729 2029 1802 2082 οὐ

221 2120 560 2190 κοιμῶνται.
595 2121 668 2173 Οὐ
704 2119 813 2190 γὰρ
850 2117 1021 2173 ὕπνου
1049 2112 1200 2174 οῦτοι
1234 2119 1570 2190 μετάσχωσι,
1605 2119 1804 2190 μέχρις

220 2211 288 2265 ἄν
318 2227 438 2264 τινα
492 2208 692 2280 βλάψαι
724 2209 1020 2279 ἰσχύσωσι·
1063 2209 1196 2264 διότι
1227 2209 1561 2280 περιῄρηται
1593 2209 1658 2262 ὲκ
1685 2207 1803 2262 τού-

219 2318 329 2354 των
355 2305 384 2358 ὁ
417 2300 604 2363 ὕπνος,
641 2299 739 2353 καὶ
769 2300 870 2369 οὑχ
921 2299 1282 2363 ὑπνώττουσι,
1321 2301 1388 2368 τῇ
1430 2297 1566 2368 πρὸς
1596 2297 1801 2368 βλάϐην

219 2391 316 2444 τοῦ
349 2391 518 2454 πέλας
551 2391 790 2462 μερίμνῃ
821 2389 1310 2462 ἀπαγρυπνοῦντες
1337 2387 1620 2458 διηνεκῶς.

297 2481 384 2546 ιζ’.
418 2481 554 2535 Οἵδε
584 2480 692 2552 γὰρ
709 2481 1026 2535 σιτοῦνται
1053 2479 1191 2533 σῖτα
1216 2479 1515 2544 ἀσεϐείας,
1569 2478 1712 2546 οῑνφ
1732 2478 1802 2532 δὲ

221 2574 546 2643 παρανόμῳ
609 2573 1042 2642 μεθύσκονται.
1100 2565 1259 2625 Οὗτοι
1302 2569 1411 2640 γάρ
1458 2569 1640 2642 ἔργοις
1699 2572 1801 2642 μὲν

221 2665 446 2736 ἀτιμίας
472 2665 786 2738 τρέφονται,
815 2663 1026 2726 τούτοις
1045 2663 1182 2735 πρὸς
1211 2664 1410 2719 κακίαν
1439 2658 1761 2729 αὐξάνοντες
1779 2679 1796 2697 ο

225 2752 519 2824 παραλόγῳ
563 2752 622 2807 δὲ
678 2751 881 2820 σαρκὸς
925 2752 1272 2822 φρονήματι,
1338 2751 1415 2817 ὥς
1485 2769 1594 2807 τινι
1645 2752 1796 2824 οἴνῳ,

221 2843 531 2910 ἐξίστανται
580 2843 676 2898 τοῦ
765 2843 1030 2906 σώζοντος
1095 2843 1475 2916 καθεστηκότα
1521 2845 1612 2900 τὸν
1671 2843 1796 2900 νοῦν

223 2934 592 3006 πνευματικοῦ
613 2935 984 3006 φρονήματος.

295 3033 384 3095 ιη’.
413 3030 478 3082 Al
500 3027 568 3080 δὲ
608 3025 734 3081 ὁδοὶ
769 3025 889 3081 τῶν
928 3026 1177 3082 δικαίων
1213 3027 1429 3096 ὁμοίως
1475 3027 1618 3097 φωτί
1647 3026 1796 3098 λάμ-

220 3133 407 3172 πουσι
426 3134 440 3148 ⁸
472 3119 940 3188 προπορεύονται
963 3117 1061 3172 καὶ
1081 3119 1446 3187 φωτίζουσιν
1459 3117 1569 3186 ἕως
1583 3134 1796 3186 κατορ-

222 3207 400 3262 θώσει
426 3209 466 3276 ἠ
527 3209 738 3278 ἡμέρα.
763 3208 844 3262 Τά
886 3208 943 3262 δὲ
977 3207 1116 3278 ἔργα
1165 3208 1275 3263 τῶν
1300 3207 1441 3265 κατὰ
1468 3208 1594 3271 τοὺς
1621 3206 1798 3270 θείους

221 3291 415 3368 νόμους
431 3298 881 3369 πολιτευομένων,
911 3298 1009 3363 τὰς
1035 3298 1145 3352 τῶν
1163 3300 1494 3371 ἀφορώντων
1520 3299 1600 3361 είς
1625 3296 1798 3351 ταῦτα

219 3389 396 3459 ψυχὰς
422 3389 853 3459 καταυγάζουσι,
884 3389 1289 3462 παραπλησίως
1321 3391 1434 3452 τοῖς
1465 3389 1653 3460 ἔργοις
1699 3386 1795 3441 τοῦ

219 3477 319 3546 τῆς
343 3477 687 3549 δικαιοσύνης
716 3479 868 3551 ἡλίου
894 3495 910 3510 ο
945 3479 1320 3549 προηγοῦνται
1351 3477 1408 3530 δὲ
1445 3476 1673 3540 τούτων,
1702 3476 1796 3530 καὶ

220 3568 554 3638 πυρσεύουσι
582 3569 824 3634 ταύταις,
865 3570 1058 3640 μέχρις
1086 3569 1152 3624 ἀν
1185 3569 1347 3632 αὑτὸς
1391 3569 1421 3620 ὁ
1449 3568 1550 3637 τῆς
1587 3567 1795 3622 δικαιο-

223 3658 386 3728 σύνης
422 3659 609 3722 Ἤλιος
636 3659 880 3731 φαιδρῶς
913 3659 1002 3712 ἐπ’
1030 3660 1218 3722 αὑταῖς
1243 3658 1544 3730 διαλάμψῃ.

292 3748 378 3802 ιϐ’.
399 3752 467 3802 At
496 3748 565 3801 δὲ
584 3748 727 3815 ,ὁδοὶ
768 3747 889 3802 τῶν
919 3747 1173 3812 ἀσεϐῶν,
1209 3751 1516 3803 σκοτειναί
1533 3764 1548 3777 ·
1573 3750 1684 3804 οὐκ
1713 3749 1798 3803 οι-

221 3838 361 3892 δασι
384 3836 508 3904 πῶς
541 3841 1012 3907 προσκόπτουσα
1039 3839 1122 3892 Τά
1159 3839 1218 3893 δὲ
1251 3838 1390 3910 ἔργα
1423 3839 1795 3894 ἀπιστούντων

221 3929 358 3999 Θεῷ,
389 3931 483 3983 καὶ
515 3929 590 4001 μὴ
615 3929 683 3983 δι’
709 3929 1074 4001 άγαθοεργὶας
1115 3928 1400 4000 τιμώντων
1439 3930 1627 3998 αὑτὸν,
1664 3932 1794 3984 σκό-

221 4040 308 4087 τος
355 4023 575 4092 ἀγνοίας
630 4022 999 4093 ὑπάρχουσιν·
1060 4023 1252 4094 ὲπειδὴ
1315 4015 1465 4076 οὗτοι
1508 4023 1794 4092 ἀγνοοῦσιν

219 4116 367 4176 ὅπως
391 4115 467 4186 τῷ
499 4113 691 4185 ἀγαθῷ
721 4113 1176 4185 προσπταίουσιν.

290 4210 360 4259 κ’.
402 4205 518 4271 ΥΙέ,
555 4203 670 4275 ἐμῇ
711 4205 892 4274 ῥήσει
948 4209 1232 4276 πρόσεχε.
1270 4206 1460 4261 Ἔνθεν
1489 4223 1570 4262 τοι
1601 4207 1794 4262 τέκνον

221 4297 608 4366 πνευματικὸν,
648 4299 714 4368 τῇ
764 4298 873 4368 ἐμῇ
929 4297 1252 4368 διδασκαλίᾳ
1309 4298 1410 4370 τῆς
1467 4298 1649 4371 ψυχῆς
1695 4317 1790 4354 σου

1976 1922 2142 1980 Vens.
2165 1925 2252 1979 16.
2286 1923 2409 1981 Non
2430 1929 2568 1982 enim
2607 1927 2901 1997 dormiunt,
2935 1936 3042 1990 nisi
3071 1938 3208 1992 male
3237 1939 3482 2010 fecerint,

1903 2023 1952 2068 et
1977 2017 2181 2084 rapitur
2195 2033 2410 2073 somnus
2427 2019 2491 2073 ab
2516 2021 2592 2076 eis
2625 2030 2676 2076 et
2693 2039 2798 2078 non
2817 2025 3116 2094 quiescunt.
3142 2029 3351 2087 Somno
3373 2050 3482 2090 non

1905 2105 2256 2177 participant,
2290 2108 2398 2164 nisi
2433 2111 2598 2168 alicui
2632 2115 2836 2170 malum
2863 2114 3098 2172 fecerint
3127 2137 3140 2174 :
3165 2123 3381 2192 rapitur
3413 2124 3482 2179 ab

1884 2195 1984 2252 eis
2004 2211 2254 2262 somnus,
2275 2207 2330 2253 et
2359 2215 2470 2256 non
2502 2204 2797 2273 quiescunt
2829 2219 3072 2277 semper,
3104 2212 3482 2270 sollicitudine

1900 2288 2163 2357 perniciei
2193 2292 2453 2362 proximi,
2487 2308 2518 2349 a
2547 2311 2743 2352 somno
2783 2300 3000 2354 remoti.

1973 2468 2136 2526 Vens.
2156 2471 2240 2525 17.
2271 2471 2560 2529 Comedunt
2575 2493 2764 2544 panem
2797 2480 3169 2549 impietatis,“
3195 2484 3380 2540 bibunt
3403 2492 3482 2541 vi-

1899 2561 2460 2630 numiniquitatis.llli
2501 2567 2769 2635 Operibus
2814 2570 3115 2639 impietatis
3158 2585 3477 2644 vescuntur,

1899 2663 1996 2719 per
2015 2664 2077 2704 ea
2093 2651 2160 2705 ad
2185 2653 2446 2708 malitiam
2465 2666 2779 2714 crescentes
2801 2679 2813 2714 :
2840 2660 3030 2731 iniquo
3053 2665 3240 2721 carnis
3260 2666 3482 2723 deside-

1898 2739 2003 2806 rio,
2028 2748 2284 2812 tanquam
2301 2745 2536 2815 quodam
2557 2748 2704 2812 vino,
2729 2765 2851 2806 sese
2868 2765 3145 2810 removent
3159 2771 3190 2810 a
3209 2758 3480 2828 spirituali

1896 2829 2190 2900 desiderio,
2222 2836 2366 2907 quod
2398 2837 2566 2894 animi
2604 2842 3065 2915 moderationem,
3096 2847 3275 2905 allert.

1975 3004 2143 3099 Vens.
2174 3009 2260 3067 18.
2303 3009 2413 3066 Via:
2434 3014 2711 3083 justorum
2735 3019 2936 3077 lumine
2967 3025 3244 3092 splendent
3297 3043 3315 3082 :
3350 3047 3479 3099 pro-

1904 3095 2116 3165 cedunt,
2150 3107 2199 3153 et
2232 3099 2407 3155 lucent
2429 3105 2605 3172 quoad
2644 3119 2899 3179 exsurgat
2930 3111 3065 3168 dies.
3101 3114 3279 3187 Opera
3329 3095 3477 3174 enim

1905 3189 2124 3244 illorum
2175 3192 2270 3262 qui
2317 3195 2623 3251 secundum
2657 3197 2753 3254 Dei
2806 3202 2958 3273 leges
2995 3221 3057 3270 se
3089 3219 3308 3278 gerunt,
3342 3211 3474 3266 illu-

1903 3282 2116 3338 minant
2183 3284 2400 3342 animas
2477 3287 2530 3342 in
2587 3303 2653 3344 ea
2704 3293 3144 3364 respicientium,
3216 3307 3476 3372 tanquam

1903 3372 2037 3428 solis
2062 3372 2291 3442 iustitia:
2323 3377 2586 3448 operibus
2619 3397 2633 3434 :
2660 3384 3000 3452 praecedunt,
3029 3396 3084 3442 et
3116 3389 3256 3446 viam
3285 3379 3476 3448 osten-

1903 3463 2040 3555 dunt
2062 3465 2187 3533 illis,
2213 3469 2567 3540 quoadusque
2623 3472 2742 3542 ipse
2762 3474 2990 3543 justitiae
3019 3480 3100 3535 sol
3122 3497 3250 3537 eum
3286 3485 3475 3555 splen-

1903 3553 2035 3610 dore
2065 3555 2343 3615 illucescat
2378 3575 2544 3631 super
2575 3561 2679 3618 has
2711 3567 2947 3623 animas.

1973 3754 2137 3813 Vens.
2163 3757 2250 3814 l9.
2295 3759 2390 3815 Via
2409 3763 2695 3832 impiorum
2727 3766 3004 3822 tenebrosa
3031 3783 3050 3822 :
3076 3769 3318 3824 nesciunt
3343 3787 3474 3840 quo-

1903 3845 2056 3902 modo
2095 3852 2410 3908 corruerint.
2443 3851 2619 3925 Opera
2646 3863 2830 3912 autem
2859 3857 2914 3913 in
2958 3857 3068 3914 Deo
3099 3850 3211 3915 non
3245 3861 3474 3918 creden-

1901 3940 2058 4005 tium,
2088 3948 2144 3994 et
2185 3942 2336 3997 illum
2391 3959 2487 4014 per
2519 3946 2662 4002 bona
2712 3963 2879 4018 Opera
2925 3963 3032 4005 non
3082 3951 3473 4009 honorantium

1900 4029 2225 4100 ignorantia;
2268 4033 2503 4090 tenebris
2555 4037 3004 4108 possidebuntur,
3045 4054 3168 4096 cum
3218 4043 3472 4100 nesciunt

1796 4138 1803 4152 -
1897 4115 2174 4185 quomodo
2200 4131 2232 4172 e
2266 4117 2412 4173 bono
2440 4125 2772 4181 corruerint.

1969 4205 2140 4264 Vens.
2175 4208 2265 4264 20.
2301 4208 2433 4278 Fili,
2473 4216 2722 4271 ausculta
2749 4234 3016 4275 sermones
3039 4237 3200 4278 meos.
3230 4222 3297 4278 Et
3322 4224 3469 4290 inde,

1899 4310 2020 4353 mea
2049 4296 2300 4354 doctrina
2329 4299 2496 4372 imple
2515 4304 2710 4360 anima:
2741 4314 2846 4362 tua:
2888 4316 3096 4377 partem
3127 4310 3470 4368 intellectua—

222 4386 553 4456 θεωρητικὸν
597 4388 917 4458 ἀπασχόλει,
977 4389 1255 4443 κατανοῶν
1298 4389 1613 4458 γνωστικῶς
1648 4390 1792 4462 ἅπερ

1920 4403 2028 4456 em,
2047 4389 2359 4463 intelligens
2382 4391 2524 4448 scite
2552 4409 2617 4451 ea
2650 4411 2771 4466 qua:
2802 4398 2901 4454 tibi
2930 4399 3000 4455 ab
3027 4400 3119 4456 illa
3149 4418 3472 4475 proponun-

219 4477 356 4548 αὕτη
389 4493 472 4528 σοι
501 4477 815 4547 ὑποτίθησι.

293 4568 424 4634 Teir;
444 4567 512 4621 δὲ
549 4567 715 4636 ἐμοῖς
774 4569 978 4638 λότοοις
1023 4569 1332 4638 παράϐαλε
1364 4569 1483 4624 σὸν
1502 4565 1631 4637 οὖς.
1661 4570 1793 4634 Ταῖς

217 4657 261 4711 δ’
300 4660 461 4728 ἐμαῖς
525 4657 829 4726 ὑποθήκαις
889 4659 1176 4730 παρατίθει
1227 4660 1288 4713 τὸ
1325 4659 1605 4724 ὲπιπειθὲς
1651 4659 1794 4729 λόγῳ

219 4749 612 4818 ἐπιθυμητικόν
646 4765 739 4802 σου
801 4751 899 4804 καὶ
948 4750 1199 4822 θυμικὸν,
1259 4750 1550 4805 ὑπακούων
1601 4751 1794 4816 αὑταῖς

218 4841 514 4912 ὀρεκτικῶς
539 4841 678 4895 κατὰ
709 4841 927 4907 πρᾶξιν.

287 4934 390 4983 κα’.
419 4929 610 4994 Ὅπως
655 4929 740 4997 μὴ
769 4929 1024 4983 λείπωσί
1049 4944 1123 4984 σε
1163 4933 1224 4985 al
1254 4930 1438 5001 πηγαί
1466 4931 1578 5000 τῆς
1621 4930 1788 5000 ζωῆς.

221 5021 409 5082 Ὅπως
436 5021 522 5072 ἀεί
550 5038 632 5074 σοι
671 5021 1005 5092 βλαστάνωσι
1052 5022 1173 5075 κατ’
1216 5022 1538 5094 ἔμπρακτον
1567 5025 1788 5093 γνῶσιν,

219 5109 290 5172 ῶς
310 5127 453 5174 τινες
495 5110 715 5165 ἀένναοι
780 5112 976 5179 πηγαὶ,
1001 5113 1100 5181 τὴν
1126 5113 1445 5182 πρέπουσάν
1473 5131 1555 5167 σοι
1579 5114 1654 5178 ὡς
1699 5115 1789 5169 λο-

217 5201 354 5272 γικῴ
385 5204 761 5274 πνευματικὴν
790 5203 955 5274 ζωὴν,
983 5206 1037 5257 αἱ
1069 5204 1164 5257 τοῦ
1193 5205 1330 5259 Θεοῦ
1355 5206 1662 5274 ὲντολαὶ,ὰς
1717 5208 1782 5280 δή

221 5310 297 5346 σοι
325 5294 418 5345 καὶ⁵
454 5294 768 5364 ὑποτίθημι.

287 5386 573 5439 ψύλασσε
597 5387 778 5451 αὑτὰς
807 5387 878 5439 ἐν
907 5385 991 5455 σῇ
1016 5386 1250 5456 καρδία.
1284 5388 1362 5460 Ti;
1375 5405 1456 5460 ρει
1485 5391 1626 5444 κατὰ
1667 5390 1785 5445 διά-

218 5496 361 5532 νοιαν
400 5478 599 5541 ταύτας
633 5478 717 5532 διά
744 5480 966 5542 παντός.

282 5569 385 5638 κβ’.
412 5568 542 5637 Ζωὴ
576 5568 684 5637 γάρ
714 5569 844 5624 ἐστι
876 5571 1002 5637 τοῖς
1029 5574 1423 5642 εὑρίσκουσιν
1451 5577 1660 5642 αὐτὰς,
1684 5579 1783 5632 καὶ

219 5661 378 5731 πάσῃ
401 5663 581 5729 σαρκὶ
601 5663 784 5728 ἴασις.
815 5664 1018 5727 Γνῶσις
1046 5666 1152 5734 γάρ
1173 5665 1407 5736 ὑπάρχει
1435 5673 1779 5744 πνευματικὴ

549 5762 817 5823 Parnm“
873 5762 990 5825 Gn.
1057 5762 1428 5828 LXXXVII.

1895 4489 2007 4534 tur.

1963 4570 2032 4626 Et
2055 4572 2126 4628 ad
2153 4574 2364 4646 eloquia
2389 4593 2503 4634 mea
2531 4579 2733 4635 inclina
2768 4597 2949 4638 aurem
2988 4593 3154 4640 tuam.
3185 4583 3318 4642 Meis
3351 4603 3469 4642 mo-

1891 4665 2022 4722 nitis
2046 4666 2272 4735 inclina,
2309 4669 2540 4726 docilem
2559 4673 2748 4738 verbo,
2770 4676 3251 4746 concupiscibilem
3281 4689 3334 4733 et
3356 4677 3468 4732 ira-

1893 4758 2140 4814 scibilem
2173 4761 2368 4817 anima:
2391 4772 2498 4820 tua:
2519 4765 2839 4834 potentiam,
2869 4766 3228 4838 acquiescens
3259 4767 3371 4824 illis
3411 4769 3467 4824 in

1891 4851 2044 4920 praxi
2079 4867 2204 4906 cum
2231 4854 2445 4909 illarum
2476 4857 2757 4926 cupidine.

1961 4940 2128 4996 Vens.
2153 4941 2245 4997 21.
2268 4943 2352 4998 Ne
2387 4954 2435 5000 te
2462 4945 2837 5016 derelinquant
2864 4948 3033 5017 fontes
3060 4952 3198 5006 vita.
3221 4950 3291 5006 Ut
3312 4967 3464 5008 sem-

1890 5048 1986 5103 per
2040 5034 2174 5087 inte
2213 5034 2511 5089 secundum
2555 5037 2829 5092 etlicacem
2860 5039 3252 5108 cognitionem,
3296 5044 3464 5100 vitam

1891 5124 2232 5193 Spiritualem
2267 5125 2365 5179 tibi
2406 5135 2667 5196 tanquam
2715 5128 2928 5184 ratione
2967 5129 3218 5199 praedito,
3257 5147 3460 5188 conve-

1891 5219 2127 5273 nientem
2151 5217 2455 5283 ell‘undant,
2480 5228 2537 5275 ut
2561 5235 2831 5291 perennes
2847 5221 3049 5289 fontes,
3065 5225 3318 5280 mandata
3339 5224 3463 5290 Dei,

1889 5325 2009 5379 quae
2043 5325 2144 5381 ego
2173 5313 2269 5368 tibi
2298 5328 2568 5385 propono.

1959 5400 2183 5458 Custodi
2214 5422 2302 5460 eos
2342 5408 2395 5460 in
2423 5407 2580 5461 corde
2611 5416 2726 5463 tuo.
2761 5406 2928 5463 Serva
2952 5425 3037 5478 ea,
3073 5421 3200 5467 ante
3249 5414 3461 5474 omnia,

1871 5493 1942 5548 in
1966 5495 2325 5562 intelligentia
2365 5505 2479 5551 tua;

1964 5584 2126 5640 Vens.
2153 5585 2242 5640 22.
2293 5585 2409 5640 Vita
2430 5597 2506 5642 est
2531 5590 2669 5643 enim
2705 5592 3087 5650 invenientibus
3113 5611 3227 5660 eas,
3254 5607 3303 5652 et
3335 5601 3457 5654 ani-

1887 5693 2044 5732 versae
2062 5678 2214 5733 carni
2243 5679 2471 5736 sanitas.
2507 5679 2754 5740 Scientia
2795 5685 3115 5743 conceditur
3138 5690 3442 5761 spiritualts

2911 5781 2987 5844 [ιθ
