3958 6202
278 268 415 337 1261

1332 261 1861 323 COMMENTARII
1892 261 1975 322 IN
2014 261 2467 326 PROVERBIA.

3389 263 3526 330 1262

278 396 399 445 σου,
456 377 514 430 ιν
553 375 826 450 ἀταραξίᾳ
850 373 1021 446 πάσῃ,
1065 372 1160 426 καὶ
1187 371 1381 445 βαθείᾳ
1410 371 1601 426 παθῶν
1642 370 1855 443 γαλήνῃ

1993 386 2013 425 ι
2041 373 2223 441 quiete
2260 372 2589 444 possidebis,
2619 381 2674 428 et
2701 371 2972 442 profunda
3000 373 3360 446 cupiditatum
3392 390 3524 446 pace

277 472 364 536 είς
398 469 558 542 ἔργον
586 469 904 539 προαγάγη.

891 559 1143 614 ΚΕΦΔΛ.
1180 558 1258 612 E’.

351 660 423 710 α’.
461 652 576 716 Υίὲ,
602 651 717 722 ἐμῇ
737 653 924 724 σοφίᾳ
946 648 1446 720 πρόσεχε.Τέκνον
1467 649 1856 719 πνευματικὸν,

275 747 351 818 τῇ
396 746 502 816 ἐμῇ
557 746 688 815 περὶ
739 745 874 798 Θεοῦ
928 744 1107 814 ἐννοίᾳ
1157 741 1472 813 πρόσκεισο,
1523 741 1659 812 πρὸς
1703 742 1859 808 δόξαν

279 835 456 906 ψευδῆ
495 835 570 905 μὴ
605 834 1082 906 παρασυρόμενος.

360 924 490 990 Τοῖς
510 924 564 977 δ’
591 923 757 993 ἐμοῖς
784 927 988 995 ⁸λόγοις
1011 923 1320 992 παράϐαλε
1341 921 1460 976 σὸν
1487 916 1620 988 οὕς.
1654 923 1784 986 Ταῖς
1812 923 1859 976 δ’

280 1016 444 1085 ἐμαῖς
470 1014 838 1078 διδασκαλίαις
861 1014 1151 1085 παρατίθει
1183 1013 1318 1085 πρὸς
1350 1013 1620 1083 ὑπακοὴν,
1651 1013 1714 1066 τὸ
1742 1013 1862 1066 tm-

281 1105 471 1168 πειθὲς
502 1106 644 1176 λόγῳ
679 1105 1077 1177 ἐπιθυμητικὸν
1106 1107 1206 1177 τῆς
1244 1103 1421 1176 ψυχῆς
1453 1118 1548 1156 σου
1579 1102 1673 1156 καὶ
1705 1101 1864 1173 θυμι-

281 1198 402 1250 κόν.

359 1285 564 1357 β⁹.Ἵνα
592 1287 873 1356 φυλάξῃς
899 1287 1143 1342 ἔννοιαν
1169 1287 1420 1355 ἀγαθήν.
1453 1285 1641 1349 Ὅπως
1681 1285 1760 1348 είς
1801 1285 1864 1338 τὺ

281 1377 534 1449 διηνεκὲς
566 1381 815 1450 τηρήσῃς
842 1379 985 1434 κατά
1019 1377 1258 1434 διάθεσιν
1283 1377 1382 1449 τὴν
1409 1376 1588 1449 ἀληθῆ
1620 1373 1862 1446 περὶτοῦ

279 1469 436 1534 δντος
467 1471 676 1540 ἀγαθοῦ
702 1470 879 1536 δόξαν.

345 1563 646 1630 Αίσθησιν
665 1561 735 1614 δέ
760 1560 921 1631 ἐμῶν
940 1560 1192 1630 χειλέων
1213 1559 1576 1630 ἐντέλλομαί
1601 1576 1720 1615 σοι.
1753 1561 1865 1632 Τὴν

280 1653 428 1704 κατά
451 1652 646 1724 πρᾶξιν
671 1652 728 1706 δὲ
755 1655 950 1724 πεῖραν
971 1651 1081 1706 τῶν
1106 1651 1254 1721 ἐμῶν
1285 1651 1632 1720 διδαγμάτων
1653 1668 1713 1704 σε
1742 1653 1864 1705 κατ’

279 1741 504 1815 ἐντολὴν
536 1744 776 1812 ἀπαιτῶ,
807 1745 902 1798 καὶ
933 1743 1057 1815 ούχὶ
1091 1743 1190 1816 τὴν
1215 1743 1378 1816 ψιλὴν
1409 1743 1619 1798 τούτων
1658 1743 1865 1815 ἀκρόα-

280 1851 392 1889 σιν.

351 1932 424 1995 γ’.
468 1927 565 1996 Μὴ
603 1928 868 1996 πρόσεχε
909 1927 1116 1997 φαύλῃ
1150 1925 1416 1995 γυναικί.
1445 1925 1538 1996 Μὴ
1573 1923 1868 1996 πρόσκεισο

279 2021 350 2089 τῇ
382 2017 458 2082 ὡς
490 2018 633 2071 κατὰ
660 2018 982 2089 προαίρεσιν
1017 2016 1290 2086 ἀλογίστῳ
1316 2013 1492 2085 ψεκτῇ
1522 2014 1794 2087 αἰσθήσει.

297 2087 502 2163 ’ΠΜέλι
551 2109 662 2176 γὰρ
707 2087 1038 2166 ἀποστάζει
1102 2105 1222 2161 ἀπὸ
1280 2104 1532 2175 χειλέων
1586 2105 1870 2175 γυναικὸς

279 2200 534 2269 πόρνης.
564 2197 915 2269 Νομιζομένη
946 2198 1057 2267 γάρ
1089 2213 1173 2260 τις
1200 2195 1359 2266 ἡδονὴ
1388 2196 1650 2268 ἀπορρέει
1684 2198 1750 2250 ὲκ
1770 2197 1870 2267 τῆς

282 2292 423 2364 πρὸς
455 2292 526 2346 τά
549 2289 782 2360 αίσθητά
811 2289 994 2359 φιλίας
1025 2290 1122 2359 τῆς
1145 2287 1242 2341 τοῦ
1276 2286 1437 2356 λόγου
1470 2288 1661 2359 πόρρω
1686 2287 1872 2344 νευού-

284 2401 386 2454 σης
416 2385 744 2456 αἰσθήσεως.

353 2475 394 2527 δ’
403 2477 510 2528 .‘H
531 2473 682 2542 πρὸς
697 2472 906 2540 καιρὸν
927 2472 1189 2526 λιπαίνει
1221 2471 1338 2526 σὸν
1363 2469 1670 2541 φάρυγγα·
1694 2469 1871 2524 ὓστε-

283 2581 394 2634 ρον
419 2567 624 2634 μέντοι
665 2550 1015 2632 πικρότερον
1061 2562 1251 2632 χολῆς
1278 2562 1582 2631 εὑρήσεις,
1612 2562 1709 2616 καί
1732 2561 1868 2630 rixo-

285 2657 554 2725 νημένον
620 2653 864 2725 μᾶλλον
902 2655 1204 2724 μαχαίρας
1249 2653 1558 2722 ὃιστόμου.
1597 2653 1759 2717 Ἥτις
1806 2652 1872 2705 δι’

283 2749 480 2818 ἡδονῆς
524 2748 715 2820 τρέφει
751 2764 834 2800 σοι
878 2747 940 2800 τὸ
973 2745 1252 2818 ἡδυπαθὲς
1294 2745 1436 2816 πρὸς
1470 2745 1702 2815 μικρόν·
1735 2744 1874 2814 μετά

283 2842 442 2894 τοῦτο
459 2841 504 2894 δ’
520 2840 749 2912 ἐντύχῃς
769 2839 930 2910 αὐτῇ,
957 2840 1243 2910 πράγματι
1267 2837 1582 2909 ἀηδεστέρῳ
1605 2853 1666 2889 τε
1694 2835 1875 2905 πάσης

287 2931 518 3003 πικρίας
541 2971 556 2995 ,
610 2926 700 2985 οἷα
728 2931 829 3000 τῆς
861 2930 985 2986 κατ’
1035 2931 1294 3000 αίσθησιν
1340 2929 1532 3000 ἡδονῆς
1580 2926 1731 2992 τέλος
1775 2925 1875 2995 τὴν

1893 1702 1941 1763 Β

1961 461 2028 517 ad
2053 477 2192 535 opus
2231 464 2543 521 deduceris.

2605 553 2759 610 CAP.
2792 554 2857 610 ν.

2035 641 2197 698 Vens.
2231 644 2280 697 1.
2306 641 2418 697 Fili
2440 643 2534 707 mi,
2558 643 2768 699 attende
2786 645 2855 698 ad
2874 647 3186 715 sapientiam
3205 665 3394 705 meam.
3424 651 3528 706 Fili

1960 733 2290 804 spiritualis,
2317 750 2449 790 meae
2472 735 2717 792 scientiae
2739 735 2836 792 Dei
2861 739 3100 807 attende,
3135 747 3194 793 ut
3210 755 3317 796 non
3337 743 3405 798 ad
3437 758 3532 797 va-

1961 843 2088 884 nam
2111 830 2343 900 gloriam
2385 832 2642 888 traharis.

2031 918 2102 973 Et
2125 922 2455 978 sermonibus
2483 925 2611 978 meis
2644 939 2849 993 appone
2882 941 3064 980 aurem
3095 934 3262 982 tuam.
3295 928 3378 983 Ad
3407 931 3539 985 obc-

1963 1012 2218 1068 diendum
2243 1014 2381 1070 meis
2403 1014 2814 1072 hortationibus
2840 1032 3053 1086 appone
3083 1020 3254 1075 verbo
3273 1021 3534 1086 docilem,

1962 1114 2170 1174 partem
2206 1107 2693 1179 concupiscibilem
2715 1116 2770 1165 et
2808 1108 3143 1167 irascibilem
3180 1111 3377 1168 animae
3407 1121 3535 1169 tuae.

2034 1277 2204 1336 Vens.
2239 1282 2296 1336 2.
2336 1281 2406 1337 Ut
2455 1285 2730 1339 custodias
2761 1287 3041 1341 scientiam
3097 1290 3307 1345 bonam.
3381 1290 3449 1345 Ut.
3487 1295 3538 1346 in

1964 1381 2288 1442 perpetuum
2359 1377 2641 1434 custodias
2695 1394 2820 1436 cum
2871 1380 3188 1449 dilectione,
3250 1383 3362 1438 veri
3411 1385 3538 1440 boni

1965 1477 2148 1518 veram
2178 1465 2432 1536 gloriam.
2886 1493 2890 1498 ι

2039 1556 2456 1628 Intelligentiam
2482 1578 2720 1617 meorum
2752 1563 3019 1620 labiorum
3049 1567 3245 1622 mando
3272 1567 3386 1622 tibi.
3408 1567 3541 1625 Peto

1969 1661 1999 1700 a
2031 1656 2162 1705 teut
2191 1651 2245 1706 in
2285 1654 2442 1722 praxi
2471 1655 2755 1712 doctrinas
2783 1657 2920 1730 legis
2945 1674 3079 1716 mea:
3115 1675 3324 1726 serves,
3357 1671 3411 1715 et
3433 1679 3486 1715 ιι(
3507 1679 3540 1716 ιι

1969 1741 2047 1798 sis
2078 1743 2309 1815 simplex
2341 1761 2530 1802 earum
2563 1747 2805 1807 auditor.

2045 1915 2208 1975 Vens.
2229 1921 2286 1976 5.
2320 1922 2402 1977 Νε
2427 1923 2676 1980 attendas
2701 1925 2892 1996 fallaci
2923 1928 3153 1984 mulieri.
3184 1927 3263 1986 Ne
3293 1931 3542 1989 attendas

1967 2011 2344 2080 vituperanda:
2371 2015 2657 2084 doctrinm,
2694 2029 2751 2074 ut
2788 2020 2991 2091 iniquae
3029 2023 3086 2077 in
3116 2028 3294 2094 praxi.

2042 2101 2397 2160 Meldistillnt
2417 2107 2556 2162 enim
2579 2126 2611 2162 a
2639 2108 2796 2164 labiis
2829 2111 3071 2167 mulieris
3095 2114 3404 2168 meretricis.
3425 2115 3546 2170 Ali-

1969 2191 2124 2272 quid,
2151 2201 2209 2247 ut
2240 2195 2494 2266 voluptas
2515 2199 2842 2254 aestimatum
2867 2201 3096 2256 distillat
3126 2218 3190 2258 ex
3224 2219 3410 2260 amore
3434 2221 3544 2277 quo

1973 2281 2038 2335 ad
2068 2283 2347 2338 sensibilia
2381 2285 2556 2342 fertur
2585 2289 2780 2344 animae
2812 2297 2918 2344 tua:
2945 2305 3074 2362 pars
3111 2294 3394 2359 sensitiva,
3421 2312 3544 2365 quae

1971 2369 2132 2441 longe
2160 2387 2190 2426 a
2224 2375 2389 2430 verbo
2416 2376 2662 2434 inclinat.

2044 2457 2210 2515 Vens.
2233 2461 2285 2515 4.
2307 2461 2357 2515 Η
2365 2479 2439 2518 a'c
2454 2467 2593 2519 enim
2609 2466 2680 2520 ad
2698 2477 2903 2538 tempus
2922 2472 3128 2542 saginat
3153 2483 3336 2544 guttur
3359 2485 3543 2544 tuum;

1973 2549 2065 2604 sed
2097 2552 2388 2628 novissima
2412 2555 2526 2625 ejus
2555 2556 2681 2626 felle
2734 2563 3010 2617 amariora
3048 2564 3294 2630 invenies,
3332 2578 3380 2624 et
3419 2587 3547 2625 acu-

1976 2643 2118 2699 tiora
2152 2645 2332 2717 gladio
2359 2651 2602 2720 ancipiti.
2637 2651 2761 2708 Hazc
2795 2670 2893 2725 per
2929 2658 3286 2729 voluptatem,
3315 2670 3366 2718 te
3394 2665 3546 2722 brevi

1974 2741 2222 2805 tempore
2257 2738 2469 2796 deliciis
2505 2744 2744 2800 nutriet:
2779 2756 2905 2816 post
2934 2748 3051 2804 haec
3080 2760 3261 2808 autem
3297 2756 3546 2816 invenies

1976 2825 2030 2880 in
2065 2841 2150 2895 ea,
2189 2830 2336 2884 omni
2368 2830 2492 2888 felle
2520 2835 2816 2903 amariora,
2853 2839 2929 2894 ita
2962 2850 3020 2896 ut
3045 2843 3100 2898 in
3133 2843 3260 2911 line,
3282 2863 3544 2906 sensuum

1973 2923 2230 2994 voluptas
2259 2925 2460 2983 habeat
2481 2929 2752 2997 dolorem,
2779 2941 2978 2990 etcum
3017 2947 3170 3007 parte
3195 2942 3548 3000 conscientiae

285 3021 480 3091 ὀδύνην
509 3020 742 3091 ἐχούσης
763 3059 778 3086 ,
815 3020 910 3073 καὶ
942 3017 1362 3090 ἐπιτηδειοτέρῳ
1389 3015 1528 3106 πρὸς
1560 3014 1754 3106 πλῆξιν
1779 3013 1862 3106 τοῦ

1993 3013 2173 3084 Iptiori
2191 3015 2259 3070 ad
2295 3016 2536 3088 plagam,
2579 3022 2736 3092 quasi
2785 3023 2968 3096 gladio
3002 3029 3228 3100 ancipiti
3271 3046 3542 3102 persecct.

289 3109 588 3173 συνειδότος
626 3125 744 3176 σου,
780 3107 920 3180 ὑπὲρ
953 3107 1108 3178 ξίφος
1152 3107 1350 3177 τέμνον
1388 3104 1724 3176 ἀμφοτέροις
1755 3104 1868 3166 τοῖς

290 3201 535 3273 μέρεσιν.

354 3299 417 3347 ε’.
460 3291 573 3361 Τῆς
598 3293 708 3363 γὰρ
730 3291 1086 3361 ἀφροσύνης
1111 3292 1165 3344 ol
1183 3289 1366 3356 πόδες
1380 3285 1709 3358 κατάγουσι
1727 3284 1869 3352 τοὺς

287 3383 632 3454 χρωμένους
645 3382 820 3452 αὐτῇ,
834 3383 987 3452 μετὰ
1013 3381 1273 3438 θάνατον
1292 3382 1377 3446 είς
1410 3379 1520 3435 τὰν
1548 3377 1724 3446 ᾅδην.
1757 3377 1868 3448 Τῆς

285 3474 395 3543 γὰρ
423 3471 649 3539 ἀλογίας
677 3473 734 3526 αί
754 3472 945 3542 ὁρμαὶ,
975 3471 1096 3547 μετ’
1117 3469 1285 3523 αὐτοῦ
1311 3467 1407 3522 τοῦ
1441 3467 1566 3522 καθ’
1591 3466 1867 3540 ἁμαρτίας

285 3561 518 3631 ψυχικοῦ
565 3561 821 3624 Θανάτου,
875 3559 1202 3614 κατασπῶσι
1249 3560 1378 3622 τοὺς
1433 3557 1866 3628 μετερχομένους

287 3653 454 3723 αὐτὴν
503 3653 584 3716 είς
633 3650 730 3722 τὴν
758 3650 903 3706 κατὰ
952 3650 1056 3720 τὴν
1111 3649 1434 3720 σωματικὴν
1474 3647 1679 3718 φθορὰν
1726 3646 1867 3715 ἀφά-

287 3759 459 3797 νειαν.

363 3833 440 3888 Τὰ
463 3832 532 3886 δὲ
564 3831 706 3903 ιχνη
737 3831 928 3902 αὐτῆς
955 3835 1065 3888 οὐκ
1098 3831 1411 3901 ἐρείδεται.

355 3923 440 3978 Τὰ
460 3923 518 3978 δὲ
547 3923 681 3992 ἔργα
700 3922 924 3999 ταύτης,
955 3923 1142 3995 ἐπειδὴ
1173 3924 1248 3996 μὴ
1275 3924 1407 3994 περὶ
1431 3922 1500 3976 τά
1536 3921 1741 3994 μόνιμα
1765 3922 1866 3977 κοί·-

288 4015 621 4085 ταγίνονται,
660 4016 760 4069 οὐκ
788 4016 926 4068 εἰσιν
956 4015 1196 4084 ἀσφαλῆ.

358 4113 433 4173 ς’.
484 4105 686 4172 Ὁδοὺς
713 4106 822 4176 γὰρ
857 4104 1007 4173 ζωῆς
1038 4107 1149 4160 οὐκ
1191 4104 1528 4176 ἐπέρχεται.
1556 4104 1704 4179 Αὕτη
1731 4107 1860 4180 γὰρ,

287 4199 384 4263 τὰς
415 4199 496 4262 εις
521 4197 620 4270 τὴν
647 4198 818 4252 ἀΐδιον
863 4198 958 4250 καὶ
991 4197 1266 4269 μακαρίαν
1304 4199 1364 4250 ἐν
1397 4197 1669 4268 πνεύματι
1717 4201 1863 4273 ζωὴν

287 4289 558 4359 φερούσας
588 4288 740 4352 θείας
769 4287 1014 4352 ἐντολὰς,
1038 4287 1180 4341 κατά
1214 4287 1417 4359 πρᾶξιν
1444 4289 1504 4342 ού
1531 4289 1823 4362 διέρχεται.

2046 3282 2219 3341 Vens.
2253 3285 2306 3340 5.
2345 3285 2675 3360 [nsipientia
2694 3290 2851 3360 pedes
2883 3293 3158 3352 adducunt
3194 3314 3281 3354 eos
3331 3302 3423 3371 qui
3463 3303 3543 3360 illi

1975 3377 2232 3444 serviunt,
2261 3389 2380 3446 post
2407 3391 2628 3436 mortem
2657 3381 2727 3436 ad
2749 3384 2964 3454 inferos.
3005 3385 3334 3458 lnsipientiae
3364 3401 3547 3452 autem

1973 3472 2178 3532 motus,
2226 3475 2350 3537 post
2367 3468 2654 3540 physicam
2699 3485 2954 3541 mortem,
3009 3491 3039 3531 a
3075 3481 3316 3549 peccatis
3346 3492 3545 3551 ortam,

1973 3558 2208 3614 trahunt
2240 3560 2390 3614 illam
2425 3571 2723 3634 sequentes
2751 3567 2817 3622 ad
2844 3567 3246 3629 obscuritatem
3290 3589 3548 3649 corpora-

1971 3643 2041 3700 lis
2071 3645 2488 3707 destructionis.

2043 3821 2265 3879 Cressus
2289 3825 2403 3896 ejus
2423 3842 2525 3881 non
2542 3827 2854 3896 ﬁrmantur.
2887 3830 3062 3903 Opera
3089 3837 3233 3892 enim
3255 3836 3393 3908 ejus,
3421 3855 3546 3898 cum

1971 3925 2082 3967 non
2117 3914 2230 3969 sint
2255 3915 2498 3981 stabilia,
2530 3932 2640 3973 non
2676 3931 2808 3975 sunt
2842 3931 2979 3979 tuta.

2040 4083 2208 4144 Vnus.
2246 4090 2298 4145 6.
2336 4087 2463 4146 Vias
2481 4092 2623 4147 enim
2655 4095 2775 4150 vita
2802 4115 2904 4152 non
2934 4101 3193 4158 ambulat.
3223 4105 3346 4176 Ipsa
3372 4111 3542 4179 enim,

1971 4179 2227 4236 mandata
2261 4181 2379 4249 Dei,
2406 4201 2528 4258 quae
2555 4187 2765 4244 ducunt
2807 4191 2876 4246 ad
2925 4194 3094 4250 vitam
3143 4199 3342 4256 animae
3380 4210 3542 4259 aeter-

1975 4284 2100 4325 nam
2132 4278 2188 4325 et
2217 4272 2462 4343 beatam,
2494 4279 2549 4334 in
2580 4279 2736 4350 praxi
2773 4296 2882 4336 non
2913 4283 3066 4337 colit.

353 4377 656 4450 Σφαλεραί
687 4377 755 4432 δὲ
781 4381 842 4433 al
875 4378 1103 4448 τροχιαί
1136 4377 1350 4446 αὐτῆς,
1385 4378 1482 4433 καί
1507 4361 1624 4434 οὐκ
1649 4382 1862 4450 εὔγνω-

2044 4361 2170 4434 Vagi
2192 4375 2315 4421 sunt
2343 4385 2556 4438 gressus
2582 4370 2699 4440 ejus
2730 4381 2781 4427 et
2799 4373 3211 4447 investigabiles.
3240 4379 3542 4452 Vagantur,

286 4486 437 4526 στοι.
470 4471 803 4542 Σφάλλονται
847 4471 905 4524 δὲ
951 4472 1080 4541 περ)⁵
1108 4471 1207 4539 τὴν
1249 4470 1345 4524 τοῦ
1379 4471 1546 4526 καλοῦ
1585 4473 1783 4545 κρίσιν,
1815 4475 1864 4526 ot

287 4563 428 4619 κατά
441 4562 693 4632 ’θεωρίας
716 4563 904 4633 δρόμοι
942 4562 1143 4631 αὐτῆς⁸
1174 4563 1249 4626 ὡς
1273 4561 1348 4634 μὴ
1378 4562 1515 4634 πρὸς
1543 4563 1606 4616 τὸ
1631 4567 1697 4636 τῇ
1731 4565 1865 4636 ἀλη-

289 4656 429 4724 θείᾳ,
463 4653 601 4706 ἀλλά
625 4655 692 4724 τῇ
722 4652 909 4722 ψευδεῖ
935 4653 1204 4724 ὑπολήψει
1237 4653 1402 4707 καλὸν
1435 4654 1862 4719 ἀποϐλέποντες

289 4749 382 4801 καὶ
411 4746 511 4799 ούκ
544 4745 780 4808 εὐκόλως
821 4744 994 4808 οὕτως
1033 4744 1182 4814 ἔχειν
1211 4744 1748 4814 καταλαμϐάνονται,
1777 4746 1868 4800 διά

287 4841 346 4894 τὸ
373 4839 479 4892 τῶν
508 4838 860 4910 προσκαίρων
891 4837 1063 4908 ἡδέων
1091 4839 1391 4909 ἀπατηλόν.

355 4928 421 4994 ζ’.
454 4930 583 4984 Νῦν
610 4925 746 4991 οὖν,
765 4923 812 4982 ὦ
837 4927 948 4993 υἱὲ,
976 4928 1160 4982 ἄκουέ
1189 4946 1331 4997 μου,
1367 4929 1466 4984 καί
1493 4929 1582 5000 μὴ
1604 4930 1868 4998 ἀκύρους

287 5019 549 5087 ποιήσῃς
578 5017 759 5088 ἐμοὺς
803 5018 1050 5086 λόγους.
1093 5017 1256 5071 Κατὰ
1300 5017 1429 5087 γοῦν
1479 5019 1572 5072 τὸν
1624 5020 1868 5089 παρόντα

290 5111 465 5165 πάντα
485 5109 928 5175 αίῶνα,τεκνῐον,
951 5109 1189 5179 ὑπήκοος
1213 5107 1305 5161 ἔσο
1332 5126 1443 5178 μοι,
1464 5109 1559 5162 καὶ
1593 5111 1667 5180 μὴ
1689 5111 1868 5180 ἀπρά-

290 5217 446 5263 κτους
464 5198 563 5262 τὰς
588 5198 726 5267 ὲμάς
751 5197 960 5270 ὲργάσῃ
982 5195 1348 5259 διδασκαλίας’
1375 5196 1524 5258 ὅπως
1545 5195 1772 5257 ταύταις
1792 5193 1868 5258 ὣς

288 5307 425 5343 τισιν
455 5288 592 5351 ὁδοῖς
629 5279 934 5356 ἀμέμπτως
963 5285 1191 5357 όδεύσῃς
1218 5284 1356 5358 πρὸς
1381 5285 1472 5340 τὸν
1506 5285 1795 5356 μέλλοντα.

357 5388 425 5452 η’.
479 5379 731 5447 Μακρὰν
786 5379 1051 5446 ποίησον
1102 5378 1204 5432 ἀπ’
1261 5375 1452 5446 αὐτῆς
1517 5376 1643 5445 σὴν
1701 5377 1865 5431 ὀδόν.

290 5472 482 5542 Πόρρω
497 5472 616 5542 τῆς,
639 5471 712 5535 ὡς
739 5473 977 5542 εἴρηται,
1001 5468 1287 5538 ἀλογίστου
1308 5468 1634 5540 αἰσθήσεως,
1653 5467 1751 5537 τὴν
1769 5467 1867 5540 σὴν

290 5562 390 5616 ἀπέ
399 5579 598 5633 ργασαι
637 5561 847 5633 βιοτήν.

356 5655 452 5725 Μὴ
479 5655 726 5726 eri-lam
760 5655 1080 5725 προθύροις
1128 5652 1312 5709 οίκων
1341 5651 1550 5723 αὐτῆς.
1598 5653 1708 5706 Καὶ
1751 5650 1866 5704 δια-

1968 4455 2117 4511 circa
2150 4458 2278 4514 boni
2315 4460 2611 4531 judicium,
2661 4464 3040 4537 intelligentiae
3093 4470 3214 4541 ejus
3267 4491 3540 4544 gressus:

1967 4558 2075 4599 non
2125 4549 2272 4601 enim
2310 4549 2516 4606 bonum
2557 4553 2612 4607 in
2644 4556 2898 4624 veritate,
2935 4558 3034 4614 sed
3070 4561 3125 4614 in
3164 4562 3302 4619 falso
3331 4565 3546 4634 judicio

1966 4636 2340 4704 considerant,
2368 4649 2422 4696 et
2456 4641 2524 4698 de
2547 4643 2636 4700 bis
2665 4661 2775 4702 non
2809 4646 2968 4705 facile
3000 4653 3426 4724 convincuntur,
3475 4659 3546 4715 ob

1967 4723 2350 4803 temporalium
2383 4731 2726 4804 voluptatum
2758 4737 3054 4795 fallaciam.

2043 4901 2211 4958 Vens.
2241 4907 2292 4962 7.
2331 4905 2490 4962 Nunc
2515 4925 2659 4981 ergo,
2699 4913 2782 4981 liti
2815 4916 2906 4980 mi,
2939 4914 3068 4968 audi
3092 4933 3192 4985 me,
3229 4928 3280 4973 et
3311 4937 3374 4974 ne
3414 4938 3546 4977 vana

1966 4997 2056 5065 [ac
2078 4998 2237 5052 verba
2288 5016 2426 5054 mea.
2466 5003 2630 5074 Ergo,
2670 5003 2766 5070 fili,
2821 5014 2944 5061 esto
2974 5007 3172 5064 docilis
3222 5012 3292 5067 ad
3332 5029 3419 5068 me
3455 5031 3550 5084 per

1966 5103 2182 5144 onmem
2226 5101 2549 5162 praesentem
2581 5096 2768 5164 vitam,
2810 5105 2864 5153 et
2897 5102 3112 5157 custodi
3167 5119 3318 5172 meas
3342 5106 3550 5163 doctri-

1967 5196 2091 5246 nas,
2115 5191 2174 5237 ut
2198 5183 2564 5257 bistanquam
2593 5188 2718 5254 viis,
2757 5189 2864 5245 vita
2901 5191 3375 5264 irreprehensibili
3433 5216 3550 5254 am-

1969 5271 2127 5328 bulas
2154 5275 2220 5330 ad
2253 5275 2498 5332 futuram
2523 5278 2714 5334 vitam.

2040 5369 2206 5428 Vens.
2273 5373 2330 5428 8.
2361 5372 2540 5446 Longe
2587 5375 2675 5445 fac
2735 5378 2800 5432 ab
2823 5395 2888 5434 ea
2939 5382 3079 5436 viam
3115 5393 3282 5440 tuam.
3317 5385 3398 5439 Ab
3458 5386 3547 5440 illa
3649 5369 3656 5374 ’
3761 5364 3772 5370 ’

1969 5457 2382 5517 inconsiderata
2437 5463 2692 5529 scientia,
2765 5474 2823 5520 ut
2861 5467 3069 5524 dictum
3121 5480 3224 5535 εει,
3253 5473 3411 5542 longe
3465 5472 3548 5526 fac

1968 5551 2109 5604 viam
2145 5560 2313 5608 tuam.

2045 5640 2126 5696 Ne
2167 5645 2548 5713 appropinques
2571 5645 2775 5715 [oribus
2801 5647 2988 5705 domus
3011 5650 3145 5720 ejus.
3164 5650 3230 5708 Et
3259 5653 3546 5714 ambulans
