3964 6194
274 335 290 398 1
303 329 410 394 269

1303 333 1842 393 COMMENTARII
1887 333 1968 394 IN
2009 333 2465 396 PROVERBIA.

3399 325 3536 388 12ῖο

345 433 658 498 Παρόευνε
690 436 760 490 δὲ
787 437 886 490 καί
919 437 1028 490 τὸν
1059 437 1244 508 φίλον
1267 456 1384 495 σου
1419 442 1493 496 ὃν
1539 445 1838 514 ἐγγυήσω.

2021 446 2214 500 Excila
2233 447 2394 501 etiam
2429 445 2658 499 amicum
2694 457 2788 514 pro
2821 455 2924 512 quo
2955 437 3308 509 spopondisti:
3341 438 3534 496 Ex‘cita

275 525 572 598 Παράθηγι
600 527 658 581 δέ
700 527 904 597 μᾶλλον
957 531 1053 584 καὶ
1105 531 1238 586 αὐτὸ
1291 534 1352 587 τὸ
1403 535 1726 606 φιλούμενόν
1769 555 1850 592 σοι

279 617 506 686 σαρκίον
530 633 544 648 ο
579 617 870 692 διεγείρων
909 619 1070 674 τοῦτο
1097 622 1237 694 πρὸς
1260 623 1525 693 ἐργασίαν
1559 626 1656 679 τοῦ
1715 629 1854 697 ἀγα-

277 708 396 773 θοῦ,
426 709 456 763 δ
503 710 852 782 δικαιοσύνης
905 713 1046 787 ἔργα
1100 713 1445 783 ἐνδείξασθαι
1506 716 1850 789 καθυπέσχου

275 801 436 873 Θεῷ..
719 801 730 812 ’

297 961 302 966 _
347 893 411 949 δ’.
441 895 538 963 Μὴ
568 895 687 963 δῷς
714 897 912 954 ὕπνον
943 900 1080 967 σοῖς
1111 899 1396 972 ὄμμασιν.
1453 901 1546 974 Μὴ
1603 901 1855 972 παράσχε

279 985 421 1040 κατά
451 985 678 1058 γνώμην
701 987 870 1042 ὕπνον
897 990 1174 1064 ῥᾳθυμίας
1211 995 1332 1056 ταῖς
1359 993 1732 1066 θεωρητικαῖς
1758 1008 1854 1046 σου

277 1074 560 1145 δυνάμεσι,
587 1078 730 1150 πρὸς
763 1079 860 1150 τὴν
895 1083 997 1153 τῆς
1021 1081 1288 1153 ἀληθείας
1309 1083 1638 1155 κατάληψιν.
1721 1069 1724 1072 ’

341 1167 508 1236 Μηδὲ
542 1168 958 1242 ἐπινυστάξῃς
988 1173 1122 1240 σοῖς
1148 1175 1502 1245 βλεφάροις.
1563 1174 1708 1248 Μήτ’
1761 1174 1855 1228 ἐπὶ

275 1257 400 1321 ταῖς
431 1257 554 1311 κατ’
582 1260 842 1332 αἴσθησιν
901 1263 998 1317 καὶ
1047 1265 1352 1333 φαντασίαν
1402 1267 1623 1335 ἀλόγοις
1673 1265 1856 1330 δόξαις

277 1350 728 1423 συγκατανεύσῃς
757 1355 878 1418 ταῖς
940 1354 1274 1426 ὁρεκτικαῖς,
1325 1356 1400 1426 μη
1454 1355 1856 1428 γρηγοροῠσαις

276 1439 415 1509 πρὸς
440 1439 542 1510 τὴν
571 1444 859 1514 ἐπιτυχίαν
884 1445 978 1500 τοῦ
1009 1445 1164 1510 ὄντος
1201 1447 1434 1516 ἀγαθοῦ,
1492 1445 1580 1501 διὰ
1640 1447 1702 1499 τὸ
1755 1445 1857 1516 τῆς

273 1527 466 1581 τούτου
481 1530 743 1602 ἐργασίας
767 1533 1025 1590 ἐπίπονον
1050 1551 1063 1566 ·
1083 1538 1250 1610 αἵπερ
1271 1537 1736 1592 ἀναπετάννυνται
1758 1535 1856 1607 μέν

277 1621 414 1690 πρὸς
437 1621 617 1688 τοῦτο,
647 1621 737 1679 οἷά
763 1643 886 1681 τινα
904 1627 1170 1700 βλέφαρα,
1200 1629 1592 1701 γρηγορουσῶν
1605 1627 1713 1684 τῶν
1730 1628 1858 1682 θεω-

281 1712 518 1781 ρητικῶν
559 1715 700 1786 πρὸς
735 1717 835 1788 τὴν
857 1719 958 1789 τῆς
981 1719 1238 1792 ἀληθείας
1255 1719 1560 1793 κατάληψιν
1587 1737 1602 1754 ·
1660 1719 1854 1792 μύουσι

1955 539 2138 608 potius
2167 537 2265 593 tibi
2292 537 2680 594 charissimam
2713 533 3106 604 corpusculum
3133 549 3150 586 :
3183 547 3344 588 move
3403 531 3536 588 illud

1955 629 2022 684 ad
2051 631 2192 685 bona
2229 645 2418 701 Opera,
2449 637 2508 683 tu
2547 627 2640 699 qui
2694 625 2805 682 Deo
2847 623 3262 698 operajustitite
3325 627 3537 694 promi-

1952 724 2098 780 sisti.

2025 905 2193 962 Vens.
2217 905 2272 960 4.
2307 903 2390 960 Ne
2407 903 2498 960 des
2538 919 2778 958 somnum
2811 901 2978 956 oculis
3005 903 3132 956 tuis.
3161 897 3224 954 Et
3257 899 3536 954 utverita-

1957 1007 2062 1053 tem
2090 999 2560 1070 comprehendere
2581 997 2784 1067 possis,
2817 1011 2885 1051 ne
2915 995 3013 1051 des
3052 995 3104 1049 in
3139 994 3336 1060 spiritu
3381 1009 3534 1049 som-

1955 1103 2088 1144 num
2115 1089 2353 1158 torporis
2372 1087 2837 1143 intellectualihus
2865 1086 2977 1140 tuis
3009 1084 3292 1155 potentiis.

2036 1181 2116 1236 Ne
2141 1181 2394 1238 dormites
2415 1182 2706 1250 palpebris.
2733 1179 2812 1235 Ne
2843 1179 3100 1234 sensibus
3123 1185 3175 1231 et
3198 1175 3532 1246 apparentiis

1958 1275 2293 1338 abstractus,
2317 1273 2524 1343 iniquis
2559 1273 2844 1327 adhrereas
2905 1268 3198 1326 sententiis
3229 1281 3324 1336 per
3340 1273 3534 1335 poten-

1957 1365 2064 1418 tias
2099 1365 2293 1418 anima:
2321 1371 2427 1418 tua:
2453 1361 2933 1432 concupiscibiles,
2977 1375 3098 1429 qua:
3138 1373 3247 1412 non
3280 1355 3536 1427 vigilem,

1957 1464 2017 1510 ut
2042 1469 2227 1510 verum
2252 1455 2478 1518 bonum,
2517 1454 2650 1508 illud
2685 1454 2872 1507 labore
2897 1449 3198 1521 operando,
3233 1463 3538 1517 assequan-

1957 1553 2049 1600 tur
2081 1563 2094 1600 :
2139 1561 2282 1616 quae.
2318 1547 2475 1618 quasi
2509 1545 2783 1616 palpebrae
2806 1543 2874 1598 ad
2925 1543 3129 1599 bonum
3184 1541 3540 1612 aperiuntur,

1957 1651 2083 1693 cum
2124 1635 2382 1706 potentiae
2417 1635 2820 1706 intellectuales
2860 1633 2928 1690 ad
2979 1633 3231 1690 veritatis
3284 1646 3540 1701 compre-

1957 1729 2281 1786 hensionem
2307 1731 2570 1800 vigilant:
2599 1730 2936 1784 clauduntur
2971 1745 3122 1792 vero,
3181 1743 3305 1782 cum
3334 1725 3400 1779 ad
3417 1741 3538 1780 eam

276 1801 332 1854 δὲ
368 1803 498 1874 πρὸς
531 1783 684 1872 αὐτὸ,
719 1783 1084 1880 ῥᾳθυμουσῶν
1110 1811 1247 1883 πρὸς
1282 1783 1502 1883 αὐτήνζ
1557 1783 1856 1865 κάντεῦθεν

1987 1829 2214 1890 orpent;
2269 1831 2324 1877 et
2351 1783 2496 1886 inde,
2545 1819 2640 1874 lux
2672 1819 2805 1874 solis
2835 1817 3066 1889 justitire
3100 1817 3168 1873 ab
3204 1815 3316 1872 illis
3377 1813 3540 1884 longe

277 1897 338 1947 τὸ
368 1895 486 1962 φῶς
519 1897 618 1952 τοῦ
645 1899 748 1970 τῆς
793 1900 1140 1974 δικαιοσύνης
1163 1905 1342 1974 ,ἡλίου
1381 1904 1609 1967 ταύταις
1657 1903 1859 1957 διατει-

277 1989 542 2060 χίζουσιν.

347 2080 408 2137 ε’.
451 2083 584 2138 Ἵνα
629 2083 782 2154 σώζῃ
832 2085 1035 2155 ὥσπερ
1081 2087 1302 2157 δορκάς
1341 2088 1410 2143 ἐκ
1452 2087 1715 2157 βρόχων,
1753 2085 1854 2140 καί

273 2169 478 2240 ὥσπερ
513 2173 723 2242 ὄρνεον
749 2175 818 2230 ἐκ
858 2175 1131 2246 παγίδος.
1181 2177 1338 2232 Οὕτω
1367 2178 1424 2231 δέ
1459 2195 1517 2230 σε
1551 2175 1856 2232 διακεῖσθαι

275 2264 663 2335 διακελεύομαι
735 2268 884 2332 ὅπως
939 2269 1184 2340 φυλάττῃ
1247 2269 1359 2324 τῶν
1423 2267 1856 2338 ποικιλοτρόπων

275 2356 655 2428 ἀγρευτηρίων
679 2357 772 2413 τοῦ
796 2359 1106 2431 ἀρχεκάκου
1132 2359 1328 2431 ἐχθροῦ
1348 2355 1462 2414 ὀἷα
1490 2361 1588 2430 μέν
1613 2376 1696 2423 τις
1729 2357 1853 2425 ὀξυ-

277 2445 476 2516 δρόμος
501 2447 596 2500 καὶ
627 2445 972 2519 ἀλτικωτάτη
1011 2447 1232 2519 δορκάς,
1285 2445 1622 2519 ύπερπηδῶν
1683 2445 1858 2500 ταῦτα

279 2537 400 2592 κατ’
421 2539 642 2610 ἀρετήν’
663 2535 748 2594 οἷα
772 2541 831 2594 δέ
847 2557 900 2594 τι
919 2539 1223 2612 ἀεροπύρον
1247 2540 1344 2593 καὶ
1361 2538 1618 2610 ὑψιπετές
1635 2537 1854 2608 πτηνὸν,

280 2631 722 2702 ὑπεριπτάμενος
747 2631 888 2686 αὐτὰ
923 2633 1064 2688 κατὰ
1087 2633 1309 2700 γνῶσιν.

347 2729 422 2787 ς’.
447 2721 564 2776 Ἴθι
593 2723 742 2792 πρὸς
771 2723 878 2778 τὸν
909 2724 1214 2796 μύρμηκα,
1263 2719 1311 2778 ὦ
1335 2723 1558 2793 ὀκνηρέ
1584 2739 1600 2756 ο
1635 2723 1731 2779 καί
1763 2721 1856 2791 ζή-

279 2815 488 2867 λωσον
531 2813 642 2880 τὰς
681 2813 860 2882 ὀδοὺς
946 2816 1156 2871 αὐτοῦ.
1229 2815 1538 2880 Ἀπὸσλεπε
1617 2817 1753 2888 πρὸς
1799 2817 1858 2871 τὸ

281 2903 666 2958 εὐτελέστατον
716 2905 878 2973 ζῶον,
908 2909 1004 2960 τὸν
1033 2907 1322 2978 μύρμηκα,
1358 2901 1402 2960 ὧ
1445 2907 1658 2980 ρᾁυμε
1681 2923 1697 2940 ο
1765 2907 1860 2961 καλ⁵

281 2993 566 3062 γινώσκων
593 2995 692 3060 τὰς
715 2997 952 3065 φυσικὰς
980 2997 1245 3069 ἐργασίας
1265 2997 1454 3066 αὑτοῦ,
1485 2995 1862 3069 μίμησαιταύ-

283 3103 379 3150 τας
409 3089 550 3142 κατὰ
581 3089 925 3160 προαίρεσιν.

351 3178 462 3234 Καί
491 3180 672 3249 γενοῦ
695 3179 932 3236 ἐκείνου
963 3179 1323 3251 σοφώτερος.
1357 3182 1467 3236 Καὶ
1499 3177 1589 3237 οἷα
1616 3181 1856 3250 λογικὸς,

283 3270 508 3342 νίκησον
537 3271 638 3343 τὴν
667 3274 796 3343 περὶ
845 3273 914 3327 τὰ
965 3273 1259 3343 σωματικά
1317 3273 1510 3342 σοφίαν
1567 3273 1755 3338 αὐτοῦ,
1804 3274 1861 3326 ἐν

283 3365 396 3427 τοῖς
438 3361 826 3433 πνευματικοῖς
857 3363 1302 3436 ἐπιδεικνύμενος
1333 3367 1394 3418 τὸ
1425 3367 1611 3435 σοφόν.

352 3455 418 3521 ζ’.
459 3453 724 3522 Ἐκεῖνος
753 3457 864 3527 γὰρ
893 3457 1180 3527 γεωργίου
1226 3457 1313 3526 μὴ
1341 3457 1744 3526 ὑπάρχοντος.
1801 3455 1862 3511 '0

281 3545 523 3609 τοιοῦτος
555 3547 664 3618 γὰρ
725 3547 800 3617 μὴ
835 3547 1084 3618 εὐπορῶν
1126 3564 1272 3611 τινος
1302 3550 1576 3617 γεωργίου
1617 3549 1682 3603 ἐκ
1728 3551 1862 3602 σπου

289 3651 382 3704 pou
413 3633 1005 3705 προκαταδεϐλημένου
1043 3637 1110 3707 τῇ
1133 3639 1202 3705 γῇ
1233 3636 1364 3707 παρ’
1390 3637 1578 3690 αὐτοῦ.

359 3725 526 3794 Μηδὲ
565 3725 674 3780 τὸν
710 3725 1124 3798 ἀναγκάζοντα
1178 3727 1356 3796 ἔχων.
1411 3729 1554 3800 Μήτ’
1597 3729 1736 3800 ἔχων
1774 3729 1865 3784 τδν

291 3817 428 3888 πρὸς
457 3817 718 3888 ἐργασίαν
743 3819 906 3872 αὐτὸν
933 3817 1357 3886 κατεπείγοντα.

361 3915 432 3980 η’.
458 3907 622 3976 Μηδέ
657 3909 774 3964 ὑπὸ
801 3908 1112 3977 δεσπότην
1137 3905 1243 3975 ὢν,
1261 3909 1621 3980 ἐτοιμάζεται
1651 3911 1866 3980 θέρους

291 4001 404 4068 τὴν
437 4001 685 4071 τροφήν.
723 4001 876 4072 Μηδὲ
909 4001 1152 4066 δουλείας
1185 4001 1334 4074 ζυγῷ
1363 4003 1750 4074 ὑποκείμενος,
1777 4004 1866 4056 εύ-

291 4091 538 4162 τρεπιξει
571 4091 714 4145 κατά
741 4109 862 4145 τινα
892 4092 1130 4164 φυσικὴν
1178 4095 1411 4166 κίνησιν,
1443 4095 1500 4147 ἐν
1531 4093 1608 4165 τῷ
1663 4093 1863 4168 θερινῷ

293 4183 487 4256 καιρῷ,
518 4185 616 4254 τὴν
641 4183 876 4255 χρειώδη
925 4185 1068 4238 κατὰ
1097 4185 1189 4240 τὸν
1222 4183 1468 4256 χειμῶνα
1493 4189 1727 4259 τροφήν.

363 4275 608 4340 Πολλὴν
637 4291 702 4329 τε
731 4275 801 4329 ἐν
829 4275 911 4342 τῷ
939 4273 1144 4344 ἁμητῷ
1168 4276 1418 4331 ποιεῖται
1451 4277 1566 4344 τὴν
1607 4279 1870 4348 παράθε-

1957 1909 2137 1965 abest.

2027 2085 2193 2142 Vsus.
2227 2088 2280 2142 5.
2309 2085 2374 2142 Ut
2397 2089 2605 2142 eruaris
2658 2087 2814 2158 quasi
2836 2085 3080 2152 (lautitia,
3143 2088 3208 2142 de
3253 2101 3435 2150 manu,
3493 2095 3544 2138 et

1956 2180 2114 2248 quasi
2156 2179 2267 2234 avis
2316 2179 2380 2234 de
2429 2180 2652 2236 retibus.
2689 2180 2782 2234 Sic
2813 2179 3070 2235 allectum
3105 2179 3169 2233 iri
3197 2179 3416 2244 hortor,
3481 2187 3544 2230 ut

1958 2269 2207 2324 omnium
2269 2271 2543 2326 malorum
2602 2270 2875 2341 principis
2912 2269 3088 2324 hostis
3119 2266 3540 2322 variisinsidiis

1959 2359 2194 2429 teipsum
2227 2359 2510 2417 custodias
2544 2377 2558 2414 :
2592 2368 2676 2425 ut,
2735 2369 2996 2430 tauquam
3023 2359 3244 2414 damula
3269 2359 3427 2413 velox
3483 2365 3540 2413 et

1957 2449 2096 2518 pede
2146 2449 2324 2518 agilis,
2365 2449 2488 2505 illas
2540 2451 2844 2506 secundum
2907 2451 3171 2504 virtutem
3223 2447 3538 2513 transilias;

1957 2547 2012 2593 et
2040 2545 2298 2609 tanquam
2335 2542 2473 2604 avis,
2503 2556 2600 2612 per
2630 2555 2757 2597 aera
2786 2541 3046 2608 volitans,
3077 2555 3245 2611 super
3271 2553 3364 2596 eas
3435 2553 3534 2609 per

1957 2627 2263 2682 doctrinam
2294 2631 2508 2686 velites.

2029 2719 2196 2777 Vens.
2223 2721 2275 2777 6.
2313 2721 2452 2777 Vade
2469 2722 2538 2776 ad
2553 2721 2856 2794 formicam,
2875 2741 2905 2779 ο
2923 2725 3090 2795 piger,
3119 2733 3168 2778 et
3191 2723 3404 2777 imitare
3427 2723 3546 2776 eius

1959 2814 2096 2884 ejus.
2151 2813 2389 2886 Respice
2457 2817 2850 2887 parvissiutum
2880 2815 3102 2881 animal,
3141 2815 3451 2879 formicam,
3505 2833 3548 2870 o-

1960 2909 2146 2978 piger;
2199 2917 2254 2961 et
2305 2907 2426 2977 ejus
2472 2923 2639 2980 Opera
2694 2909 3080 2971 considerans.
3131 2908 3348 2964 imitare
3385 2905 3542 2962 illam.

1961 2999 2266 3056 secttndum
2299 3001 2592 3056 rationem.

2037 3179 2167 3237 Fiat
2204 3183 2302 3237 illa
2336 3184 2655 3253 sapientior.
2691 3181 2758 3236 Et
2791 3190 3056 3253 tauquam
3101 3183 3315 3238 ratione
3337 3183 3536 3254 praedi-

1965 3283 2076 3340 tus,
2107 3275 2266 3330 vince
2287 3275 2436 3330 illius
2469 3275 2614 3328 circa
2635 3275 2947 3344 corporalia
2990 3275 3542 3345 sapientiam,osten-

1963 3367 2101 3423 deus
2137 3367 2192 3421 in
2219 3367 2608 3436 spiritualibus
2650 3367 3018 3436 prudentiam.

2041 3458 2206 3514 Vens.
2232 3460 2287 3512 7.
2337 3461 2466 3513 Haec
2508 3459 2649 3512 enim
2675 3460 2788 3512 sine
2837 3468 3003 3514 terra.
3031 3457 3156 3513 Haec
3185 3459 3357 3524 enim,
3413 3473 3540 3510 cum

1967 3562 2172 3606 terram
2241 3567 2351 3608 non
2407 3547 2710 3622 possideat,
2745 3567 2844 3606 nec
2865 3565 3051 3606 semen
3082 3551 3138 3605 in
3177 3557 3379 3605 terram
3411 3548 3541 3618 inji-

1967 3643 2096 3698 ciat.

2041 3733 2108 3787 Et
2144 3734 2484 3802 imperantem
2525 3749 2626 3786 non
2656 3733 2874 3786 habena.
2907 3729 3019 3786 Nec
3043 3729 3250 3785 habens
3283 3729 3541 3800 aliquem,

1968 3827 2062 3895 qui
2093 3839 2212 3878 eam
2254 3823 2320 3877 ad
2345 3824 2586 3879 laborem
2620 3823 2890 3893 impellat.

2040 3913 2206 3971 Vens.
2239 3915 2294 3970 8.
2339 3913 2446 3970 Nec
2474 3917 2569 3968 sub
2605 3915 2739 3969 duce
2771 3925 2944 3980 stans,
3009 3922 3280 3983 praeparat
3353 3927 3544 3964 messes

1969 4009 2024 4062 in
2062 4009 2256 4062 cibum.
2281 4005 2392 4062 Nec
2429 4007 2716 4063 servitutis
2743 4007 2878 4078 jugo
2919 4007 3204 4072 astrictus,
3245 4015 3400 4075 parat
3451 4019 3548 4074 per

1971 4099 2254 4154 naturales
2292 4107 2548 4160 conatus,
2579 4099 2634 4152 in
2684 4107 2934 4168 tempore
2972 4096 3196 4164 messis,
3224 4095 3404 4150 cibum
3447 4109 3547 4164 pro
3589 4123 3596 4130 -

1973 4190 2152 4244 hieme
2167 4187 2566 4243 necessariutn.

2043 4271 2274 4330 Multam
2301 4275 2356 4328 in
2381 4291 2546 4329 messe
2577 4275 2712 4345 facit
2742 4275 2956 4347 frugum
2985 4276 3355 4344 receptiouem.
3396 4273 3548 4328 Sulli-

295 4375 419 4417 σιν.
445 4363 794 4434 Αύτάρκητε
823 4367 882 4418 ἐν
911 4363 991 4435 τῷ
1036 4364 1216 4434 καιρῷ
1268 4366 1371 4436 τῆς
1427 4365 1538 4421 τῶν
1581 4369 1859 4440 ἀσταχύωί

1987 4368 2236 4429 cientem,
2269 4367 2326 4421 in
2360 4373 2608 4436 tempore
2635 4369 2832 4424 messis
2881 4369 3304 4432 frumentorum,
3329 4382 3392 4420 ex
3440 4366 3552 4420 illis

299 4459 633 4528 συγκομιδῆς
659 4459 756 4530 τὴν
779 4459 986 4532 ταύτης
1007 4463 1265 4514 ’ποιεῖται
1317 4461 1581 4515 ἀπόθεσιν
1613 4479 1627 4494 ·
1657 4463 1717 4518 ὃν
1777 4483 1859 4535 μι-

1987 4459 2105 4514 iacit
2133 4459 2540 4529 perceptionem
2567 4476 2581 4524 ;
2609 4459 2756 4513 illam
2809 4459 3053 4526 imitans,
3083 4468 3138 4515 et
3164 4459 3386 4515 verbum
3446 4461 3550 4516 eb-

301 4549 569 4619 μούμενος
606 4551 634 4604 ὁ
677 4551 772 4603 καὶ
801 4551 960 4620 λόγον
991 4551 1128 4624 ἔχων
1155 4553 1246 4606 τὸν
1289 4553 1749 4622 ἐπαναγκάζοντά
1802 4573 1859 4610 σε

1987 4567 2192 4607 tervaus
2221 4551 2366 4622 quod
2394 4563 2445 4608 te
2473 4553 2542 4606 ad
2577 4553 2779 4607 bonum
2814 4539 3164 4623 operanduin
3199 4553 3452 4622 impellit,
3497 4561 3552 4608 et

297 4640 676 4710 ἐπιμελεῖσθαι
704 4641 796 4695 τοῦ
819 4641 1049 4712 ἀγαθοῦ,
1079 4645 1174 4697 καὶ
1195 4645 1557 4716 ὑποκείμενος
1603 4646 1682 4716 τῷ
1723 4664 1859 4718 χρη-

1987 4641 2114 4696 Iulci
2148 4641 2534 4695 mandatorum
2575 4642 2890 4696 divinorum
2915 4642 3052 4713 jugo
3117 4641 3450 4702 submissus.
3481 4641 3554 4696 τιε-

299 4731 412 4802 στῷ
441 4731 592 4804 ζυγῷ
633 4733 743 4786 τῶν
770 4733 998 4786 ἐντολῶν
1035 4734 1130 4787 τοῦ
1151 4735 1312 4800 Θεοῦ,
1345 4737 1402 4790 ἐν
1433 4739 1596 4789 παντὶ
1647 4737 1725 4808 τῷ
1775 4741 1859 4810 τῆς

1987 4734 2114 4786 ttina
2139 4733 2370 4788 virtutes
2417 4733 2700 4802 colligere,
2766 4745 2819 4788 et
2852 4733 3054 4788 animae
3111 4733 3499 4787 thesaurizare
3536 4751 3550 4787 :

299 4821 440 4874 κατά
467 4821 568 4893 τὴν
606 4821 752 4893 ζωήν
775 4837 870 4875 σου
895 4823 1158 4897 ἐργασίας
1180 4823 1378 4895 χρόνῳ,
1411 4825 1686 4894 συλλέγειν
1715 4826 1853 4878 σπεῦ

1987 4832 2052 4888 tt,
2077 4839 2201 4879 cum
2225 4825 2344 4895 ipsa
2375 4839 2406 4878 a
2432 4839 2669 4896 corpore
2702 4835 2954 4892 separata
3017 4825 3418 4890 hibernaverit,
3485 4841 3554 4880 ex

296 4911 351 4992 δε
387 4913 482 4975 τὰς
505 4913 727 4984 ἀρετὰς,
769 4913 863 4968 καὶ
891 4913 1544 4985 ἀποθησαυρίζειναύτὰς
1579 4917 1644 4988 τῇ
1697 4917 1870 4988 ψυχῇ,

301 5003 387 5056 ἵνα
415 5001 544 5056 ὃταν
571 5001 710 5074 αῦτη
743 5005 808 5072 τῇ
834 5003 942 5056 ἀπὸ
985 5001 1078 5055 τοῦ
1109 5001 1360 5072 σώματος
1425 5003 1704 5058 διαστάσει
1753 5023 1870 5076 χει-

1975 4915 2106 4976 illis.
2129 4917 2184 4970 in
2226 4915 2586 4979 abundantia,
2616 4915 2893 4968 nutriatur
2922 4913 2973 4966 in
2996 4927 3092 4982 spe
3121 4913 3431 4968 futurorum
3457 4915 3566 4970 bo-

1982 5023 2174 5061 norutn
2201 5025 2215 5070 ;
2249 5009 2290 5060 si
2319 5021 2448 5062 vero
2469 5007 2714 5077 negligas
2747 5005 3057 5060 formicam.

304 5089 562 5163 μάζηται,
607 5092 876 5164 τρέφηται
931 5089 998 5146 δι’
1053 5091 1232 5145 αὐτῶν
1277 5095 1342 5162 τῇ
1399 5091 1571 5145 ἐλπίδι
1621 5091 1730 5145 τῶν
1775 5093 2076 5164 μελλόντων
2123 5095 2344 5166 ἀγαθῶν
2401 5095 2638 5162 ἱκανῶς·
2673 5098 2722 5150 εί
2757 5096 2814 5150 δὲ
2853 5097 2945 5150 καὶ
2985 5097 3238 5170 παρόψειη
3273 5099 3363 5180 τὸν
3420 5099 3552 5170 μύρα

306 5203 474 5257 μηκα.

384 5277 708 5345 Πορεύθητι
743 5277 894 5346 πρὸς
925 5277 1040 5347 τὴν
1078 5277 1411 5348 μέλισσαν.
1455 5281 1617 5334 Ἀλλά
1639 5297 1702 5349 γε
1738 5281 1876 5352 πρὸς

301 5371 400 5440 τὴν
439 5370 698 5439 μέλισσαν
726 5369 951 5434 ἄπελθε,
983 5371 1050 5424 τὰ
1079 5371 1288 5444 ταύτης
1321 5371 1456 5444 ἔργα
1502 5371 1803 5426 κατανοῶν.

371 5465 476 5518 Καὶ
499 5464 676 5533 μάθε,
709 5463 790 5528 ὡς
809 5461 1042 5532 ἐργάτις
1095 5465 1250 5532 ἐστί,
1300 5465 1413 5531 τήν
1469 5481 1532 5518 τε
1589 5465 1880 5535 ἐργασίαν

306 5555 382 5617 ὡς
411 5553 648 5623 σεμνὴν
677 5553 950 5608 ποιεῖται.
991 5555 1101 5607 Καὶ
1121 5554 1290 5623 γνῶθι
1315 5556 1397 5608 ὅτι
1430 5555 1524 5608 καὶ
1555 5553 1877 5624 α’ύτηέργά-

307 5649 480 5713 ζεται,
531 5647 624 5700 καὶ
690 5647 750 5700 τὸ
827 5647 986 5718 ἔργον
1043 5649 1210 5716 αὐτῆς
1274 5649 1528 5702 ἀποτελεῖ
1579 5649 1880 5718 ἐντιμότα-

310 5757 398 5792 1‘1"
407 5781 421 5794 ο

2057 5281 2200 5337 Vnde
2232 5281 2302 5334 ad
2331 5295 2502 5348 apem.
2527 5279 2609 5335 Ad
2643 5294 2800 5350 apem
2867 5280 3027 5344 vade,
3053 5279 3202 5335 illius
3226 5293 3391 5350 opera
3419 5296 3556 5334 cett-

1980 5373 2351 5428 sideraturus.

2055 5463 2120 5518 Et
2152 5465 2317 5528 disce,
2354 5466 2478 5536 quia
2548 5465 2824 5519 laboriosa
2867 5473 2967 5530 est,
3009 5476 3058 5520 et
3128 5483 3257 5536 opus
3300 5473 3555 5534 tanquam

1981 5565 2224 5611 sanctum
2277 5557 2451 5626 e/ﬁcit.
2485 5555 2549 5611 Et
2602 5558 2777 5622 disce,
2809 5559 2952 5628 quod
2982 5567 3034 5610 et
3063 5557 3179 5627 ipsa
3209 5557 3440 5622 labora’,
3501 5565 3552 5611 et

1981 5663 2120 5718 opus
2153 5649 2298 5704 illius
2325 5651 2810 5707 honoratissimum
2842 5649 3093 5706 edicitur.
