3964 6194
549 299 650 369 127
666 303 682 365 l

1874 304 2226 369 PROCOPII
2283 306 2529 369 GAZAZI

3607 318 3710 389 17:2

586 429 590 432 '
619 416 851 469 Labores
889 412 1004 483 ejus
1027 414 1373 480 manducant,
1398 426 1449 471 et
1476 431 1641 488 reges,
1674 426 1724 473 et
1755 434 2016 488 pauperes
2054 416 2124 473 ad

2295 412 2407 484 Ἦ(
2441 416 2582 483 τοὺς
2615 416 2845 481 πόνους
2862 453 2879 481 ,
2899 410 3175 480 ,βασιλεῖς
3189 431 3249 470 τε
3278 417 3368 472 καὶ
3392 419 3579 481 ἰδιῶται
3597 434 3713 499 τρίς

547 507 876 559 satietatem.
903 501 973 557 Et
1009 501 1294 557 laboribus
1318 500 1463 571 ejus,
1519 512 1713 558 natura
1737 504 1983 574 optimis,
2003 504 2126 559 illu-

549 606 695 653 stres
729 603 785 653 et
814 594 1089 667 ignobiles
1113 603 1347 650 utuntur
1389 594 1458 651 ad
1482 596 1830 653 diversorum
1876 596 2128 652 curatio-

550 702 676 743 nem
713 688 1058 741 morborum.

624 777 723 831 Est
756 775 1062 831 desiderata
1093 776 1162 831 ab
1219 777 1488 845 omnibus,
1532 788 1583 834 et
1624 779 1887 849 gloriosa.
1925 777 2132 837 Omnes

559 870 703 924 illam
738 876 925 924 amant
951 867 1241 939 aequaliter
1262 877 1318 924 et
1334 868 1705 926 admirantur.

622 1046 880 1115 Quamvis
909 1047 982 1102 sit
1013 1045 1212 1103 viribus
1242 1048 1478 1119 fragilis,
1527 1048 1847 1119 sapientiam
1870 1046 2133 1105 honorare

559 1136 781 1191 dicitur.
812 1136 1081 1203 Quamvis
1102 1138 1175 1192 sit
1223 1140 1467 1208 potentia
1494 1136 1813 1204 imbecillis,
1850 1137 1949 1194 sed
1995 1139 2131 1209 quia

552 1244 583 1283 a
607 1227 741 1296 Deo,
776 1228 1021 1283 omnium
1047 1236 1276 1284 auctore
1321 1229 1635 1284 naturalem
1668 1229 1873 1299 partita
1901 1236 1987 1285 est
2034 1244 2131 1285 sa-

552 1320 846 1392 pientiam,
904 1320 1052 1376 facta
1110 1328 1197 1376 est
1226 1320 1488 1377 omnibus
1538 1321 1871 1378 animalibus
1918 1321 2131 1377 viribus

550 1411 966 1481 praestantibus,
996 1412 1391 1475 venerabilior,
1426 1412 1569 1469 hanc
1598 1412 1818 1469 imitare
1845 1426 1944 1484 per
1961 1412 2132 1467 ratio-

553 1518 700 1569 nem,
732 1503 954 1560 virtutis
980 1518 1149 1574 opera
1171 1504 1525 1560 honorabilia
1585 1519 1857 1576 operans;
1909 1512 1965 1561 et
2014 1505 2130 1562 sint

550 1606 721 1661 Opera
752 1593 917 1647 tuain
949 1592 1294 1649 sanationem
1330 1594 1670 1666 spiritualem
1701 1601 1756 1649 et
1787 1594 2130 1666 corporalem

551 1682 876 1749 multorum,
903 1684 996 1754 qui
1028 1683 1175 1738 illam
1192 1691 1378 1739 amant
1432 1684 1855 1755 miranturque;
1890 1686 2009 1741 etsi
2032 1685 2130 1741 tibi

549 1788 664 1829 non
702 1775 774 1830 sit
804 1776 1053 1847 potentia
1077 1792 1144 1831 ex
1170 1775 1514 1832 abundantia
1551 1777 1894 1844 divitiarum,
1929 1786 1985 1834 et
2013 1793 2131 1833 ma-r

548 1842 838 1936 gnitudinis
864 1866 1223 1937 dignitatum,
1252 1866 1350 1923 sed
1389 1870 1469 1925 sis
1497 1868 1551 1923 in
1599 1870 1775 1940 gratia
1799 1842 1894 1925 Dei
1947 1868 2125 1936 dives,
2159 1842 2203 1897 Β

548 1966 602 2011 et
626 1955 860 2011 scientia
900 1964 957 2011 et
1016 1956 1222 2012 virtute
1270 1972 1527 2029 magnus,
1591 1957 1971 2015 bonorabilior
2015 1960 2128 2015 eris

548 2047 635 2104 Itis
664 2048 945 2115 omnibus,
965 2050 1059 2120 qui
1089 2050 1263 2106 multa
1314 2052 1624 2107 secundum
1654 2052 1911 2109 homines
1948 2051 2128 2125 gloria

544 2149 599 2197 et
629 2142 838 2201 divitiis
868 2143 1159 2200 fruuntur.

617 2413 785 2470 Vens.
827 2414 882 2471 9.
930 2412 1235 2487 Usquequo,
1283 2416 1452 2486 piger,
1478 2415 1727 2472 dormis?
1798 2415 2123 2488 Usquequo,

546 2507 723 2579 piger,
746 2506 1064 2564 incendaris
1094 2509 1345 2580 corporis
1377 2510 1598 2567 amore?

618 2688 845 2763 Quando
881 2705 910 2743 e
971 2704 1158 2744 somno
1180 2698 1271 2745 tuo
1330 2693 1663 2764 consurges?
1689 2692 1944 2761 Quando,
1995 2699 2125 2747 tan-

544 2792 709 2848 quam
742 2794 807 2833 ex
837 2793 1057 2845 somno,
1088 2780 1310 2852 pigritia
1344 2786 1494 2838 circa
1540 2799 1734 2839 verum
1764 2783 1971 2840 bonum
1991 2798 2125 2840 corr-

2232 507 2443 579 ὑτριαν
2473 506 2942 577 προσφέρονται.
2974 506 3097 570 Τοῖς
3138 505 3193 560 δὲ
3243 510 3373 563 κατὰ
3400 513 3537 579 φύσιν
3578 519 3715 590 ἐμμε-

2231 596 2515 660 λεστάτοις
2545 596 2731 668 ἔργοις
2754 596 2963 666 αὐτῆς,
2994 594 3191 663 ἔνδοξοί
3225 613 3283 650 τε
3306 600 3394 653 καὶ
3432 602 3581 669 ἄδοξοι
3614 610 3718 680 πρδς

2232 688 2379 742 ῐασιν
2408 687 2653 758 χρῶνται
2675 687 3003 757 νοσημάτων
3043 688 3404 744 παντοδαπῶν.

2300 774 2555 845 Ποθεινή
2581 775 2646 829 τέ
2672 776 2805 829 ἐστι
2841 772 2995 831 πᾶσι
3024 774 3124 829 καί
3162 776 3442 845 ἐπίδοξος.
3475 780 3591 838 ’Υπδ
3616 787 3721 842 πάν-

2229 883 2339 922 των
2370 882 2433 921 τε
2485 866 2769 936 ἀγαπᾶται
2810 864 2973 937 ὁμοῦ,
3035 866 3131 920 καὶ
3188 865 3276 921 διά
3333 867 3573 941 θαύματος
3617 875 3719 944 ἀτί-

2230 975 2343 1014 ται.

2302 1046 2525 1118 Καίπερ
2569 1044 2730 1103 οὖσα
2761 1046 2837 1117 τῇ
2868 1046 3037 1119 ῥώμῃ
3085 1047 3361 1119 ἀσθενὴς,
3405 1052 3510 1121 τὴν
3547 1059 3722 1127 σοφίαν

2231 1135 2541 1207 τιμήσασα
2582 1136 2879 1206 προήχθη.
2899 1138 3011 1190 Καὶ
3031 1137 3083 1191 εί
3110 1141 3173 1210 τῇ
3194 1139 3411 1211 δυνάμει
3433 1144 3564 1197 ἐστὶν
3590 1147 3719 1218 ἁδρα-

2232 1226 2351 1296 νὴς,
2372 1225 2490 1282 ἀλλ’
2520 1227 2603 1281 ὃτι
2638 1227 2791 1298 παρὰ
2817 1225 2912 1282 τοῦ
2946 1229 3165 1284 πάντων
3189 1231 3447 1287 Δεσπότου
3465 1234 3582 1291 Θεοῦ
3602 1238 3720 1308 φύσει

2230 1318 2293 1373 τὸ
2333 1318 2496 1387 σοφὸν
2517 1318 2891 1390 ἐκληρώσατο,
2923 1321 3267 1393 προτιμητάα
3293 1322 3397 1377 τῶν
3435 1325 3608 1398 πολλὴν
3647 1330 3722 1400 ῥώ-

2234 1423 2344 1479 μην
2372 1409 2732 1481 κεκτημένων
2781 1405 2937 1475 ζώων
2990 1411 3239 1480 ἐγένετο·
3275 1414 3340 1485 ἢν
3370 1415 3581 1485 μίμησαι
3627 1437 3720 1491 προ-

2231 1500 2546 1571 αιρετικῶς,
2573 1500 2736 1572 ἔργον
2762 1502 3096 1574 τιμιώτατον
3124 1503 3185 1558 τὸ
3204 1505 3321 1558 κατ’
3338 1506 3519 1579 ἀρετὴν
3546 1510 3713 1580 ἐργαζό-

2233 1609 2397 1664 μενος
2420 1610 2435 1625 °
2484 1594 2673 1649 καὶτὰ
2710 1595 2848 1667 ἔργα
2883 1613 2978 1651 σου
3001 1598 3085 1662 είς
3120 1596 3407 1668 θεραπείαν
3446 1600 3627 1657 πολλῶν
3647 1604 3719 1673 ψυ-

2232 1686 2395 1758 χικήν
2417 1702 2478 1740 τε
2505 1686 2624 1757 ἅμα
2651 1687 2748 1741 καὶ
2774 1688 3098 1762 σωματικὴν
3161 1690 3421 1757 ἔστωσαν,
3465 1694 3715 1766 ἀσπαζομέ-

2232 1791 2340 1829 νων
2372 1792 2431 1829 τε
2458 1775 2654 1843 ταῦτα,
2707 1777 2802 1831 καὶ
2825 1777 2913 1832 διὰ
2936 1777 3221 1850 θαύματος
3250 1780 3479 1850 ἀγόντων
3504 1798 3518 1814 ·
3556 1783 3718 1838 καινάν

2235 1865 2311 1938 μὴ
2338 1866 2509 1939 πολλή
2537 1884 2620 1922 σοι
2643 1867 2865 1941 ὑπάρχῃ
2901 1870 3058 1941 ίσχὺς
3113 1872 3180 1925 ὲκ
3221 1872 3520 1942 περιουσίας
3562 1874 3719 1945 χρημὰ-

2229 1957 2401 2029 τωνῆ
2437 1958 2767 2031 ἀξιωμάτων
2795 1959 2988 2031 ὕψους,
3046 1962 3164 2016 ἀλλ’
3187 1965 3268 2018 ὅτι
3321 1965 3414 2036 τὴν
3456 1966 3587 2038 παρὰ
3623 1966 3717 2020 Θωὸ

2229 2048 2393 2122 χάριν
2424 2050 2835 2123 πεπλούτηκας,
2862 2052 2959 2107 καὶ
2987 2053 3158 2120 πολὺς
3187 2056 3411 2125 γέγονας
3456 2058 3580 2111 κατὰ
3619 2058 3717 2126 γνῶ-

2232 2154 2317 2193 σιν
2363 2141 2459 2196 καὶ
2511 2140 2735 2213 ἀρετὴν,
2779 2144 3150 2215 προτιμητέος
3211 2146 3307 2219 ἔσῃ
3346 2146 3447 2201 τῶν
3504 2146 3641 2218 πολλῇ
3674 2151 3717 2217 τῇ

2229 2230 2370 2284 κατὰ
2421 2230 2629 2303 κόσμον
2696 2232 2823 2305 δόξῃ
2878 2234 3297 2307 εὐθηνουμένων
3349 2236 3440 2291 καὶ
3482 2239 3579 2302 τοῖς
3620 2240 3717 2308 χρή-

2275 2337 2421 2377 ασιν.

2275 2337 2421 2377 ασιν.

2233 2337 2273 2391 μ
2298 2409 2366 2467 θ’.
2396 2412 2548 2479 Ἕως
2574 2413 2764 2482 τίνος,
2783 2413 3023 2483 ὀκνηρέ,
3049 2414 3718 2487 κατάκεισαι;Μίχριτίνις,

2226 2496 2272 2554 ὦ
2290 2500 2525 2573 ῥᾴθυμε,
2563 2503 3014 2569 καταπεπτωκὼς
3040 2504 3309 2578 ὑπάρχεις
3331 2504 3540 2579 metu;
3561 2502 3637 2559 τοῦ
3652 2502 3721 2558 σύ·

2306 2608 2398 2655 τος
2425 2609 2441 2660 ;

2306 2608 2398 2644 τος
2425 2609 2441 2660 ;

2229 2608 2451 2738 μαΗίῖτει
2470 2684 2541 2739 δὲ
2567 2685 2638 2752 ἐξ
2661 2686 2859 2743 ὕπνου
2890 2688 3229 2759 ἐτερθήσῃ;
3260 2689 3369 2745 Καὶ
3394 2688 3514 2743 πότε
3554 2686 3616 2750 ὡς
3649 2685 3721 2739 ἀπὸ

2227 2772 2401 2829 ὕπνου
2435 2776 2537 2847 τῆς
2581 2778 2786 2849 πολλῆς
2814 2780 2944 2851 περὶ
2974 2779 3037 2834 τὸ
3064 2780 3239 2844 δντως
3262 2780 3461 2849 άγαθδν
3508 2775 3719 2849 ῥᾳθυμίας

546 2871 783 2942 surges?
809 2869 891 2936 Si,
922 2886 954 2926 a
990 2872 1132 2927 mala
1167 2882 1364 2929 natura
1394 2889 1505 2929 non
1544 2874 1805 2943 didicisti,
1837 2875 1985 2947 quod
2035 2891 2125 2930 ve-

2229 2865 2568 2940 ὶξαναστῇςς
2614 2870 2678 2923 Et
2706 2866 2801 2925 οὖν
2831 2870 2968 2943 μηδὲ
2996 2871 3155 2943 παρὰ
3192 2872 3293 2944 τῆς
3337 2871 3520 2940 ἀλόγου
3570 2868 3721 2937 φύσεως

545 2978 667 3017 rum
700 2969 954 3033 oporteat
970 2963 1037 3018 ad
1068 2964 1276 3019 bonum
1324 2964 1560 3021 conduci
1602 2965 1791 3029 verbo,
1831 2966 2027 3022 saltem
2057 2981 2123 3021 ex

2229 2958 2477 3031 παιδεύῃ,
2505 2960 2568 3015 δν
2590 2960 2700 3016 ἔδει
2726 2962 2806 3033 τῷ
2833 2962 2980 3035 λόγῳ
2997 2963 3295 3033 ἔνάγεσθαι
3325 2963 3455 3034 πρὸς
3481 2960 3534 3015 τὸ
3556 2957 3718 3027 ἁγαθδνς

544 3054 884 3126 experientia
916 3070 1102 3112 rerum
1126 3056 1302 3123 disce,
1343 3058 1471 3127 quia
1526 3072 1625 3114 eos
1667 3060 1763 3129 qui
1814 3059 2123 3129 corporalia

2229 3049 2331 3105 κᾶν
2358 3049 2416 3117 ἐξ
2450 3051 2623 3122 αὐτῆς
2646 3053 2745 3123 τῆς
2770 3054 2965 3126 πείρας
3003 3053 3116 3108 τῶν
3143 3054 3474 3126 πραγμάτων
3528 3048 3720 3121 μάνθανε.

545 3159 710 3214 opera
763 3145 837 3200 ob
871 3145 1152 3216 pigritiam
1183 3146 1465 3216 linquunt,
1513 3155 1571 3203 et
1625 3162 1817 3203 eorum
1873 3148 2118 3205 laborem

2229 3143 2309 3198 ὅτι
2337 3146 2432 3200 καὶ
2458 3146 2587 3209 τοὺς
2616 3146 2756 3219 πρὸς
2785 3147 2856 3201 τὰ
2881 3148 3179 3218 σωματικά
3209 3144 3565 3220 ρᾳθυμοῦντας
3608 3140 3721 3210 ἔργα.

546 3252 846 3292 onerosum
886 3245 1104 3308 putant,
1166 3238 1471 3310 indigentia
1532 3247 1721 3296 manet
1788 3241 2117 3297 borrenda-z

546 3328 674 3383 illos
712 3327 937 3384 imitans
966 3335 1062 3383 tua
1093 3328 1244 3386 circa
1262 3345 1432 3401 opera
1448 3330 1685 3401 iustitiae
1712 3332 1953 3404 pigritia.

612 3602 785 3660 Vens.
816 3604 907 3660 lo.
948 3603 1237 3659 Paululum
1264 3603 1472 3675 quidem
1502 3604 1726 3660 dormis.
1760 3602 1915 3660 Nunc
1937 3611 2123 3660 autem

545 3708 739 3749 somno
759 3694 993 3765 pigritia!
1009 3694 1290 3766 indulges!

617 3784 908 3839 Paululum
930 3784 1101 3841 sedes.
1136 3784 1371 3841 Carnem
1401 3784 1586 3857 quiete
1615 3785 1859 3843 laetiﬁcas
1891 3787 1905 3842 ι

620 3963 906 4019 Paululum
985 3964 1270 4019 dormitas.
1324 3962 1389 4018 Et
1434 3977 1582 4018 nunc
1654 3978 1849 4020 somno
1884 3962 2123 4036 pigritia:

536 4057 689 4129 jaces
709 4057 724 4110 ἰ

612 4146 901 4201 Paululum
927 4146 1259 4217 amplecteris
1283 4147 1529 4203 manibus
1560 4156 1798 4219 pectora.
1848 4144 2005 4201 Tunc
2027 4145 2120 4201 de-

541 4255 655 4295 nuo
682 4240 818 4311 ligas
836 4242 1045 4312 pectori
1070 4256 1267 4297 manus
1314 4249 1461 4306 tuas,
1493 4256 1637 4311 quas
1683 4238 1928 4298 versaris
1968 4239 2123 4296 solus

541 4331 719 4388 nudas
762 4332 1127 4404 cogitationes
1157 4333 1309 4403 praxi
1341 4349 1450 4389 non
1482 4333 1731 4388 ﬁrmans.

2228 3237 2323 3292 καὶ
2362 3238 2456 3292 τὸν
2504 3256 2570 3292 πε
2579 3239 2635 3309 ρ).
2660 3239 2835 3294 ταῦτα
2895 3240 3062 3295 πόνον
3125 3240 3384 3313 φορτικὸν
3435 3234 3719 3310 ἡγουμένους.

2227 3328 2387 3383 πενία
2420 3330 2834 3401 καταλαμϐάνει
2861 3331 3010 3405 δεινή
3040 3349 3055 3363 ·
3093 3332 3191 3395 οὓς
3239 3330 3555 3403 μιμούμενος
3580 3328 3626 3379 ὲν
3671 3319 3720 3388 τῷ

2225 3419 2443 3476 πάντων
2501 3422 2911 3495 καταρᾳθυμεὶν
2969 3422 3081 3478 τῶν
3148 3424 3249 3495 τῆς
3303 3421 3616 3489 δικαιοσύνης
3658 3413 3720 3483 ίρ·

2262 3525 2356 3575 ων,
3055 3557 3063 3564 .

2309 3526 2356 3575 ν,
3055 3557 3063 3564 .

2224 3526 2350 3656 γωϋ.
2397 3598 2627 3669 Ὀλίγον
2644 3601 2761 3669 μὲν
2795 3601 3033 3669 ὑπνοῖς.
3078 3602 3226 3658 [loss
3264 3602 3364 3675 μὲν
3410 3599 3550 3670 ὕπνῳ
3599 3593 3717 3669 ρᾳθυο

2228 3693 2356 3766 μίας
2380 3689 2673 3754 δουλεύεις.

2307 3782 2547 3852 Ὀλίγον
2571 3780 2640 3834 δὲ
2666 3779 2841 3852 κάθῃ.
2879 3782 3020 3837 [loss
3048 3782 3111 3837 δὲ
3153 3786 3223 3856 τῇ
3257 3782 3420 3855 σαρκὶ
3447 3778 3619 3853 χαρίζει
3640 3766 3723 3827 Μ’
3820 3832 3823 3856 Α

2226 3891 2446 3931 παυσιν.

2291 3966 2521 4036 Μικρὸν
2540 3965 2610 4019 δὲ
2645 3963 2980 4034 νυστάζεις.
3000 3964 3114 4020 Καὶ
3143 3965 3337 4023 ἄλλοτε
3354 3956 3619 4033 νυσταγμῷ
3633 3954 3722 4021 ἀτη·

2222 4059 2343 4122 δίας
2367 4058 2676 4114 ύπόκεισαι.

2306 4148 2544 4217 Ὀλίγον
2578 4146 2648 4200 δὲ
2683 4146 3041 4218 eraratan
3075 4148 3257 4218 χερσὶ
3301 4144 3510 4213 στήθη.
3557 4136 3663 4193 noti
3695 4131 3724 4183 δ’

2223 4233 2378 4302 αὖθις
2410 4237 2633 4309 δεσμεῖς
2670 4238 2891 4310 περὶ-τὸ
2928 4238 3130 4309 στῆθος
3158 4238 3262 4302 τὰς
3290 4237 3475 4309 χεῖράς
3512 4249 3610 4296 σου,
3656 4223 3726 4296 μδ·

2224 4346 2312 4392 νος
2344 4328 2535 4399 ψιλοὺς
2561 4328 2946 4399 διαλογισμοὺς
2972 4329 3228 4400 κατέχων
3254 4328 3348 4382 ἐπὶ
3400 4323 3599 4398 καρδίας
3644 4332 3725 4376 σου,

2224 4419 2320 4473 καὶ
2343 4417 2565 4481 τούτους
2596 4417 2672 4488 μὴ
2698 4416 2933 4487 βεϐαιῶν
2962 4417 3052 4472 διά
3085 4418 3370 4490 πράξεως.

612 4527 781 4583 Vens.
815 4528 903 4582 ii.
949 4525 1145 4579 Deinde
1177 4527 1507 4594 superveniet
1531 4525 1627 4579 tibi
1655 4531 1889 4594 egestas,
1910 4532 1969 4578 ut
1995 4541 2114 4578 ma-

2302 4506 2391 4564 ια’.
2418 4505 2561 4564 Εἶτα
2591 4509 2982 4578 παραγίνεταί
3019 4526 3121 4565 σοι
3146 4509 3356 4577 ὥσπερ
3412 4503 3576 4570 κακὸς
3622 4495 3728 4594 ἀφ’

541 4619 624 4672 ius
641 4618 738 4672 vite
754 4631 947 4670 comes.
977 4613 1109 4669 Post
1135 4614 1251 4669 inec
1289 4615 1473 4669 veniet
1495 4614 1617 4681 tibi,
1648 4621 1711 4668 ut
1731 4613 1909 4669 malus
1936 4627 2123 4670 comes

540 4708 666 4773 viae,
697 4705 1070 4777 spiritualium
1096 4704 1319 4760 virtutis
1375 4704 1693 4759 divitiarum
1732 4703 1973 4775 perfecta
1999 4720 2124 4774 ege-

541 4809 683 4864 stas.
714 4799 790 4853 ita
820 4805 883 4853 ut
911 4803 1092 4853 tecum
1119 4797 1194 4854 sit
1217 4812 1459 4868 semper,
1487 4806 1542 4853 et
1580 4803 1751 4852 totam
1780 4806 1931 4853 tuam
1949 4798 2118 4854 vitam

541 4896 873 4963 praesentem
892 4898 1071 4945 tecum
1097 4899 1415 4960 percurrat.

607 4979 677 5033 Et
706 4979 959 5050 penuria,
982 4989 1039 5034 ut
1056 4995 1247 5035 cursor
1265 4978 1455 5034 bonus.
1508 4977 1577 5034 Et
1606 4988 1876 5050 tanquam
1923 4992 2122 5036 cursor

539 5071 697 5137 levis,
729 5068 996 5127 doctrina:
1051 5080 1269 5143 egestas
1320 5085 1443 5142 qua:
1484 5086 1595 5127 non
1654 5072 1725 5127 sit
1750 5072 1804 5127 in
1833 5067 2120 5141 perfectio-

540 5176 703 5229 nem;
761 5170 817 5219 et
864 5162 935 5217 ab
988 5161 1465 5231 increpationibus
1517 5163 1875 5218 conscientiae
1901 5162 1975 5218 de
2009 5161 2121 5217 tuis

539 5256 701 5311 malis
750 5254 989 5319 actibus,
1043 5253 1272 5324 inopia:
1339 5256 1471 5324 quia
1493 5254 1839 5311 dulcedinem
1866 5255 2005 5325 iugi,
2066 5262 2123 5311 et

539 5347 926 5403 mandatorum
954 5345 1271 5401 divinorum
1302 5347 1491 5404 oneris
1539 5347 1843 5414 levitatem,
1876 5363 1980 5404 nec
2014 5364 2119 5419 gu-

533 5439 697 5498 stasti
729 5439 782 5492 in
821 5437 1000 5510 praxi,
1024 5452 1124 5493 nec
1152 5438 1478 5510 cognovisti.

607 5528 667 5584 Si
696 5545 816 5584 vero
841 5531 1065 5602 impiger
1094 5530 1285 5600 fueris,
1318 5531 1483 5585 veniet
1532 5537 1591 5583 ut
1621 5528 1740 5599 fons
1773 5530 1961 5586 messis
1997 5539 2115 5585 tua.

536 5619 595 5676 Si
638 5638 768 5677 vero
824 5631 875 5678 te
931 5638 960 5676 a
994 5621 1217 5694 pigritia
1248 5635 1479 5686 exuens,
1506 5620 1947 5692 expergefactus,
1967 5622 2116 5677 circa

2223 4602 2408 4670 πόρος
2438 4601 2477 4670 ἡ
2505 4602 2703 4655 πενία·
2748 4600 3073 4673 ἐπέρχεται
3102 4602 3163 4655 δέ
3194 4619 3280 4655 σοι
3313 4600 3451 4673 μετὰ
3492 4593 3653 4654 ταῦτα,
3680 4584 3729 4641 ὦς

2221 4711 2306 4758 τις
2337 4693 2630 4765 βλαπτικός
2654 4692 2956 4764 συνοδίτης,
2982 4694 3018 4764 ἥ
3042 4710 3105 4747 τε
3129 4693 3231 4747 τοῦ
3264 4692 3387 4747 κατ’
3409 4687 3589 4758 ἀρετὴν

2225 4785 2455 4855 ματικοῠ
2486 4784 2721 4838 πλούτου
2766 4784 3039 4855 παντελὴς
3070 4784 3285 4857 ἀπορία
3305 4800 3318 4813 ·
3349 4782 3440 4837 ἐπὶ
3468 4778 3538 4848 τῷ
3554 4771 3731 4830 συνείναὶ

2224 4892 2308 4930 σοι
2357 4876 2777 4941 διαπαντὸς,καὶ
2808 4876 3163 4943 συνδιεξιὲναι
3193 4877 3297 4949 τὴν
3330 4872 3588 4946 παροῦσαν
3609 4864 3728 4930 ζωήνθ

2297 4968 2408 5023 Kal
2456 4969 2495 5037 ἡ
2534 4968 2735 5023 ἔνδεια
2759 4967 2961 5038 ὥσπερ
2990 4969 3220 5040 ἀγαθὸς
3268 4967 3532 5038 δρομεύς.
3559 4957 3648 5015 Καὶ
3666 4967 3733 5007 ιι·

2223 5054 2399 5133 θάπερ
2423 5079 2509 5125 τις
2543 5063 2673 5133 περὶ
2705 5061 2906 5133 δρόμον
2939 5062 3088 5129 ὀξὺς,
3121 5064 3157 5135 ἡ
3184 5064 3287 5134 τῆς
3318 5060 3560 5129 γνώσεως
3583 5045 3730 5105 ούκεῑς

2220 5156 2283 5209 τὸ
2313 5156 2581 5219 παντελὲς
2613 5156 2839 5226 ἀπορία,
2863 5156 2952 5210 διὰ
2980 5156 3070 5210 τὸν
3094 5156 3196 5211 τοῦ
3226 5153 3521 5214 quva-mitto;
3550 5145 3626 5200 ἐπὶ
3657 5137 3731 5195 τοῖς
3816 5137 3819 5219 l

2222 5249 2417 5311 κακοῖς
2447 5246 2693 5318 ἔλεγχον,
2720 5247 2903 5303 ἔνδεια
2929 5264 2943 5277 ·
2978 5247 3069 5301 διὰ
3099 5249 3165 5302 τὸ
3198 5251 3278 5319 μὴ
3308 5241 3588 5316 γεύσασθαι
3631 5226 3731 5319 “is?

2222 5340 2421 5413 πρᾶξιν
2446 5340 2543 5393 καὶ
2572 5316 2779 5408 γνῶναι
2809 5339 2870 5393 τὸ
2918 5340 3161 5410 χρηστὸν
3200 5316 3313 5393 ’τόδ
3357 5334 3535 5405 ζυγοῦ,
3586 5324 3662 5383 καὶ
3693 5316 3733 5371 τὺ

2221 5429 2456 5500 ἐλαφρὸν
2488 5429 2581 5483 τοῦ
2614 5431 2837 5502 φορτίου
2858 5430 2967 5484 τῶν
2997 5430 3089 5484 τοῦ
3116 5430 3259 5483 Θεοῦ
3283 5426 3525 5484 ἐντολῶν.
3558 5420 3571 5451 ³
3639 5423 3650 5435 ⁹

2315 5523 2458 5578 Ἐὰν
2490 5522 2559 5575 δὲ
2582 5523 2804 5589 ἄοκνος
2828 5517 2927 5593 ᾖς,
2963 5522 3099 5592 ἣξει
3137 5520 3351 5590 ὥσπερ
3377 5515 3529 5586 πηγὴ
3575 5512 3602 5565 δ
3630 5503 3732 5573 ἀμπ’

2221 5618 2325 5683 τός
2361 5633 2500 5671 σου.
2536 5619 2597 5669 Εἰ
2626 5617 2685 5670 δέ
2714 5634 2843 5671 ποτε
2872 5617 2973 5688 τὴν
3006 5606 3295 5689 ρᾳθυμίαν
3323 5607 3728 5673 άποτιναξάμενοίι

430 5754 433 5755 ν
534 5713 671 5765 bona
730 5728 894 5785 opera
969 5710 1258 5775 laboraris,
1304 5712 1489 5770 veniet
1558 5712 1652 5768 tibi
1710 5712 2019 5783 abundans,
2058 5720 2115 5767 ut

2229 5709 2648 5780 διεγηγερμένος
2665 5708 2933 5780 ὑπάρχεις
2967 5711 3093 5779 περὶ
3121 5710 3229 5781 τὴν
3267 5705 3520 5781 ἐργασίαν
3537 5696 3612 5755 τοῦ
3638 5695 3729 5755 ἀγα·
3818 5696 3819 5751 l
