3958 6202
221 303 400 370 19.73

1261 308 1803 374 COMMENTARII
1841 312 1928 374 IN
1960 312 2416 375 PROVERBIA.

3385 320 3515 385 1274

217 415 372 480 θοῦ,
411 407 698 468 ἑλεύσεται
720 413 971 484 δαψιλὴς,
997 409 1088 468 οἷα
1107 417 1259 488 πηγὴ
1293 417 1502 487 ἄφθονα
1541 423 1844 492 προχέουσα

1971 422 2078 478 'ons
2101 425 2240 480 dans
2271 425 2529 496 copiosos
2555 420 2781 490 ﬂuctus,
2819 423 3020 480 messis
3039 423 3258 480 fructus
3290 441 3516 496 operum

221 507 510 575 νάματα,
553 507 588 576 ή
617 505 712 559 τοῦ
739 506 956 578 καρποῦ
983 507 1096 560 τῶν
1121 511 1220 579 τῆς
1265 510 1614 582 δικαιοσύνης
1665 513 1844 582 ἔργων

225 597 598 668 συγκομιδὴ.

329 689 408 743 Ἠ
438 687 512 742 δὲ
534 688 737 742 ἕνδειά
755 703 873 744 σου
904 688 1107 758 ὥσπερ
1141 692 1326 758 κακὸς
1360 691 1622 762 δρομεὺς
1651 695 1848 748 ἀπαυ-

224 779 622 848 τομολήσει.
655 781 729 834 Τὸ
755 781 812 835 δὲ
853 779 942 835 διὰ
971 779 1034 835 τὸ
1065 783 1130 834 ὲκ
1179 782 1339 852 ψιλῆς
1377 785 1572 853 ἀκοῆς,
1623 785 1718 838 καὶ
1771 787 1846 857 μὴ

229 871 408 926 κατά
445 875 642 941 πεῖραν
667 874 978 943 πρακτικὴν
1009 873 1204 926 εἰδέναι
1230 890 1290 926 σε
1331 875 1394 926 τὸ
1421 875 1590 938 ὅντως
1619 875 1846 942 ἀγαθὸν,

233 963 475 1032 προσόν
513 978 594 1015 σοι
623 961 817 1034 πρώην
861 963 988 1035 περὶ
1019 963 1120 1034 τὴν
1148 961 1338 1016 τούτου
1388 963 1594 1030 γνῶσιν
1641 965 1844 1030 ἐνδεὲς,

235 1051 532 1120 φεύξεται
555 1052 664 1106 ἀπὸ
701 1053 798 1106 σοῦ
831 1069 847 1086 ·
887 1054 990 1106 οὐκ
1045 1053 1212 1116 ὀξέως
1251 1051 1442 1123 ὥσπερ
1483 1056 1549 1124 τῇ
1606 1054 1851 1126 ἀπραξίᾳ

235 1142 354 1195 τοῦ
387 1142 562 1196 καλοῦ
609 1142 1010 1213 παραγέγονεν,
1041 1143 1176 1197 ἀλλὰ
1204 1143 1580 1214 σχολαιότερον
1607 1149 1728 1209 ταῖς
1752 1163 1850 1198 κα-

237 1230 319 1284 τὰ
369 1231 544 1301 μέρος
591 1232 876 1300 ἐργασίαις
901 1232 1014 1285 τῶν
1041 1231 1293 1296 ἐντολῶν,
1317 1231 1396 1296 ὼς
1417 1233 1608 1296 άτονός
1629 1250 1712 1296 τις
1731 1233 1852 1305 δρο-

243 1322 433 1392 μεὺς,
468 1319 558 1374 διὰ
587 1321 768 1392 τὸτῆς
811 1323 1056 1393 κτήσεως
1101 1320 1195 1376 τοῦ
1255 1323 1468 1388 ἀγαθοῦ
1523 1325 1850 1392 πρόσαντες.

326 1408 429 1479 ιβ’.
467 1411 650 1480 Ἀνὴρ
707 1410 913 1481 ἄφρων
977 1412 1076 1466 καί
1131 1412 1494 1482 παράνομος,
1541 1418 1855 1482 πορεύεται

243 1501 454 1569 ὁδοὺς
481 1505 595 1558 οὐκ
657 1503 905 1573 ἀγαθάς.
963 1503 1284 1575 Ἀνθρωπος
1323 1506 1536 1575 ἀγνοῶν
1569 1509 1630 1561 τὸ
1681 1509 1852 1570 ὄντως

245 1593 456 1658 καλὸν,
481 1593 576 1646 καὶ
601 1593 672 1646 τά
707 1595 996 1665 παράλογα
1023 1595 1304 1665 πράττων,
1328 1598 1385 1649 ἐν
1409 1597 1590 1650 σκότει
1621 1597 1848 1665 ἀγνοίας

245 1686 357 1738 καὶ
389 1685 788 1756 προσκόμμασι
826 1686 1047 1750 κακίας,
1081 1687 1180 1756 τὴν
1208 1687 1406 1741 ἑαυτοῦ
1444 1687 1590 1760 ζωὴν
1643 1687 1854 1757 διεξέρ-

245 1793 446 1847 χεται.

331 1865 408 1936 ιγ’
415 1907 432 1920 .
473 1868 537 1920 '0
577 1866 630 1920 δ’
699 1867 882 1933 αὐτὸς
940 1867 1172 1920 ἑννεύει
1225 1867 1528 1936 ὀφθαλμῷ,
1567 1867 1846 1936 σημαίνει

247 1957 328 2011 δὲ
355 1957 524 2021 ποδί,
563 1956 835 2011 διδάσκει
867 1957 938 2010 δέ
973 1958 1238 2026 νεύμασι
1269 1958 1604 2011 δακτύλων.
1660 1957 1722 2010 '0
1742 1957 1842 2009 αὐ-

249 2051 351 2113 τὸς
367 2050 430 2102 δὲ
464 2049 561 2102 ἆτε
581 2047 650 2102 τά
675 2047 1024 2118 προσήκοντα
1041 2049 1156 2110 τοῖς
1192 2048 1370 2116 λόγοις
1387 2047 1588 2115 ἀγαθὰ,
1601 2047 1696 2100 καὶ
1717 2047 1846 2112 ἄξια

251 2139 482 2211 γλώττῃ
506 2136 880 2210 προφέρεσθαι
918 2137 1014 2192 καὶ
1055 2137 1190 2190 ὠσὶν
1234 2136 1553 2201 ἀκούεσθαι,
1621 2135 1699 2206 μὴ
1733 2135 1846 2188 δια-

251 2223 635 2296 λογιζόμενος,
660 2225 866 2279 δέδοικε
891 2226 1100 2295 ῥήμασι
1138 2228 1437 2298 προφέρειν
1458 2227 1520 2280 τὸ
1545 2225 1656 2280 τῶν
1677 2225 1842 2278 αὑτοῦ

255 2315 668 2388 ἐνθυμημάτων
713 2333 1094 2387 πεπανουργευ
1105 2317 1262 2386 μένον
1291 2317 1386 2370 καὶ
1411 2317 1630 2388 δολερόν
1657 2330 1672 2346 ⁸
1731 2316 1842 2368 πά-

255 2406 348 2461 λιν
378 2408 448 2477 δὴ
487 2407 778 2472 κοινωνούς
805 2423 962 2470 τινας
1001 2407 1154 2476 ἔχειν
1195 2407 1306 2460 τῶν
1364 2408 1620 2478 πονηρῶν
1673 2405 1842 2462 αὐτοῦ

259 2497 668 2569 διανοημάτων,
697 2496 908 2550 οἴκοθεν
936 2497 1276 2566 βιαζόμενος,
1337 2495 1618 2567 ὀφθαλμοῦ
1639 2513 1702 2550 τε
1747 2497 1844 2550 καὶ

263 2588 434 2650 ποδὸς
509 2587 608 2644 καὶ
653 2585 934 2640 δακτύλων
979 2586 1184 2657 χειρὸς,
1237 2587 1486 2658 πονηρῶς
1533 2589 1838 2659 ἐσχηματι-

267 2679 491 2749 σμένοις
515 2677 800 2747 κινήμασι,
827 2674 1020 2746 μηνύει
1045 2675 1109 2728 τὸ
1136 2675 1394 2747 βουλητὸν
1415 2677 1564 2748 αὐτῷ
1583 2680 1694 2741 τοῖς
1715 2679 1844 2750 ὁμο-

265 2771 494 2842 τρόποις
531 2767 721 2823 αὑτοῦ.

339 2865 426 2918 ιδ’.
449 2859 890 2930 Διεστραμμένῃ
927 2857 995 2911 δὲ
1019 2858 1232 2926 καρδίᾳ
1260 2858 1627 2914 τεκταίνεται
1659 2857 1839 2914 κακά.

267 2948 763 3024 Παρεγκεκλιμὲνῃ
798 2948 856 3000 δὲ
879 2946 972 2999 τοῦ
1029 2945 1220 3004 εὐθέος
1274 2947 1506 3018 διανοίᾳ,
1541 2949 1612 3002 τά
1669 2947 1844 3019 παρά.

269 3045 404 3113 λογα
433 3043 856 3114 διαπράττεται.

341 3140 450 3191 Ἐν
471 3138 652 3200 παντὶ
669 3138 852 3207 καιρῷ
871 3142 906 3193 ό
929 3141 1198 3206 τοιοῦτος
1221 3137 1486 3210 ταραχὰς
1507 3138 1844 3204 συνίστησι

272 3231 464 3286 πόλει.
507 3224 680 3295 Οὗτος
705 3234 850 3286 κατὰ
881 3233 1062 3288 πάντα
1095 3234 1288 3306 καιρὸν
1321 3232 1634 3303 εὐπραγίας
1663 3230 1842 3306 ἥδυσ-

273 3324 536 3394 πραγίας,
591 3324 830 3396 τάραχον
877 3325 1066 3378 παθῶν
1114 3299 1256 3380 κατὰ
1300 3299 1528 3394 γνώμην
1559 3299 1760 3394 ὑφιστᾷ
1777 3299 1843 3394 alii

275 3414 379 3485 ιδίᾳ
439 3415 583 3486 ψυχῇ
607 3431 619 3446 ο
653 3416 712 3467 ὲν
828 3415 1122 3487 περιπολεῖ
1171 3416 1314 3469 κατά
1359 3413 1601 3467 διάθεσιν
1630 3414 1663 3483 ἡ
1689 3412 1845 3483 τριάς

273 3509 378 3560 τῶν
405 3507 610 3578 ταύτης
633 3507 918 3576 δυνάμεων
939 3523 954 3538 ·
982 3507 1202 3570 στάσεις
1253 3505 1488 3574 ἐγείρων
1515 3505 1612 3557 τοῦ
1647 3520 1708 3556 τε
1727 3505 1847 3556 ἐπι-

279 3599 578 3668 θυμητικοῦ
613 3599 708 3649 καὶ
742 3597 838 3650 τοῦ
887 3595 1122 3664 θυμικοῦ
1180 3595 1324 3650 κατά
1373 3595 1468 3648 τοῦ
1510 3593 1842 3662 λογιστικοῦ,

279 3693 336 3743 ἐν
393 3689 472 3759 τῷ
525 3690 666 3760 μήτε
722 3689 844 3744 κατ’
905 3687 1202 3757 ἐπιθυμίαν
1258 3687 1366 3740 τῶν
1408 3687 1582 3757 ἡδέων
1641 3688 1845 3755 ἐγκρα-

279 3781 520 3836 τεύεσθαι
549 3821 566 3846 ,
616 3781 754 3852 μήτε
811 3781 954 3834 κατὰ
1012 3780 1184 3850 θυμὸν
1241 3777 1676 3850 ὑπομένειν.τά
1728 3777 1844 3832 θλι-

282 3869 430 3940 ϐερά.

351 3965 426 4021 ιε’,
451 3965 545 4026 ις’.
577 3960 679 4014 Διά
723 3959 898 4014 τοῦτο
959 3959 1253 4028 ἐξαπίνης
1289 3961 1525 4030 ἔρχεται
1565 3959 1838 4016 ἀπώλεια

283 4051 478 4116 αὑτοῦ,
497 4051 754 4120 διακοπὴ
781 4050 881 4104 καὶ
907 4052 1199 4120 συντριόἠ
1223 4053 1488 4118 ἀνίατος,
1524 4051 1614 4106 ὅτι
1641 4052 1837 4120 χαίρει

285 4143 374 4196 ἐπὶ
393 4142 582 4198 πᾶσιν
609 4137 700 4208 οἷς
721 4141 941 4211 μισεῖό
961 4143 1198 4210 Κύριος.
1227 4142 1422 4196 Ἔνθεν
1447 4159 1530 4196 τοι
1548 4142 1841 4211 αίφνιδίως

291 4236 562 4306 ἐπέρχεται
605 4225 837 4306 τούτῳή
871 4235 1034 4289 αὐτοῦ
1066 4234 1462 4306 ὲξολόθρευσις,
1518 4235 1843 4306 ὑπάρχουσα

288 4327 550 4397 χωρισμός
583 4343 642 4378 τε
676 4325 856 4396 ψυχῆς
875 4327 983 4380 ἀπὸ
1008 4325 1284 4392 σώματος,
1306 4327 1399 4378 καὶ
1429 4326 1655 4389 κόλασις
1686 4325 1844 4390 τέλος

1939 512 2190 582 iustitiae.

2021 688 2137 742 Tua
2167 697 2345 742 autem
2375 697 2599 758 egestas,
2641 698 2700 744 ut
2727 690 2902 744 malus
2925 707 3134 757 cursor,
3155 691 3304 762 longe
3331 692 3518 764 fugiet.

1949 778 2072 834 Eta
2119 787 2169 834 te
2223 780 2382 850 longe
2405 780 2574 850 fugiet
2631 781 2875 835 defectus
2952 782 3193 836 scientiae
3243 782 3408 848 boni,
3463 783 3518 836 in

1948 883 2110 938 quem
2172 868 2412 923 incidisti
2448 884 2557 922 non
2607 876 2816 924 attente
2855 869 3156 932 audiendo,
3189 877 3244 924 et
3303 870 3518 939 praxim

1949 965 2063 1018 veri
2085 963 2213 1017 boni
2233 963 2554 1030 ignorando,
2588 979 2696 1018 non
2749 965 2972 1033 quidem
3039 966 3322 1032 velociter,
3375 967 3520 1022 sicut

1950 1053 2268 1122 supervenit
2295 1053 2352 1106 in
2377 1059 2430 1106 te
2461 1052 2592 1106 boni
2629 1055 2980 1125 negligentia,
3015 1055 3112 1112 sed
3131 1057 3336 1112 lentius
3389 1071 3519 1126 par-
3621 1093 3630 1102 ο

1951 1139 2239 1215 ιίιιιίιυιιπι
2261 1145 2646 1200 mandatorum
2683 1145 2952 1215 impletio,
3005 1147 3206 1201 similis
3234 1148 3518 1218 languenti

1951 1234 2192 1300 cursori,
2222 1236 2292 1290 ob
2325 1233 2548 1290 virtutis
2586 1233 2976 1304 acquisitionis
3000 1234 3436 1292 diﬁicultatem..

2023 1413 2194 1468 Vens.
2230 1411 2318 1466 12.
2347 1410 2440 1466 Vir
2467 1413 2776 1466 insensatus
2803 1421 2853 1466 et
2892 1413 3108 1482 iniquus
3130 1414 3374 1467 ambulat
3429 1429 3522 1482 per

1953 1506 2065 1559 vias
2092 1521 2192 1560 non
2219 1505 2403 1560 bonas.
2433 1503 2530 1560 Vir
2555 1506 2808 1560 nesciens
2871 1520 3060 1560 verum
3095 1505 3302 1562 bonum
3329 1517 3382 1566 et
3419 1509 3524 1562 ini-

1955 1611 2060 1667 qua
2085 1595 2318 1659 faciens,
2359 1595 2414 1650 in
2440 1595 2684 1650 tenebris
2715 1595 3058 1665 ignorantiae,
3091 1603 3146 1650 et
3167 1596 3224 1652 in
3247 1597 3524 1654 scandalis

1957 1686 2198 1751 malitiae,
2233 1686 2402 1740 vitam
2435 1700 2587 1742 suam
2614 1686 2787 1742 ducit.

2023 1858 2450 1928 Vuns.l5.lpse
2471 1867 2647 1928 autem
2711 1859 2899 1913 annuit
2946 1860 3138 1924 oculis,
3193 1861 3316 1914 terit
3373 1861 3524 1930 pede,

1950 1952 2116 2022 signis
2139 1949 2425 2020 digitorum
2460 1949 2633 2006 docet.
2665 1949 2762 2004 Ille
2789 1959 2996 2016 autem,
3065 1950 3210 2006 bona
3249 1958 3303 2006 et
3354 1959 3523 2016 recta,

1949 2042 2224 2096 mandatis
2245 2041 2510 2110 imperata
2531 2057 2630 2097 nec
2654 2056 2750 2096 ore
2779 2041 2928 2112 loqui
2955 2055 3059 2096 nec
3089 2041 3315 2098 auribus
3333 2042 3526 2098 audire

1950 2130 2162 2196 volens,
2209 2129 2396 2185 verbis
2421 2131 2766 2186 mendacium
2821 2139 2880 2186 et
2943 2131 3218 2186 fallaciam
3291 2146 3520 2186 suorum

1952 2221 2310 2274 consiliorum
2341 2235 2451 2274 non
2474 2222 2668 2288 audet;
2700 2220 2796 2276 sed
2831 2221 3040 2288 denuo,
3067 2223 3336 2276 malarum
3375 2222 3524 2292 cogi-

1952 2311 2235 2386 tationum
2258 2311 2442 2366 socios
2465 2311 2666 2366 habere
2695 2313 2927 2380 cupiens
2985 2314 3039 2365 in
3070 2313 3274 2380 seipso,
3306 2318 3359 2364 et
3382 2328 3518 2365 ocu-

1951 2403 2154 2470 lorum,
2187 2412 2242 2458 et
2262 2401 2482 2474 pedum,
2507 2411 2560 2458 et
2577 2402 2870 2474 digitorum
2895 2403 3073 2458 medio
3102 2403 3379 2458 simulatis
3405 2417 3517 2456 ma-

1951 2495 2019 2551 lis
2053 2497 2334 2567 0peribus,
2375 2495 2456 2550 eis
2478 2495 2572 2566 qui
2606 2498 2800 2552 eadem
2837 2510 2902 2552 ac
2931 2496 3050 2568 ipse
3071 2495 3338 2560 sentiant,
3360 2508 3520 2552 suam

1951 2585 2270 2642 manifestat
2296 2586 2662 2642 voluntatem.

2023 2869 2192 2928 Vens.
2229 2871 2318 2926 Η.
2354 2868 2525 2926 Corde
2547 2885 2712 2940 pravo
2735 2869 3079 2924 machinatur
3117 2867 3287 2922 mala.
3322 2865 3522 2922 Anima

1949 2979 1982 3018 a
2015 2972 2166 3020 recto
2195 2969 2428 3030 remota,
2461 2961 2651 3032 iniqua
2675 2966 2962 3031 operatur.

2017 3141 2176 3198 Omni
2209 3151 2456 3212 tempore,
2483 3143 2582 3197 iste
2603 3142 2890 3198 seditiones
2929 3140 3130 3196 excitat
3189 3141 3248 3193 in
3291 3139 3522 3216 ciuitate.

1947 3240 2042 3296 llle
2063 3247 2244 3296 autem
2263 3240 2384 3296 “sive
2411 3239 2802 3310 prosperitatis
2828 3239 2947 3294 sive
2981 3235 3316 3292 calamitatis
3377 3240 3522 3286 tem-

1949 3344 2104 3400 pore,
2155 3329 2444 3386 tumultum
2507 3329 2870 3398 cupiditatum
2919 3327 3234 3382 voluntarie
3291 3324 3526 3380 suscitat

1947 3417 2148 3474 anima:
2173 3433 2308 3482 suae,
2349 3417 2404 3472 in
2440 3432 2548 3486 qua
2591 3418 2896 3472 constituta
2953 3415 3056 3470 fuit
3083 3416 3306 3470 trinitas
3331 3422 3526 3485 poten-

1946 3511 2147 3565 tiarum
2181 3509 2478 3576 :aquiete,
2542 3507 3028 3578 concupiscibilem
3079 3517 3134 3562 et
3190 3507 3522 3562 irascibilem

1945 3603 2268 3671 excitatope
2307 3599 2718 3664 intellectualis,
2751 3607 2812 3653 ut
2859 3599 2986 3662 illm,
3032 3615 3130 3654 nec
3181 3600 3520 3668 voluptatum

1947 3675 2336 3760 cupiditatibus
2385 3689 2680 3759 imperent,
2719 3703 2826 3745 nec
2856 3689 3073 3744 fortiter
3131 3690 3522 3744 tribulationes

1947 3781 2280 3836 sustineant.

2013 3961 2180 4018 Vsus.
2208 3961 2294 4026 l5,
2327 3960 2412 4018 l6.
2450 3959 2661 4016 Idcirco
2688 3961 2864 4016 subito
2901 3961 3070 4016 veiiiet
3089 3960 3330 4032 perditio
3363 3961 3520 4032 ejus;

1945 4054 2184 4124 fractura
2230 4063 2280 4107 et
2320 4052 2598 4106 tribulatio
2621 4069 2726 4108 non
2779 4052 3070 4119 sanabiles,
3117 4056 3244 4122 quia
3304 4052 3522 4108 letatur

1943 4145 1998 4198 in
2025 4144 2092 4198 iis
2117 4159 2234 4214 qua:
2259 4144 2370 4198 odit
2392 4143 2668 4198 Dominus.
2707 4141 2840 4198 Inde
2891 4148 3072 4199 veniet
3107 4144 3204 4197 tibi
3243 4145 3520 4212 insperata

1944 4231 2272 4297 destructio,
2298 4233 2700 4302 separationem
2725 4233 2921 4288 anima:
2948 4247 3184 4302 operans
3213 4247 3242 4284 a
3266 4247 3515 4302 corpore,

1943 4331 1998 4378 et
2057 4323 2380 4392 supplicium
2417 4324 2537 4378 sine
2587 4323 2694 4379 line
2726 4322 2996 4389 alierens;
3047 4324 3177 4394 quia
3212 4327 3427 4377 laatatur
3466 4322 3518 4374 in

288 4415 378 4468 οὐκ
421 4412 652 4485 ἔχουσι’
684 4415 818 4468 διότι
878 4414 1304 4487 ὲπευφραίνεται
1347 4415 1512 4468 πᾶσιν
1541 4410 1622 4479 οἷς
1689 4417 1839 4488 μισεί

1971 4412 2012 4466 is
2035 4427 2156 4482 qua;
2184 4411 2300 4467 odit
2333 4411 2476 4468 Deus
2503 4413 2748 4468 omnium
2788 4413 3076 4478 Dominus,
3110 4421 3164 4468 et
3189 4413 3518 4468 versaturin

289 4511 314 4561 ὁ
339 4507 541 4559 πάντων
565 4505 840 4574 Δεσπότης
867 4505 1020 4570 Θεὸς,
1047 4507 1140 4558 καὶ¹
1169 4506 1598 4576 ἀποστρέφεται.

351 4597 800 4668 Συντριόήσεται
817 4596 884 4650 δὲ
916 4597 991 4651 δι’
1009 4599 1387 4666 ἀκαθαρσίαν
1407 4597 1638 4668 ψυχῆς.
1661 4597 1840 4652 Κολα-

295 4687 527 4759 σθήσεται
548 4689 614 4754 δ’,
635 4688 709 4751 ὡς
727 4689 964 4760 εἴρηται,
1001 4691 1090 4743 διὰ
1110 4692 1200 4744 τὸν
1225 4693 1289 4744 ὲκ
1307 4691 1400 4744 τοῦ
1435 4691 1697 4764 βορϐόρου
1730 4691 1840 4744 τῶν

295 4778 460 4832 παθῶν
491 4778 766 4848 μολυσμὸν
797 4781 896 4850 τῆς
924 4780 1101 4851 ψυχῆς
1127 4782 1342 4836 ἑαυτοῦ.

354 4869 430 4935 ιζ’.
484 4873 822 4942 Ὀφθιιλμὸς
878 4873 1186 4941 ὑϐριστοῦ.
1249 4874 1480 4946 Βλέμμα
1538 4855 1842 4946 μεμψιμοί-

298 4977 396 5032 ρου.
689 5018 695 5024 _

355 5051 540 5120 Χεῖρες
567 5053 887 5123 ἐκχέουσαι
910 5053 1058 5123 αἷμα
1087 5055 1343 5112 δίκαιον.
1395 5057 1632 5129 Πράξεις
1687 5074 1840 5127 μιαι-

299 5144 422 5212 φόνοι
441 5146 575 5198 κατά
604 5147 816 5200 δικαίου
843 5147 1058 5216 ἀνδρός.

358 5240 433 5303 ιη’.
483 5236 706 5302 Καρδία
735 5237 1166 5306 τεκταινομένη
1198 5239 1530 5306 λογισμοὺς
1592 5239 1836 5304 κακούς.

299 5325 482 5377 Διάνοια
509 5327 916 5398 ἐπιτεχνωμένη
943 5329 1185 5399 πονηρὰς
1215 5327 1568 5398 ἐνθυμήσεις.

357 5419 448 5471 Kal
475 5418 656 5484 πόδες
687 5419 1162 5484 ἐπισπεύδοντες
1191 5421 1558 5473 κακοποιεῖν.
1611 5421 1720 5473 Καὶ
1745 5421 1838 5490 ὁρ-

255 5527 262 5538 ’
303 5511 382 5580 uel.
413 5512 484 5574 εἰς
521 5511 726 5582 βλάϐην
761 5511 856 5564 τοῦ
894 5512 1062 5575 πέλας
1093 5513 1542 5583 ὲπιταχύνουσαι.

357 5601 994 5669 Ἐξολοθρευθήσοντιιι.
1026 5605 1386 5674 Χωρήσουσιν
1434 5606 1512 5666 εἰς
1559 5602 1836 5658 ἀπώλειαν

307 5689 526 5762 παντελῆ,
563 5692 638 5757 ὡς
658 5693 778 5761 Θεῴ
807 5694 902 5748 καὶ.
929 5693 1241 5766 ἀνθρώποις
1268 5695 1592 5763 μισούμενα.

1949 4503 2076 4558 illis.

2017 4595 2330 4652 Conteretur
2359 4597 2648 4666 ignominia
2678 4597 2920 4664 spiritus.
2987 4595 3052 4649 Et
3106 4597 3250 4652 sicut
3307 4595 3516 4651 dictum

1953 4689 2285 4759 supplicium
2341 4689 2516 4753 dabit,
2553 4699 2778 4759 pr0pter
2826 4689 3024 4743 anima:
3074 4705 3189 4743 sua:
3223 4689 3516 4754 maculam,

1949 4787 2126 4833 ortam
2149 4794 2216 4832 ex
2242 4787 2486 4833 stercore
2518 4779 2909 4849 cupiditatum.

2019 4867 2186 4924 Vnus.
2229 4869 2315 4922 l7.
2354 4869 2552 4926 Oculus
2590 4871 2819 4938 superbi.
2855 4869 3062 4925 Oculus
3097 4869 3164 4925 de
3224 4869 3349 4924 aliis
3381 4885 3510 4940 que-

1949 4961 2148 5015 rcntis.

2023 5051 2212 5106 Manus
2235 5052 2557 5120 eﬂ'undentes
2604 5055 2914 5122 sanguinem
2955 5055 3188 5123 justum.
3250 5056 3518 5111 Actiones

1946 5141 2154 5197 homini
2187 5142 2336 5212 justo
2369 5152 2596 5196 mortem
2641 5143 2950 5200 ali‘erentes.

2019 5229 2178 5288 Vsus.
2213 5232 2298 5286 l8.
2323 5231 2430 5288 Cor
2471 5235 2779 5289 machinans
2841 5236 3196 5305 cogitationes
3219 5237 3505 5304 pessimus.

1945 5325 2218 5393 Cogitatio
2241 5324 2378 5376 mala
2408 5325 2640 5378 consilia
2677 5327 3024 5382 maclninans.

2017 5415 2084 5468 Et
2137 5415 2290 5483 pedes
2330 5415 2639 5484 festinantes
2675 5415 2746 5468 ad
2784 5418 2982 5471 malum
3041 5418 3376 5487 faciendum.
3447 5413 3513 5467 Et

1843 5567 1850 5574 ,
1945 5509 2174 5563 consilia
2193 5509 2260 5563 ad
2287 5509 2583 5580 perniciem
2615 5508 2848 5578 proximi
2883 5509 3218 5564 festinantia.

2017 5600 2546 5654 Emterminabantur.
2624 5599 3006 5669 Prnperahunt
3067 5599 3136 5654 ad
3215 5597 3513 5667 perfectam

1946 5685 2328 5762 perditionem,
2365 5709 2485 5746 cum
2517 5691 2626 5747 sint
2649 5699 2702 5744 et
2722 5689 3040 5746 hominibus
3071 5699 3124 5744 et
3165 5689 3274 5746 Dco
3300 5691 3514 5745 odiosa.
