3958 6202
69 407 222 471 277
1207 421 1744 483 COMMENTARII
1781 423 1862 484 IN
1909 421 2364 488 PROVERBIA.
3259 423 3396 488 1278

75 541 256 590 ’.γον
317 541 453 592 σου,
489 525 576 582 ἵνα
593 545 644 582 τι
677 529 814 603 εὕρῃ
842 529 1100 602 διαϐολῆς
1128 533 1301 600 ἄξιον,
1323 533 1421 588 καὶ
1440 533 1636 590 διαϐάλ

1842 549 1876 594 ιι
1903 541 2111 610 aliquid
2142 541 2436 596 calumniae
2467 537 2694 610 dignum
2723 525 2986 600 inveniat,
3049 543 3104 592 et
3137 549 3236 604 per
3294 533 3405 592 hoc

71 635 124 670 κ
167 621 410 672 τούτου
441 622 536 674 καὶ
574 621 671 692 τὴν
692 621 998 695 ἀμώμητον
1020 625 1206 679 πίστιν
1237 644 1358 680 σου.

1821 639 1973 684 tuam
1999 631 2542 700 irreprehensibilem
2579 629 2740 683 Iidem
2766 627 3157 684 calumnietur.

133 715 264 762 κε’.
311 711 446 774 Υἱὲ,
466 713 552 781 μή
574 727 648 766 σε
670 714 902 784 νικήσῃ
925 715 1192 783 κάλλους
1227 718 1532 788 ἐπιθυμία.
1585 719 1696 774 Δοι-

1891 718 2061 775 Vt-zns.
2092 720 2183 776 25.
2211 719 2343 785 Fili,
2375 737 2438 775 ne
2457 729 2506 774 te
2539 721 2714 774 uincat
2745 717 3158 788 pulchritudinis
3180 718 3393 788 cupido.

61 799 224 883 rzbv,‘
255 801 330 854 ἐν
371 803 571 873 Κυρίῳ
600 803 813 871 τέκνον,
848 805 923 876 μή
947 822 1006 858 σε
1041 809 1254 883 ἡττήσῃ
1285 807 1521 874 κάλλους
1535 812 1624 882 χρέ

1833 809 1880 866 In
1901 813 2132 880 reliquo,
2161 812 2234 865 illi
2261 813 2314 866 in
2342 811 2592 876 Domino,
2617 825 2684 864 ne
2715 818 2768 864 te
2789 815 3012 880 superet
3033 809 3396 878 pulchritudi-

59 868 1076 964 ααρᾶινομένου’ἀλόγιποςνέιρεσιςί
1166 868 1178 880 ’
1225 868 1254 883 ﬂ
1500 868 1588 882 ’Ν

1832 903 1930 968 nis,
1967 868 2088 972 quae
2119 868 2214 972 per
2256 909 2473 972 tempus
2497 868 3148 971 exstinguiturmbsurda
3171 897 3395 967 cupido.

143 981 354 1050 Μηδὲ
381 983 687 1054 ἀψευθῇς
717 984 854 1053 σοῖς
871 985 1221 1058 ὀφθαλμοῖς.
1249 989 1402 1062 Μηδὲ
1445 992 1706 1061 παγιδευ-

1892 995 1976 1050 Ne
2031 997 2262 1063 capiaris
2303 995 2408 1049 tuis
2463 993 2658 1047 oculis.
2713 991 2794 1048 Ne
2827 991 3067 1059 capiaris
3119 989 3226 1044 tuis
3263 1003 3397 1044 ocu-

59 1069 186 1140 θῇς
221 1071 354 1124 ἀπὸ
377 1071 492 1126 τῶν
537 1073 646 1128 σῶν
678 1075 998 1149 ὀφθαλμῶν,
1036 1077 1186 1151 ὤραν
1239 1079 1502 1148 γυναικὸς
1553 1099 1620 1135 πε

1843 1087 1910 1152 is,
1947 1087 2113 1141 nimis
2177 1084 2336 1140 avide
2375 1084 2620 1140 mulieris
2668 1080 3134 1154 pulchritudinem
3179 1079 3398 1149 conspi-

65 1161 284 1230 ἐργως
318 1163 610 1236 ὁρώντων.

548 1184 610 1223 ’νο
1819 1179 2111 1234 cientibus.

157 1254 354 1320 Μηδὲ
384 1257 832 1327 συναρπασθῆς
858 1257 978 1314 ἀπὸ
1007 1258 1126 1314 τῶν
1143 1260 1337 1329 αὐτῆς
1357 1261 1709 1333 βλεφάρων.

1893 1269 1978 1324 Ne
2025 1287 2058 1324 a
2092 1269 2288 1324 retibus
2325 1266 2697 1338 palpebrarum
2725 1265 2838 1332 ejus
2861 1262 3116 1330 capiaris.
3152 1259 3230 1314 Ne
3283 1260 3399 1314 cito

71 1343 257 1413 Μηδὲ
287 1345 390 1398 διὰ
443 1347 552 1401 τῶν
585 1350 1092 1422 προσκαλουμένων
1142 1369 1202 1406 σε
1247 1353 1384 1424 πρὸς
1429 1355 1578 1424 μίξιν
1629 1379 1634 1405 4

1830 1361 2144 1432 illaquearis
2195 1361 2471 1431 palpebris
2506 1359 2648 1428 ejus,
2693 1367 2748 1410 te
2779 1356 2846 1410 ad
2893 1363 3107 1423 turpem
3135 1367 3393 1422 congres-

81 1435 284 1502 σχρὰν
314 1435 618 1509 βλεφάρων
645 1441 1226 1515 αὐτῆς,συνελκυσθῇς
1249 1445 1480 1514 ταχέως,
1499 1447 1593 1500 καὶ
1617 1463 1644 1499 τ

1834 1471 1942 1512 sum
1968 1454 2315 1515 vocantibus,
2348 1459 2402 1508 et
2429 1467 2498 1506 ne
2533 1457 2586 1507 te
2616 1463 2645 1504 a
2679 1449 2928 1518 sapiente
2965 1453 3021 1501 et
3051 1453 3276 1501 sensato
3305 1443 3397 1514 ju-

81 1524 404 1593 σώφρονος
431 1531 523 1584 καὶ
553 1531 954 1604 καθεστηκότος
985 1535 1186 1605 ἐκστῇς
1212 1535 1499 1606 λογισμοῦ.

733 1533 954 1604 τηκότος
985 1535 1186 1605 ἔκστῇς
1212 1535 1499 1606 λογισμοῦ·
1821 1549 1968 1604 dicio
1991 1559 2296 1602 removeas.

165 1623 299 1681 κς¹.
347 1621 497 1688 Tuti;
533 1624 642 1692 γὰρ
687 1625 942 1693 πόρνης,
984 1625 1250 1678 ὡσεὶκαὶ
1313 1626 1453 1692 ἐνὸς
1504 1625 1710 1694 ἄρτου.

1893 1635 2058 1690 Vens.
2095 1633 2187 1689 26.
2212 1632 2503 1687 Praemium
2535 1631 2843 1694 meretricis,
2891 1629 3046 1700 quasi
3105 1627 3264 1680 unius
3296 1643 3395 1694 pa-

81 1707 400 1779 Μίσθωμα
452 1713 562 1782 γὰρ
615 1716 880 1784 γυναικὸς
927 1717 1154 1787 πόρνης,
1205 1715 1522 1786 ἐλάχιστονο
1580 1717 1644 1770 ὡς

1833 1727 1926 1781 nis.
1978 1724 2274 1780 Praemium
2325 1723 2576 1777 mulieris
2620 1721 2956 1784 meretricis,
3013 1731 3280 1791 parvum;
3337 1723 3396 1769 ut

84 1805 340 1874 τίμημα
411 1807 582 1876 ἄρτου
639 1810 791 1874 ἐνὸς,
851 1811 1016 1882 ἡδονὴ
1072 1809 1414 1882 πρόσκαιρος
1461 1811 1647 1882 ύπάρχ

1829 1817 2058 1888 pretium
2111 1815 2273 1869 unius
2331 1814 2512 1884 panis,
2573 1812 2830 1880 voluptas
2883 1810 3048 1878 luga:
3115 1805 3392 1876 corporis,

52 1897 54 1904 ’
87 1897 340 1965 σαρκὸς,
361 1897 443 1969 τῷ
471 1899 678 1970 ταύτης
709 1901 1320 1972 ἡδυπαθεῖὲπαρκοῦσα
1373 1903 1467 1956 ἐπὶ
1511 1903 1615 1975 βρα

1035 1901 1320 1968 παρκοῦσα
1373 1903 1467 1956 ἐπὶ
1511 1903 1710 1975 βραχύ.
1745 1899 1788 1953 Β
1818 1921 2125 1979 procurans
2153 1904 2317 1973 hujus
2343 1903 2598 1958 amatori.

167 1987 360 2054 Γυνὴ
423 1985 492 2040 δὲ
531 1987 768 2056 ἀνδρῶν
789 1991 1001 2058 τιμίων
1043 1993 1248 2060 ψυχὰς
1287 1993 1548 2060 ἀγρεύει.
1592 1993 1712 2044 Ἀν-

1885 1995 2086 2051 Mulier
2107 1995 2486 2050 honoratorum
2533 1993 2770 2048 uirorum
2802 1993 3010 2046 animus
3043 1991 3205 2060 capit.
3239 1987 3392 2043 Talis

50 2157 52 2162 γ
85 2077 248 2146 δρῶν
281 2079 332 2132 δ’
369 2079 650 2150 ἡτοιαύτη
682 2081 818 2150 γυνὴ
859 2082 1146 2150 παγιδεύει
1198 2083 1398 2153 ψυχὰς,
1432 2077 1510 2136 ὧν
1534 2083 1613 2138 ὄλι

1832 2089 2013 2145 nulier
2045 2089 2288 2143 virorum
2319 2088 2536 2142 animas
2569 2086 2740 2156 capit,
2794 2085 2996 2155 quibus
3047 2092 3224 2139 totum
3255 2095 3395 2153 prae-

89 2169 304 2241 παρὼν
335 2171 548 2242 κόσμος
567 2172 667 2224 οὐκ
699 2171 846 2224 ἔστιν
883 2173 1162 2238 ἀντάξιος.

1812 2197 1939 2237 scus
1974 2181 2238 2237 saeculum
2271 2195 2380 2235 non
2417 2185 2596 2248 potest
2631 2177 2963 2246 comparari.

209 2257 443 2324 κζ’-κθ’.
501 2259 824 2326 Ἀποδήσει
863 2278 954 2327 τις
998 2263 1118 2331 πῦρ
1177 2263 1249 2316 ἐν
1275 2267 1506 2333 κόλπῳ,
1539 2265 1611 2320 τὰ
1641 2265 1712 2318 δὲ

1883 2273 2050 2328 Vsus.
2077 2271 2270 2327 27-29.
2310 2271 2416 2336 Qui
2449 2270 2652 2340 injiciet
2683 2271 2856 2339 ignem
2885 2270 2942 2321 in
2972 2269 3171 2330 sinum,
3201 2275 3250 2320 et
3285 2282 3388 2320 non

91 2350 308 2420 ἱμάτια
353 2355 428 2406 οὐ
486 2355 895 2418 κατακαύσει;
939 2353 977 2422 ἢ
1021 2355 1418 2421 περιπατήσει
1469 2373 1566 2422 τις
1614 2357 1654 2408 ἐ.

1822 2365 2120 2418 vestimenta
2171 2362 2468 2416 ardebant?
2520 2371 2608 2414 aut
2653 2359 2952 2413 ambulabit
2999 2373 3156 2426 super
3183 2373 3385 2427 prunas

95 2441 434 2510 ἀνθράκων
455 2444 668 2510 πυρὸς,
719 2443 864 2510 τοὺς
889 2444 958 2497 δὲ
985 2444 1178 2509 πόδας
1207 2448 1278 2499 οὺ
1300 2447 1658 2500 κατακαύσει

1826 2453 1970 2523 'gnis,
2005 2463 2054 2508 et
2077 2471 2180 2508 non
2211 2453 2612 2524 conflagrabunt
2645 2451 2800 2520 pedes
2846 2451 3006 2516 eius?
3037 2453 3114 2504 sic
3165 2465 3268 2502 non
3323 2447 3389 2502 li-

99 2537 300 2602 οῡτως
333 2539 367 2590 d
396 2538 686 2592 εἰσελθὼν
723 2538 874 2606 πρὸς
920 2539 1178 2606 γυναῖκα
1223 2537 1555 2609 ὕπανδρον,
1594 2541 1662 2592 οὐ

1822 2537 2079 2592 berabitur
2139 2539 2231 2609 qui
2265 2537 2562 2608 ingreditur
2602 2537 2674 2592 ad
2717 2537 2988 2590 mulierem
3021 2536 3385 2604 coniugatam,

101 2627 558 2697 ἀθωωθήσεται,
579 2629 723 2682 οὐδὲ
753 2629 874 2696 πᾶς
904 2631 936 2684 ὁ
958 2629 1296 2699 ἁπτόμενος
1331 2631 1545 2696 αὐτῆς.
1579 2631 1664 2683 Ὦς

1822 2647 1902 2686 rec
1934 2633 2104 2687 omnis
2155 2633 2246 2703 qui
2281 2631 2329 2686 ei
2357 2631 2542 2686 lueret.
2595 2629 2752 2686 Sicut
2791 2631 2959 2691 enim,
2993 2629 3084 2700 qui
3117 2631 3295 2700 ignem
3331 2627 3385 2680 in

105 2737 220 2790 περ
247 2721 360 2792 γὰρ
381 2723 410 2774 6
441 2721 539 2789 μὲν
579 2722 1078 2792 ὲγκολπωσάμενος
1107 2722 1243 2795 πῦρ,
1272 2723 1614 2778 κατακαύσει
1637 2739 1668 2776 τ

1918 2741 1993 2779 1m
2026 2725 2212 2790 mittit,
2250 2741 2350 2780 sua
2379 2727 2729 2789 vestimenta,
2757 2731 2812 2778 et
2841 2724 2938 2793 qui
2976 2737 3144 2793 super
3177 2733 3388 2791 prunas
3479 2769 3481 2772 .

106 2813 330 2884 ἱμάτια,
357 2813 450 2866 ὁδ’
475 2813 563 2866 ἐπ’
593 2814 882 2885 ἀνθράκων
925 2815 1169 2884 βαδίσας.
1201 2817 1330 2880 τοὺς
1391 2815 1558 2880 πόδας
1613 2815 1669 2870 τὸ

1822 2814 2064 2880 tmbuiat
2099 2829 2231 2870 suos
2281 2815 2454 2885 pedes
2497 2815 2813 2880 comburit;
2853 2813 2926 2868 ita
2959 2813 3074 2878 ille,
3110 2813 3208 2882 qui
3238 2811 3385 2881 turpi

109 2905 280 2959 αὑτὸν
325 2905 528 2974 τρόπον
562 2905 589 2958 ὅ
622 2922 679 2958 τε
726 2905 1100 2976 παρεμϐαλὼν
1132 2907 1344 2974 ἑαυτὸν,
1378 2907 1446 2960 δι’
1469 2907 1672 2979 αίσχρᾶ

1822 2913 1935 2959 tetu
1985 2905 2230 2976 seipsum
2271 2905 2438 2960 tradit
2469 2905 2688 2960 mulieri
2737 2905 3066 2974 conjugatm,
3112 2911 3167 2958 et
3219 2903 3385 2956 etiam

113 2996 392 3068 πράξεως,
430 2997 566 3068 πρὸς
599 2999 836 3066 γυναῖκα
869 2997 1318 3070 συνεζευγμένην
1367 2999 1546 3070 ἀνδρὶ,
1607 2999 1674 3053 τὰ

1823 2995 1902 3064 qui
1935 3009 2032 3064 per
2063 2995 2454 3066 cogitationem
2511 3009 2680 3064 super
2713 2994 2863 3048 illam
2905 3001 3192 3064 peccatum
3253 3007 3386 3061 ope-

115 3087 208 3142 ὲπὶ
241 3087 320 3159 τῷ
364 3089 592 3160 τοιούτῳ
647 3089 960 3159 ἐγκλήματι
1018 3091 1120 3144 οὐκ
1169 3089 1496 3160 ἐκφεύξεται
1525 3093 1678 3158 δίκας

1824 3097 1985 3152 ratur,
2025 3087 2196 3158 hujus
2250 3087 2480 3143 sceleris
2541 3103 2733 3158 paruas
2779 3103 2888 3142 non
2939 3083 3197 3158 etfugiet;
3257 3085 3387 3142 talis

119 3179 214 3232 καὶ
245 3181 272 3233 ό
296 3180 382 3234 ἐπ’
420 3181 558 3250 αὐτῇ
592 3181 730 3234 κατὰ
756 3181 998 3236 διάνοιαν
1025 3181 1123 3253 τὴν
1168 3183 1450 3254 ἁμαρτίαν
1502 3186 1671 3237 ἀποτε

1822 3177 1982 3242 enim,
2013 3179 2268 3232 satanico
2299 3191 2512 3243 amore,
2547 3179 2695 3248 quod
2727 3179 2880 3248 juste
2931 3179 3075 3248 ignis
3133 3186 3385 3240 vocatur,

67 3325 78 3340 ,
120 3267 227 3322 λῶν
255 3284 267 3299 ⁸
299 3271 328 3322 6
364 3269 460 3338 μὲν
520 3269 628 3341 γὰρ
667 3269 728 3323 τὸ
792 3270 949 3340 δίκην
1005 3271 1176 3340 πυρὸς
1223 3271 1558 3326 ὐπανάπτων
1615 3289 1630 3323 ι

1825 3267 2155 3336 inhaerentia,
2185 3279 2239 3326 et
2285 3271 2342 3326 in
2395 3269 2580 3325 anima
2615 3269 2975 3340 turpitudinis
3031 3269 3236 3325 idolum
3269 3270 3388 3324 col-

125 3361 409 3414 σατανικδν
441 3361 642 3434 ἔρωτα.
674 3363 869 3418 εἴδωλα
891 3363 990 3432 τῆς
1025 3365 1259 3436 αἰσχρᾶς
1283 3365 1540 3434 πράξεως
1575 3365 1684 3418 ἀπο

1829 3359 2042 3414 ocando
2079 3401 2094 3425 ,
2147 3361 2379 3416 virtutes
2433 3361 2550 3431 igni
2581 3361 2770 3426 tradit,
2817 3377 2958 3432 quas
3011 3376 3109 3432 pro
3145 3363 3268 3415 vitae
3300 3377 3389 3416 ra-

123 3451 236 3515 θεὶς
267 3454 330 3523 τῇ
361 3451 540 3524 ψυχῇ,
593 3455 979 3526 ἀποτεφρὼσει
1029 3457 1130 3519 τὰς
1189 3457 1418 3526 ἀρετ-ἅς,
1449 3455 1517 3520 ἃς
1566 3455 1686 3511 αὖτι

1823 3451 1956 3504 .ione
1988 3453 2144 3520 quasi
2189 3451 2519 3507 vestimenta
2552 3449 2811 3516 induens,
2853 3452 3034 3506 anima
3083 3467 3112 3506 a
3145 3453 3386 3506 tumultu

124 3542 264 3596 κατὰ
289 3545 614 3616 προαίρεσιν
643 3546 717 3609 ὡς
737 3546 921 3616 ἄμφιά
944 3563 1068 3600 τινα
1100 3547 1570 3619 περιϐεϐλημένη,
1600 3549 1687 3602 ἀπὶ

1824 3541 2173 3611 :upiditatum
2220 3541 2524 3608 liberatur;
2571 3541 2663 3598 ille
2714 3549 2896 3598 autem
2940 3541 3034 3612 qui
3072 3541 3387 3597 voluntarie

127 3633 218 3686 τοῦ
247 3635 514 3704 χειμῶνος
547 3637 877 3703 φυλάττεται
901 3637 1013 3688 τῶν
1071 3635 1263 3690 παθῶν
1283 3653 1298 3668 ⁸
1329 3642 1358 3690 6
1378 3639 1436 3690 δὲ
1465 3641 1534 3709 τῇ
1566 3640 1690 3692 κατέ

1829 3651 1862 3688 n
1891 3645 2242 3703 peccatorum
2273 3633 2741 3690 tumultuantibus
2765 3633 3012 3688 ambulat
3035 3633 3387 3688 sermonibus

129 3723 358 3776 διάνοιαν
417 3723 616 3793 μελέτῃ
642 3725 728 3776 ἐπ’
763 3725 943 3778 αὐτῶν
972 3725 1209 3796 βαδίζων
1255 3727 1364 3780 τῶν
1385 3729 1484 3794 τῆς
1518 3730 1692 3798 ἁμαρ-

1822 3739 1947 3794 ιυοε
1975 3727 2129 3780 malae
2161 3725 2439 3795 cupidinis
2479 3725 2730 3782 accendit
2781 3723 2948 3794 ignis,
2984 3725 3157 3779 bonas
3189 3725 3385 3779 animae

131 3813 247 3876 τίας
293 3813 556 3882 ὲμπαθῶν
601 3813 902 3884 λογισμῶν,
952 3815 1047 3880 οὓς
1075 3817 1136 3870 τδ
1159 3815 1274 3886 πῦρ
1305 3817 1554 3886 ἐπανῆψε
1605 3818 1694 3888 τῆς

1821 3815 2170 3884 :ogitationes
2223 3816 2478 3880 destruit,
2537 3831 2634 3884 per
2681 3830 2823 3885 quas
2881 3819 3018 3880 haec,
3083 3815 3244 3884 quasi
3285 3829 3384 3885 per

137 3903 436 3976 παραλόγου
456 3905 712 3976 ὀρέξεως,
742 3907 1034 3978 διαφθερεῖ
1061 3909 1130 3962 τὰ
1153 3908 1334 3977 ἀγαθὰ
1358 3909 1700 3981 διανοήματα

1822 3905 2074 3975 ιυοεάοηι
2121 3905 2310 3974 pedes,
2365 3907 2434 3960 ad
2495 3905 2962 3976 impassibilitatis
3025 3905 3240 3960 beatam
3296 3921 3385 3961 re-

135 3999 230 4068 τῆς
261 3995 462 4066 ψυχῆς·
485 3995 553 4048 δι’
573 3989 668 4060 ὧν,
700 3995 778 4058 ῶς
823 4013 990 4051 τινων
1031 3999 1230 4067 ποδῶν,
1259 3999 1397 4070 πρὸς
1441 4000 1538 4072 τὴν
1595 4019 1698 4072 μα-

1076 3999 1230 4067 οδῶν,
1259 3999 1397 4070 πρὸς
1441 4000 1538 4072 τὴν
1595 4019 1702 4072 μα-
1806 3995 1988 4066 quiem
2020 3995 2306 4066 pervenire
2333 3999 2639 4052 consuevit.

139 4087 320 4159 καρίαν
380 4086 481 4158 τῆς
523 4087 797 4152 ἀπαθείας
847 4089 1002 4160 λῆξιν
1073 4089 1213 4162 αὕτη
1269 4091 1481 4161 πέφυκε
1543 4091 1702 4163 φέρε-

144 4177 276 4232 σθαι.

203 4269 262 4323 λ’.
292 4271 368 4326 οὐ
390 4269 741 4340 θαυμαστὸν
761 4269 872 4324 ἐὰν
913 4267 1043 4336 ἁλῷ
1093 4287 1186 4337 τις
1239 4271 1538 4328 κλέπτων.
1593 4274 1703 4328 Καὶ

1873 4259 2043 4318 Vsus.
2080 4261 2170 4318 50.
2209 4261 2332 4318 Non
2385 4263 2579 4318 mirum
2617 4264 2666 4318 si
2707 4265 2952 4333 capiatur
3004 4263 3124 4335 quis
3168 4263 3379 4334 furnus.

144 4359 278 4426 ξένον
309 4363 398 4432 μὲν
429 4361 582 4416 οὐδέν
610 4364 780 4428 ἐστιν,
815 4363 910 4416 ἐάν
949 4379 1034 4426 τις
1065 4364 1158 4416 ἐπὶ
1201 4363 1376 4434 κλοπῇ
1426 4363 1698 4437 κρατηθῇ.

1818 4351 1924 4408 Non
1963 4365 2050 4410 est
2079 4368 2306 4420 novum,
2335 4355 2379 4408 si
2405 4355 2528 4422 quis
2570 4357 2626 4410 in
2667 4354 2820 4410 furto
2859 4357 3381 4425 comprehendatur.

148 4451 360 4505 κλέπτει
401 4453 510 4525 γὰρ
533 4453 600 4506 τὰ
631 4455 910 4525 ἀλλότρια,
935 4455 1024 4508 ἵνα
1051 4449 1128 4510 ὦν
1159 4453 1275 4526 ἔχει
1309 4454 1506 4519 ἐνδεῶς
1537 4473 1698 4528 κορε-

1820 4443 2046 4500 Furatur
2121 4445 2268 4500 enim
2343 4445 2544 4511 aliena,
2609 4453 2672 4500 ut
2695 4447 2973 4500 nutriatur
3041 4447 3122 4502 eis
3179 4446 3383 4516 quibus

183 4541 262 4596 θῇ.
1729 4561 1774 4596 n
1802 4547 1944 4596 eaet.

153 4545 208 4595 σθ
250 4583 262 4596 .

210 4545 296 4688 Ξαη
327 4634 466 4690 Ἐὰν
485 4635 554 4690 δὲ
591 4636 738 4704 ἁλῷ,
767 4637 1046 4692 ἀποτίσει
1081 4637 1534 4704 ἐπταπλασίως.
1575 4639 1694 4692 Φω-

1816 4553 1832 4594 Ξ
1870 4547 1944 4592 et.

1835 4555 2042 4686 8Vnus.
2095 4631 2185 4685 3i.
2245 4630 2306 4686 Si
2337 4631 2788 4700 deprehendatur,
2827 4631 3010 4686 reddet
3058 4633 3379 4702 septnplum.

154 4725 314 4792 ραθεὶς
335 4725 386 4778 δὲ
417 4727 516 4780 καὶ
553 4729 934 4800 κατασχεθεὶς,
969 4729 1242 4784 ἀποδώσει
1293 4729 1690 4794 ἑπταπλασίως

1820 4723 2183 4795 )eprehensus
2212 4735 2266 4780 et
2301 4725 2582 4792 detentus,
2633 4727 2822 4780 reddet
2849 4725 3158 4796 septuplum
3193 4741 3383 4780 eorum

151 4813 175 4866 ὃ
193 4815 436 4884 ἀφείλετο.

1797 4831 1920 4886 qua:
1945 4817 2145 4886 rapuit.

211 4909 302 4962 Kal
329 4909 518 4964 πάντα
545 4911 616 4964 τὰ
643 4910 994 4981 ὑπάρχοντα
1014 4911 1201 4966 αὑτοῦ
1229 4911 1397 4978 δοὺς,
1427 4913 1686 4980 ῥύσεται

1862 4905 1932 4962 Et
1965 4911 2141 4961 omnia
2173 4925 2270 4962 sua
2304 4909 2464 4972 dans,
2493 4909 2724 4978 seipsum
2755 4910 3021 4965 liberabit.
3057 4910 3118 4964 Et
3160 4925 3377 4966 omnem

155 4999 356 5054 ἑαυτόν.
415 5003 526 5055 Καὶ
581 5003 762 5056 πᾶσαν
799 5003 900 5074 τὴν
951 5001 1266 5074 προσοῦσαν
1298 5001 1447 5072 αὐτῴ
1477 5021 1695 5074 περιουο

1818 5015 1951 5052 mam
1982 4999 2350 5056 substantiam
2401 4999 2622 5056 tradens
2675 5001 2744 5056 ab
2783 5001 2888 5056 hoc
2923 5002 3155 5056 crimine
3179 5001 3381 5056 liberu-

158 5091 259 5146 σίαν
289 5092 594 5163 παρασχὼν,
649 5094 1058 5168 ἀπολυθήσεται
1099 5093 1192 5147 τοῦ
1217 5094 1462 5148 τοιούτου
1493 5097 1694 5169 ὲγκλή-
1797 5090 1966 5145 hitur.

160 5201 316 5254 ματος.

215 5273 298 5344 λβ’.
329 5275 468 5328 Ὀΰὲ
483 5275 710 5344 μοιχὸς,
743 5275 818 5330 δι’
840 5277 1079 5331 ἔνδειαν
1097 5275 1356 5347 φρενῶν,
1381 5277 1690 5332 ἀπώλειαν

1853 5267 2020 5323 Vens.
2052 5267 2145 5323 32.
2187 5269 2412 5324 Adulter
2447 5287 2566 5326 vero
2613 5273 2676 5326 ob
2725 5275 2962 5343 inapiam
2998 5277 3379 5348 cogitationum

157 5361 218 5432 τῇ
245 5364 434 5419 ἑαυτοῦ
463 5366 635 5436 ψυχῇ
692 5367 1103 5435 περιποιεῖται.
1153 5367 1212 5420 '0
1241 5367 1297 5421 δὲ
1329 5385 1688 5438 περιπεπτω-

1814 5363 2072 5415 νεινηὶεἱεηι
2124 5379 2236 5416 sua:
2301 5363 2494 5418 anima:
2549 5365 2794 5420 attrahit.
2840 5367 2942 5434 Qui
3007 5369 3061 5423 in
3129 5371 3377 5424 museliim

160 5455 253 5518 κὼς
279 5456 343 5525 τῷ
359 5457 456 5526 τῆς
486 5459 736 5528 μοιχείας
753 5459 1087 5531 ἐγκλήματι,
1103 5461 1163 5512 ού
1185 5460 1345 5530 μόνον
1361 5460 1429 5513 δι’
1448 5461 1688 5530 ἀφροσύ-

1810 5457 1995 5512 ιεοιοτο
2051 5457 2264 5522 incidit,
2329 5475 2436 5513 non
2492 5461 2666 5514 solum
2741 5471 2963 5532 propter
3009 5479 3164 5520 suam
3235 5465 3373 5518 insi-

161 5563 257 5614 νην.
279 5545 360 5617 τὴν
383 5547 518 5601 ἰδίαν
545 5549 768 5602 ἁπόλλει
785 5549 964 5622 ψυχὴν
993 5551 1138 5606 κατὰ
1154 5551 1397 5605 διάνοιαν
1429 5553 1523 5604 καὶ
1547 5553 1686 5608 κατᾶ

1812 5549 2075 5616 nentiam,
2126 5559 2179 5606 et
2207 5567 2302 5621 per
2365 5555 2758 5624 cogitationem
2809 5563 2864 5610 et
2899 5573 2997 5626 per
3045 5573 3182 5628 opus
3240 5571 3375 5626 pro-

165 5637 342 5709 πρᾶξιν,
365 5639 436 5702 ὡς
457 5643 692 5714 εἴρηται,

1789 5643 1962 5711 priam
1999 5643 2236 5696 animam
2273 5645 2482 5715 perdet,
2515 5655 2574 5700 nt
2607 5647 2812 5701 dictum
2849 5658 2951 5712 est,

219 5727 300 5794 λγ’.
331 5731 572 5798 Ὀδὺνας
611 5751 673 5788 τε
707 5735 804 5788 καὶ
847 5737 1088 5804 ἀτιμίαν
1149 5735 1452 5804 ὑποφέρει.
1521 5738 1681 5794 Ἀλλὰ

1845 5737 2013 5792 Vsus.
2053 5737 2142 5792 55.
2205 5739 2424 5794 Dolores
2481 5751 2531 5794 et
2579 5741 2923 5812 ignominiam
2968 5739 3202 5810 sufferet.
3266 5739 3371 5796 Sed

163 5820 237 5870 mi
257 5822 514 5890 αἰκισμοὺς
555 5827 753 5893 σαρκὸς
779 5827 872 5881 καὶ
903 5827 1086 5898 ὕϐρεις
1111 5829 1424 5896 ὑφίσταται.

1785 5831 1946 5886 etiam
1977 5831 2190 5888 dolores
2239 5833 2488 5904 corporis
2533 5843 2584 5890 ct
2615 5835 2904 5905 upprubriu
2949 5835 3259 5892 sustinvbit.
