3958 6202
292 289 418 356 1⁸281

1315 290 1852 351 COMMENTARII
1895 290 1977 351 IN
2016 291 2472 354 PROVERBIA.

3401 293 3536 357 1282

285 425 368 459 σοι
405 404 650 472 ποίησον,
689 401 780 457 διά
819 402 918 472 τῆς
951 402 1139 456 πασῶν
1165 402 1276 458 τῶν
1306 403 1626 473 πρακτικῶν
1653 405 1863 477 ἀρετῶν

1982 408 2275 477 generalem
2309 408 2560 463 omnium
2593 408 2959 480 practicarum
2994 409 3254 464 virtutum
3285 407 3532 470 dilectio-

283 494 657 564 γενικωτάτης
710 494 961 564 ἀγάπηςο
997 493 1066 547 δι’
1083 488 1152 565 ἧς
1172 495 1206 564 ἡ
1251 495 1390 566 πρὸς
1417 495 1507 549 τδν
1535 495 1670 549 Θεὸν
1689 495 1861 564 Λόγον

283 588 474 659 ἀγάπη
505 588 855 658 γνωρίζεται.

355 686 415 733 ε’.
446 680 580 734 Ἵνα
609 694 685 733 σε
717 677 950 749 τηρήσῃ
969 679 1088 734 ἀπὸ
1101 679 1387 748 γυναικὸς
1408 680 1734 750 ἀλλοτρίας
1760 679 1862 734 καί

283 769 574 838 πονηρᾶς.
596 771 789 834 Ὅπως
811 786 869 822 σε
900 771 1113 843 φυλάξῃ
1139 771 1248 825 ἀπὸ
1265 769 1563 842 ἐπιθυμίας
1586 772 1711 841 τῆς,
1737 771 1859 826 κατ’

283 861 514 930 ἔλλειψιν
537 861 637 927 μὲν
667 861 767 929 τῆς
793 860 1174 931 σωφροσύνης,
1222 859 1405 931 ἐώσης
1431 861 1533 932 τὴν
1563 861 1861 916 ἀπόλαυσιν

281 950 372 1004 τοῦ
396 951 866 1022 συναρμοσθέντος
914 952 1053 1023 αὐτῇ
1078 951 1239 1020 λόγου
1277 951 1421 1006 κατά
1443 952 1536 1006 τδν
1565 953 1731 1024 νόμον
1755 954 1861 1023 τῆς

282 1041 632 1113 ἀνθρωπίνης
663 1043 901 1111 φύσεως,
952 1045 1046 1096 καὶ
1074 1042 1291 1114 ἐρώσης
1320 1043 1618 1098 ἀπολαύειν
1662 1045 1862 1101 ἀκολά-

285 1152 425 1200 στως
456 1137 557 1206 τῆς
585 1137 899 1201 πολυειδοῢς
931 1137 1052 1191 κατ’
1081 1137 1337 1208 αῐσθησιν
1367 1137 1704 1210 προσκαίρου
1733 1139 1860 1210 ἠδο-

285 1230 402 1296 νῆς,
432 1227 556 1281 καθ’
574 1227 879 1302 ὑπερσολὴν
891 1229 949 1282 δὲ
965 1229 1162 1293 πόνους
1183 1228 1400 1300 ἐρώσης
1415 1229 1540 1292 τοὺς
1559 1229 1700 1284 κατά
1715 1228 1860 1301 [τὴν]

283 1318 392 1372 ἀπὸ
421 1319 527 1372 τῶν
555 1320 729 1390 ἡδέων
767 1319 1034 1391 ἠλιθιώδη
1063 1319 1416 1392 ἐγκράτειαν,
1445 1319 1522 1382 ώς
1553 1320 1861 1391 μωραίνου-

284 1423 383 1459 σαν
407 1407 466 1460 ἐν
488 1406 566 1477 τῷ
601 1408 676 1478 μὴ
722 1402 862 1461 εἷναι
894 1408 984 1462 διά
1014 1408 1171 1475 Θεὸν,
1205 1404 1344 1460 ἀλλά
1368 1405 1772 1462 ἐπιδείκνυσθαι
1792 1407 1867 1461 δι’

287 1495 386 1550 ἀνθ
396 1495 596 1567 ρώπων
627 1497 948 1568 ἀρέσκειαν.

363 1587 510 1642 Ἐάν
529 1601 603 1642 σε
612 1589 817 1657 λόγοις
836 1587 958 1654 τοῖς
973 1587 1122 1656 πρὸς
1134 1586 1314 1656 χάριν
1323 1586 1670 1657 ἐμϐάληται.
1687 1587 1862 1659 Είπερ

282 1694 344 1731 σε
378 1680 411 1747 ἡ
446 1678 669 1748 τοιαύτη
687 1679 953 1748 ἐπιθυμία
981 1678 1256 1749 λογισμοῖς
1280 1681 1392 1743 τοῖς
1421 1678 1559 1750 πρὸς
1580 1678 1790 1748 τέρψιν,
1825 1679 1863 1751 ἦ

279 1753 394 1830 τοῖς
423 1767 558 1836 πρὸς
577 1766 796 1820 ἔπαινον
823 1767 1197 1837 ἐμσισάσειεν.

357 1871 432 1924 ς’.
480 1857 624 1912 Ἀπὸ
647 1858 756 1930 γὰρ
792 1859 1035 1928 θυρίδος
1058 1859 1126 1914 ἐκ
1150 1860 1257 1915 τοῦ
1297 1861 1480 1915 οτκου-
1505 1859 1718 1929 αὐτῆς,
1776 1859 1865 1925 είς

279 1951 389 2017 τὰς
415 1951 704 2016 πλατείας
739 1951 1242 2018 παρακύπτουσα.
1317 1952 1452 2005 Ἀπὸ
1478 1954 1589 2022 γάρ
1609 1967 1753 2016 τινος
1781 1951 1866 2003 αί-

284 2034 606 2112 σθήσεως,ᾖ
639 2041 715 2104 ώς
740 2041 966 2111 ἐνοίκίᾳ
998 2042 1108 2093 τινὶ
1131 2040 1474 2112 ἐνδιατρίϐει,
1517 2041 1866 2112 προκύπτου-

285 2148 354 2186 σα
377 2133 455 2196 είς
483 2131 582 2195 τὰς
623 2133 702 2194 είς
731 2129 1007 2185 ἀπώλειαν
1053 2131 1297 2200 ἀγούσας
1358 2132 1705 2204 εὐρυχώρους
1760 2131 1864 2202 τῆς

283 2225 579 2288 ἀκολασίας
609 2224 783 2288 ὁδούς.

355 2313 422 2379 ζ’.
456 2316 565 2368 Ὃν
595 2313 672 2370 ἂν
701 2313 801 2382 ιδῃ
841 2313 963 2367 τῶν
983 2313 1263 2384 ἀφρόνων
1309 2315 1557 2380 τέκνων,
1614 2315 1865 2370 νεανίαν

283 2403 463 2474 ἐνδεῆ
521 2402 778 2472 φρενῶν.
829 2397 1008 2474 ’ᾨτινι
1062 2403 1132 2457 ἀν
1172 2403 1369 2476 ἐντύχῃ
1415 2405 1528 2458 τῶν
1565 2404 1864 2474 ἀλογίστως

288 2494 548 2565 βιούντων
573 2493 674 2564 τῆς
698 2493 975 2557 ἀπωλείας
998 2492 1154 2560 υἱῶν,
1179 2496 1246 2564 τῇ
1275 2494 1461 2566 ἡλικίᾳ
1487 2494 1736 2559 νεάζοντι
1759 2495 1857 2550 καὶ

286 2587 406 2648 ταῖς
452 2585 645 2655 φρεσὶν
673 2583 875 2637 ἀτελεῖ.

353 2674 430 2745 η’.
458 2675 1031 2742 Παραπορευόμενον
1046 2673 1194 2746 [cod.
1211 2673 1410 2746 -ένη]
1437 2675 1596 2745 παρὰ
1646 2677 1866 2747 γωνίαν

285 2763 357 2818 ἐν
385 2763 610 2828 διόδοις
633 2763 804 2819 οίκου
831 2761 1041 2831 αὐτῆς.
1078 2763 1170 2834 Μὴ
1226 2763 1500 2830 ίθυτενῶς,
1561 2766 1715 2839 παρὰ
1773 2766 1866 2821 τὸν

286 2855 442 2924 λόγον
471 2854 528 2908 δὲ
559 2855 658 2924 τῆς
695 2855 1042 2926 ἀνθρωπίνης
1070 2855 1289 2924 φύσεως
1320 2856 1415 2910 τὸν
1442 2857 1632 2930 ῶσπερ
1662 2859 1865 2928 γωνίαν

291 2942 620 3002 συναπτικδν
649 2946 750 3016 τῆς
773 2964 833 2999 τε
861 2947 1058 3018 νοητῆς
1089 2949 1184 3001 καὶ
1208 2949 1308 3020 τῆς
1339 2951 1603 3022 αίσθητῆς
1627 2953 1864 3023 φύσεως,

1961 513 2108 567 nem,
2143 514 2241 570 per
2275 515 2441 573 quam
2475 499 2831 572 cognoscitur
2863 515 3019 555 amor
3069 517 3383 560 sermonum
3408 504 3527 562 Dei.

2018 669 2188 726 Vsus.
2247 671 2300 725 5.
2337 669 2405 725 Ut
2459 680 2507 725 te
2558 671 2830 724 custodiat
2875 687 2907 725 a
2944 672 3162 727 muliere
3198 684 3452 730 extranea
3484 685 3536 731 et

1962 762 2131 820 mala.
2165 761 2234 818 Ut
2272 764 2507 832 teipsum
2557 765 2846 820 custodias
2878 780 2907 818 a
2942 766 3267 835 cupiditate,
3316 785 3440 838 quae
3467 785 3532 824 ex

1960 853 2175 909 defectu
2201 855 2505 925 prudentiae
2534 857 2736 921 oritur,
2771 865 2828 910 et
2859 858 3096 928 impellit
3120 859 3191 914 ad
3223 861 3536 932 voluptates

1961 945 2030 1000 ad
2063 959 2202 1016 quas
2240 960 2306 1001 ex
2336 960 2396 1000 se
2424 945 2599 1000 fertur
2629 946 2870 1002 humana
2911 957 3129 1012 natura,
3160 960 3214 1004 et
3242 967 3365 1020 quae
3391 962 3538 1006 aliaat

1960 1035 2071 1091 frui
2123 1037 2482 1092 immoderate
2524 1039 2693 1094 variis
2739 1042 3134 1110 temporalibus
3180 1044 3532 1116 libidinibus;

1962 1134 2023 1181 ut
2055 1136 2106 1183 te
2135 1142 2422 1184 removeas
2451 1128 2519 1181 ab
2548 1143 2610 1183 ea
2647 1144 2772 1198 quae
2797 1144 2866 1184 ex
2906 1130 3129 1187 virtutis
3166 1148 3395 1191 excessu
3426 1137 3539 1192 ori-

1962 1223 2074 1282 tur,
2099 1217 2422 1287 cupiditate,
2455 1223 2580 1289 qu'at
2625 1218 2933 1274 delectatur
2967 1221 3163 1277 insane
3188 1225 3255 1279 de
3281 1225 3532 1297 volupta-

1965 1307 2113 1364 tibus
2166 1310 2462 1379 superatis,
2519 1310 2784 1380 glorians,
2826 1327 2936 1366 non
2990 1314 3139 1384 quod
3185 1315 3290 1371 hoc
3323 1319 3393 1372 sit
3422 1317 3538 1373 Deo

1960 1397 2290 1468 jucundum,
2334 1400 2429 1456 sed
2459 1401 2590 1470 quia
2620 1399 2748 1456 inde
2785 1409 2969 1472 potest
2995 1406 3224 1462 exaltari
3247 1408 3391 1477 apud
3431 1409 3535 1465 bo-

1962 1491 2162 1546 mines.

2035 1580 2098 1636 Si
2145 1591 2194 1637 te
2244 1581 2574 1637 sermonibus
2625 1583 2874 1638 adoritur
2921 1588 3195 1656 gratiosis.
3241 1589 3298 1644 Si
3336 1598 3389 1645 te
3419 1591 3538 1647 haec

1967 1671 2246 1741 cupiditas
2271 1673 2619 1731 sermonibus
2658 1676 2958 1747 voluptatis
2983 1680 3068 1734 vel
3099 1681 3374 1751 superbia:
3405 1685 3539 1739 ado-

1965 1763 2160 1817 riatur.

1995 1852 2192 1907 Vens.
2227 1853 2281 1907 6.
2335 1852 2415 1909 De
2459 1855 2692 1923 fenestra
2721 1857 2882 1921 enim,
2909 1873 2937 1910 e
2974 1856 3130 1911 domo
3159 1875 3280 1923 sua,
3315 1861 3372 1912 in
3419 1861 3542 1930 pla-

1965 1950 2078 1996 teas
2157 1944 2506 2010 prospiciens.
2557 1944 2727 2010 Quasi
2783 1945 2851 2000 de
2906 1945 3172 2013 fenestra,
3227 1947 3297 2003 de
3349 1949 3537 2020 aliquo

1963 2045 2131 2086 sensu
2171 2032 2348 2100 partis
2384 2034 2688 2099 sensitive},
2717 2034 2774 2087 in
2806 2049 2915 2104 qua
2950 2035 3123 2090 veluti
3163 2037 3219 2091 in
3240 2036 3404 2092 domo
3439 2038 3540 2092 ha-

1962 2121 2128 2187 bitat,
2154 2125 2522 2194 prospiciens,
2553 2126 2608 2179 in
2643 2125 2823 2196 largas
2873 2126 3258 2184 dissolutionis
3286 2129 3424 2193 vias,
3459 2128 3542 2186 fe-

1962 2221 2152 2271 rentes
2180 2215 2246 2269 ad
2285 2225 2540 2270 mortem.

2025 2303 2198 2359 Vsus.
2229 2305 2281 2359 7.
2316 2305 2379 2361 Si
2432 2321 2586 2375 quem
2636 2305 2776 2360 videt
2805 2307 3206 2362 insensatorum
3228 2325 3540 2377 puerorum,

1960 2396 2206 2467 juvenem
2255 2396 2538 2466 prudentia
2585 2399 2920 2453 destitutum.
2964 2399 3023 2455 Si
3069 2402 3159 2454 cui
3206 2405 3536 2468 occurrerit,

1964 2486 2296 2557 perditionis
2321 2487 2560 2543 filiorum
2593 2504 2704 2544 non
2742 2499 2892 2546 recte
2920 2493 3349 2560 ambulantium,
3375 2503 3539 2551 aetate

1960 2577 2171 2648 juveni,
2200 2581 2489 2648 prudentia
2517 2595 2704 2650 parvo.

2027 2668 2195 2726 Vsus.
2227 2673 2281 2727 8.
2348 2672 2730 2727 Transeuntem
2781 2672 2944 2742 juxta
2995 2675 3272 2744 angulum,
3345 2677 3400 2731 in
3440 2678 3539 2732 viis

1965 2763 2152 2818 domus
2182 2763 2318 2833 ejus.
2361 2761 2442 2835 (Si
2494 2765 2763 2834 occurrit)
2794 2767 2960 2820 alicui
2993 2767 3229 2822 filiorum
3259 2785 3364 2824 non
3393 2780 3540 2826 recte

1965 2855 2361 2911 ambulantium
2419 2855 2576 2926 juxta
2637 2872 2950 2912 sermonem
3010 2858 3261 2915 humanae
3305 2871 3538 2926 natura.

1961 2945 2280 3016 jungentem
2315 2945 2460 3001 inter
2512 2960 2572 3000 se
2595 2954 2856 3016 tanquam
2905 2947 3189 3017 angulum,
3241 2959 3296 3004 et
3331 2959 3537 3020 partem

277 3039 386 3111 τὴν
437 3040 640 3109 γνῶσιν
690 3040 798 3093 τῶν
842 3040 1120 3112 αἰσθητῶν
1161 3041 1297 3096 υίῶν
1346 3042 1768 3117 διεξερχομένων
1803 3049 1863 3102 ἐν

1982 3036 2276 3106 tpiritalem
2306 3043 2362 3090 et
2403 3047 2612 3106 partem
2642 3037 3014 3107 corporalem,
3054 3046 3109 3093 et
3160 3039 3326 3094 rebus
3363 3043 3540 3097 sensi-

285 3133 405 3194 ταῖς
451 3131 750 3201 ἐνεργείαις
786 3135 906 3194 ταῖς
974 3131 1117 3187 κατά
1175 3135 1246 3188 τά
1296 3134 1624 3206 αἰσθητήρια
1649 3153 1664 3167 ο
1709 3137 1869 3193 ἀτινά

287 3223 395 3274 εισι
425 3222 563 3290 πρὸς
596 3221 664 3274 τά
695 3222 935 3294 αἰσθητά
962 3224 1072 3278 ὁδοὶ
1096 3224 1209 3278 τῶν
1243 3225 1550 3298 αίσθήσεων
1575 3246 1590 3262 ο
1646 3225 1737 3294 αἷς
1792 3231 1868 3297 ὡς

279 3311 347 3367 εν
366 3327 510 3366 τισιν
533 3313 704 3376 οἴκοις
733 3313 872 3386 αὕτη
907 3315 1260 3388 ἐνδιατρίσει.

353 3491 418 3548 θ’.
455 3493 566 3547 Καὶ
591 3493 903 3548 λαλοῦντα
929 3495 999 3550 ἐν
1036 3499 1243 3553 σκότει
1289 3500 1606 3570 ἐσπερινῷ.
1668 3504 1776 3558 Καὶ
1797 3495 1867 3572 ᾧ·

283 3602 394 3638 τινι
423 3585 851 3654 διαλογιζομένῳ
887 3587 945 3638 ἐν
962 3587 1145 3641 σκότει
1188 3591 1438 3657 ἀγνοίας,
1472 3592 1640 3662 μεθ’ὃ
1664 3593 1730 3646 ἂν
1763 3594 1866 3648 om

287 3672 387 3745 τὴν
437 3674 624 3742 γήϊνον
685 3674 865 3742 σάρκα
901 3675 1152 3745 κρυόῶσι
1202 3680 1344 3732 κατά
1374 3679 1474 3750 τὴν
1509 3682 1638 3751 περὶ
1664 3682 1867 3753 ταύτην

290 3761 478 3829 σχέσιν
509 3760 698 3824 αὑτοῦ,
731 3762 787 3814 αί
817 3760 1207 3830 διαυγάζουσαι
1234 3766 1411 3838 τούτῳ
1441 3769 1566 3840 τὴνι
1595 3770 1713 3824 όδὸν
1769 3772 1868 3843 τῆς

287 3849 634 3920 δικαιοσύνης
673 3849 814 3905 θεῖαι
841 3852 1086 3920 ἐντολαὶ,
1129 3855 1320 3928 ῶσπερ
1367 3859 1472 3913 ὑπὸ
1504 3861 1608 3931 γῆν
1651 3862 1868 3927 ἀκτῖνες

287 3941 535 4013 ἡλιακαί.

376 4032 576 4088 Ἠνίκα
630 4033 708 4089 ἂν
747 4035 982 4104 ἡσυχία
1023 4037 1346 4107 νυκτερινὴ
1373 4035 1416 4111 ᾖ
1449 4039 1549 4094 καί
1581 4039 1864 4111 ζοφώδης.

301 4125 568 4196 ὀπηνίκα
590 4127 666 4198 μὴ
693 4126 1058 4197 διαλογίζεται
1093 4145 1148 4182 τι
1187 4130 1442 4202 χρηστὸν,
1471 4133 1541 4186 δι’
1594 4133 1867 4203 ἀγνωσίαν

289 4218 382 4272 καὶ
407 4218 671 4288 ἀορασίαν
698 4220 792 4273 τοῦ
835 4219 1006 4283 ὅντως
1034 4219 1226 4275 καλοῦ.

364 4313 416 4362 ι’.
452 4309 514 4364 Ἠ
541 4309 612 4362 δὲ
658 4309 815 4378 γυνὴ
865 4310 1139 4378 συναντᾷ
1190 4311 1370 4378 αὐτῷ,
1418 4310 1578 4382 εῒδος
1633 4317 1864 4386 ἔχουσα

1969 3125 2115 3181 libus
2159 3126 2494 3190 inhaerendo,
2557 3141 2818 3181 sensuum
2874 3127 3160 3182 scientiam
3206 3128 3537 3196 colentium;

1967 3232 2056 3273 res
2079 3219 2226 3273 enim
2284 3219 2520 3274 sensiles
2574 3227 2702 3274 sunt
2760 3219 3018 3274 sensibus
3063 3219 3315 3288 quaedam
3346 3222 3447 3276 viae
3473 3223 3539 3276 ad

1965 3308 2301 3379 voluptates,
2343 3309 2399 3364 in
2454 3309 2656 3380 quibus
2708 3308 2875 3365 veluti
2933 3311 2989 3365 in
3026 3309 3286 3368 domibus
3332 3312 3542 3369 habitat

2033 3487 2200 3546 Vsus.
2252 3489 2307 3544 9.
2362 3486 2432 3543 Et
2463 3489 2758 3560 loquentem
2805 3491 2860 3544 in
2909 3491 3155 3557 tenebris,
3211 3508 3439 3561 vespere.
3475 3493 3544 3548 Et

1967 3579 2219 3650 loquenti
2272 3581 2328 3634 in
2354 3581 2682 3650 ignorantia:
2725 3581 2990 3646 tenebris,
3039 3584 3246 3652 quibus
3285 3583 3542 3640 duranti-

1966 3669 2095 3732 bus.
2126 3670 2285 3739 quasi
2319 3669 2458 3724 radii
2490 3669 2705 3724 solares
2736 3671 2840 3725 sub
2880 3680 3050 3736 terra,
3085 3673 3158 3726 ita
3190 3672 3295 3728 sub
3323 3683 3541 3729 terrena

1967 3775 2158 3824 carne,
2211 3769 2434 3831 propter
2485 3759 2607 3828 ejus
2652 3761 2707 3814 in
2747 3776 2868 3815 eam
2899 3761 3273 3828 dilectionem,
3308 3763 3541 3818 abscon-

1968 3850 2175 3906 duntur
2233 3851 2420 3906 divina
2464 3859 2756 3922 praecepta,
2813 3852 2892 3907 illi
2946 3853 3090 3908 viam
3137 3852 3369 3924 justitia:
3411 3855 3543 3910 illu-

1965 3944 2214 3999 strantia.

2036 4036 2263 4103 Quando
2291 4035 2566 4090 silentium
2601 4035 2772 4090 noctis
2806 4043 2855 4089 et
2893 4035 3187 4090 obscuritas
3218 4035 3378 4090 venit.
3404 4034 3539 4091 Cum

1967 4127 2106 4183 nihil
2171 4127 2300 4182 boni
2348 4134 2496 4198 agat,
2537 4128 2608 4184 ob
2636 4127 3010 4198 ignorantiam
3061 4129 3174 4184 veri
3213 4128 3344 4183 boni
3391 4130 3538 4199 quod

1969 4234 2077 4275 non
2117 4218 2287 4274 videt.
2371 4229 2374 4232 '

2033 4309 2199 4366 Vsus.
2231 4311 2320 4365 10.
2384 4309 2584 4364 Mulier
2607 4319 2734 4364 tunc
2770 4311 3005 4366 occurrit
3037 4311 3142 4378 illi,
3207 4313 3400 4381 {aciem
3443 4313 3540 4367 lm-

289 4403 602 4467 πορνικόν.
650 4401 714 4453 Ἦ
747 4402 972 4472 τοιαύτη
1003 4403 1268 4473 ἐπιθυμία
1297 4405 1510 4476 ὑπαντᾷ
1546 4407 1721 4477 αὐτῷ,
1771 4411 1863 4480 ὁρ-

1982 4403 2090 4458 iens
2137 4405 2454 4457 meretricis.
2497 4402 2652 4458 Tunc
2717 4404 2809 4458 illa
2859 4403 3131 4471 cupiditas
3172 4407 3418 4460 occurrit
3452 4407 3541 4476 ju-

294 4492 464 4560 μῶντι
498 4491 634 4562 πρὸς
661 4493 830 4564 αὐτὴν
855 4495 997 4547 κατὰ
1027 4495 1276 4566 γνώμην,
1306 4497 1526 4552 εἴδωλον
1539 4501 1866 4572 περιφέρου-

293 4599 361 4634 σα
395 4583 696 4664 ἁμαρτίας,
737 4586 800 4637 ὲκ
851 4587 944 4639 τοῦ
981 4589 1172 4660 πόρρω
1221 4587 1409 4644 νεῦσαι
1453 4591 1546 4644 τοῦ
1593 4591 1866 4664 σώφρονος

287 4672 572 4744 λογισμοῦ.

365 4771 440 4822 Ἢ
488 4770 649 4822 ποιεῖ
680 4769 834 4823 νέων
867 4770 1221 4834 ἐξίπτασθαι
1259 4773 1530 4840 καρδίας.
1563 4773 1722 4837 Ἥτις
1743 4776 1865 4828 ἐπι-

287 4859 458 4928 θυμία
495 4859 903 4929 παρασκευάζει
938 4861 1036 4931 μὲν
1061 4862 1160 4925 τὰς
1203 4862 1441 4928 διανοίας
1494 4871 1604 4918 τῶν
1639 4867 1714 4937 μὴ
1772 4867 1863 4936 βε-

287 4951 535 5020 ϐηκότων
583 4951 682 5014 τὰς
739 4952 962 5021 φρένας,
1019 4953 1184 5018 ὀξέως
1224 4954 1487 5025 φέρεσθαι
1509 4957 1645 5027 πρὸς
1679 4959 1860 5030 ἀμαρ-

281 5043 424 5106 τίας.

357 5139 448 5186 ια’.
499 5133 986 5203 ’Δνεπτερωμένη
1010 5133 1078 5188 δέ
1105 5135 1235 5188 ἐστι
1260 5139 1355 5190 καί
1385 5138 1638 5204 ἄσωτος.
1656 5139 1861 5210 ’Υπάρ-

284 5240 368 5295 κει
393 5223 448 5276 δέ
481 5223 616 5294 πρὸς
646 5225 744 5294 μὲν
779 5225 982 5295 ταύτην
1010 5226 1250 5295 ὁργῶσα,
1283 5227 1380 5281 τοῦ
1424 5229 1481 5281 δέ
1521 5231 1664 5284 κατὰ
1683 5229 1859 5301 ψυχὴν

285 5314 514 5369 πλούτου
546 5316 910 5389 δαπανητική.

364 5405 460 5456 Ἐν
491 5405 635 5470 οίκῳ
666 5407 733 5458 δὲ
761 5409 875 5474 οὐχ
897 5406 1309 5476 ἡσυχάζουσιν
1345 5411 1399 5463 οι
1438 5409 1618 5477 πόδες
1646 5412 1855 5482 αὐτῆς.

295 5497 382 5548 Ἐν
418 5491 526 5570 ᾖδέ
551 5499 625 5559 rb;
656 5500 712 5551 ἐν
747 5501 883 5567 οἴκῳ
940 5501 1042 5552 τινὶ
1071 5500 1331 5571 διατρίϐει
1375 5501 1643 5574 αἰσθήσει,
1674 5505 1734 5557 ού
1765 5505 1857 5575 μὲ-

279 5604 460 5639 νουσιν
482 5589 536 5640 al
575 5591 815 5658 κινήσεις
843 5589 1009 5658 αὐτῆς
1033 5591 1382 5660 ἀμετάὁατοι.

352 5674 436 5746 ιβ’.
471 5678 701 5747 Χρόνον
731 5680 838 5749 γάρ
868 5697 997 5735 τινα
1048 5681 1164 5746 ἔξω
1211 5681 1512 5753 ῥέμϐεται.
1562 5687 1697 5740 Ποτὲ
1756 5687 1854 5758 μὲν

1965 4493 2115 4559 veni,
2167 4509 2232 4548 ex
2275 4494 2443 4549 corde
2480 4495 2815 4560 accurrenti,
2852 4493 3039 4550 ferens
3073 4494 3266 4550 faciem
3304 4499 3537 4566 peccati,

1965 4598 2030 4638 ex
2063 4597 2132 4639 eo
2158 4583 2306 4654 quod
2337 4583 2500 4655 longe
2527 4585 2650 4639 ierit
2679 4601 2710 4640 a
2735 4593 2886 4640 recto
2919 4600 3192 4642 sermone.

2037 4769 2168 4825 Harc
2209 4772 2340 4838 facit
2379 4773 2599 4842 juvenes
2630 4773 2846 4828 avolare
2889 4792 2921 4828 a
2953 4777 3128 4831 corde.
3174 4775 3299 4831 Haec
3322 4779 3537 4849 cupidi-

1965 4871 2049 4917 tas
2104 4871 2315 4918 mentes
2365 4880 2555 4919 eorum
2612 4867 2705 4936 qui
2756 4867 3044 4936 prudentia
3084 4883 3192 4922 non
3253 4869 3540 4926 [irritantur

1965 4949 2236 5021 disponit,
2272 4961 2332 5006 ut
2365 4962 2616 5024 prompte
2661 4955 2727 5009 ad
2759 4966 2982 5025 peccata
3015 4966 3394 5028 prornmpant.

2031 5147 2203 5205 Vsus.
2238 5149 2326 5204 Η.
2366 5151 2625 5205 Animata
2660 5162 2710 5206 et
2741 5153 3009 5219 dissipata
3047 5165 3146 5210 est.
3181 5154 3345 5212 Venit
3380 5158 3446 5214 ad
3475 5160 3539 5215 il-

1962 5243 2074 5299 lum
2115 5243 2397 5315 pruriens,
2419 5244 2752 5315 spiritalium
2784 5246 3103 5302 divitiarum
3141 5249 3461 5321 dissipator.

2033 5419 2100 5472 In
2127 5418 2287 5475 domo
2318 5438 2422 5476 non
2458 5433 2604 5476 stant
2625 5423 2778 5491 pedes
2812 5424 2947 5494 ejus.
2973 5423 3030 5480 ln
3064 5437 3216 5497 parte
3245 5429 3531 5492 sensitiva,

1962 5508 2015 5561 in
2045 5525 2151 5578 qua
2188 5513 2359 5567 veluti
2387 5514 2551 5570 domo
2577 5515 2807 5583 habitat,
2850 5518 3146 5576 immobilis
3172 5537 3275 5574 non
3312 5532 3534 5576 manent

1963 5600 2128 5670 pedes
2158 5603 2302 5672 ejus.

2038 5691 2203 5750 Vens.
2269 5695 2354 5751 12.
2411 5697 2516 5754 Per
2545 5700 2764 5772 aliquod
2810 5711 3010 5774 tempus
3038 5702 3186 5774 [oras
3211 5703 3530 5758 errabunda.
