3958 6202
470 234 609 298 1283

1797 224 2154 293 PROCOPII
2194 222 2438 287 GAZEI

3599 221 3754 308 test

474 340 627 398 Tunc
648 338 797 396 enim
830 349 928 409 per
951 331 1211 404 spititum
1246 337 1401 386 errat
1437 328 1496 388 in
1527 327 1600 388 iis
1621 342 1745 403 qua:
1773 328 1914 386 loris
1955 345 2051 400 ap-

2182 330 2264 403 ’ἀρ
2306 333 2367 385 ὲν
2414 331 2531 392 τοῖς
2583 330 2931 403 φαινομένοις
2980 326 3381 400 περιπλανᾶται
3427 325 3573 383 κατά
3617 327 3748 383 διά-

469 439 885 587 ωῗεῗιίεηιριιε
941 516 996 570 in
1024 514 1216 586 plateis
1252 511 1417 584 juxta
1440 529 1656 568 omnem
1682 512 1940 584 angulum
1971 511 2055 566 iu-

471 613 641 669 sidias
682 618 863 681 parat.
896 606 1052 664 Tunc
1087 607 1145 663 in
1169 605 1301 663 latis
1332 613 1689 676 peccatorum
1721 605 1851 671 viis,
1885 605 2046 661 dere-

472 706 729 776 linquens
781 715 1001 758 omnem
1051 711 1368 756 sermonem
1429 697 1525 767 qui
1575 696 1777 753 similis
1824 696 2051 768 angulo.

472 794 779 852 secundum
831 790 1271 860 uniuscujusque
1323 787 1402 843 rei
1436 787 1824 842 rationabilem
1867 800 2053 851 usum,

471 901 594 956 qua:
623 885 882 940 videntur
905 882 1089 953 jungit
1118 880 1188 936 ad
1215 894 1283 935 ea
1318 892 1441 948 quae
1469 878 1673 948 spiritu
1699 876 2056 948 conspiciun-

471 988 587 1041 tur,
619 978 761 1031 clam
817 974 1168 1043 voluptatum
1215 969 1499 1028 illecebris
1530 967 1828 1025 insidiatur
1853 967 2055 1022 adver-

470 1082 572 1123 sus
604 1067 1016 1120 insensatorutn
1054 1062 1292 1117 animas.

543 1158 711 1215 Vnus.
746 1158 831 1213 l5.
867 1154 1071 1211 Deinde
1114 1157 1326 1224 capiens
1373 1152 1529 1209 illum
1552 1160 1727 1209 amat.
1760 1148 1895 1208 Post
1913 1150 2054 1219 haec,

472 1250 625 1307 illum
657 1250 916 1320 d:ligens,
938 1247 1186 1312 amicum
1215 1245 1322 1302 sibi
1358 1252 1602 1316 separat.

540 1425 845 1495 Impudenti
888 1424 1047 1493 facie,
1129 1422 1270 1478 dixit
1331 1422 1435 1477 illi.
1494 1420 1848 1494 lmpudenter
1888 1436 2060 1493 agens

470 1533 598 1576 cum
628 1519 747 1583 illo,
780 1516 911 1572 talia
938 1515 1315 1585 colloquitur:

541 1700 711 1759 Vnus.
762 1702 849 1757 M.
918 1698 1150 1755 Victima
1180 1696 1412 1768 paciﬁca
1449 1705 1531 1753 est
1573 1695 1726 1751 mihi.
1754 1693 1962 1751 Blande
1988 1700 2057 1759 ad
2088 1685 2136 1748 Β

467 1792 803 1864 temporalia
840 1791 1217 1848 reconcilians
1246 1805 1345 1847 eos
1373 1792 1471 1860 qui
1506 1804 1610 1860 pro
1642 1789 1842 1849 mortis
1871 1787 2062 1843 dolore

466 1887 544 1942 ad
573 1887 666 1941 illa
722 1886 910 1940 odium
963 1884 1196 1951 habent,
1246 1884 1401 1939 venit
1442 1882 1672 1939 omnino
1717 1880 1789 1936 ad
1818 1894 1927 1947 me,
1967 1880 2062 1939 illa

466 1994 596 2050 qua:
624 1994 653 2033 a
684 1978 964 2050 principio
988 1976 1236 2041 exsistit,
1272 1976 1553 2046 voluptas.

544 2151 723 2209 Hodie
750 2151 964 2223 eﬁ'undo
1001 2166 1180 2220 preces
1207 2167 1376 2206 meas.
1409 2148 1597 2209 Firmo
1636 2151 1785 2208 bono
1821 2149 1879 2207 in
1913 2149 2064 2206 futu-

474 2261 596 2301 rum
639 2244 749 2299 frui
809 2244 1162 2308 desiderans,
1206 2241 1357 2313 quod
1404 2242 1540 2297 mihi
1586 2241 1893 2303 secundum
1924 2249 2065 2299 tem-

466 2353 578 2408 pus
606 2351 849 2409 praesens
878 2335 1095 2391 videtur
1128 2334 1262 2393 mihi
1300 2334 1529 2400 bonum,
1565 2335 1900 2391 naturaliter
1933 2349 2063 2407 per-

472 2429 602 2485 licio
637 2429 1002 2485 sententiose.

548 2518 854 2577 Vsus..15.
908 2517 1138 2587 Propter
1182 2517 1323 2589 quod
1357 2517 1471 2573 veni
1501 2517 1556 2573 in
1604 2533 1888 2573 occursum
1942 2516 2062 2571 tibi.

473 2609 652 2680 Hujus
703 2610 924 2680 gratia,
983 2609 1385 2665 intellectualis
1443 2608 1880 2679 derelinquens,
1936 2608 2065 2665 veni

466 2704 542 2758 ad
588 2702 839 2770 sensilia,
889 2702 992 2758 tibi
1021 2716 1330 2759 occurrens
1356 2701 1455 2774 qui
1485 2702 1557 2757 ob
1587 2702 1916 2773 praesentia.
1959 2716 2061 2759 ne-

470 2795 637 2867 gligis
670 2793 879 2849 futura.

520 2888 872 2944 .Desiderans
936 2885 1131 2956 faciem
1179 2894 1355 2950 luam,
1405 2894 1456 2940 te
1502 2884 1697 2940 iuueni.
1732 2883 2063 2963 Desidersns

474 2991 532 3037 te
559 2983 652 3051 qui
684 2980 740 3034 in
769 2981 955 3035 anima
988 2979 1196 3035 futuris
1242 2978 1538 3051 prteseutia
1565 2976 1817 3049 prefers,
1846 2979 1974 3036 veni
2004 2980 2062 3034 in

475 3090 775 3131 occursum
811 3074 936 3129 tibi.

551 3167 720 3223 Vsus.
784 3166 873 3221 ιο.
932 3164 1276 3221 Ornamentis
1331 3163 1499 3218 stravi
1558 3162 1817 3219 lectulum
1866 3179 2065 3221 meum.

481 3260 747 3315 Dulcibus
774 3259 998 3313 funibus
1041 3271 1268 3311 carnem
1312 3255 1555 3325 alligavi,
1598 3264 1661 3311 ut
1688 3257 1784 3312 illa
1813 3258 1977 3327 quasi
2010 3258 2068 3312 in

476 3350 644 3415 lecto,
682 3348 854 3403 variis
883 3348 1228 3418 voluptatum
1266 3343 1485 3416 gaudiis
1515 3343 1794 3417 perfruar.

552 3533 840 3601 Tapetibtts
889 3547 958 3593 ea;
989 3530 1230 3604 Ai'gypto
1274 3531 1464 3585 stravi.
1516 3530 1800 3587 lllecebris
1838 3545 1908 3586 ex
1943 3545 2068 3601 pec-

472 3635 604 3679 cato
647 3625 948 3696 voluptatis
998 3637 1220 3679 carnem
1279 3623 1495 3692 paravi,
1555 3622 1832 3693 repellens
1885 3637 1918 3678 a
1979 3636 2068 3678 me

476 3716 824 3785 gravitatem,
883 3713 1036 3769 illius
1092 3728 1215 3783 qua
1259 3713 1568 3769 secundum
1602 3712 1771 3769 Deum
1801 3720 1887 3771 est
1917 3714 2061 3768 vitae.

552 3888 721 3947 Vnus.
746 3890 833 3944 l7.
862 3890 1083 3961 Δερενεί
1132 3890 1327 3945 lectum
1357 3908 1536 3960 croco,
1569 3901 1620 3948 et
1651 3892 1870 3949 domum
1895 3910 2064 3948 meam

470 3985 838 4037 cinnamomo.
867 3982 1105 4039 Carnem
1141 3985 1196 4039 in
1233 4000 1343 4055 qua
1406 3995 1468 4039 ut
1502 3986 1556 4039 in
1610 3988 1842 4057 grabato
1869 4002 1966 4058 per
1994 3987 2066 4042 li-

481 4076 723 4131 bidinem
781 4075 994 4142 babito,
1055 4077 1271 4147 aspersi
1321 4058 1605 4147 voluptate
1651 4079 1890 4144 carnali,
1945 4087 2064 4134 tan-

481 4183 646 4237 quam
677 4181 866 4233 croco,
904 4182 1029 4235 qua:
1059 4160 1301 4222 animam
1346 4169 1469 4224 sine
1500 4169 1662 4224 modo
1691 4170 1909 4238 titillet;
1935 4182 2065 4241 par-

481 4268 590 4313 tem
637 4268 819 4313 antem
869 4260 1216 4326 sensitivam,
1269 4261 1326 4315 in
1349 4276 1459 4331 qua
1507 4263 1853 4332 tanquamin
1898 4262 2066 4320 domo

2158 440 2332 478 νοιαν.

2226 517 2461 584 Χρόνον
2487 512 2558 569 δὲ
2594 511 2669 569 ἐν
2706 513 3018 578 πλατείαις
3047 512 3206 581 παρὰ
3256 510 3466 580 πάσας
3517 512 3751 582 mrtuo;

2156 606 2474 676 ἐνεδρεύει.
2528 607 2667 661 Ποτὲ
2720 605 2780 661 δὲ
2834 607 2892 659 ὲν
2941 607 3063 670 ταῖς
3110 604 3444 676 εὐρυχώροις
3473 605 3612 664 ὁδοῖς
3638 604 3748 673 τῆς

2158 693 2457 765 ἁμαρτίας.
2489 694 2640 766 παρά
2667 695 2846 748 πάντα
2873 693 3055 763 λόγον,
3115 692 3206 749 τὸν
3253 691 3398 747 κατά
3450 693 3549 765 τὴν
3604 694 3746 748 ἑκά.-

2161 803 2289 841 στου
2322 785 2650 857 πράγματος
2679 784 2898 854 εὔλογον
2924 784 3144 857 χρῆσιν,
3183 784 3343 857 δίκην
3374 785 3580 855 γωνίας
3606 803 3740 840 συν·

2158 877 2406 933 δεκτικὸν
2457 877 2552 931 τοῦ
2606 878 2933 951 φαινομένου
2976 876 3116 949 πρὸς
3168 876 3229 930 τὸ
3276 876 3586 949 νοούμενον,
3639 878 3740 931 λα-

2162 969 2364 1043 θραίως
2400 970 2480 1042 τῷ
2523 969 2652 1042 λείῳ
2671 971 2770 1042 τῆς
2814 970 3009 1042 ἡδονῆς
3056 968 3400 1025 ἐπιϐουλεύει
3452 971 3577 1035 ταῖς
3625 970 3738 1023 τῶν

2161 1061 2410 1133 ἀφρόνων
2432 1061 2651 1132 ψυχαῖς.

2233 1161 2325 1223 ιγ’.
2360 1150 2505 1209 Εἶτα
2556 1154 2960 1224 ἐπιλαϐομένη
2993 1154 3294 1227 ἐφίλησεν
3332 1155 3538 1209 αὐτόν.
3584 1153 3737 1207 Μετά

2161 1246 2335 1303 ταῦτα
2386 1246 2443 1301 δὲ
2490 1244 2839 1318 κατασχοῦσα
2885 1245 3079 1300 τοῦτον
3116 1245 3236 1300 καθ’
3272 1244 3409 1310 ἕξιν,
3462 1244 3732 1316 προσφιλῆ

2164 1340 2331 1409 ἑαυτῇ
2354 1338 2749 1407 ἀπειργάσατο.

2235 1429 2491 1484 Ἀναιδεῖ
2537 1428 2606 1482 δὲ
2652 1426 2950 1497 προσώπῳ
2998 1426 3326 1496 προσεῖπεν
3367 1423 3548 1491 αὐτῷ.
3619 1426 3732 1480 ’Δν-

2166 1521 2476 1585 υποστόλως
2500 1520 2559 1574 δὲ
2587 1519 2978 1592 προσωμίλησε
3005 1518 3180 1590 τούτῳ
3203 1534 3218 1549 ·
3240 1517 3364 1573 τάδε
3384 1517 3546 1572 οἱονεὶ
3563 1534 3730 1588 προσ-

2163 1610 2521 1682 διαλεξαμένη
2547 1610 2716 1682 αὐτῷ’

2235 1703 2316 1757 ιδ’.
2344 1703 2536 1758 Θυσία
2563 1699 2832 1772 είρηνική
2864 1717 2962 1770 μοι
2987 1699 3140 1756 ἔστι.
3164 1699 3510 1771 Προσαγωγὴ
3548 1699 3732 1754 καταλ·

2162 1794 2434 1851 λάττουσα
2464 1795 2604 1865 πρὸς
2632 1798 2701 1850 τά
2726 1795 2973 1865 παρόντα
3026 1792 3154 1856 τοὺς
3182 1790 3270 1845 διὰ
3318 1791 3418 1863 τὴν
3451 1789 3593 1844 κατά
3640 1789 3729 1858 τὴν

2163 1887 2368 1962 φθορὰν
2408 1887 2603 1958 ὀδύνην
2649 1885 2903 1956 ἀπεχθῶς
2951 1884 3086 1955 πρὸς
3122 1881 3294 1937 ταῦτα
3335 1881 3726 1952 διακειμένους,

2163 1980 2399 2051 ὑπάρχει
2453 1982 2588 2051 παρ’
2624 1978 2750 2051 ἐμοὶ
2800 1977 3024 2040 πάντως
3086 1976 3121 2047 ἡ
3170 1974 3316 2031 κατά
3363 1973 3466 2046 τὴν
3520 1972 3729 2045 γένεσιν

2199 2071 2350 2143 δονή.

2164 2072 2505 2230 ήδὲτξριερον
2543 2157 2874 2230 ἀποδίδωμι
2927 2155 3035 2223 τὰς
3086 2152 3272 2223 εὐχάς
3300 2172 3440 2224 μου.
3461 2152 3625 2207 Φύσει
3646 2151 3735 2207 τοῦ

2163 2252 2369 2325 κυρίως
2395 2251 2603 2322 ἀγαθοῦ
2635 2252 2777 2308 κατὰ
2801 2250 2863 2304 τὸ
2891 2248 3084 2320 μέλλον
3122 2245 3422 2303 ἀπολαύειν
3450 2245 3735 2317 ιφιεμένη,

2162 2344 2306 2400 κατά
2330 2345 2390 2398 τὸ
2444 2343 2619 2416 παρὸν
2660 2344 2722 2397 τὸ
2745 2342 2963 2414 δοκήσει
3012 2357 3105 2412 μοι
3137 2338 3364 2409 ἀγαθὸν,
3403 2337 3560 2409 παρά
3583 2336 3741 2406 φύσιν

2164 2435 2456 2506 γνωμικῶς
2477 2434 2703 2495 ὲκτελῶ.

2235 2533 2316 2580 ιε’.
2351 2526 2574 2581 Ἕνεκα
2621 2525 2858 2587 τούτου,
2912 2521 3180 2590 ἐξῆλθον
3230 2523 3317 2585 εις
3357 2518 3744 2588 συνάντησιν

2162 2633 2303 2675 σου.
2336 2617 2543 2671 Τούτου
2582 2617 2745 2688 χάριν
2796 2613 3173 2683 καταλείψασα
3211 2614 3281 2668 τὰ
3319 2612 3615 2684 νοούμενα,
3660 2613 3744 2677 ἑξ-

2163 2710 2327 2780 ἧλθον
2356 2710 2492 2779 πρὸς
2515 2709 2918 2779 τὰφαινόμενα,
2946 2705 3255 2779 ὑπαντῆσαι
3278 2722 3359 2759 σοι
3385 2705 3464 2777 τῷ
3493 2705 3747 2775 κατολιγ-

2164 2800 2396 2873 ωροῦντι
2427 2801 2535 2854 τῶν
2570 2798 2871 2870 μελλόντων
2902 2797 2990 2852 διά
3018 2795 3089 2851 τὰ
3116 2795 3407 2851 ἐνεστῶτα.

2235 2890 2517 2947 Ποθοῦσα
2538 2890 2605 2945 τὸ
2624 2891 2745 2944 σὸν
2756 2889 3102 2958 πρόσωπον,
3123 2886 3351 2957 εὕρηκά
3373 2902 3469 2942 σε.
3493 2886 3749 2957 Ζητοῦσά

2167 2999 2229 3037 σε
2257 2982 2348 3037 τὸν
2378 2982 2521 3037 κατά
2588 2980 2815 3052 γνώμην
2869 2979 2942 3032 τά
2991 2979 3237 3051 παρόντα
3286 2978 3395 3032 τῶν
3440 2978 3751 3049 μελλόντων

2168 3072 2620 3146 προαιρούμενον,
2652 3069 2903 3142 ἐνέτυχόν
2938 3085 3042 3123 σοι.
3420 3108 3439 3122 ρ

2244 3164 2340 3233 ις’.
2374 3165 2636 3232 Κειρίαις
2665 3162 2885 3229 cerasa
2914 3160 3028 3230 τὴν
3071 3161 3291 3229 κλίνην
3314 3177 3454 3230 μου.
3485 3159 3625 3224 Ταῖς
3652 3158 3750 3231 ψο-

2167 3260 2351 3330 χικαίς
2401 3258 2622 3329 σχέσεσι
2669 3256 2768 3327 τὴν
2822 3257 3001 3328 σάρκα
3042 3254 3448 3324 κατεδὲσμησα,
3485 3252 3633 3307 ὥστε
3683 3269 3751 3323 με

2166 3350 2340 3425 ταύτῃ
2371 3352 2495 3412 ταῖς
2527 3334 2966 3418 ποικιλοτρόποις
2985 3346 3096 3401 τῶν
3128 3345 3337 3417 ἡδονῶν
3357 3344 3747 3411 ἀπολαύσεσιν,

2165 3437 2257 3497 οἷὰ
2275 3457 2382 3495 τινι
2409 3439 2567 3514 κλίνῃ
2586 3437 3061 3494 ἐπαναπαύεσθαι.

2249 3525 2637 3598 ’Δμςοιτάποις
2694 3526 2763 3581 δὲ
2812 3527 3092 3596 ἕστρωσα
3133 3525 3258 3593 τοῖς
3291 3525 3393 3581 ἀπ’
3420 3525 3749 3597 Αίγύπτιον.

2167 3621 2305 3685 Ταῖς
2333 3619 2393 3672 δὲ
2439 3620 2506 3673 ἐκ
2534 3620 2635 3690 τῆς
2656 3617 2935 3689 ἁμαρτίας
2962 3617 3210 3688 λειότησι
3255 3620 3355 3688 τῆς
3381 3616 3603 3688 ἡδονῆς,
3631 3617 3745 3672 ταύ-

2166 3729 2266 3784 ⁸ι-ινιν
2308 3712 2615 3783 ήτοίμασα,
2646 3709 2707 3764 τὸ
2741 3711 2918 3783 τραχὺ
2962 3709 3056 3765 τοῦ
3096 3711 3241 3767 κατὰ
3273 3710 3408 3764 Θεὸν
3449 3710 3570 3780 βίου
3611 3727 3750 3781 παρ-

2165 3804 2447 3875 ωσαμένη.

2238 3898 2325 3963 ιζ’.
2356 3897 2689 3968 Δώρραγκα
2756 3897 2872 3965 τὴν
2902 3898 3114 3965 κοίτην
3143 3912 3263 3966 μου
3304 3896 3520 3966 κρόκῳ,
3556 3896 3666 3953 τὸν
3686 3896 3751 3951 δὲ

2164 3983 2340 4044 οἶκόν
2360 4006 2481 4059 μου
2513 3986 2849 4058 κιναμώμῳ.
2882 3988 3238 4059 Κατὲῥρανον
3272 3987 3371 4059 τὴν
3404 3987 3506 4058 μὲν
3548 3989 3750 4059 σάρκα.

2164 4074 2284 4156 ἐνῇ
2327 4081 2405 4144 ῶς
2450 4080 2511 4135 ὲν
2541 4079 2804 4151 κραὸἀτῳ
2858 4077 3281 4142 ἀπολαυστικῶς
3329 4080 3749 4151 ἀναπέπαυμαι,

2165 4173 2233 4242 τῇ
2257 4170 2462 4242 κρόκου
2498 4169 2659 4241 δίκην
2686 4170 2941 4242 ἀμέτροις
2974 4170 3263 4243 διαχεούσῃ
3292 4168 3392 4241 τὴν
3414 4168 3601 4242 ψυχὴν
3619 4172 3755 4226 ἀπο-

2165 4262 2356 4318 λαύσει
2397 4261 2509 4316 τῶν
2562 4262 2799 4317 ὑλικῶνο
2851 4263 2952 4332 τὴν
2992 4260 3049 4316 δὲ
3098 4262 3374 4333 αἴσθησιν,
3408 4258 3533 4335 ὲνῇ
3580 4261 3661 4326 ὡς
3696 4262 3751 4315 εν

478 4367 761 4418 remaneo,
800 4353 959 4422 quasi
991 4353 1346 4408 cinnamomo
1385 4355 1601 4424 aspersi
1630 4356 1902 4413 electione
1930 4372 2055 4413 sen-

2182 4373 2272 4410 :tVt
2308 4353 2612 4427 παραμένω
2655 4354 3122 4427 οίκητηρίῳ,“τῇ
3169 4348 3367 4426 οἷάπερ
3424 4355 3750 4426 κινάμωμον

479 4443 690 4507 silium,
758 4457 882 4513 quae
940 4442 1215 4511 voluptate
1284 4445 1649 4514 permulcent,
1716 4453 1770 4501 et
1874 4448 2062 4504 dolore

472 4539 733 4606 pungunt
762 4550 777 4588 :
822 4533 1017 4587 ambas
1059 4534 1297 4603 aspersi,
1328 4545 1384 4590 et
1411 4536 1673 4592 sordibus
1705 4544 2058 4607 peccatorum

476 4622 713 4694 trcplevi.

476 4820 497 4845 κ
551 4796 719 4854 Vsus.
772 4797 860 4852 l8.
927 4795 1056 4852 Veni
1126 4808 1177 4853 et
1229 4798 1474 4869 fruemur
1540 4804 1813 4859 amoribus
1895 4822 2057 4877 usque

475 4904 656 4944 mane.
708 4888 837 4943 chi
891 4895 1132 4952 nit-cum,
1179 4898 1236 4945 et
1285 4890 1589 4947 sententias
1650 4892 2060 4951 irrationabiles

476 4980 760 5051 sequendo
819 4981 983 5035 simul
1045 4978 1300 5036 fruamur
1334 4983 1643 5050 amoribus,
1673 4985 1850 5040 donec
1905 4987 2060 5047 luce-

480 5082 599 5129 scat
629 5076 681 5127 in
719 5073 879 5129 nobis
906 5073 1002 5128 lux
1038 5073 1265 5144 iustitia:
1294 5074 1455 5137 solis.
1489 5084 1544 5130 et
1573 5077 1831 5133 ostendat
1859 5121 1877 5146 ,
1909 5077 2057 5154 quod

478 5164 802 5237 ignorantia:
833 5165 1089 5220 tenebras
1118 5165 1291 5238 fugat,
1327 5182 1516 5222 verum
1547 5168 1773 5225 bonum.

558 5337 708 5406 Veni,
737 5339 1062 5394 exsultemur
1086 5342 1553 5413 amoribus.Veni,
1588 5354 1642 5401 et
1672 5347 2056 5417 temporalium

479 5448 659 5491 rerum
707 5431 1102 5503 cupiditatibus
1158 5436 1488 5501 serviamus,
1542 5435 1597 5490 in
1632 5439 1897 5508 operibus
1954 5454 2056 5495 no-

476 5527 611 5583 stris
635 5538 825 5579 carum
863 5523 1242 5593 voluptatibus
1273 5542 1376 5582 nos
1408 5528 1773 5584 maculantes.

553 5617 714 5673 Vsus.
772 5616 862 5673 i9.
892 5617 1050 5673 Abest
1100 5618 1179 5672 vir
1215 5634 1357 5674 meus
1402 5636 1429 5673 e
1472 5619 1649 5676 domo.
1705 5623 1873 5679 Abest
1903 5626 2050 5681 enim

2168 4446 2440 4520 ήδυνούσῃ
2478 4446 2601 4500 καθ’
2636 4445 2866 4517 ἡδονὴν,
2921 4446 3017 4499 καὶ
3059 4445 3332 4519 δακνούσῃ
3389 4447 3510 4502 κατ’
3554 4448 3750 4518 ὀδύνην

2167 4538 2436 4613 διακρίσει
2457 4540 2566 4592 τῶν
2589 4537 2863 4608 αἰσθητῶν
2890 4554 2905 4572 ο
2946 4537 3286 4610 κατέῤῥανον
3318 4539 3375 4591 δὲ
3394 4539 3627 4604 ταύτας,
3657 4538 3749 4593 τοῦ

2168 4631 2234 4685 ὲκ
2251 4631 2348 4700 τῆς
2369 4631 2643 4701 ἁμαρτίας
2681 4628 2983 4700 μολυσμοῦ,
3037 4628 3135 4684 καὶ
3175 4629 3500 4701 ἀμφοτέρας
3526 4630 3749 4701 πληρώ-

2169 4738 2332 4778 σασα.

2240 4812 2329 4886 ιη’.
2361 4813 2534 4870 Ἐλθὲ
2561 4813 2659 4868 καὶ
2680 4814 3124 4884 ἀπολαύσωμεν
3141 4816 3348 4884 φιλίας
3374 4815 3487 4882 ἕως
3511 4816 3744 4887 ὄρθρου.

2168 4905 2488 4978 Παραγενοῠ
2555 4905 2770 4973 λοιπὸν,
2808 4906 2905 4961 atat
2952 4906 3064 4960 τῶν
3095 4907 3188 4961 διά
3223 4908 3384 4974 δόξαν
3418 4908 3620 4978 ἄλογον
3657 4927 3746 4964 πο-

2166 4993 2445 5061 οουμένων
2465 4994 2600 5063 ἡμῖν
2622 4993 3143 5065 συναπολαύσωμεν,
3168 4996 3277 5060 ἕως
3315 4995 3383 5051 ἄν
3409 4998 3473 5051 τὸ
3503 4998 3626 5067 φῶς
3654 4997 3739 5054 τοῦ

2163 5087 2265 5154 τῆς
2312 5082 2664 5154 δικαιοσύνης
2703 5084 2885 5139 Ἠλίου
2916 5088 2975 5141 ὲν
3010 5088 3144 5157 ἡμῖν
3169 5088 3511 5161 διαυγάσειε,
3559 5092 3657 5145 καὶ
3690 5089 3742 5142 τδ

2164 5175 2267 5245 τῆς
2297 5175 2524 5243 ἀγνοίας
2579 5177 2770 5242 σκότος
2811 5176 3197 5245 διασκεδάσαν,
3252 5181 3314 5234 τὺ
3364 5181 3538 5246 ὅντως
3582 5184 3741 5238 καλὸν

2166 5266 2517 5334 ὑποδείξειεν.

2160 5370 2163 5371 ⁷
2235 5358 2419 5427 Δεῦρο
2440 5358 2537 5413 καί
2595 5358 3048 5431 ἐγκυλισθῶμεν
3077 5364 3268 5431 ἔρωτι.
3311 5361 3484 5427 ‘Em.
3537 5364 3634 5419 καὶ
3671 5359 3738 5431 τῷ

2164 5449 2273 5504 τῶν
2320 5449 2674 5521 προσκαίρων
2730 5452 2882 5522 πόθῳ
2932 5454 3429 5525 καταχρανθῶμεν,
3474 5459 3546 5527 τῇ
3606 5454 3734 5512 κατά

2165 5539 2366 5611 πρᾶξιν
2394 5540 2690 5596 ἀπολαύσει
2717 5543 2898 5596 αὐτῶν
2936 5544 3313 5614 μολυνόμενοι.

2237 5632 2322 5686 ιθ’.
2375 5634 2458 5686 Οὐ
2509 5633 2618 5702 γὰρ
2666 5612 2958 5704 πάρεστιν
3000 5640 3035 5692 ό
3075 5612 3230 5705 ἀνήρ
3272 5655 3394 5706 μου
3458 5639 3530 5693 ἐν
3576 5638 3725 5702 alter.
