3958 6202
307 239 448 304 1235

1389 227 1920 292 COMMENTARII
1953 227 2030 286 1N
2069 223 2526 288 P'HOVERBIA.

3449 213 3586 277 1286

307 301 538 388 λλπεστι
589 324 700 398 γάρ
747 323 778 378 ὁ
827 322 972 378 κατὰ
1023 319 1122 392 τῆς
1163 319 1516 390 ἀνθρωπίνης
1553 316 1772 387 φύσεως
1811 315 1898 367 v6-

2026 314 2096 384 ιιιί
2155 313 2288 368 mihi
2340 310 2644 370 secundum
2699 306 2952 360 humanae
2991 311 3206 360 natura:
3239 301 3412 374 legem
3449 317 3586 356 cou-

306 439 406 492 μον
437 416 839 493 συναρμοσθείς
892 430 983 485 μοι
1029 411 1186 481 λόγος
1215 410 1313 466 τοῦ
1355 407 1548 480 νοεροῦ
1575 407 1896 480 οἰκητηρίου

303 511 491 566 αὐτοῦ.

373 599 741 668 Πεπόρευται
800 595 948 650 ὁδὸν
971 591 1235 666 μακράν.
1301 591 1541 662 ’Δπῆλθε
1573 591 1768 644 τούτου
1799 607 1903 660 μα-

304 691 464 763 κρὰν,
493 693 557 762 τῇ
591 686 712 743 κατ’
761 687 1019 758 αἴσθησιν
1072 685 1258 756 ἀπάτῃ
1315 682 1751 754 ἐμφιλοχωρῶν,
1807 681 1900 734 καὶ

303 784 430 846 τοὺς
461 781 563 851 τῆς
601 779 804 843 κακίας
835 778 1116 842 ποικίλους
1148 775 1390 847 τρόπους
1417 772 1673 827 ἐπινοῶν.

376 879 448 926 κ’.
483 871 830 940 Ἐνδεσμον
885 869 1178 940 ἀργυρίου
1210 866 1414 924 λαϐὼν
1445 867 1515 920 ἐν
1545 864 1760 936 χερσίν
1791 866 1900 920 αὺ-

309 963 432 1020 τοῦ.
471 965 582 1033 Τὴν
611 964 721 1035 γὰρ
759 962 916 1033 δίκην
939 961 1211 1032 ἀργυρίου
1259 957 1771 1030 λελαμπρυσμένην
1821 957 1902 1027 τῷ

305 1055 405 1125 τῆς
432 1055 582 1120 θείας
611 1054 946 1125 ὡραιότητος
1001 1053 1209 1118 κάλλει,
1255 1051 1436 1122 ψυχὴν
1468 1050 1650 1104 λαϐὼν
1680 1049 1900 1104 κατὰτὸ

308 1147 678 1212 αὐτεξούσιον,
737 1147 812 1210 ῶς
877 1145 934 1198 έν
989 1161 1100 1198 τισι
1149 1145 1327 1214 χερσὶ,
1372 1145 1492 1206 ταῖς
1543 1144 1898 1214 προαιρεταίς

309 1239 612 1309 ἐνεργείαις
635 1235 824 1301 αὑτοῦ,
854 1237 993 1308 πρὸς
1020 1236 1279 1307 πρόνοιαν
1301 1236 1402 1306 τῆς
1429 1234 1669 1303 ζωτικῆς
1693 1234 1899 1304 ταύτης

309 1327 612 1396 δυνάμεως,
667 1325 810 1396 μετὰ
867 1325 963 1380 τοῦ
1009 1325 1213 1396 δεσμοῦ
1251 1325 1352 1394 τῆς
1384 1325 1584 1395 σαρκὸς
1613 1341 1898 1396 κατησφα-

309 1416 574 1486 λισμένην
603 1433 617 1448 ο
647 1415 714 1469 ἵν’
754 1417 884 1469 ὅταν
942 1415 1082 1484 αὕτη
1126 1416 1214 1468 διὰ
1254 1416 1354 1485 τὴν
1379 1415 1538 1480 ἀξίαν
1579 1414 1896 1484 ἐπαίρηται,

309 1505 398 1560 διὰ
426 1508 518 1560 τὸν
549 1507 678 1577 χοῦν
706 1507 1068 1578 συστέλληται
1089 1522 1102 1537 ·
1131 1507 1229 1561 καὶ
1267 1505 1342 1577 μὴ
1369 1505 1596 1558 συλᾶται
1625 1505 1775 1576 παρὰ
1802 1503 1896 1556 τοῦ

309 1599 588 1668 λαθραίως
621 1598 794 1670 ταύτῃ
821 1599 912 1654 διὰ
939 1600 1048 1654 τῶν
1080 1599 1203 1654 καθ’
1241 1598 1550 1669 ὑπερϐολὴν
1571 1597 1670 1668 τῆς
1695 1597 1898 1668 ἀρετῆς

1999 407 2228 476 junctus
2257 413 2362 468 est,
2403 400 2670 474 spiritalis
2699 398 2898 454 domus
2939 397 3092 452 illius
3121 409 3326 450 sermo.

2077 581 2222 635 Abiit
2252 581 2389 635 viam
2416 579 2780 651 longinquam.
2809 575 2957 630 Abiit
2987 575 3149 646 longe
3178 573 3248 630 ab
3275 573 3369 630 illa
3397 575 3585 638 domo,

1999 673 2238 744 diligens
2267 672 2540 742 spiritalis
2604 669 3026 733 habitationem,
3077 677 3134 724 et
3171 665 3368 722 modos
3397 665 3586 721 varios

2001 765 2230 818 malitia:
2259 763 2534 834 cogitans.

2067 855 2236 912 Vnus.
2293 854 2385 912 20.
2423 854 2708 911 Summam
2756 850 2960 922 argenti
3003 849 3218 918 capiens
3249 849 3306 902 in
3344 847 3586 902 manibus

1999 949 2131 1004 suis.
2190 947 2512 1020 Fulgentem
2565 953 2624 1000 ut
2671 955 2980 1014 argentum,
3034 939 3590 1000 divinaevenustatis

1999 1039 2432 1110 pulchritudine,
2488 1053 2586 1108 per
2615 1035 2954 1090 voluntatem
3007 1047 3163 1088 suam
3213 1033 3442 1101 capiens
3469 1037 3592 1084 anl-

2001 1147 2143 1185 mam
2191 1129 2406 1183 viribus
2446 1128 2565 1182 suis
2601 1127 2816 1189 liberis,
2845 1133 3113 1193 tanquam
3140 1123 3194 1176 in
3221 1122 3496 1182 manibus,
3533 1127 3590 1174 et

1999 1223 2266 1278 munitam
2313 1221 2540 1276 vinculo
2598 1218 2870 1288 corporis,
2931 1217 2998 1272 ad
3047 1215 3444 1286 providendum
3503 1213 3588 1266 vi-

1998 1315 2144 1370 venti
2175 1329 2288 1370 sum
2318 1315 2574 1383 potentiae
2593 1330 2608 1376 ;
2627 1319 2686 1366 ut
2715 1309 2759 1365 si
2790 1315 3013 1379 prepter
3051 1307 3372 1378 dignitatem
3395 1319 3592 1374 super-

1998 1404 2109 1464 hia.
2149 1413 2371 1474 propter
2400 1404 2680 1475 pulverem
2713 1401 3073 1466 bumilietur;
3101 1409 3154 1454 et
3183 1415 3293 1453 non
3323 1397 3592 1467 spolietur

1999 1508 2030 1548 a
2059 1495 2312 1550 daemone
2347 1495 2442 1566 qui
2481 1492 2624 1548 clam
2663 1491 2740 1546 illi
2769 1508 2863 1562 per
2891 1492 3223 1563 cupiditates
3255 1507 3320 1544 ex
3357 1503 3588 1544 excessu

2001 1585 2223 1640 virtutis
2267 1585 2534 1640 oriundos
2598 1583 2929 1638 insidiatur:
2999 1583 3254 1636 habitans
3311 1581 3365 1634 in
3423 1580 3590 1650 spiri-

313 1666 500 1743 παθῶν
524 1666 969 1756 ἐπιϐουλεύοντος
995 1691 1289 1761 δαίμονος·
1333 1666 1692 1760 ἐναπομένων
1734 1666 1791 1742 δὲ
1830 1666 1896 1760 τῇ

2028 1677 2138 1734 uali
2172 1677 2480 1732 carnalium
2513 1691 2698 1730 rerum
2751 1673 3078 1738 fallacia,ob
3108 1672 3362 1727 all'ectum
3393 1673 3590 1726 anima:

312 1781 432 1836 κατ’
460 1781 713 1854 αῐσθησιν
742 1782 928 1854 ἀπάτῃ
960 1782 1072 1836 τῶν
1095 1781 1318 1846 ύλικῶν,
1348 1781 1440 1836 διὰ
1473 1781 1572 1851 τὴν
1617 1781 1755 1850 πρὸς
1800 1780 1900 1851 τὴν

315 1871 494 1943 σάρκα
520 1873 618 1944 τῆς
642 1873 826 1944 ψυχῆς
853 1873 1062 1944 σχέσιν,
1100 1874 1197 1926 καὶ⁸
1225 1873 1354 1935 τοὺς
1397 1872 1637 1942 τρόπους
1667 1870 1902 1926 ἐπινοῶν

311 1964 418 2018 τῶν
458 1965 580 2017 κατ’
610 1963 846 2032 ἔλλειψιν
872 1966 970 2034 τῆς
1003 1964 1209 2034 άρετῆς
1238 1962 1448 2016 παθῶν.

381 2055 462 2110 Δι’
489 2055 726 2124 ἡμερῶν
754 2053 1004 2108 πολλῶν
1029 2053 1320 2120 ἐπανήξει
1347 2055 1434 2118 είς
1463 2053 1570 2108 τόν
1589 2052 1760 2107 οἷκον
1790 2054 1900 2108 αὑ-

311 2145 434 2202 τοῦ.
478 2148 552 2200 Οὐ
591 2147 678 2201 διά
737 2147 967 2218 βραχέος
1019 2145 1214 2218 καιροῦ
1256 2144 1681 2200 ἐπανελεύσεται
1723 2147 1803 2210 είς
1838 2146 1902 2198 τὸ

251 2249 262 2262 ’
313 2237 455 2293 κατὰ
476 2239 601 2293 νοῦν
623 2238 790 2292 αὑτοῦ
815 2239 1154 2310 οἰκητήριον,
1178 2240 1298 2302 ταῖς
1323 2238 1412 2291 διά
1433 2238 1530 2308 τῆς
1548 2240 1606 2292 ὲν
1629 2237 1903 2308 πνεύματι

315 2329 550 2400 φυσικῆς
589 2327 849 2400 θεωρίας,
903 2327 1048 2382 κατά
1085 2328 1249 2398 μέρος
1303 2327 1406 2397 τῆς
1451 2326 1628 2398 ψυχῆς
1658 2327 1766 2381 ἀπὸ
1792 2326 1902 2380 τῶν

316 2421 438 2474 κατ’
477 2418 730 2490 αἴσθησιν
787 2419 976 2472 τύπων
1033 2418 1171 2490 πρὸς
1235 2417 1335 2488 τὴν
1393 2418 1654 2490 ἀληθειαν
1699 2417 1904 2472 ἀναθά-

319 2529 488 2566 σεσιν.

385 2603 494 2658 κα’.
535 2601 963 2670 Ἀπεπλιίνησε
1025 2601 1095 2656 δὲ
1156 2601 1345 2656 αὐτόν
1419 2600 1623 2670 πολλῇ
1675 2601 1900 2671 ὁμιλίᾳ.

330 2694 675 2766 Ἐξηπάτησε
704 2691 882 2746 τοίνυν
923 2693 988 2762 τῇ
1031 2692 1222 2764 μακρᾷ
1273 2691 1516 2762 έντυχίᾳ,
1569 2691 1906 2760 συγκαταθέ-

319 2782 443 2836 οθαι
467 2783 604 2854 αὐτῇ
635 2779 828 2834 τοῦτον
869 2781 1365 2852 παρασκευάσασα.

387 2874 640 2942 Βρόχοις
703 2889 768 2926 τε
807 2873 934 2939 τοῖς
983 2872 1102 2926 ἀπὸ
1147 2869 1264 2926 τῶν
1296 2871 1546 2942 χειλέων
1584 2872 1905 2938 ἐξώκειλεν

2001 1772 2072 1827 ad
2107 1786 2352 1836 carnem,
2389 1777 2448 1824 et
2474 1767 2724 1836 cogitans
2753 1765 2946 1820 modos
3002 1762 3364 1834 cupiditatum
3395 1778 3461 1816 ex
3493 1762 3592 1818 de-

2001 1860 2150 1918 fectu
2187 1861 2408 1916 virtutis
2436 1858 2822 1914 oriundarum.

2069 2036 2204 2092 Post
2231 2036 2426 2092 multos
2453 2035 2566 2090 dies
2617 2042 2908 2088 revertetur
2936 2032 2990 2086 in
3021 2032 3236 2086 domum
3266 2045 3442 2084 suam.
3471 2025 3592 2084 Non

2003 2129 2158 2185 brevi
2201 2127 2406 2183 redibit
2437 2136 2686 2198 tempore
2717 2126 2940 2180 domum
2977 2122 3348 2193 Spiritualem,
3391 2120 3595 2175 intelli-

1977 2222 2188 2294 'gentia
2229 2219 2538 2276 ascendens
2581 2233 2610 2270 a
2645 2217 2813 2270 rebus
2851 2214 3154 2270 sensilibus
3205 2212 3276 2266 ad
3305 2211 3592 2266 veritatem

2005 2329 2103 2385 per
2135 2312 2444 2368 naturalem
2480 2308 2894 2364 meditationem
2927 2306 2984 2360 in
3021 2305 3247 2376 spiritu.

2080 2611 2246 2668 Vnus.
2303 2612 2395 2666 2|.
2433 2609 2676 2666 Irretivit
2721 2625 2839 2664 eum
2879 2608 3062 2662 multis
3112 2603 3464 2660 sermonibus.
3493 2599 3596 2658 De-

2005 2704 2154 2774 cepit
2221 2703 2373 2757 illum
2433 2703 2596 2773 longo
2625 2715 2905 2764 sermone,
2959 2699 3264 2770 disponens
3325 2696 3482 2750 illum
3535 2703 3596 2748 ut

2007 2793 2114 2850 sibi
2142 2792 2444 2848 adhaereat.

2063 2885 2281 2940 ﬂetibus
2315 2884 2584 2940 Iabiorum
2624 2898 2843 2938 suorum
2875 2882 3102 2934 attraxit
3135 2881 3308 2933 illum.
3341 2877 3476 2932 Cum
3513 2878 3596 2932 iu-

319 2966 526 3020 αῠτόν.
575 2966 805 3035 Δεσμοῖς
853 2981 914 3017 τε
953 2967 1066 3027 τοῖς
1109 2965 1172 3017 ἐκ
1241 2963 1351 3016 τῶν
1382 2964 1521 3034 πρὸς
1569 2964 1637 3018 τὰ
1667 2965 1904 3036 αίσθητά

2026 2977 2174 3031 tibus
2223 2975 2432 3030 amoris
2500 2988 2766 3029 sensuum
2848 2973 2914 3026 ad
2973 2973 3247 3034 carnalia,
3305 2984 3402 3040 per
3453 2983 3595 3040 quos

320 3058 559 3126 σχέσεων
605 3055 714 3110 τῶν
753 3055 1084 3126 αἰσθήσεων,
1144 3055 1212 3108 δι’
1257 3048 1332 3109 ὧν
1367 3057 1442 3118 ὦς
1489 3073 1652 3110 τινων
1676 3057 1903 3127 χειλέων

2026 3067 2164 3136 ιιιεεὶ
2205 3079 2300 3135 per
2329 3065 2472 3120 lahia
2507 3066 2796 3118 osculatur
2831 3063 2944 3128 illa,
2977 3063 3207 3117 removit
3247 3061 3401 3114 illum
3443 3075 3474 3114 a
3505 3075 3594 3116 re-

317 3147 493 3201 ταῦτα
547 3146 886 3212 ἀσπάζεται,
925 3146 1219 3218 ἐξέστησεν
1262 3145 1428 3200 αὑτὸν
1461 3143 1558 3200 τοῦ
1609 3145 1904 3218 βεϐηκότος

323 3241 540 3306 πάντως
569 3242 940 3312 φρονήματος.
1210 3303 1226 3316 ο

373 3332 496 3404 νβ’.
541 3332 602 3386 '0
631 3331 700 3386 δὲ
736 3329 1236 3398 ἐπηκολούθησεν
1268 3327 1426 3397 αὐτῇ
1457 3329 1808 3398 κεπφωθείς.
1845 3327 1904 3384 Ὀ

318 3421 556 3483 τοιοῦτος
591 3421 636 3474 δ’
666 3421 914 3490 ὑπετάγη
950 3419 1088 3490 αὐτῇ
1124 3418 1202 3489 τῷ
1234 3417 1382 3490 πόοῳ
1411 3417 1520 3472 τῶν
1559 3420 1680 3472 κατ’
1710 3418 1904 3488 αἴσθη-

323 3527 407 3563 σιν
433 3509 603 3580 ἡδέων
631 3507 960 3572 δελεασθείς.

392 3599 620 3668 Ὥσπερ
637 3597 705 3650 δὲ
733 3599 890 3664 βοῦς
911 3599 1009 3652 ἐπὶ
1045 3597 1295 3670 σφαγὴν
1321 3595 1544 3666 ἄγεται.
1563 3599 1828 3668 Καθάπερ
1847 3598 1906 3652 δὲ

323 3687 449 3757 βοῦς
484 3686 789 3756 άποκαμὼν
843 3687 976 3759 περὶ
1037 3689 1222 3754 τὸτῆς
1266 3687 1531 3757 ἐργασίας
1583 3688 1904 3758 φερέπονον,

323 3779 548 3852 φέρεται
581 3777 719 3850 πρὸς
747 3777 982 3849 σφαγὴν,
1008 3777 1152 3832 οὕτω
1184 3778 1250 3850 δὴ
1273 3779 1367 3831 καὶ
1391 3777 1576 3844 αὐτὸς,
1601 3775 1906 3847 ἁποκαμὼν

319 3870 399 3938 τῷ
420 3867 672 3940 ὲπιπόνῳ
703 3871 803 3934 τῆς
837 3869 1062 3941 ἀρετῆς,
1094 3869 1231 3940 πρὸς
1255 3870 1354 3939 τὴν
1379 3867 1696 3942 νεκροποιδν
1713 3868 1908 3939 ἄγεται

319 3961 618 4034 ἁμαρτίαν.

391 4025 504 4109 Καὶ
540 4052 744 4124 ὥσπερ
785 4055 948 4109 κύων
987 4051 1086 4108 ἐπὶ
1120 4054 1404 4124 δεσμούς.
1452 4054 1563 4110 Καὶ
1607 4053 1909 4128 καθώσπερ
1983 4025 1988 4030 ¹

321 4145 468 4202 κύων
491 4146 782 4219 ἑλκόμενος
809 4147 943 4220 πρὸς
965 4147 1196 4218 δεσμοὺς
1223 4147 1472 4218 σχολάζει
1493 4147 1586 4202 τοῦ
1614 4148 1906 4218 φυλάττειν

321 4241 431 4294 ἀπὸ
453 4240 565 4294 τῶν
599 4241 1082 4305 ἐπιϐουλευόντων,
1107 4240 1251 4294 οὕτω
1279 4241 1373 4294 καὶ
1401 4235 1574 4306 οὗτος,
1608 4243 1906 4314 ἐπειγόμε-

2005 3156 2112 3212 ctis
2141 3154 2368 3210 omnino
2410 3153 2863 3226 cogitationibus.

2076 3333 2246 3392 Vsus.
2275 3335 2392 3406 22,
2426 3335 2529 3390 Hie
2568 3343 2782 3388 secutus
2834 3342 2913 3387 est
2939 3332 3090 3386 illam
3134 3346 3327 3386 etenus.
3381 3329 3480 3386 Hic
3517 3331 3596 3386 illi

2006 3427 2269 3492 obedivit,
2322 3425 2686 3498 cupiditatum
2740 3423 3050 3480 carnalium
3099 3423 3384 3492 voluptate
3427 3432 3598 3476 attra-
3689 3473 3691 3476 .

2006 3526 2154 3574 ctus.

2083 3607 2150 3662 Ut
2199 3607 2290 3662 bos
2334 3607 2403 3660 ad
2449 3619 2674 3662 mortem
2725 3607 2978 3660 trahitur.
3034 3605 3206 3660 Sicuti
3260 3605 3362 3661 hos
3395 3605 3600 3660 cadens

2007 3700 2114 3755 sub
2155 3698 2364 3754 laboris
2416 3699 2676 3767 pondere,
2735 3695 2804 3748 ad
2853 3711 3044 3750 necem
3083 3695 3342 3758 trahitur.
3379 3696 3461 3751 sic
3503 3696 3596 3750 ille

2008 3789 2212 3846 cadens
2241 3789 2346 3846 sub
2400 3789 2590 3846 labore
2628 3789 2874 3854 virtutis,
2909 3788 3152 3842 trahitur
3201 3788 3271 3844 ad
3309 3787 3594 3848 mortifera

2007 3887 2258 3952 peccata.

2079 4048 2148 4102 Et
2182 4050 2317 4104 sicut
2361 4049 2511 4104 canis
2560 4049 2629 4104 ad
2667 4049 2826 4106 retia.
2877 4047 2944 4102 Et
2978 4048 3124 4104 sicut
3151 4047 3327 4110 canis,
3367 4046 3592 4104 funibus

2008 4143 2246 4215 ligatus,
2299 4142 2367 4198 ab
2397 4141 2792 4197 insidiantibus
2827 4139 3110 4196 custodire
3139 4138 3366 4204 desinit,
3401 4141 3472 4194 ita
3503 4138 3598 4192 ille

2011 4235 2278 4293 festinans
2331 4235 2534 4291 vinciri
2597 4243 2952 4305 peccatorum
3007 4231 3298 4302 operibus,
3349 4231 3596 4301 seipsutn

323 4349 412 4396 νος
433 4332 772 4404 δεσμηθῆναι
802 4338 868 4405 τῇ
906 4334 1030 4387 κατ’
1059 4334 1346 4404 ἐνέργειαν
1383 4335 1650 4406 ἁμαρτίᾳ⁹
1673 4335 1907 4390 παύεται

2026 4327 2307 4384 iefeudere
2335 4337 2514 4382 cessat
2545 4327 2612 4380 ad
2625 4339 2814 4380 versus
2845 4325 3124 4380 daemones
3159 4321 3264 4392 ipsi
3293 4321 3596 4377 secundum

323 4422 418 4476 τοῦ
448 4423 736 4492 φυλάττειν
781 4426 972 4478 ἐαυτὸν
1015 4426 1127 4480 ἀπὸ
1151 4426 1260 4479 τῶν
1291 4425 1753 4482 ἐπιϐουλευόντων
1791 4427 1910 4482 δαι-

329 4515 508 4587 μόνων
528 4515 670 4570 κατά
695 4516 896 4587 ψυχήν.
1229 4557 1236 4564 .

395 4613 501 4676 κγ’.
535 4609 605 4661 Ἢ
645 4608 726 4674 ὡς
747 4607 973 4678 ἔλαφος
1015 4611 1332 4682 τοξεύματι
1371 4611 1696 4682 πεπληγὼς
1724 4615 1812 4679 είς
1844 4613 1911 4667 τὸ

331 4691 510 4767 ἧπαρ.
541 4698 612 4751 Ἦ
642 4695 831 4770 ὥσπερ
865 4717 947 4764 τις
977 4699 1172 4770 ἔλαφος
1201 4705 1313 4762 τοῖς
1343 4704 1701 4774 ὑψηλοτάτοις
1729 4705 1912 4775 ὄρεσιν

328 4789 748 4860 ἐμφιλοχωρῶν,
797 4789 857 4843 τὸ
889 4787 1044 4864 ἧπαρ
1083 4793 1228 4862 βέλει
1270 4794 1520 4864 πληγεὶς,
1561 4797 1754 4868 νεκρὸς
1808 4798 1914 4852 ὑπὸ

329 4879 438 4934 τῶν
473 4881 758 4952 άγρευτῶν
802 4883 1016 4950 ἄγεται,
1052 4885 1145 4938 τὸν
1189 4885 1352 4940 αὐτὸν
1391 4888 1593 4958 τρόπον
1635 4890 1730 4944 καὶ
1757 4883 1914 4955 οὗτος

331 4972 560 5044 τρωθείς
601 4977 722 5028 κατ’
753 4975 1050 5046 ἐπιθυμίαν
1097 4977 1204 5030 τῶν
1253 4983 1608 5053 προσκαίρων
1658 4983 1734 5054 τῷ
1767 4983 1914 5055 βέλει

330 5061 424 5116 τοῦ
446 5063 555 5116 τῶν
581 5066 867 5136 ἡμετέρων
891 5065 1080 5137 ψυχῶν
1106 5067 1394 5140 θηρευτοῦ,
1423 5073 1787 5144 ἐστερημένος
1817 5077 1914 5146 τῆς

332 5159 715 5228 πνευματικῆς
755 5157 922 5228 ζωῆς,
967 5159 1106 5230 πρὸς
1135 5163 1320 5214 πᾶσαν
1350 5163 1552 5218 κακίαν
1581 5165 1776 5234 ἄγεται
1820 5167 1913 5220 ὑπ’

331 5245 518 5312 αὐτοῦ,
553 5248 649 5317 τῆς
671 5250 926 5320 οὐρανίου
953 5253 1221 5322 σχολάσας
1244 5254 1540 5326 διαγωγῆς.

405 5335 658 5390 Σπεύδει
685 5336 753 5390 δὲ
783 5337 985 5408 ὥσπερ
1012 5339 1224 5408 ὄρνεον
1251 5345 1336 5408 είς
1371 5345 1608 5415 παγίδα.
1646 5348 1916 5424 Καθάπερ

333 5427 392 5484 δέ
431 5447 483 5483 τι
509 5429 710 5506 πτηνὸν
742 5431 910 5496 ὀξέως
937 5433 1159 5504 φέρεται
1194 5437 1328 5506 πρὸς
1362 5437 1462 5508 τὴν
1509 5439 1688 5512 ἄγραν
1729 5443 1916 5498 δελεα-

235 5563 240 5566 .
339 5520 481 5586 σθέν,
513 5521 654 5576 οῦτω
701 5525 796 5576 καὶ
839 5517 1012 5588 οὗτος,
1060 5525 1254 5596 ἁθρόον
1289 5532 1354 5600 τῇ
1395 5531 1640 5605 ἁμαρτίᾳ
1694 5534 1782 5589 διὰ
1819 5537 1916 5608 τῆς

337 5615 645 5682 φαντασίας
665 5615 805 5670 κατὰ
823 5616 1064 5670 διάθεσιν
1089 5619 1471 5691 ἐφιστάμενος,
1495 5625 1788 5691 σπουδάζει
1813 5629 1918 5683 ὑπὸ

337 5705 432 5760 τοῦ
461 5707 752 5780 εἰρημένου
783 5709 1046 5782 θηρευτοῦ
1076 5711 1436 5784 ἀγρευθῆναι.

2014 4423 2252 4477 animam
2285 4418 2636 4475 insidiantes.

2089 4645 2255 4701 Vnus.
2289 4645 2380 4702 25.
2441 4645 2534 4700 γει
2563 4653 2620 4700 ιιι
2673 4661 2858 4700 cervus
2897 4643 3088 4712 jaculo
3125 4643 3178 4698 in
3197 4643 3354 4713 jecur
3378 4657 3598 4711 percus-

2015 4755 2130 4794 sus.
2167 4739 2260 4794 Vel
2291 4747 2353 4794 ut
2381 4753 2605 4803 cervus,
2637 4739 2933 4795 altissimis
2969 4737 3251 4792 montibus
3285 4735 3602 4790 inhabitare

2017 4843 2229 4894 amans,
2267 4829 2454 4898 iaculo
2478 4829 2638 4900 jecur
2667 4830 3017 4893 vulneratus,
3051 4828 3293 4883 trahitur
3315 4829 3538 4884 occisus
3567 4843 3600 4883 a

2015 4921 2402 4984 venatoribus,
2432 4923 2623 4975 eodem
2669 4921 2834 4976 modo
2874 4911 2990 4980 ille.
3025 4921 3408 4990 temporalium
3442 4921 3600 4992 Cupi-

2016 5012 2212 5079 ditate,
2248 5013 2438 5082 jaculo
2469 5013 2780 5068 animarum
2813 5021 3130 5066 nostrarum
3174 5012 3349 5068 hostis
3377 5028 3604 5083 percus-

2017 5119 2114 5158 sus
2198 5105 2309 5156 vita
2361 5099 2638 5173 spirituali
2691 5105 2963 5174 privatus,
3019 5103 3088 5158 ab
3139 5104 3234 5158 illo
3266 5107 3332 5158 ad
3379 5121 3602 5162 onmem

2019 5195 2283 5250 malitiam
2319 5195 2516 5261 fertur,
2555 5212 2586 5251 a
2621 5197 2836 5252 etelesti
2881 5197 3147 5268 regimine
3185 5199 3420 5268 alienus.

2093 5365 2337 5424 Festinat
2369 5379 2426 5424 ut
2456 5375 2567 5426 aris
2597 5371 2667 5425 ad
2695 5383 2822 5427 rete.
2862 5371 3019 5430 Sicut
3055 5375 3172 5430 avis
3203 5375 3460 5430 celeriter
3490 5373 3602 5428 fer-

2021 5468 2112 5514 tur
2145 5460 2212 5515 ad
2248 5461 2478 5517 illicium
2531 5471 2787 5530 attracta,
2831 5437 2908 5520 ita
2943 5467 3056 5529 ille.
3087 5468 3302 5532 statim,
3333 5483 3429 5537 per
3467 5465 3602 5520 ail‘e-

2021 5561 2194 5616 ctum,
2265 5553 2650 5610 illecebrarum
2715 5558 2918 5628 specie,
2987 5557 3296 5614 obstrictus
3349 5567 3596 5626 peccato,

2022 5645 2248 5702 festinat
2275 5647 2342 5704 ad
2365 5647 2504 5704 retia
2535 5649 2838 5720 supradicti
2873 5650 3074 5706 hostis.
