3958 6202
363 196 495 260 1287

1687 188 2041 251 PROCOPII
2068 191 2312 252 eam
2382 166 2387 169 ’

3486 193 3623 258 1288

331 358 335 362 .
425 302 680 357 Nesciens
715 298 853 372 quod
897 298 961 354 dc
1009 298 1195 354 anima
1245 295 1614 369 periclitatur.
1675 297 1938 381 Nesciens

2116 303 2237 355 Οὐκ
2268 298 2440 365 εἰδὼς
2471 298 2561 352 ὅτι
2603 297 2737 366 περὶ
2766 297 2971 368 ψυχῆς
3014 301 3232 369 τρέχει.
3274 298 3511 371 ’ἀγνοῶν
3541 305 3620 357 ὅτι

350 393 496 466 quod
527 394 594 447 ad
625 393 861 463 pmpriae
895 392 1093 445 anima:
1119 391 1422 460 perniciem
1454 390 1701 445 festinat.

424 484 594 540 Vens.
654 484 745 537 Ἡ.
779 482 937 537 Nunc
991 499 1136 554 ergo,
1160 482 1269 552 ﬁli,
1298 481 1431 536 audi
1457 497 1559 535 me.
1592 479 1753 535 Nunc
1780 494 1933 549 ergo,

354 575 431 631 ﬁli
462 578 557 639 mi,
591 577 908 645 obtempera
942 575 1096 628 mihi.

426 671 497 722 Et
551 666 764 720 attende
808 665 977 719 verbis
1027 665 1138 719 oris
1191 665 1313 721 mei.
1351 661 1937 719 Etaccurateattende

355 758 495 814 meis
527 755 1039 812 adhortationibus.

382 870 385 875 ί
429 847 590 904 Vens.
628 847 719 902 25.
770 844 853 900 Ne
880 844 1107 900 declinet
1142 845 1199 898 in
1250 844 1347 899 viis
1382 844 1494 900 suis
1528 859 1621 898 cor
1652 852 1822 898 tuum.
1858 841 1938 899 Ne

358 945 414 997 in
465 940 833 1011 cogitationes
887 938 1099 1001 malas,
1142 936 1302 1006 quasi
1344 937 1402 991 in
1454 935 1593 1001 vias,
1626 950 1748 1005 quae
1785 936 1936 989 illam

355 1034 424 1090 ad
470 1032 695 1088 illicitas
738 1027 1075 1100 cupiditates
1114 1026 1319 1092 ferunt,
1372 1026 1534 1082 abeat
1571 1024 1939 1096 intelligentia

361 1134 478 1179 tua.

428 1215 497 1270 Et
521 1224 597 1269 ne'
618 1213 906 1282 decipiaris
960 1209 1165 1265 semitis
1196 1207 1368 1262 illius.
1406 1207 1473 1261 Et
1516 1206 1621 1263 viis
1649 1206 1772 1278 ejus
1799 1220 1942 1278 quas

355 1317 667 1379 sequuntur
710 1302 1101 1375 temporalium
1155 1306 1456 1360 amatores,
1494 1312 1567 1353 ne
1615 1296 1936 1367 decipiaris.

424 1506 597 1563 Vens.
622 1504 714 1561 26.
749 1502 951 1558 Multos
993 1501 1133 1556 enim
1167 1499 1451 1554 vulnerans
1493 1495 1706 1568 dejecit.
1743 1494 1941 1551 Multos

357 1601 505 1657 enim
560 1596 868 1665 voluptatis
901 1593 1152 1657 stimulo,
1218 1592 1275 1645 in
1340 1590 1540 1660 spiritu
1595 1587 1936 1661 percutiens,

356 1695 513 1764 lapsu
545 1687 848 1744 miserabili
880 1685 1079 1740 cadere
1115 1681 1377 1751 disponit.

443 1783 511 1839 Et
530 1776 944 1835 innumerabiles
977 1781 1099 1828 sunt
1133 1788 1263 1842 quos
1299 1770 1586 1839 interfecit.
1612 1767 1808 1824 Nullus
1842 1767 1946 1823 Ito-

357 1877 571 1931 minum
605 1883 904 1926 numerare
935 1871 1120 1936 potest
1147 1877 1291 1932 quos
1326 1872 1553 1932 peccato
1588 1861 1831 1916 necavit.

434 2050 599 2104 Vens.
642 2044 862 2103 27.Viaz
899 2044 1095 2115 inferni
1125 2044 1312 2098 domus
1337 2041 1508 2105 illius,
1530 2039 1842 2094 deducentes
1873 2038 1943 2092 ad

360 2142 634 2197 custodias
668 2138 877 2193 mortis.
903 2136 1156 2191 Potentia
1188 2134 1474 2199 sensitiva,
1498 2133 1677 2202 inqua
1696 2131 1851 2199 quasi
1885 2128 1944 2183 in

362 2233 527 2289 domo
556 2231 807 2285 habitare
848 2227 1048 2298 diligit,
1097 2225 1317 2281 turbata
1357 2222 1728 2292 impressione
1761 2235 1946 2276 rerum

363 2324 707 2382 sensibilium
743 2334 883 2389 quas
923 2327 1240 2388 per‘sensus
1270 2315 1530 2386 percipit,
1572 2321 1659 2368 est
1686 2319 1947 2383 tanquam

365 2415 618 2488 quaedam
657 2410 985 2483 perditionis
1019 2408 1130 2474 via,
1166 2405 1352 2462 ferens
1387 2404 1457 2459 ad
1479 2403 1766 2460 custodias
1797 2416 1949 2457 mor-

364 2511 437 2564 tis
469 2516 693 2575 peccato
722 2505 921 2565 allatae,
957 2502 1076 2555 hac
1104 2514 1236 2555 vero
1267 2499 1338 2554 ob
1384 2497 1698 2561 libidinem,
1729 2495 1788 2551 in
1819 2508 1949 2550 car-

366 2600 577 2657 nalium
634 2593 1036 2653 consuetudine
1114 2592 1334 2655 vivens,
1383 2589 1492 2645 sibi
1555 2596 1789 2644 mortem
1853 2600 1952 2657 per

367 2705 529 2747 situm
582 2696 787 2741 statum
843 2691 1020 2755 parat,
1077 2682 1254 2737 donec
1300 2688 1678 2750 opportunum
1729 2685 1951 2748 tempus

367 2782 611 2853 capiens,
654 2784 893 2832 mortem
928 2774 1153 2830 realiter
1192 2771 1481 2830 ostendat.

987 2967 1141 3026 CAP.
1188 2966 1325 3022 VIII.

428 3065 598 3121 Vens.
634 3066 685 3120 l.
706 3064 1044 3132 Quapropter
1071 3060 1391 3126 sapientiam
1414 3059 1714 3129 proclamo.
1743 3055 1952 3112 Idcirco

374 3158 514 3227 ipso,
569 3154 764 3211 Filium
804 3152 899 3207 Dei
965 3151 1315 3220 unigenitum
1367 3157 1424 3205 et
1467 3147 1733 3214 Verbum,
1764 3162 1862 3217 per
1892 3161 1955 3201 se

372 3248 768 3304 subsistentem
824 3245 1004 3315 ipsius
1057 3243 1389 3315 sapientiam
1416 3248 1471 3298 et
1516 3242 1845 3312 potentiam,
1888 3239 1957 3293 il-

373 3340 482 3394 lius
555 3339 873 3392 voluntates
933 3336 1029 3390 tibi
1104 3341 1507 3404 proponentem
1560 3345 1763 3403 magna
1822 3344 1958 3387 voce

373 3428 584 3494 exalta;
618 3429 734 3482 haec
763 3427 953 3481 carnis
985 3434 1093 3480 tuae
1136 3426 1324 3479 volitis
1354 3422 1679 3495 prazl'erens.

440 3520 609 3576 Vens.
645 3520 701 3574 2.
739 3516 807 3572 Ut
830 3518 1118 3587 prudentia
1154 3517 1248 3571 tibi
1296 3517 1621 3586 subjiciatur
1649 3530 1669 3570 :
1704 3525 1784 3570 est
1814 3515 1956 3569 enim

377 3617 433 3666 in
461 3609 683 3665 excelsis
732 3607 905 3663 ualde.
967 3605 1036 3662 Ut
1088 3606 1397 3663 secundum
1438 3605 1667 3661 verbum
1719 3602 1956 3658 auxilia-

379 3702 489 3756 trix
534 3700 732 3767 animat
783 3700 959 3754 virtus
1012 3696 1201 3752 veniat
1243 3696 1299 3750 in
1347 3705 1422 3760 te,
1471 3693 1543 3748 ad
1577 3691 1959 3764 reprimendas

381 3805 477 3863 per
528 3789 945 3861 temperantiam
1010 3786 1186 3842 malas
1249 3786 1647 3856 cupiditates:
1711 3780 1957 3838 Verbum

377 3885 525 3941 enim
577 3883 671 3939 Dei
729 3898 826 3954 per
879 3896 939 3938 se
1001 3881 1336 3946 subsistens,
1409 3893 1535 3934 cum
1593 3878 1665 3933 sit
1711 3876 1963 3931 omnium

381 3959 739 4035 scientiarum
764 3975 1060 4039 terminus,
1103 3980 1162 4028 ut
1196 3974 1422 4037 veritas,
1454 3986 1550 4042 per
1586 3985 1646 4026 se
1668 3976 1962 4024 transcen-

380 4069 462 4124 dit
514 4067 834 4122 altitudines
867 4065 1208 4121 editissimas
1246 4061 1583 4136 cognitionis
1617 4059 1957 4115 scientillcae:

383 4163 513 4217 talia
545 4169 676 4216 sunt
706 4174 894 4215 rerum
930 4161 1123 4224 verba,
1171 4155 1480 4213 secundum
1518 4168 1662 4224 quas,
1691 4160 1749 4207 et
1774 4149 1960 4206 omnia

383 4253 525 4309 facta
559 4260 710 4318 sunt,
751 4259 807 4306 et
836 4252 954 4322 ipse
978 4257 1066 4307 est
1098 4264 1196 4321 per
1230 4248 1415 4304 omnia
1449 4245 1505 4299 in
1533 4243 1814 4299 omnibus.

453 4451 520 4507 In
560 4451 730 4506 medio
765 4452 971 4505 viarum
995 4450 1160 4504 stetit.
1201 4445 1261 4500 In
1298 4444 1481 4500 medio
1508 4449 1811 4497 vestrorum
1838 4453 1961 4508 quae

387 4562 451 4600 ex
477 4544 693 4600 deiectu
728 4552 782 4597 et
813 4556 1049 4596 excessu
1078 4538 1300 4593 virtutis
1325 4536 1602 4599 oriuntur,
1635 4532 1785 4586 st’etit
1815 4540 1874 4585 ut
1903 4530 1961 4585 in

390 4653 647 4707 supremo
674 4632 1116 4702 concupiscibili,
1134 4629 1330 4683 animae
1349 4636 1403 4682 et
1426 4625 1646 4695 corpori
1676 4636 1965 4678 commune

389 4730 594 4784 bonum
621 4726 991 4789 concedente;
1047 4730 1102 4775 et
1158 4719 1321 4773 ambo
1382 4718 1674 4779 liberante,
1706 4713 1864 4783 quasi
1893 4727 1961 4767 ex

388 4825 548 4878 ruina
575 4835 696 4891 quae
723 4834 789 4873 ex
825 4826 1061 4886 utroque
1100 4813 1234 4868 vitio
1268 4809 1516 4883 procedit
1545 4826 1560 4864 :
1600 4822 1727 4862 nam
1772 4821 1839 4862 ex
1870 4805 1968 4860 de-

390 4916 536 4971 fectu
611 4912 837 4967 virtutis
888 4908 1243 4979 cupiditates,
1323 4903 1702 4960 habitaculum
1769 4899 1967 4953 animat

389 5009 832 5069 corrumpentes,
897 5013 1098 5070 corpus
1158 4997 1481 5051 maculant:
1554 4994 1660 5048 illa:
1716 5005 1838 5062 quae
1899 5004 1966 5044 ex

391 5112 643 5158 excessu,
700 5096 997 5150 obscurata
1051 5098 1254 5155 mente,
1311 5104 1433 5159 qua
1482 5087 1687 5141 bonum
1746 5091 1968 5153 propter

395 5191 562 5244 lacum
601 5188 819 5256 quaerit,
851 5200 1071 5239 carnem
1101 5190 1485 5252 corrumpunt,
1517 5181 1658 5233 hanc
1699 5177 1968 5231 nudantes

397 5279 743 5352 providentia
793 5279 863 5333 ab
915 5278 1099 5331 anima
1149 5276 1223 5331 illi
1263 5277 1446 5331 debita
1480 5272 1547 5328 ad
1591 5269 1970 5326 conservatio-

395 5389 541 5430 ιιειιι.

459 5463 625 5522 Vens.
689 5464 742 5518 5.
775 5462 929 5531 Apud
986 5472 1169 5532 portas
1219 5459 1514 5530 potentium
1573 5453 1734 5509 sedet.
1768 5452 1969 5506 Eorum

399 5562 489 5628 qui
551 5573 658 5613 non
713 5556 867 5613 luere
912 5557 1045 5614 victi
1093 5569 1275 5611 rerum
1324 5551 1629 5607 visibilium
1680 5545 1972 5600 fallacibus

399 5650 758 5721 apparentiis,
804 5650 958 5708 sedet
1010 5650 1067 5705 in
1120 5645 1401 5710 sensibus,
1441 5656 1537 5712 per
1570 5652 1708 5710 quos
1737 5635 1969 5691 visibilis

2041 393 2178 465 πρὸς
2204 391 2483 448 ἀπώλειαν
2512 391 2738 445 σπεύδει
2768 391 2869 461 τῆς
2903 391 3043 455 ιδίας
3070 391 3270 463 ψυχῆς.

2109 485 2208 540 κδ’.
2241 483 2374 539 Νῦν
2395 479 2531 549 οὖν,
2556 479 2603 540 ὦ
2624 484 2741 547 ulc,
2767 484 2950 539 ἄκουέ
2969 501 3111 555 μου.
3128 486 3289 557 ’Δρτι
3305 487 3509 556 τοίνυν,
3530 488 3626 542 τέ-

2038 593 2164 632 κνον
2192 594 2294 647 μου
2314 616 2330 641 ,
2357 576 2549 632 πείθου
2583 595 2695 648 μοι.

2107 671 2218 725 Kal
2241 670 2506 739 πρόσεχε
2531 669 2764 740 ῥήμασι
2787 671 3091 741 στόματός
3122 687 3265 742 μου.
3291 671 3404 726 Καὶ
3425 672 3623 742 ἐπιμε-

2037 760 2147 824 λῶς
2166 761 2409 816 διάκεισο
2429 762 2560 831 περὶ
2590 762 2659 815 τὰ
2687 763 2796 832 ἐμὰ
2828 762 3288 834 παραγγέλματα.

2109 851 2210 910 κε’.
2237 853 2335 920 Μὴ
2368 852 2705 907 ἐκκλινάτω
2733 855 2823 919 είς
2850 854 2957 920 τὰς
2992 853 3172 922 ὀδοὺς
3199 854 3389 925 αὐτῆς
3416 858 3455 926 ἡ
3486 876 3624 928 καρ-

2037 946 2139 1000 δία
2165 960 2303 1000 σου.
2340 944 2434 1016 Μὴ
2468 944 2814 1016 ἐκτραπείτω
2843 961 2938 997 σου
2981 947 3016 1016 ὴ
3059 946 3269 1002 διάνοια
3302 949 3383 1013 είς
3408 949 3507 1014 τὰς
3535 947 3627 1004 οἷά

2037 1055 2190 1102 τινας
2221 1037 2375 1101 ὁδοὺς
2407 1037 2545 1108 πρὸς
2566 1036 2739 1108 αὐτὴν
2766 1035 2863 1108 τὴν
2893 1036 3085 1108 ἄλογον
3108 1038 3406 1110 ἐπιθυμίαν
3429 1042 3626 1113 (95906-

2042 1144 2143 1192 σας
2169 1130 2439 1201 ἀπρεπεῖς
2464 1126 2817 1198 ἐνθυμήσεις.
3252 1168 3255 1169 ν

2109 1221 2220 1274 Καὶ
2244 1219 2329 1289 μὴ
2353 1217 2673 1287 πλανηθῇς
2692 1219 2763 1273 ἐν
2791 1218 3076 1288 ἀτραποῖς
3097 1219 3311 1289 αὐτῆς.
3332 1221 3486 1292 Μήτι
3515 1223 3639 1292 pulp;

2042 1309 2332 1381 ἀπατηθῇς
2364 1311 2485 1373 ταῖς
2523 1308 2634 1362 τῶν
2676 1310 3029 1381 προσκαίρως
3052 1309 3455 1382 εὑφραινόντων
3482 1311 3621 1379 διεξ-

2041 1402 2182 1465 ὀδοις
2213 1402 2407 1472 αὐτῆς.

2114 1499 2231 1559 κς’.
2293 1492 2574 1559 Πολλοὺς
2637 1493 2749 1564 γὰρ
2811 1493 3099 1562 τρώσασα
3159 1491 3619 1563 καταϐέϐληκεν.

2045 1586 2343 1650 Πλείστους
2379 1586 2489 1659 γὰρ
2522 1585 2602 1656 τῷ
2631 1586 2844 1658 κέντρῳ
2883 1585 2988 1657 τῆς
3024 1586 3219 1658 ἡδονῆς
3259 1593 3401 1644 κατὰ
3445 1588 3639 1660 ψυχὴν

1970 1654 2016 1714 Β
2046 1680 2316 1753 πλήξασα,
2345 1654 2584 1734 ἐλεεινὸν
2605 1654 2825 1749 πτῶμα*
2841 1654 3031 1732 πεσεῖν
3046 1654 3465 1748 παρεσκεύασε.

2113 1775 2227 1829 Kal
2272 1772 2661 1842 ἀναρίθμητοι
2704 1772 2885 1838 εισιν,
2924 1769 3035 1836 οὓς
3066 1772 3464 1840 crepa-avster.
3516 1769 3629 1825 Καϊ

2041 1868 2216 1931 οὐδεὶς
2243 1863 2546 1934 ἀνθρώπων
2565 1862 2870 1934 ἀριθμῆσαι
2892 1862 3205 1935 δυνήσεται,
3231 1860 3327 1925 οῦς
3352 1863 3420 1933 τῇ
3448 1862 3626 1933 ἀμαρ-

2042 1960 2133 2031 τίᾳ
2157 1958 2490 2028 ἐνέκρωσεν.

2114 2047 2220 2115 κζ’.
2262 2047 2412 2101 Ὀδοί
2445 2045 2597 2114 ᾅδου
2638 2048 2671 2100 ὁ
2699 2041 2866 2111 οἶκος
2889 2042 3100 2112 αὐτῆς,
3132 2057 3503 2113 κατανουσαι
3538 2043 3623 2108 εις

2044 2141 2273 2213 ταμιεῖα
2301 2139 2585 2195 θανάτου.
2628 2136 2693 2190 Ἦ
2720 2137 2830 2208 γὰρ
2862 2136 3139 2208 αἴσθησις,
3171 2130 3317 2209 ᾗτινι
3350 2134 3489 2206 αὕτη
3546 2133 3624 2197 ὡς

2045 2234 2181 2303 οἴκῳ
2206 2230 2595 2302 ἐμφιλοχωρεί,
2621 2229 3020 2301 διαφορουμένη
3045 2231 3111 2301 τῇ
3136 2227 3223 2283 διὰ
3238 2229 3347 2282 τῶν
3362 2227 3625 2299 αίσθητη-

2052 2325 2181 2396 ρίων
2206 2321 2609 2391 ποικιλοτρόπῳ
2632 2320 2914 2390 ἀντιλήψει
2932 2318 3044 2373 τῶν
3068 2319 3364 2389 αἰσθητῶν,
3390 2319 3625 2389 ὑπάρχει

2047 2410 2138 2469 οἷά
2164 2431 2309 2477 τινες
2336 2412 2614 2476 ἀπωλείας
2646 2410 2778 2476 ὁδοὶ,
2809 2409 3216 2480 καταφέρονται
3248 2411 3328 2473 εἰς
3361 2408 3457 2473 τὰς
3494 2400 3630 2463 ἀπο-

2049 2506 2368 2577 ταμιεύσεις
2407 2504 2502 2558 τοῦ
2546 2502 2669 2558 καθ’
2702 2502 2979 2574 ἁμαρτίαν
3007 2500 3231 2573 ὀλέθρου
3273 2500 3372 2571 τῆς
3407 2499 3587 2571 ψυχῆς
3608 2513 3627 2528 ⁹

2050 2597 2189 2669 αὕτη
2216 2597 2326 2668 γὰρ
2350 2596 2437 2650 διὰ
2459 2595 2571 2649 τῶν
2587 2594 2913 2665 αἰσθήσεων,
2936 2593 2996 2646 ἐν
3020 2593 3205 2663 σχέσει
3227 2591 3496 2662 γενομένη
3520 2589 3633 2644 τῶν

2052 2688 2348 2760 αἰσθητῶν,
2380 2687 2776 2760 περιφυλάττει
2805 2684 2930 2739 καθ’
2958 2684 3072 2752 ἐξιν
3098 2685 3190 2739 τὸν
3225 2683 3356 2738 ῐδιον
3384 2682 3630 2754 ὕλεθρον,

2057 2784 2250 2855 μέχρις
2290 2782 2357 2836 ἂν
2393 2782 2702 2853 προσφόρου
2731 2778 3045 2853 δραξαμένη
3077 2778 3290 2851 καιροῦ,
3332 2776 3635 2851 ἐνδείξηται

2056 2875 2218 2929 αὑτὸν
2244 2875 2366 2928 κατ’
2398 2873 2698 2945 ἐνέργειαν.

2651 2965 2902 3020 ΚΕΦΑΛ.
2950 2965 3034 3020 H'.

2126 3066 2196 3113 α’.
2229 3059 2326 3113 Διὸ
2360 3058 2443 3113 σὺ
2473 3057 2587 3124 τὴν
2615 3058 2839 3127 σοφίαν
2871 3056 3162 3125 κήρυξον.
3199 3056 3298 3112 Διὰ
3330 3057 3493 3110 τοῦτο
3533 3056 3634 3110 αὖ-

2054 3150 2148 3215 τδς
2185 3149 2276 3202 τὸν
2308 3149 2403 3202 τοῦ
2431 3147 2567 3201 Θεοῦ
2617 3148 2880 3218 μονογενῆ
2916 3147 3042 3200 Υίδν
3075 3148 3171 3200 καὶ
3199 3147 3390 3215 Λόγον,
3417 3144 3515 3217 τὴν
3543 3147 3638 3199 ἐν-

2058 3242 2361 3295 υπόστατον
2391 3238 2556 3293 αὐτοῦ
2591 3238 2820 3311 δύναμιν
2869 3240 2964 3292 καὶ
3001 3237 3214 3308 σοφίαν,
3247 3236 3637 3308 ὑποτιθέμενόν

2058 3350 2142 3388 σοι
2182 3332 2253 3387 τὰ
2287 3332 2453 3387 αὑτοῦ
2482 3329 2767 3403 θελήματα
2806 3330 3108 3403 μεγάλυνον
3129 3370 3143 3395 ,
3177 3328 3352 3385 ταῦτα
3380 3328 3490 3382 τῶν
3526 3325 3636 3383 σῶν

2060 3425 2343 3497 σαρκικῶν
2373 3422 2661 3496 προτιμῶν
2690 3422 3037 3493 θελημάτων.

2130 3515 2197 3586 β’.
2228 3515 2363 3587 Ἵνα
2393 3514 2690 3585 φρόνησίς
2721 3530 2819 3568 σοι
2852 3512 3182 3581 ὑπακούσῃ
3206 3527 3221 3544 ο
3247 3512 3347 3567 ἐπί
3373 3513 3487 3583 γὰρ
3520 3511 3640 3568 τῶν

2058 3606 2320 3677 ὑψηλῶν
2370 3605 2570 3675 ἄκρων
2609 3605 3037 3670 ἐστίν.·”οπως
3088 3607 3123 3678 ἡ
3174 3605 3414 3686 φέρουσα
3454 3604 3639 3677 δνησιν

2058 3699 2201 3754 κατά
2228 3698 2387 3768 λόγον
2416 3699 2668 3768 ἐνέργεια
2697 3698 2796 3769 τῆς
2820 3696 3023 3768 ψυχῆς,
3056 3697 3253 3770 ὑπείξῃ
3286 3714 3369 3751 σοι
3398 3696 3535 3768 πρὸς
3579 3697 3640 3751 τδ

2058 3790 2158 3862 τὴν
2186 3789 2380 3860 ἄλογον
2404 3789 2700 3860 ἐπιθυμίαν
2726 3788 2793 3842 δι’
2827 3788 3155 3860 ἐγκρατείας
3179 3789 3586 3860 ἀναχαιτίζεινο
3614 3791 3642 3844 6

2060 3883 2170 3954 γὰρ
2215 3883 2310 3936 τοῦ
2365 3879 2502 3936 Θεοῦ
2554 3870 2918 3945 ἐνυπδστατος
2945 3871 3149 3951 Λόγος,
3195 3882 3369 3953 πέρας
3415 3881 3492 3936 ὢν
3531 3880 3641 3936 τῶν
3686 3865 3694 3871 ’

2059 3976 2319 4045 γνωστῶν
2364 3975 2441 4038 ὡς
2481 3973 2729 4045 ἀλήθεια,
2769 3973 3006 4045 ὑπάρχει
3049 3972 3117 4028 δι’
3160 3974 3352 4029 ἐαυτὸν
3387 3974 3647 4028 ἐπέκεινα

2058 4068 2168 4121 τῶν
2197 4065 2295 4137 τῆς
2314 4065 2623 4135 γνωπικῆς
2653 4063 2891 4135 θεωρίας
2923 4063 3277 4136 ὑψηλοτάτων
3303 4064 3641 4137 ἀκροτήτων·

2061 4160 2228 4232 αἴπερ
2272 4157 2413 4212 εἰσὶν
2455 4159 2504 4210 oi
2534 4157 2683 4224 λόγοι
2714 4157 2823 4210 τῶν
2848 4157 3017 4211 ὄντων
3044 4171 3059 4188 ·
3102 4157 3226 4212 καθ’
3249 4157 3344 4222 οὒς
3384 4156 3646 4226 γεγόνασί

2061 4269 2121 4306 τε
2146 4253 2217 4306 τὰ
2245 4252 2447 4318 πάντα,
2477 4250 2574 4305 καὶ
2609 4250 2772 4315 αὐτὸς
2800 4250 2890 4306 διά
2921 4250 2990 4305 τά
3018 4250 3198 4306 πάντα
3234 4250 3294 4304 ἐν
3319 4252 3431 4314 τοῖς
3478 4248 3645 4305 πᾶσίν

1991 4353 2037 4408 D
2066 4347 2237 4400 ἐστιν.

2143 4436 2285 4492 Ἀνὰ
2324 4434 2522 4507 μέσον
2576 4434 2647 4490 δὲ
2693 4430 2909 4504 τρίϐων
2949 4434 3192 4505 ἔστηκε.
3232 4433 3413 4490 Μέσον
3444 4432 3503 4487 δὲ
3535 4432 3649 4486 τῶν

2061 4530 2183 4583 κατ’
2217 4529 2456 4600 ἔλλειψιν
2488 4528 2591 4598 τῆς
2617 4528 2842 4600 ἀρετῆς,
2878 4527 2974 4582 καὶ
3009 4525 3317 4599 ὑπερϐολὴν
3339 4525 3460 4580 κατ’
3489 4524 3647 4597 ἐνέρ-

2062 4636 2222 4687 γειαν
2264 4616 2470 4672 κακιῶν
2514 4618 2751 4682 ἵσταται,
2781 4615 2856 4680 ὡς
2902 4616 3131 4687 ἔσχατον
3175 4616 3434 4687 ὀρεκτὸν,
3464 4614 3647 4668 κοινὸν

2063 4708 2271 4778 ἀγαθὸν
2316 4708 2574 4779 ὑπάρχων
2615 4707 2760 4778 ψυχῇ
2804 4723 2867 4760 τε
2914 4708 3009 4761 κα)⁵
3052 4706 3300 4779 σώματι·
3333 4702 3416 4759 οἷα
3449 4706 3549 4776 τῆς
3589 4703 3649 4772 ἐξ

2065 4801 2395 4872 ἀμφοτέρων
2444 4799 2624 4871 λύμης
2671 4799 3032 4856 ἀπαλλάττων
3078 4801 3400 4873 ἀμφότερα·
3439 4801 3507 4855 τά
3547 4798 3648 4871 μὲν

2066 4895 2176 4964 γὰρ
2197 4892 2318 4947 κατ’
2348 4891 2587 4961 ἔλλειψιν
2618 4891 2717 4962 τῆς
2743 4893 2945 4965 ἀρετῆς
2973 4893 3144 4966 πάθη,
3172 4894 3233 4947 τὸ
3262 4894 3360 4963 μὲν
3384 4887 3517 4964 ἦθος
3548 4892 3646 4959 τῆς

2066 4985 2243 5055 ψυχῆς
2266 4983 2664 5055 διαφθείρουσι,
2695 4984 2794 5056 τὴν
2831 4984 2889 5038 δὲ
2935 4984 3116 5056 σάρκα
3146 4983 3469 5055 μολύνουσι·
3492 4982 3559 5036 τά
3590 4982 3649 5035 δέ

2069 5077 2190 5130 καθ’
2218 5076 2549 5148 ὑπερϐολὴν,
2577 5077 2884 5141 σκοτίζουσι
2925 5078 3023 5148 μὲν
3044 5077 3145 5146 τὴν
3173 5076 3371 5147 ψυχὴν,
3403 5075 3490 5128 διὰ
3515 5073 3647 5128 Θεὸν

2069 5165 2498 5237 ἐπιτηδεύουσαν
2525 5167 2586 5220 τὺ
2616 5167 2818 5236 ἀγαθόν
2839 5183 2853 5198 ⁸
2904 5152 3184 5239 φθείρουσι
3210 5167 3266 5219 δὲ
3304 5166 3404 5237 τὴν
3450 5166 3644 5235 σάρκα,

2071 5259 2479 5330 ἀποστεροῦντα
2506 5260 2714 5329 ταύτην
2742 5258 2843 5329 τῆς
2874 5259 3027 5332 παρὰ
3057 5260 3154 5328 τῆς
3176 5257 3354 5328 ψυχῆς
3394 5258 3528 5325 πρὸς
3559 5274 3652 5309 συ-

2074 5369 2263 5405 στασιν
2288 5351 2648 5422 ὀφειλομένης
2678 5351 2937 5420 προνοίας
2965 5351 3136 5420 αὐτῆς
3169 5347 3429 5422 {eam}.

2143 5451 2213 5512 γ’.
2258 5445 2424 5512 Παρὰ
2474 5445 2587 5513 γὰρ
2637 5444 2862 5509 πύλαις
2913 5443 3234 5498 δυναστῶν
3284 5440 3649 5511 παρεδρεύει.

2078 5537 2231 5605 Παρὰ
2265 5538 2376 5607 γὰρ
2403 5539 2521 5600 ταῖς
2553 5536 2662 5589 τῶν
2692 5537 3033 5608 φαινομένων
3071 5537 3170 5609 μὲν
3212 5535 3650 5603 ἀντιληπτικαῖς,

2077 5629 2271 5684 τούτου
2303 5628 2359 5682 δὲ
2390 5628 2484 5682 τοῦ
2521 5628 2813 5700 νοουμένου
2844 5628 3051 5684 τούτων
3087 5630 3261 5683 αἰτίου
3291 5630 3476 5698 λόγου,
3498 5626 3654 5690 δίκην
