3958 6202
353 414 493 480 1289

1362 414 1901 480 COMMENTARII
1941 407 2024 477 ΙΝ
2063 412 2526 478 PROVERBIA.

3465 414 3602 483 1290

341 532 529 588 πυλῶν
584 530 728 587 κατὰ
762 531 994 604 θεωρίαν
1028 531 1350 601 εἰσαγωγοῖς
1392 533 1542 604 [cod.
1590 532 1921 602 εἰσαγωγῆς]

2054 524 2428 602 ιονοίριύιιιοτ,
2460 532 2556 588 sed
2602 530 2765 587 etiam
2797 546 2894 603 per
2929 548 3093 604 quos,
3124 536 3282 604 quasi
3309 550 3403 605 per
3432 552 3605 607 quas-

343 624 479 696 πρὸς
500 621 561 676 τὸ
581 622 984 694 ἐπιγνωσθῆναι
1010 624 1170 676 αὑτὸν
1204 623 1345 679 κατὰ
1367 623 1494 678 νοῦν
1520 627 1586 695 τῇ
1608 620 1776 693 ψυχῇ,
1804 622 1920 676 δια·-

245 768 253 775 .
341 714 519 787 τρίϐει
570 714 822 787 αἰσθήσει
869 715 979 768 τῶν
1034 714 1110 787 μὴ
1152 715 1472 787 ἡττημένων
1504 718 1572 787 τῇ
1604 715 1789 784 ἀπάτῃ
1822 713 1920 785 τῆς

343 806 665 885 ἐπιφανείας
692 806 801 865 τῶν
828 806 1060 877 ὁρατῶν.

424 895 527 949 Ἐν
562 894 632 948 δὲ
665 894 927 961 εἰσόδοις
956 894 1246 964 ὑμνεῖται.
1292 896 1379 949 Ἐν
1408 897 1465 950 δὲ
1497 900 1614 959 ταῖς
1644 895 1921 957 τοιαύταις

343 970 509 1046 αύτοῦ
551 989 685 1062 πρὸς
734 987 860 1043 νοῦν
900 989 1253 1054 είσελεύσεσι,
1288 988 1653 1061 μεγαλύνεται
1695 989 1782 1043 διά
1816 987 1921 1041 τῶν

341 1081 485 1134 κατὰ
520 1079 751 1152 μίμησιν
782 1079 947 1134 αὐτοῦ
975 1080 1193 1148 ἀγαθῶν
1224 1080 1402 1151 ἔργων
1431 1080 1506 1143 ὡς
1530 1080 1640 1134 τῶν
1669 1081 1923 1153 ὁρώντων

343 1172 485 1228 αὐτὰ
510 1170 839 1235 δοξαζόντων
876 1172 1066 1225 τοῦτον
1094 1172 1185 1226 τὸν
1214 1172 1307 1226 τοῦ
1338 1173 1539 1238 παντὸς
1570 1173 1741 1227 αἴτιον
1779 1175 1918 1242 ἁγα-

343 1261 438 1315 θοῦ
461 1278 474 1291 ·
511 1263 605 1316 καὶ
634 1262 805 1316 ταῦτα
837 1263 935 1333 μὲν
957 1262 1025 1316 τὰ
1054 1263 1155 1334 τῆς
1185 1264 1399 1332 σοφίας.

414 1350 477 1404 δ’.
525 1349 698 1419 ’Υμᾶς
728 1350 817 1415 δὲ,
841 1346 889 1406 ὦ
919 1352 1237 1421 ἅνθρωποι,
1278 1354 1625 1423 παρακαλῶ.
1670 1357 1843 1427 ’Υμᾶς
1867 1352 1922 1409 δὲ

342 1441 469 1505 τοὺς
491 1441 582 1495 τὸν
607 1442 707 1512 τῆς
730 1441 1078 1514 ἀνθρωπίνης
1105 1443 1323 1512 φύσεως
1350 1443 1507 1512 λόγον
1540 1445 1679 1498 σῶον
1722 1445 1923 1514 φυλάτ·

343 1550 555 1599 τοντας,
583 1533 679 1588 καὶ
710 1535 821 1598 τοῖς
852 1534 951 1605 μὲν
990 1533 1143 1605 παρὰ
1169 1534 1333 1605 φύσιν
1366 1536 1564 1591 πάθεσι
1609 1536 1684 1608 μὴ
1729 1536 1926 1591 ὑποπί-

345 1642 600 1693 πτοντας,
632 1625 848 1692 φύσεως
891 1626 938 1679 δ’
967 1627 1138 1699 αὐτῆς
1170 1631 1534 1700 καταφρονεῖν
1567 1631 1733 1700 μήπω
1774 1627 1923 1684 δεδυ-

331 1715 637 1786 νημένους,
666 1716 726 1769 ού
759 1716 882 1770 κατ’
906 1716 1126 1789 ἐντολὴν
1153 1718 1251 1789 τὴν
1278 1718 1485 1791 ταύτης
1517 1721 1926 1791 καταφρόνησιν

345 1806 583 1872 ἀπαιτῶ,
612 1806 779 1876 φόϐον
811 1807 934 1861 τινά
960 1807 1218 1862 ἐπισείων
1253 1809 1404 1879 ὑμῖν,
1436 1808 1554 1862 ἀλλ’
1592 1812 1651 1865 ὲν
1691 1809 1770 1881 τῷ
1795 1810 1928 1864 ἀνα·

2023 620 2147 675 dam
2179 630 2390 693 portas,
2438 621 2795 679 meditatione
2842 624 3219 681 introducitur
3274 625 3509 683 Verbum
3543 639 3602 684 ut

2023 711 2221 767 borum
2286 722 2480 769 auctor
2541 714 2859 786 cognitum,
2920 726 2979 770 ut
3035 716 3104 773 ab
3166 719 3345 772 anima
3403 734 3604 775 secun-
3677 781 3681 785 ,

2022 803 2153 858 dum
2190 805 2454 875 placitum
2482 818 2933 879 recognoscatur.

2088 896 2155 952 In
2187 900 2345 953 atriis
2393 901 2787 972 magniﬁcatur.
2819 899 2884 954 Et
2928 901 2983 956 in
3023 902 3365 972 ingressibus
3390 903 3510 974 ejus
3537 904 3608 960 ad

2026 989 2289 1055 animam,
2315 991 2543 1055 exaltat,
2569 1006 2690 1061 quae
2723 1006 2788 1045 ex
2820 990 2943 1059 ejus
2966 991 3271 1048 imitatione
3302 992 3448 1049 facta
3479 1003 3611 1050 sunt

2025 1093 2194 1148 opera
2236 1079 2401 1142 bona,
2459 1086 2518 1132 ut
2547 1095 2609 1134 ea
2643 1076 2913 1157 videntes,
2955 1080 3106 1135 illum
3151 1082 3330 1137 omnis
3354 1080 3482 1139 boni
3508 1099 3611 1139 auo

2025 1176 2237 1223 ctorcm
2270 1170 2556 1224 celebrent
2585 1190 2596 1225 :
2629 1180 2682 1226 et
2711 1173 2825 1226 lucc
2848 1172 3014 1226 verba
3045 1172 3347 1242 sapientia.

2098 1343 2262 1399 Vens.
2294 1344 2350 1400 4.
2386 1343 2432 1400 0
2465 1346 2586 1410 viri,
2630 1345 2701 1400 ad
2740 1364 2828 1401 vos
2866 1348 3102 1407 clamito.
3138 1345 3246 1407 Vos
3277 1360 3460 1410 autem
3492 1359 3610 1426 qui,

2038 1433 2296 1489 humanae
2333 1442 2549 1490 natura;
2581 1436 2751 1508 legem
2801 1453 2993 1494 sanam
3023 1443 3421 1510 custodientes,
3458 1461 3489 1500 a
3512 1464 3612 1504 cu-

2028 1522 2356 1592 piditatibus
2409 1541 2533 1596 qua:
2577 1536 2709 1582 sunt
2759 1536 2950 1583 contra
2990 1538 3244 1586 naturam
3294 1549 3404 1589 non
3436 1536 3614 1592 vinci-

2030 1612 2187 1679 mini,
2251 1614 2345 1669 sed
2399 1617 2495 1685 qui
2545 1615 2790 1671 nondum
2851 1619 2992 1673 hanc
3034 1619 3211 1688 ipsam
3264 1633 3616 1682 contemnere

2028 1703 2252 1768 valetis,
2291 1719 2400 1760 non
2425 1719 2522 1760 vos
2547 1720 2643 1776 per
2670 1707 2962 1777 imperium
2990 1709 3058 1763 ad
3081 1711 3202 1780 ejus
3234 1721 3613 1785 contemptum

2029 1809 2187 1859 voco,
2249 1795 2490 1865 quodam
2550 1798 2709 1853 vobis
2764 1798 2971 1869 injecto
3045 1800 3262 1869 timore,
3304 1803 3403 1859 sed
3459 1807 3616 1862 vobis

345 1896 616 1951 διδάσκειν
656 1897 755 1962 τὰς
783 1897 878 1952 τοῦ
920 1898 1063 1971 ὑπὲρ
1102 1900 1266 1970 φύσιν
1295 1878 1456 1968 λόγου
1498 1878 1752 1972 χάριτας,
1797 1902 1929 1973 πρὸς

2054 1889 2184 1943 rerbi
2251 1890 2695 1959 supernaturalis
2766 1900 3088 1951 venustates
3148 1907 3489 1964 monstrans,
3544 1900 3616 1955 ad

348 1986 511 2041 πόθον
526 1987 838 2059 ἑφέλκομαι
881 1990 976 2060 τῆς
998 1990 1342 2061 τελειοτέρας
1370 1991 1666 2064 διαγωγῆς.

415 2076 527 2131 Καὶ
553 2079 822 2148 προΐεμαι
841 2078 998 2148 ἐμὴν
1015 2079 1227 2148 φωνὴν
1247 2078 1401 2146 υιοῖς
1428 2079 1774 2149 ἀνθρώπων.
1798 2080 1933 2153 Προ-

345 2164 496 2237 φέρω
527 2167 585 2220 δὲ
614 2169 713 2239 τὴν
737 2169 877 2239 ἐμὴν
907 2168 1280 2236 διδασκαλίαν,
1315 2170 1413 2225 καὶ
1439 2173 1551 2235 τοῖς
1580 2171 1669 2227 διὰ
1700 2172 1761 2225 τὸ
1794 2173 1932 2243 μόνα

347 2261 562 2330 φρονεῖν
605 2260 675 2313 τὰ
720 2260 823 2332 τῆς
851 2261 1289 2333 κάτωγνώσεως
1310 2304 1324 2329 ,
1357 2262 1660 2335 ἀνθρώπων
1691 2305 1707 2332 ,
1739 2266 1833 2319 καὶ
1869 2266 1931 2321 οὐ

345 2347 481 2401 Θεοῦ
512 2350 937 2421 χρηματίζουσι.

419 2445 482 2494 ε’.
497 2440 794 2507 Νοήσατε,
813 2441 1048 2509 ἄκακοι,
1063 2447 1455 2516 πανουργίαν.
1474 2445 1674 2514 Γνῶτε,
1688 2449 1737 2500 oi
1752 2448 1931 2518 πάσης

346 2530 548 2594 κακίας
580 2532 1001 2604 καθαρεύοντες,
1037 2534 1137 2606 τὴν
1162 2536 1365 2602 παντὸς
1393 2538 1599 2606 ἀγαθοῦ
1631 2539 1930 2610 ὲμμέθοδον

346 2619 632 2693 ἐνέργειαν
656 2640 669 2653 ·
697 2623 1010 2693 ἐπιγνόντες
1041 2626 1183 2680 κατὰ
1216 2628 1418 2698 πρᾶξιν
1439 2629 1539 2693 τὰς
1559 2630 1651 2685 τοῦ
1681 2631 1816 2685 Θεοῦ
1845 2634 1929 2687 ὲνα

345 2709 543 2776 τολάς·
581 2712 676 2769 καὶ
705 2714 785 2778 είς
814 2716 1096 2785 φωτισμὸν
1131 2717 1383 2772 ἐντεῦθεν
1412 2711 1652 2791 άπδτῆς
1691 2724 1928 2791 εἰσαγω-

345 2803 516 2874 γικῆς
544 2803 864 2878 καθάρσεως
890 2806 1287 2878 προκόψαντες.

425 2897 493 2950 Oi
519 2894 587 2949 δὲ
616 2895 985 2963 ἀπαίδευτοι,
1009 2897 1260 2954 ἕνθεσθε
1285 2900 1554 2970 καρδίαν.
1587 2903 1651 2957 0i
1682 2903 1739 2957 δὲ
1767 2906 1931 2977 μήπω

344 2986 605 3056 τυχόντες
635 2987 911 3060 πατρικῆς
943 2988 1191 3052 παιδείας
1238 2989 1375 3062 πρὸς
1404 2992 1695 3063 κάθαρσιν,
1722 2994 1929 3065 ἐμϐάλο

343 3076 471 3131 λετε
495 3078 576 3142 είς
608 3077 707 3143 τάς
731 3078 867 3142 ίδίας
888 3079 1068 3150 ψυχάς
1096 3081 1196 3151 τὴν
1234 3083 1496 3151 ξωογόνον
1520 3086 1649 3156 περὶ⁹
1673 3085 1807 3140 Θεοῦ
1842 3087 1930 3141 ἔν-

2034 1978 2385 2049 perieCtioris
2415 1981 2541 2037 vitae
2566 1982 2910 2039 desiderium
2946 1987 3188 2043 attrahe.

2102 2069 2173 2123 Et
2195 2086 2366 2126 vocem
2390 2088 2559 2127 meant
2593 2074 2808 2144 effunde
2839 2075 2908 2129 ad
2934 2076 3077 2146 ﬁlios
3108 2078 3401 2135 hominum.
3438 2079 3617 2138 Meam

2032 2159 2342 2217 doctrinam
2369 2171 2423 2218 et
2452 2163 2521 2219 iis
2551 2178 2827 2236 propono,
2860 2169 2954 2237 qui
2985 2180 3183 2224 vacant
3211 2170 3280 2225 ad
3306 2171 3618 2244 intelligen-

2033 2253 2162 2307 tiam
2192 2269 2380 2309 eorum
2421 2270 2542 2325 quae
2589 2258 2891 2314 secundum
2943 2259 3227 2316 hominum
3274 2273 3329 2319 et
3359 2278 3468 2320 non
3520 2265 3617 2323 Dei

2032 2341 2341 2397 scientiam.

2107 2429 2272 2488 Vens.
2300 2433 2352 2488 5.
2379 2433 2686 2507 Intelligite,
2716 2440 2972 2505 insontes,
2994 2443 3275 2500 astutiam.
3297 2444 3613 2519 Intelligite,

2032 2536 2132 2578 vos
2164 2523 2257 2593 qui
2301 2524 2372 2581 ab
2411 2528 2560 2582 omni
2606 2529 2819 2585 malitia
2853 2532 3018 2587 alieni
3050 2536 3207 2600 estis,
3242 2538 3616 2596 methodicam

2033 2614 2214 2670 omnis
2246 2613 2375 2671 boni
2404 2619 2777 2688 operationem
2814 2640 2828 2678 :
2868 2637 3329 2696 recOgnoscentes
3374 2632 3429 2687 in
3463 2635 3620 2703 pravi

2033 2703 2129 2760 Dei
2162 2714 2453 2779 pracepta;
2482 2718 2536 2765 et
2560 2711 2628 2767 ab
2651 2712 2965 2784 expiatione
3000 2734 3120 2787 qua:
3149 2733 3236 2778 est
3263 2738 3364 2794 per
3393 2726 3617 2785 modum

2033 2794 2457 2855 introduCtionis
2490 2802 2848 2870 procedentes
2881 2806 2947 2861 ad
2982 2806 3186 2867 lucem.

2104 2884 2451 2956 Insipientes,
2518 2892 2922 2952 animadvertite
3000 2901 3176 2957 corde.
3236 2902 3281 2960 Ο
3338 2922 3473 2976 vos,
3522 2916 3619 2982 qui

2031 2977 2272 3032 nondum
2323 2980 2390 3034 ad
2444 2990 2726 3052 paternam
2758 2986 3064 3043 doctrinam
3109 2993 3337 3051 venistis
3395 2998 3464 3054 ad
3518 2977 3620 3058 ex-

2032 3068 2349 3139 piationem,
2388 3072 2552 3140 jaeite
2602 3075 2655 3129 in
2711 3079 2926 3137 animas
2985 3080 3198 3141 ves‘tras
3249 3089 3617 3152 viviﬁcantem

343 3185 500 3222 νοιαν
521 3185 539 3201 ⁶
567 3170 690 3242 ἣτις
739 3170 828 3224 διὰ
859 3170 951 3224 τὸν
988 3173 1381 3244 ὲρρυπωμένον
1410 3174 1523 3245 βίον
1556 3176 1705 3247 φόϐῳ
1739 3179 1927 3247 αὐτοῦ,
1957 3211 1999 3269 c
2034 3158 2129 3269 Pei
2160 3162 2524 3269 εοβηίιίοξδίξηξ
2550 3184 2565 3233 ἓ
2602 3183 2730 3269 (1W3:
2746 3169 2952 3269 ξῖηδοτθ
2985 3174 3129 3245 eius:
3156 3178 3325 3235 νίῑὲπι
3373 3188 3624 3244 macula-

345 3260 535 3332 πάσης
561 3261 885 3333 ἐκκαθαίρει
912 3263 1150 3334 κηλίδος.

418 3351 498 3416 ς’.
516 3354 941 3409 Εἰσακούσατέ
961 3372 1105 3425 μουο
1129 3359 1324 3426 σεμνὰ
1353 3357 1464 3428 γὰρ
1490 3359 1621 3429 ἐρῶ·
1654 3363 1754 3417 καὶ
1778 3363 1932 3417 ἐνοί-

340 3458 437 3495 σω
470 3444 594 3500 ἀπὸ
631 3445 882 3514 χειλέων
919 3447 1084 3515 ὀρθά.
1140 3448 1409 3520 Πείσθητέ
1458 3468 1567 3520 μοι’
1612 3451 1771 3524 τίμια
1824 3455 1932 3525 γάρ

343 3533 695 3606 φθέγξομαισ
730 3538 824 3591 καὶ
853 3537 1077 3608 προάξω
1126 3540 1192 3590 ἐκ
1216 3538 1485 3608 στόματός
1527 3556 1628 3608 μου
1669 3542 1802 3611 εύθῆ
1845 3542 1932 3595 λόο

340 3642 463 3692 για.

415 3717 485 3783 ζ’.
519 3719 650 3773 Ὀτι
707 3719 1000 3788 ἀλήθειαν
1041 3720 1367 3792 μελετήσει
1424 3726 1456 3776 d
1501 3723 1738 3794 φάρυγξ
1784 3741 1928 3794 μου.

340 3808 496 3863 Διότι
529 3827 623 3882 μοι
672 3812 701 3864 ό
730 3810 887 3882 δίκην
923 3812 1203 3884 φάρυγγος
1247 3813 1496 3878 δεκτικὸς
1528 3814 1675 3881 νοῦς,
1703 3814 1800 3869 τοῦ
1826 3815 1931 3886 ψυιε

337 3900 448 3970 χὰς
486 3902 837 3974 στηρίζοντος
869 3904 1121 3975 οὐρανίου
1152 3903 1341 3975 άρτου,
1383 3905 1663 3976 φροντίσει
1713 3907 1931 3972 πάντως

333 3990 557 4057 διδάξαι
589 3994 733 4064 ὑμᾶς
761 3992 859 4066 τὴν
890 3995 948 4048 ὲν
976 3994 1119 4058 ὅλοις
1158 3994 1449 4066 ἀλήθειανο
1497 3996 1687 4051 τοῦτον
1726 3997 1929 4070 δηλαδὴ

332 4081 429 4134 τὸν
460 4084 571 4138 ὑπὸ
603 4084 789 4154 πάσης
813 4084 915 4155 τῆς
936 4085 1167 4149 κτίσεως
1188 4087 1593 4156 κηρυττόμενον
1629 4088 1926 4144 ὲνυπόστα-

329 4190 427 4227 τον
460 4179 562 4232 τοῦ
588 4177 732 4234 Θεοῦ
755 4179 937 4248 λόγον.

418 4268 869 4340 Ἐϐὃελυτμένα
892 4270 960 4324 δὲ
994 4270 1274 4324 ἐναντίον
1310 4270 1457 4339 ἐμοῦ
1494 4273 1667 4342 χείλη
1705 4271 1923 4342 ψευδῆ.
1964 4258 1984 4276 ⁸

328 4354 635 4415 Βδελυκτοὶ
671 4362 728 4413 δὲ
759 4361 1002 4415 ἐναντίον
1026 4360 1185 4433 ἐμοῦ,
1218 4361 1268 4414 οἱ
1296 4361 1357 4414 τὸ
1385 4362 1586 4435 ἀληθὲς
1626 4364 1703 4435 μὴ
1741 4367 1926 4435 ἄπαγε

325 4445 627 4515 γέλλοντες
658 4450 828 4520 λόγοι.

2039 3259 2150 3306 tam
2182 3253 2252 3308 ab
2278 3254 2426 3309 omni
2458 3257 2577 3312 labe
2610 3259 2883 3329 puriﬁcat.

2110 3342 2274 3400 Vens.
2304 3345 2357 3400 6.
2388 3347 2581 3433 Audite
2633 3367 2734 3421 me,
2776 3358 2960 3424 gravia
3005 3360 3143 3415 enim
3189 3363 3433 3422 locutura
3463 3387 3620 3438 sum;

2037 3438 2303 3506 proferant
2355 3440 2511 3495 tabiis
2546 3445 2672 3499 meis
2700 3456 2866 3503 recta.
2901 3451 3099 3510 Audite
3131 3472 3237 3524 me,
3275 3457 3621 3523 honorabilia

2038 3528 2306 3592 clamabo,
2329 3538 2381 3584 et
2409 3532 2681 3602 proferam
2711 3551 2777 3591 ex
2800 3553 2894 3595 ore
2923 3555 3044 3597 meo
3071 3554 3220 3600 recta
3251 3557 3304 3605 et
3331 3551 3504 3620 justa.

2110 3698 2295 3794 Vens:
2353 3703 2418 3794 A7.
2508 3704 2649 3771 Quia
2713 3709 2987 3766 ueritatem
3048 3716 3397 3775 meditabitur
3431 3735 3621 3794 guttur

2040 3803 2230 3845 meum.
2260 3790 2398 3857 Quia
2453 3795 2585 3849 mihi
2636 3798 2795 3866 quasi
2841 3814 2968 3856 vere
3016 3811 3225 3873 guttur,
3262 3790 3486 3879 spiritus
3520 3831 3618 3870 ca-

2038 3897 2142 3954 pax
2170 3886 2328 3955 panis
2360 3889 2604 3945 celestis
2638 3891 2854 3950 animas
2884 3895 3261 3954 conﬁrmantis
3282 3941 3298 3968 ,
3330 3905 3619 3963 meditabi-

2035 3984 2127 4031 tur
2155 3978 2382 4033 omnino
2416 3992 2721 4039 monstrare
2755 3986 2909 4043 vobis
2931 3990 3211 4047 veritatem
3245 3993 3301 4049 in
3335 4000 3615 4070 omnibus,

2035 4068 2245 4125 scilicet
2268 4072 2641 4130 manifestabit
2658 4091 2754 4147 per
2773 4093 2832 4133 se
2854 4080 3239 4139 subsistentem
3268 4084 3363 4141 Dei
3390 4068 3613 4148 verbum

2034 4176 2067 4216 ι
2102 4170 2214 4218 tota
2254 4164 2531 4220 creatione
2565 4168 2897 4225 nuntiatum.

2109 4250 2316 4309 Odiosa
2368 4264 2489 4310 ante
2527 4272 2609 4311 me
2659 4256 2803 4313 labia
2833 4260 3040 4316 dolosa.
3082 4263 3280 4321 Odiosa
3322 4278 3450 4324 sunt
3490 4281 3614 4329 ante

2035 4360 2139 4411 me,
2158 4360 2278 4417 quae
2312 4361 2503 4403 verum
2538 4364 2647 4404 non
2678 4352 3028 4419 aununtiant,
3057 4357 3244 4415 verba.

400 4542 474 4604 η’.
507 4541 681 4595 Μετὰ
695 4516 1085 4609 δικαιοσύνης
1101 4541 1301 4597 πάντα
1318 4540 1391 4595 τὰ
1408 4540 1653 4611 ῥήματα
1671 4541 1777 4596 τοῦ
1790 4542 1927 4595 στό-

2105 4528 2269 4585 Vens.
2304 4529 2357 4583 8.
2400 4530 2533 4585 Cum
2558 4530 2781 4599 justitia
2804 4534 2983 4587 omnia
3012 4516 3166 4589 verba
3188 4539 3296 4592 oris
3328 4541 3448 4597 mei.
3475 4541 3611 4598 Cum

322 4627 521 4693 ματός
559 4647 707 4698 μου.
739 4630 895 4683 Μετὰ
930 4631 1166 4701 κρίσεως
1188 4632 1465 4704 άρρεποῦς
1500 4633 1678 4687 πάντα
1708 4632 1780 4686 τά
1820 4634 1929 4704 ἐμά

330 4722 639 4786 παραγγέλ
647 4738 816 4793 ματα.

407 4809 611 4863 οὐδὲν
655 4815 728 4867 ἐν
778 4813 986 4881 αὐτοῖς
1030 4817 1305 4881 σκολιὸν,
1335 4815 1480 4872 οὐδὲ
1524 4816 1929 4888 στραγγαλιῶ-

327 4891 458 4960 δες.
495 4900 673 4956 Οὐδὲν
692 4904 752 4958 ἐν
779 4907 962 4968 αὐτοῖς
995 4904 1189 4976 ψεῦδος
1220 4909 1651 4980 ὑποκρινόμενον
1670 4909 1770 4980 τὴν
1799 4909 1929 4980 ἁλή-

327 4982 517 5054 θειαν,
542 4990 674 5046 οὔτε
711 4995 817 5066 μὴν
851 4995 944 5048 τοῦ
980 4995 1167 5060 εὐθέος
1189 4999 1655 5069 ἐκτετραμμένον.

403 5076 472 5130 θ’.
509 5080 724 5141 Πάντα
751 5086 973 5142 ἐνώπια
1000 5087 1126 5155 τοῖς
1153 5089 1460 5145 συνιοῦσι.
1488 5091 1737 5155 ’Δπαντα
1768 5110 1930 5163 φανε-

330 5173 407 5237 ρὰ
458 5178 578 5239 τοῖς
633 5182 953 5236 συννεύουσι
1011 5183 1148 5254 πρὸς
1205 5183 1266 5235 τὸ
1313 5182 1541 5251 ἀγαθὸν,
1573 5183 1665 5236 καὶ
1704 5183 1793 5236 διὰ
1827 5183 1929 5254 τῆς

327 5260 478 5314 κατά
529 5268 740 5334 πρᾶξιν
788 5272 1003 5343 πείρας,
1045 5272 1153 5325 τῶν
1195 5272 1425 5326 ἐντολῶν
1473 5273 1572 5344 τὴν
1616 5274 1929 5345 ἐπιστήμην

328 5357 741 5423 κτησαμένοις.
1031 5418 1035 5422 ,

396 5444 509 5497 Καὶ
543 5448 693 5515 ὀρθὰ
714 5456 841 5522 τοῖς
871 5456 1224 5525 εὑρίσκουσι
1251 5454 1496 5523 γνῶσιν.
1522 5458 1631 5511 Καὶ
1660 5457 1930 5514 εὐθύτατα

324 5532 440 5592 ταῖς
490 5536 818 5604 ἐξετάζουσι
872 5549 966 5601 καὶ
1004 5548 1480 5618 καταλαμϐάνουσι
1523 5551 1836 5617 γνωστικῶς
1862 5550 1930 5615 τὸ

324 5616 555 5669 ἀλτιθιέ;Δ

364 5617 555 5689 ληθές.

401 5708 453 5807 ι’.
488 5715 722 5775 Λάϐετε
752 5728 1031 5783 παιδείαν
1062 5730 1158 5783 καὶ
1178 5732 1264 5800 μὴ
1291 5731 1592 5802 ἀργύριον.
1638 5734 1928 5807 Κτησασθε

325 5797 473 5871 ὑπὲρ
510 5809 612 5874 μὲν
642 5812 913 5891 ἀργύριον
943 5797 1201 5893 καθαρὸν,
1245 5797 1341 5893 τὴν
1376 5797 1649 5887 ἐπιπόνως
1821 5824 1929 5877 ἀπὸ

574 5903 855 5976 Ps'rnoc.
889 5919 1005 5979 Gn.
1048 5918 1405 5984 LXXXVI].

2026 4618 2240 4688 judicio
2276 4621 2431 4676 ﬁrtno
2464 4638 2657 4679 omnes
2688 4625 3102 4683 exhortationes
3140 4628 3293 4685 mete.

2105 4795 2228 4852 Non
2272 4807 2350 4852 est
2398 4798 2453 4853 in
2500 4799 2581 4854 eis
2621 4816 2843 4870 prauum
2886 4800 3034 4873 quid,
3086 4821 3245 4874 neque
3289 4823 3608 4872 perversum.

2028 4892 2246 4946 Nullum
2303 4894 2356 4947 in
2431 4895 2512 4950 eis
2566 4895 2910 4952 mendacium
2965 4898 3251 4953 veritatem
3320 4901 3608 4966 simulans.

2027 5004 2130 5043 nec
2152 5004 2183 5041 a
2213 4989 2539 5044 rectitudine
2569 5006 2877 5046 removens.

2097 5070 2263 5136 Vens.
2302 5079 2356 5134 9.
2404 5076 2598 5137 Omnia
2645 5092 2768 5138 ante
2811 5082 2993 5139 oculos
3025 5082 3109 5140 Itis
3138 5089 3228 5155 qui
3280 5087 3611 5161 intelligunt.

2029 5167 2225 5227 Omnia
2266 5172 2558 5230 manifesta
2609 5174 2696 5231 his
2732 5175 2828 5246 qui
2864 5176 2932 5231 ad
2973 5164 3178 5233 bonum
3215 5178 3522 5246 festinant;
3557 5191 3612 5237 et

2029 5265 2121 5335 qui
2161 5280 2254 5335 per
2287 5275 2521 5322 conatus
2562 5268 2861 5335 practicos,
2896 5270 3279 5325 mandatorum
3324 5272 3608 5327 scientiam

2030 5356 2340 5424 acquirunt.

2104 5444 2168 5500 Et
2210 5457 2356 5501 recta
2414 5449 2795 5506 invenientibus
2850 5453 3147 5507 scientiam.
3182 5453 3248 5506 Et
3300 5454 3609 5511 rectissima

2029 5537 2399 5607 quaerentibus
2447 5546 2502 5595 ct
2547 5541 2954 5599 invenientibus
3012 5548 3293 5601 scientiam
3339 5547 3606 5605 veritatis.

2097 5732 2262 5787 Vens.
2300 5733 2384 5788 10.
2416 5733 2801 5805 Appreltendite
2828 5736 3166 5803 disciplinam
3204 5747 3259 5792 et
3292 5755 3392 5791 non
3423 5755 3608 5810 argen-

2031 5835 2159 5880 tum.
2213 5816 2495 5897 Acq‘ui‘rite
2537 5843 2695 5899 super
2752 5839 3037 5899 argentum
3070 5847 3291 5900 purum,
3344 5833 3606 5893 virtg'tnm

3082 5925 3241 6017 ,Μ
