3958 6202
405 374 542 440 ηειι
638 383 644 388 ’

1698 375 2048 436 PROCOPII
2103 378 2344 438 GAZzEI

3535 379 3668 446 1292

413 493 758 564 disciplinam
806 506 906 564 pro
938 492 1089 564 praxi
1122 494 1307 548 utilem
1359 502 1413 549 et
1465 493 1703 550 animam
1741 509 1866 547 cum
1903 493 1981 548 la.

2109 495 2288 558 ιακίας
2319 493 2551 564 κηλίδων
2582 493 2681 564 τὴν
2704 493 2883 566 ψυχὴν
2911 494 3351 567 ἐκκαθαίρουσαν
3386 495 3664 570 ὠφέλιμον

409 585 543 640 bore
574 600 603 638 a
628 583 918 656 pravitatis
948 585 1180 640 maculis
1223 584 1628 655 puriﬁcantem.

483 673 551 729 Et
585 675 860 729 scientiam
905 689 1016 743 pra:
1049 690 1185 730 auro
1214 675 1461 744 probato.
1495 675 1674 746 Super
1709 689 1902 730 aurum
1935 675 1990 732 iu

409 761 534 834 igne
586 763 902 834 probatum,
956 763 1136 818 lumen
1194 765 1456 830 scientiae,
1511 765 1826 821 nullomodo
1870 765 1994 837 igne

410 852 900 908 involuntariarum
937 853 1296 925 tentationum
1329 853 1606 910 deﬁciens.

478 1027 740 1099 Conﬁdite
768 1028 1130 1098 intelligentia:
1155 1038 1212 1082 ut
1235 1047 1366 1086 auro
1393 1046 1548 1100 puro.
1586 1031 1855 1087 Conlidite
1883 1047 1990 1086 non

419 1133 510 1186 spc
538 1119 659 1187 puri
709 1117 830 1173 auri
887 1134 918 1172 a
967 1119 1129 1174 vobis
1190 1121 1565 1186 thc‘saurisati,
1627 1121 1722 1178 sed
1795 1123 1992 1176 discre-

410 1210 546 1262 tione
587 1226 767 1263 eorum
797 1226 913 1280 qua:
933 1219 1054 1264 ante
1070 1211 1248 1266 oculos
1265 1222 1408 1276 sunt,
1437 1224 1558 1267 orta
1582 1230 1613 1266 a
1636 1213 1790 1267 bono.
1825 1211 1895 1268 Ut
1920 1214 1992 1270 ob

407 1302 769 1371 ignorantiam
803 1317 911 1358 non
947 1301 1204 1359 incidatis
1239 1304 1294 1358 in
1329 1305 1628 1376 praecipitia
1652 1313 1706 1361 et
1731 1305 1988 1377 abyssum

407 1396 650 1448 malitiae.

479 1484 644 1540 Vens.
672 1485 757 1540 Η.
791 1483 981 1540 Melior
1017 1493 1093 1540 est
1126 1486 1266 1540 enim
1309 1487 1576 1556 sapientia
1617 1487 1837 1558 gemmis
1868 1503 1991 1556 pre-

409 1577 572 1631 tiosis.
611 1575 800 1632 Melior
829 1585 913 1632 cst
942 1577 1088 1630 enim
1145 1590 1352 1639 sermo,
1403 1578 1494 1648 qui
1529 1577 1732 1632 malum
1769 1592 1800 1632 a
1847 1578 1992 1633 bono

407 1668 687 1729 discernit,
715 1667 986 1738 lapidibus
1018 1669 1103 1722 vel
1133 1668 1568 1737 pretiosissimis.

478 1759 644 1814 Omne
674 1759 999 1824 honorabile,
1033 1776 1136 1814 non
1175 1771 1251 1816 est
1283 1761 1429 1814 illius
1460 1761 1700 1831 dignum.
1731 1760 1870 1828 Quia
1907 1762 1988 1816 ni-

2094 581 2234 634 κατὰ
2265 581 2462 654 πρᾶξιν
2489 583 2597 637 τῶν
2625 583 2840 654 ἀρετῶν
2865 584 3111 656 ἀγωγήν.

2164 671 2275 728 Καὶ
2334 671 2564 742 γνῶσιν
2618 673 2771 742 ὑπὲρ
2827 676 3086 744 χρυσίον
3130 675 3664 746 δεδοκιμασμένον.

2095 762 2280 833 οὙπὲρ
2301 763 2358 816 δὲ
2378 763 2599 833 χρυσίον
2631 765 2960 836 δοκιμασθὲν
2989 768 3048 820 ὲν
3076 769 3230 837 πυρὶ,
3255 767 3370 832 φῶς
3389 767 3663 836 γνώσεως,

2093 855 2158 924 τῇ
2187 853 2402 924 καμίνῳ
2430 854 2539 908 τῶν
2568 855 2838 910 ἀκουσίων
2871 857 3196 929 πειρασμῶν
3223 856 3488 929 μηδαμῶς
3509 857 3664 912 ἐλατ-

2093 943 2185 996 τού
2193 960 2377 1014 μενον.

2175 1036 2616 1104 Ἀντερείδεσθε
2669 1037 2737 1090 δὲ
2768 1039 3068 1108 αἰσθήσει,
3091 1041 3351 1110 χρυσίου
3384 1042 3662 1110 καθαροῦ.

2105 1126 2250 1179 Ἀντὶ
2287 1126 2382 1180 τοῦ
2431 1128 2758 1198 Στηρίζεσθε
2796 1129 2974 1184 ἐλπίδι
3017 1131 3111 1184 τοῦ
3166 1131 3662 1204 τεθησαυρισμένου

2094 1219 2222 1288 ὑμῖν
2251 1219 2538 1290 άκιϐδήλου
2567 1221 2791 1291 χρυσίου
2817 1236 2830 1250 ⁸
2869 1224 2934 1292 τῇ
2965 1223 3028 1276 ἐκ
3056 1221 3150 1278 τοῦ
3176 1223 3382 1291 ἀγαθοῦ
3405 1225 3496 1278 τοῦ
3523 1228 3665 1280 ἐναν-

2092 1306 2209 1359 τίου
2231 1307 2501 1376 διακρίσει
2522 1323 2536 1340 ο
2573 1307 2916 1378 στηρίζεσθε,
2946 1309 3085 1362 ὥστε
3111 1311 3186 1381 μὴ
3213 1314 3571 1366 καταπίπτειν
3605 1315 3662 1380 ἐξ

2093 1389 2334 1462 ἀγνοίας,
2369 1395 2450 1457 είς
2477 1395 2758 1466 κρημνοὺς
2785 1395 2982 1462 κακίας
3014 1400 3110 1451 καὶ
3143 1400 3416 1470 βάραθρα.

2170 1481 2257 1537 ια’.
2315 1484 2625 1554 Κρείσσων
2680 1487 2793 1554 γὰρ
2833 1491 3020 1557 σοφία
3058 1491 3244 1544 ,λίθων
3291 1495 3656 1550 πολυτελῶν.

2093 1573 2343 1630 Καλλίων
2377 1575 2486 1646 γὰρ
2515 1577 2544 1628 ὁ
2570 1576 2631 1628 τὸ
2658 1580 2839 1647 χεῖρον
2873 1579 3203 1652 ἀποδιαιρῶν
3229 1583 3324 1635 τοῦ
3365 1587 3660 1655 κρείττονος

2091 1665 2267 1733 λόγος,
2306 1665 2402 1719 καὶ
2435 1666 2542 1719 τῶν
2571 1667 2884 1738 ⁸πολυτίμων
2915 1669 3082 1726 λίθων
3111 1672 3312 1727 αὐτῶν.

2161 1755 2292 1815 Πᾶν
2331 1757 2400 1812 δὲ
2451 1758 2666 1830 τίμιον,
2704 1763 2816 1815 οὐκ
2876 1762 3050 1825 ἀξιον
3087 1765 3278 1834 αὐτῆς
3315 1767 3504 1822 ἐστιν.
3540 1767 3653 1820 Ὅτι

409 1853 480 1906 hil
535 1852 840 1922 comparari
887 1861 1065 1920 potest
1111 1867 1177 1906 ex
1222 1853 1291 1908 iis
1325 1868 1447 1923 qua:
1479 1853 1635 1908 vobis
1667 1853 1986 1908 aestimanda

2109 1853 2280 1908 τούτου
2329 1855 2480 1909 οὐδὲν
2532 1855 2640 1910 τῶν
2695 1859 2825 1930 παρ’
2871 1861 3002 1930 ὑμῖν
3041 1861 3236 1930 τιμίων
3282 1859 3554 1926 ἀντάξιον,
3601 1861 3660 1922 ὃς

406 1945 679 2008 videntur,
712 1945 950 2000 sermoni
985 1945 1062 2000 illi
1092 1947 1186 2016 qui
1225 1947 1342 2003 haec
1387 1948 1580 2004 edocet
1615 1963 1710 2019 per
1739 1947 1990 2020 Scriptu-

409 2053 522 2091 ram
552 2045 603 2091 Cl
635 2046 906 2090 naturam.

475 2127 640 2182 Vens.
679 2126 765 2180 12.
825 2125 939 2197 Ego
970 2127 1234 2196 sapientia
1263 2127 1444 2182 habito
1476 2129 1530 2183 in
1559 2130 1805 2184 consilio.
1870 2128 1982 2198 Ego

403 2217 497 2272 Dei
517 2217 751 2272 Verbum
771 2217 823 2270 in
850 2217 1137 2273 animabus
1168 2217 1227 2272 in
1253 2232 1339 2273 me
1370 2219 1722 2274 credentibus
1750 2219 1990 2274 aediﬁca-

405 2310 455 2363 vi
487 2317 546 2363 ut
573 2307 979 2362 tabernaculum
1011 2307 1136 2362 illas
1184 2307 1503 2363 custodiens
1557 2323 1587 2362 a
1647 2308 1874 2364 maculis
1918 2307 1988 2363 ab

403 2403 530 2473 igne
557 2399 917 2470 cupiditatum
951 2399 1323 2467 venientibus,
1355 2401 1577 2458 virtutis
1617 2409 1672 2456 et
1701 2401 1988 2474 pravitatis

403 2494 815 2550 discretionem.

472 2585 541 2640 Et
569 2583 843 2638 scientiam
864 2593 913 2636 et
947 2582 1348 2654 intelligentiam
1375 2598 1466 2654 ego
1492 2584 1691 2638 vocavi.
1720 2582 1786 2636 Et
1805 2598 1985 2638 rerum

405 2675 718 2742 scientiam,
749 2689 858 2746 qua
894 2673 1078 2730 omnia
1113 2681 1265 2740 sunt,
1295 2681 1352 2729 et
1392 2674 1815 2744 intelligentiam
1863 2689 1988 2746 qute

404 2780 470 2820 ex
501 2763 607 2819 illis
635 2764 782 2820 circa
818 2776 904 2818 me
956 2761 1150 2830 Deum,
1208 2764 1451 2818 omnium
1489 2773 1772 2818 auctorem
1803 2765 1984 2827 venit,

403 2857 666 2913 constitui
721 2858 780 2912 in
829 2857 1115 2912 animabus
1193 2873 1314 2927 quae
1367 2857 1422 2912 in
1480 2873 1566 2912 me
1623 2859 1878 2924 credunt,
1931 2869 1987 2913 et

401 2967 498 3005 cas
541 2952 596 3004 in
649 2949 931 3015 moralem,
967 2951 1271 3006 naturalem
1313 2959 1367 3007 et
1415 2949 1774 3022 theologicam
1813 2951 1998 3023 philo-

404 3045 650 3116 sophiam
685 3045 984 3100 introduxi.

479 3159 637 3216 Vens.
677 3160 762 3214 15.
817 3157 998 3213 Timor
1029 3157 1242 3212 Domini
1297 3155 1406 3211 odit
1455 3156 1798 3228 iniustitiam,
1830 3173 1981 3211 arro-
2008 3163 2054 3225 ο

403 3251 642 3320 gantiam
669 3259 717 3302 et
747 3249 1048 3318 superbiam
1076 3257 1126 3301 et
1153 3251 1266 3306 uias
1292 3247 1556 3301 malorum
1585 3256 1636 3302 et
1656 3263 1714 3302 os
1737 3247 1985 3318 bilingue.

405 3341 592 3396 Timor
656 3339 747 3393 Dei
838 3339 1084 3397 omnium
1150 3337 1392 3400 Domini,
1493 3352 1659 3394 omne
1737 3338 1987 3408 iniquum

404 3433 553 3498 odit;
579 3431 773 3498 loquor
801 3430 869 3483 de
928 3429 1313 3492 inhonorante,
1346 3429 1670 3484 rationalem
1709 3437 1985 3494 naturam,

355 3574 358 3577 .
406 3538 472 3578 ex
491 3523 704 3578 defectu
731 3522 970 3588 virtutis,
990 3519 1522 3591 malitia.—Loquor
1543 3521 1612 3576 de
1640 3523 1916 3591 superbia,
1934 3530 1990 3577 et

408 3632 516 3672 non
544 3615 856 3670 rationabili
891 3614 1086 3686 gloria,
1121 3613 1189 3669 de
1219 3613 1384 3668 rebus
1418 3614 1766 3669 venientibus
1799 3615 1869 3668 ab
1895 3629 1988 3668 ex-

411 3725 568 3766 cessu
600 3709 814 3766 virtutis
841 3725 938 3780 per
967 3723 1106 3780 quas
1134 3707 1263 3762 mali
1293 3708 1528 3778 spiritus
1571 3708 1624 3762 ln
1671 3709 1852 3762 anima
1884 3709 1988 3762 ho-

408 3804 618 3858 minum
679 3801 1069 3872 ingredientes,
1097 3797 1314 3854 defectu
1379 3799 1631 3862 virtutis,
1661 3798 1987 3867 cupiditates

410 3895 705 3964 ingerunt;
740 3893 906 3948 simul
957 3891 1082 3948 dico
1133 3891 1466 3962 impietatem
1497 3903 1684 3944 eorum
1707 3901 1861 3943 suam
1891 3887 1990 3941 do-

409 3986 640 4040 ctrinam
687 3982 989 4040 secundum
1033 3971 1198 4050 quam
1235 3981 1312 4036 illi
1347 3979 1683 4045 hominibus,
1718 3993 1826 4035 non
1857 3979 1986 4046 Deo,

410 4077 502 4142 qui
534 4091 700 4147 opera
725 4073 988 4131 bonitatis
1030 4073 1320 4130 tribuenda
1365 4112 1380 4138 ,
1441 4071 1750 4142 inspirant;
1780 4071 1986 4126 idcirco

414 4161 650 4218 Verbum
680 4160 796 4230 Dei,
825 4161 942 4218 hate
969 4161 1170 4218 timore
1201 4161 1317 4226 Dei,
1352 4159 1673 4230 prohibens,
1701 4159 1961 4230 loquitur.

1987 4253 2020 4284 ο

483 4455 638 4529 Qdivi
674 4471 944 4526 perversa:
979 4455 1243 4508 malorum
1283 4454 1418 4508 uias.
1451 4453 1609 4508 Odivi
1639 4463 1842 4520 autem,
1885 4471 1984 4528 ego

2089 1946 2214 2000 τάδε
2275 1946 2515 2001 διδάσκει
2566 1948 2634 2001 δι’
2680 1950 2809 2020 ὅλης
2859 1952 2956 2022 τῆς
3006 1952 3227 2022 Γραφῆς
3270 1955 3364 2006 καὶ
3411 1954 3508 2024 τῆς
3558 1953 3658 2024 φύ-

2091 2053 2249 2098 σεως.

2159 2127 2246 2198 ιβ’.
2291 2128 2440 2198 Ἐγὼ
2469 2129 2506 2197 ἡ
2533 2129 2724 2200 σοφία
2753 2129 3191 2200 κατεσκήνωσα
3213 2133 3477 2200 βουλήν.
3522 2131 3662 2201 Ἐγὼ

2085 2219 2114 2272 ό
2139 2219 2232 2272 τοῦ
2265 2217 2400 2272 Θεοῦ
2434 2219 2608 2288 Λόγος
2649 2221 2706 2272 ὲν
2739 2223 2861 2285 ταῖς
2891 2221 3000 2276 τῶν
3026 2224 3390 2277 πιστευόντων
3430 2241 3522 2294 μοι
3557 2223 3662 2292 ψυ-

2086 2311 2209 2380 χαῖς
2232 2309 2522 2381 ὲπηξάμην
2549 2310 2648 2381 τὴν
2677 2309 2753 2374 ὥς
2779 2328 2902 2366 τινα
2932 2313 3135 2383 σκηνὴν
3167 2313 3544 2383 φυλάττουσαν
3572 2316 3669 2368 αὑ-

2085 2398 2185 2463 τάς
2213 2399 2493 2470 ἀνωτέρας
2520 2399 2620 2470 τῆς
2649 2401 2715 2452 ὲκ
2747 2398 2842 2454 τοῦ
2867 2399 3112 2472 φλογμοῦ
3137 2404 3247 2456 τῶν
3273 2403 3462 2459 παθῶν
3497 2405 3668 2476 μελαο

2085 2487 2326 2553 νώσεως,
2361 2487 2564 2560 ἀρετῆς
2589 2489 2684 2544 καὶ
2717 2491 2920 2555 κακίας
2958 2491 3252 2564 διάκρισιν.

2158 2580 2268 2635 Καὶ
2317 2578 2544 2650 γνῶσιν
2593 2581 2692 2650 καὶ
2739 2581 2988 2636 ἔννοιαν
3030 2583 3144 2653 ἐγὼ
3179 2584 3665 2654 ἐπεκωεσάμην.

2086 2671 2199 2724 Καὶ
2234 2669 2333 2742 τὴν
2377 2671 2486 2724 τῶν
2518 2671 2688 2727 ὄντων
2724 2671 2944 2741 γνῶσιν,
2979 2667 3164 2746 ᾖδντα
3203 2675 3326 2740 εἰσὶ,
3360 2677 3454 2730 καὶ
3479 2676 3580 2746 τὴν
3609 2676 3670 2740 ἐξ

2085 2762 2265 2816 αὐτῶν
2293 2754 2424 2832 περὶ
2473 2762 2606 2842 ἐμοῦ
2646 2762 2742 2816 τοῦ
2793 2764 3012 2818 πάντων
3047 2765 3219 2819 αἰτίου
3264 2765 3420 2832 Θεοῦ,
3459 2765 3671 2822 ἔννοιαν

2088 2853 2502 2928 ὲφειλκυσάμην
2531 2855 2723 2919 αὐταῖς
2758 2856 3072 2920 πιστευθεὶς
3103 2857 3194 2909 ὑπ’
3232 2858 3431 2921 αὐτῶν,
3465 2859 3562 2911 καὶ
3590 2861 3674 2922 εἰς

2085 2945 2286 3016 ἠθικὴν
2316 2945 2411 3001 καὶ
2437 2948 2674 3018 φυσικὴν
2701 2950 2796 3001 καὶ
2821 2946 3140 3021 θεολογικὴν
3184 2949 3506 3020 φιλοσοφίαν
3532 2950 3667 3006 ταύ-

2086 3050 2186 3098 τας
2218 3033 2526 3102 ἐναγαγών.

2157 3152 2244 3214 ιγ’.
2274 3147 2460 3212 Φόϐος
2495 3147 2715 3214 Κυρίου
2749 3147 2919 3216 μισεῖ
2952 3141 3213 3209 ἀδικίαν,
3253 3149 3424 3216 ὕϐριν
3462 3167 3530 3204 τε
3569 3152 3672 3204 καὶ

2095 3239 2532 3307 ὑπερηφανίαν,
2552 3239 2652 3293 καὶ
2674 3239 2854 3308 ὀδοὺς
2879 3230 3174 3310 πονηρῶν,
3197 3244 3292 3297 καὶ
3321 3245 3517 3311 στόμα
3541 3244 3672 3298 ἄπι-

2094 3345 2264 3383 στον.
2282 3329 2338 3383 ’0
2356 3328 2515 3396 φόϐος
2529 3329 2584 3382 δὲ
2598 3331 2809 3396 τούτου,
2823 3332 2918 3384 τοῦ
2939 3332 3048 3385 τῶν
3059 3333 3194 3386 ὅλων
3210 3336 3505 3396 Δεσπότου,
3522 3335 3668 3388 ἅπαν

2095 3420 2405 3492 παράλογον
2419 3421 2839 3492 ἀποστρέφεται·
2863 3425 3006 3494 φημὶ
3019 3425 3082 3495 δὴ
3098 3426 3196 3494 τήν
3219 3442 3275 3478 τε
3293 3427 3414 3480 κατ’
3430 3425 3666 3495 ἔλλειψιν

2094 3513 2192 3584 τῆς
2221 3514 2422 3585 ἀρετῆς
2466 3514 2784 3584 ἁτιμοποιδν
2816 3516 2914 3586 τῆς
2949 3516 3172 3587 λογικῆς
3201 3516 3418 3586 φύσεως
3446 3520 3664 3583 κακίαν,

2093 3603 2188 3658 καὶ
2230 3602 2330 3674 τὴν
2373 3601 2493 3656 καθ’
2522 3603 2829 3676 ὑπερϐολὴν
2854 3603 3056 3676 ταύτης
3097 3607 3359 3674 φυσίωσιν
3382 3645 3398 3670 ,
3433 3611 3528 3663 καὶ
3571 3608 3666 3668 τάς

2094 3695 2356 3767 περὶτῶν
2389 3694 2557 3749 όντων
2591 3695 2908 3766 ἀλογίστους
2932 3697 3112 3765 δόξας*
3142 3697 3210 3752 δι’
3241 3692 3316 3754 ὧν
3342 3701 3412 3754 τὰ
3439 3701 3541 3769 τῆς
3572 3717 3666 3754 πο-

2095 3787 2286 3859 νηρίας
2340 3785 2627 3858 πνεύματα
2679 3789 2737 3842 ὲν
2782 3791 2904 3852 ταῖς
2950 3789 3059 3842 τῶν
3113 3790 3416 3863 ἀνθρώπων
3470 3793 3667 3864 ψυχαῖς

2093 3879 2394 3948 ποιούμενα
2419 3879 2518 3952 τὴν
2544 3878 2802 3950 πάροδον,
2831 3879 2912 3934 τάκ
2931 3881 3054 3934 κατ’
3079 3880 3316 3950 ἔλλειψιν
3341 3883 3441 3952 τῆς
3471 3883 3667 3953 ἀρετῆς

2094 3971 2240 4042 πάθη
2265 3971 2492 4034 ταύταις
2517 3969 2836 4024 ὑποτιθέασι
2858 3987 2872 4002 ο
2903 3972 2998 4025 καὶ
3027 3973 3126 4042 τὴν
3161 3973 3290 4042 περὶ
3313 3972 3502 4036 ἀθεῒας
3529 3971 3667 4026 διδα-

2095 4059 2322 4116 σκαλίαν
2362 4059 2543 4115 αὐτῶν
2592 4059 2660 4130 ἢν
2711 4061 2882 4114 ταῦτα
2934 4061 3214 4115 ποιοῦνται
3259 4063 3395 4132 πρὸς
3426 4063 3553 4124 τοὺς
3595 4061 3671 4132 μὴ

2091 4152 2232 4224 Θεῷ,
2278 4151 2391 4208 ἀλλ’
2426 4152 2643 4213 ἑαυτοῖς
2675 4149 2746 4204 τὰ
2781 4150 3181 4222 κατορθώματα
3229 4152 3668 4223 ὲπιγράφοντας·

2091 4243 2280 4314 διόπερ
2313 4241 2485 4296 ταῦτα
2519 4229 2679 4304 αὐτὸς
2719 4242 2747 4294 ό
2784 4239 2880 4293 τοῦ
2921 4239 3058 4294 Θεοῦ
3083 4241 3264 4309 λόγος,
3289 4239 3377 4296 διὰ
3399 4238 3495 4293 τοῦ
3536 4239 3676 4312 πρὸς

2093 4336 2256 4392 αὑτὸν
2279 4334 2445 4405 φόϐου
2472 4331 2860 4405 ἀπαγορεύων,
2889 4333 3054 4389 οἱονεὶ
3076 4332 3225 4404 λέγει
3240 4371 3254 4385 .
3614 4335 3618 4338 ’

2159 4449 2483 4518 Μεμίσηκα
2511 4447 2580 4502 δὲ
2604 4446 2719 4518 ἐγὼ
2741 4447 3217 4520 διεστραμμένας
3247 4448 3427 4516 ὀδοὺς
3447 4431 3676 4505 κακῶν.

411 4547 630 4603 virtutis
687 4549 806 4618 ipsa
863 4545 1084 4616 regula,
1141 4543 1581 4600 machinationes
1642 4545 1987 4614 daemonum,

2109 4517 2510 4612 Ἐϐδελυξάμην
2564 4517 2652 4607 δὲ,
2682 4540 2848 4604 αὐτὸς
2903 4517 3108 4612 αρετῆς
3151 4542 3411 4614 ύπάρχων
3465 4544 3679 4608 κανὼν,

411 4639 652 4694 malitias
693 4639 1040 4701 inventorum
1084 4634 1140 4689 in
1175 4633 1457 4687 hominum
1513 4633 1837 4702 animabus,
1872 4653 1994 4708 qua:

414 4734 511 4788 has
540 4749 569 4786 a
598 4729 928 4788 rectitudine
952 4722 1423 4791 virtutis,defectu
1454 4741 1790 4798 excessuque
1808 4731 1990 4802 hujus,

413 4831 682 4879 avertunt.

484 5021 652 5076 Vens.
689 5020 775 5077 l4.
835 5019 1015 5077 Meum
1067 5032 1147 5079 est
1199 5025 1478 5080 consilium
1531 5033 1582 5082 et
1613 5028 1892 5082 securitas.
1951 5027 1996 5082 Α

414 5128 530 5178 me,
587 5113 816 5182 iustitiae
869 5115 1006 5182 sole,
1039 5124 1300 5186 tanquam
1369 5117 1566 5174 anima:
1635 5119 1856 5173 oculum
1910 5118 1995 5174 in-

414 5205 773 5260 tellectualem
805 5206 1134 5274 illustrante,
1180 5208 1329 5263 venit
1359 5209 1695 5276 hominibus,
1756 5225 1998 5282 praesen-

414 5299 548 5352 tium
609 5299 1008 5371 circumspecta
1069 5300 1331 5360 discretio
1385 5317 1552 5359 :-a
1595 5293 1702 5370 me,
1767 5314 1826 5359 ut
1889 5304 2001 5375 spi-

413 5393 554 5448 ritus
585 5391 798 5448 fervore
827 5392 1186 5464 cupiditatum
1221 5396 1522 5468 procellam
1558 5396 1880 5467 repellente,
1908 5413 2003 5453 ve-

415 5485 496 5542 nit
527 5484 634 5538 illis
661 5485 730 5539 ab
761 5484 848 5541 his
883 5484 1156 5542 liberatio.
1460 5491 1466 5498 ’

497 5598 609 5652 Mea
635 5607 712 5652 est
740 5599 1044 5668 prudentia,
1078 5617 1195 5654 mea
1223 5608 1300 5653 est
1325 5599 1606 5668 fortitudo.
1638 5603 1683 5654 Α
1715 5615 1800 5655 me
1841 5601 2005 5658 datur

419 5689 546 5754 illis,
571 5696 828 5758 tanquam
863 5705 891 5744 a
928 5703 1187 5760 supremo
1225 5689 1665 5758 concupiscibili,
1691 5707 1812 5761 quae
1849 5693 2003 5746 auxi-

422 5777 552 5832 lium
591 5779 706 5846 dal,
759 5781 884 5837 boni
917 5779 1404 5848 concupiscentia;
1443 5780 1602 5850 cujus
1640 5783 1704 5836 ad
1735 5782 2007 5851 operatio-

2093 4633 2196 4698 τὰς
2245 4634 2346 4704 τῆς
2407 4633 2554 4687 κατὰ
2595 4631 2800 4704 ταύτην
2840 4631 3138 4703 εὐθύτητος
3193 4635 3678 4705 ἑκτετραμμὲνας,

2095 4728 2216 4782 κατ’
2243 4725 2476 4796 ἔλλειψιν
2509 4725 2678 4794 αὐτῆς
2720 4724 2813 4778 καὶ
2838 4723 3166 4798 ὑπερϐολὴν,
3197 4728 3258 4780 ὲν
3289 4728 3408 4790 ταῖς
3435 4726 3546 4780 τῶν
3577 4729 3684 4778 ἀν·-

2097 4820 2332 4893 θρώπων
2351 4819 2553 4890 ψυχαῖς
2583 4817 2866 4890 διατριϐὰς
2890 4818 2999 4874 τῶν
3017 4819 3326 4890 ὲφευρετῶν
3352 4821 3452 4892 τῆς
3475 4821 3686 4886 κακίας

2096 4911 2392 4983 δαιμόνων.

2173 5026 2254 5082 ιδ’.
2288 5025 2435 5097 Ἐμὴ
2455 5026 2660 5097 ,Βουλὴ
2683 5028 2780 5082 καὶ
2809 5026 3134 5098 ἀσφάλεια.
3151 5027 3288 5099 Παρ*
3307 5025 3444 5098 ἐμοῦ
3466 5028 3561 5082 τοῦ
3579 5029 3690 5100 τῆς

2099 5118 2445 5190 δικαιοσύνης
2483 5119 2687 5184 Ἠλίου,
2715 5118 3023 5191 ἀνθρώποις
3047 5118 3458 5190 παρέχεται,ὠς
3493 5122 3596 5190 μὲν
3626 5123 3690 5174 τὸ

2100 5208 2286 5280 νοερὸν
2313 5209 2413 5279 τῆς
2433 5207 2612 5280 ψυχῆς
2635 5209 2790 5280 ὄμμα
2815 5209 3160 5279 φωτίζοντος,
3185 5209 3219 5280 ἡ
3252 5209 3391 5278 μετὰ
3419 5213 3690 5282 περισιιέ-

2101 5303 2243 5375 ψεως
2271 5302 2379 5356 τῶν
2401 5304 2660 5358 ἐναντίων
2681 5298 2977 5376 διάκρισιςέ
3004 5303 3078 5368 ὡς
3101 5302 3159 5356 δὲ
3181 5303 3273 5356 τὸν
3295 5303 3546 5375 χειμῶνα
3573 5305 3693 5358 τῶν

2104 5395 2292 5451 παθῶν
2326 5395 2770 5467 ἀποκρουομένου
2803 5399 2870 5468 τῇ
2908 5395 3086 5468 θέρμῃ
3131 5395 3226 5450 τοῦ
3267 5396 3608 5466 πνεύματος,
3657 5400 3691 5468 ἡ

2106 5489 2170 5542 ὲκ
2193 5485 2400 5542 τούτων
2425 5487 2668 5560 φυλακή.

2188 5598 2330 5669 Ἐμὴ
2361 5599 2678 5668 φρόνησις,
2703 5597 2818 5668 ἐμὴ
2853 5597 2920 5652 δὲ
2963 5597 3164 5664 ἰσχύς.
3213 5596 3354 5666 Παρ⁹
3393 5596 3533 5668 ἐμοῦ
3571 5597 3690 5651 ἐστι

2107 5688 2336 5752 τούτοις,
2366 5689 2442 5750 ὡς
2471 5688 2698 5758 ἐσχάτου
2735 5685 2982 5761 όρεκτοῦ.
3005 5688 3040 5757 ἡ
3073 5692 3312 5760 φέρουσα
3340 5684 3531 5754 ὄνησιν
3562 5685 3689 5757 δρε-

2115 5781 2193 5845 ξις
2219 5780 2312 5834 τοῦ
2342 5779 2569 5848 ἀγαθοῦ
2601 5781 2730 5850 παρ’
2760 5777 2893 5849 ἐμοῦ
2923 5795 2982 5830 τε
3011 5777 3147 5848 πρὸς
3171 5775 3268 5848 τὴν
3299 5777 3492 5830 τούτου
3525 5780 3686 5849 ὲργαο
