3958 6202
345 379 484 448 19.93

1426 377 1962 442 COMMENTARII
2011 376 2090 434 IN
2127 373 2579 436 PROVERBIA.

3478 367 3612 433 1234

345 500 466 554 σίαν
512 497 723 561 τούτοις
760 497 961 550 δίδοται
987 490 1235 568 δύναμις⁹
1270 493 1344 554 ὡς
1371 494 1738 551 ἐνυποστάτου
1767 494 1928 548 δυνὰ-

2048 507 2153 546 tcm
2210 491 2319 546 illis
2353 487 2680 546 conceditur
2709 484 2972 556 potentia,
3009 501 3037 539 a
3078 501 3165 542 me
3205 490 3615 558 uta‘potestate

345 608 493 664 μεως
515 589 608 642 τοῦ
633 588 768 642 Θεοῦ
805 588 900 643 καὶ
920 589 1154 660 Πατρός.

415 688 495 734 ιε’.
525 682 606 735 Δι’
625 679 770 750 ἐμοῦ
790 679 1074 748 ,ϐασιλεῖς
1096 681 1526 746 βασιλεύουσι.
1557 683 1636 734 Δι’
1665 679 1821 752 ἐμοῦ,
1849 681 1924 742 ῶς

343 773 481 828 Θεοῦ
523 774 721 842 Λόγου,
757 773 806 826 oi
847 772 956 826 τῶν
996 773 1186 828 παθῶν
1237 777 1636 848 αὐτοκράτορες
1684 773 1923 844 ἐννόμων

343 865 696 920 ἐπιστατοῦσι
733 867 800 936 τῇ
829 865 1092 938 ἐπιθυμίᾳ
1121 867 1217 920 καὶ
1246 867 1324 935 τῷ
1356 866 1534 938 θυμῷ.

416 946 526 1013 Καὶ
549 960 602 1010 οἱ
636 956 932 1010 δυνάσται
960 956 1258 1026 γράφουσι
1290 957 1707 1026 δικαιοσύνην.
1741 958 1847 1010 Καὶ
1875 959 1924 1009 oi

347 1050 851 1108 καθυποτάςσοντες
883 1049 981 1121 τὴν
1014 1050 1194 1121 σάρκα
1239 1049 1314 1120 τῷ
1348 1049 1642 1120 πνεύματι,
1676 1049 1767 1104 τὸν
1796 1047 1925 1119 χοῦν

346 1143 486 1196 κατὰ
515 1142 714 1215 πρᾶξιν
746 1141 958 1212 ἠθικῶς
999 1141 1439 1206 διαπλάττοντες,
1472 1141 1560 1195 διὰ
1603 1140 1794 1196 τούτου
1831 1156 1925 1210 ση-

349 1236 650 1309 μειοῦνται,
673 1237 750 1302 ὡς
787 1237 876 1291 διὰ
927 1237 1176 1308 μέλανος,
1211 1237 1308 1308 τὴν
1341 1237 1442 1306 τῆς
1483 1237 1661 1308 ψυχῆς
1709 1237 1927 1308 ἀρρεπῆ

347 1327 530 1398 κρίσιν
565 1327 702 1398 πρὸς
741 1327 809 1380 τὰ
855 1329 976 1381 κατ’
1001 1327 1236 1390 ἔλλειψιν
1261 1325 1360 1396 τῆς
1391 1327 1593 1397 ἀρετῆς
1640 1327 1735 1380 καὶ
1759 1326 1930 1396 ὑπερ-

347 1417 508 1488 ϐολὴν
553 1418 698 1488 πάθη
726 1417 861 1488 ἐμοῦ
894 1417 986 1472 τὸν
1024 1418 1181 1486 λόγον
1228 1417 1328 1487 τῆς
1355 1418 1556 1489 ἀρετῆς
1584 1417 1795 1482 τούτοις
1821 1419 1926 1471 ὑπο

346 1509 724 1580 αγορεύοντος.

421 1607 517 1665 ις’.
553 1602 632 1653 Δι’
659 1600 806 1671 ἐμοῦ
831 1599 1190 1671 μεγιστᾶνες
1199 1601 1792 1676 μεγαλύνονται.Δι’ἐ
1802 1601 1923 1671 μοῦ,

347 1690 423 1756 ὡς
451 1691 726 1766 ἀλαθήτου
755 1691 1023 1762 γνιῦστου,
1047 1691 1143 1746 καὶ
1167 1693 1398 1762 ἐσχάτου
1433 1690 1680 1762 ὀρεκτοῦ,
1708 1692 1755 1743 οἱ
1789 1691 1928 1746 κατὰ

347 1782 551 1853 γνῶσιν
580 1783 672 1838 καὶ
699 1783 901 1853 ἀρετὴν
925 1783 1274 1856 προύχοντες,
1305 1782 1445 1837 κατὰ
1469 1782 1671 1844 ταύτας
1696 1800 1926 1852 περιφαε

347 1878 454 1940 νεῖς
478 1876 572 1931 καὶ
597 1875 829 1943 ἐπίδοξοι
854 1879 1111 1947 γίνονται.

414 1968 524 2024 Καὶ
576 1969 853 2041 τύραννοι
909 1969 985 2024 δι’
1007 1969 1156 2040 ἐμοῦ
1205 1971 1494 2038 κρατοῦσι
1543 1969 1676 2041 γῆς.
1723 1970 1833 2023 Καὶ
1872 1969 1922 2020 οἱ

343 2058 443 2131 τὴν
475 2037 665 2130 mm»)
722 2061 899 2132 σάρκα
953 2037 1436 2132 παραϐιαζόμενοι,
1467 2037 1611 2132 προς
1634 2061 1695 2113 τὸ
1720 2061 1923 2127 ταύτης

344 2148 728 2222 ἀπονεκρῶσαι
770 2150 1046 2220 φρόνημα,
1079 2149 1146 2203 δι’
1169 2149 1302 2219 ἐμοῦ
1333 2149 1508 2218 αὐτῆς
1533 2148 1880 2220 κυριεύουσιν
1907 2164 1918 2178 ·

343 2237 420 2304 ὡς
447 2238 540 2293 τὸν
580 2239 745 2294 πόθον
801 2240 939 2310 πρὸς
973 2239 1041 2294 τὰ
1069 2239 1338 2312 νοούμενα
1372 2240 1482 2292 ἀπὸ
1519 2239 1628 2293 τῶν
1659 2239 1922 2310 φαινομέ-

345 2347 453 2386 νων
485 2333 832 2402 μετάγοντος.

419 2423 508 2487 ιζ’.
551 2425 692 2494 Ἐγὼ
731 2425 874 2490 τοὺς
919 2425 1024 2494 ἐμὲ
1065 2425 1398 2494 φιλοῦντας
1435 2425 1668 2494 ἀγαπῶ.
1726 2425 1924 2488 Αὐτὸς,

347 2511 438 2566 διὰ
491 2513 602 2568 τῶν
644 2513 797 2585 ἐμῶν
830 2515 1082 2576 ἐντολῶν,
1126 2515 1253 2578 τοὺς
1291 2515 1620 2582 ἀγαπῶντάς
1655 2532 1722 2584 με
1753 2515 1928 2568 ἁπαλ-

348 2601 557 2656 λάττων
593 2601 703 2656 τῶν
756 2603 1082 2675 παραλόγων
1129 2603 1340 2669 παθῶν,
1383 2604 1660 2677 γνώριμον
1715 2603 1924 2668 τούτοις

271 2715 276 2718 ·
348 2693 448 2764 τὴν
481 2695 617 2764 πρὸς
647 2696 845 2760 αὐτοὺς
878 2697 1100 2768 ἀγάπην
1133 2715 1235 2767 μου
1271 2697 1517 2752 καθιστῶ
1539 2714 1552 2728 ·
1588 2698 1692 2751 κᾶν
1713 2698 1928 2761 πάντας

351 2785 677 2857 ἀνθρώπους
708 2787 784 2851 ὼς
837 2787 1068 2859 πλάσμα
1121 2789 1252 2844 ἴδιον
1281 2789 1502 2858 ἀγαπῶ,
1537 2789 1734 2860 ἐπίσης
1759 2791 1928 2844 θέλων

350 2877 574 2932 πάντων
597 2878 695 2950 τὴν
729 2879 1026 2952 σωτηρίαν.

415 2971 482 3024 Oi
504 2970 572 3024 δὲ
615 2971 721 3041 ἐμὲ
759 2969 1096 3040 ζητοῦντες,
1149 2969 1491 3040 εὑρήσουσι
1549 2973 1747 3043 χάριν.
1783 2975 1845 3026 Οί
1873 2973 1927 3026 δὲ

351 3062 491 3134 πρός
521 3081 588 3134 με
622 3063 683 3118 τὸ
701 3064 854 3128 τέλος
881 3063 988 3118 τῶν
1012 3062 1292 3132 γνωστῶν,
1324 3061 1424 3134 τὴν
1463 3063 1726 3135 ἀλήθειαν
1745 3105 1760 3130 ,
1787 3063 1928 3117 κατὰ

2030 583 2119 636 Dei
2153 598 2214 638 ac
2241 583 2422 636 Patris
2451 579 2906 651 persubsistcnte.

2101 674 2262 730 Vens.
2302 674 2389 730 15.
2428 673 2528 728 Per
2557 689 2636 726 me
2670 687 2813 742 reges
2847 677 3090 741 regnant.
3119 668 3222 723 Per
3252 682 3355 729 me,
3395 676 3452 720 ut
3482 669 3618 722 divi-

2027 783 2158 822 num
2191 765 2455 830 Verbum,
2481 765 2517 819 ii
2543 763 2635 834 qui
2663 762 2973 834 cupiditatis
3005 761 3292 830 conformis
3325 763 3426 832 (egi
3454 762 3616 830 impe-

2029 872 2168 924 rant,
2203 863 2475 930 imperant
2503 855 2971 926 concupiscentiis
3014 862 3070 908 et
3103 852 3433 908 tumoribus.

2103 953 2169 1006 Et
2199 961 2432 1022 potentes
2459 949 2695 1005 scribunt
2723 947 3016 1017 justitiam.
3051 944 3112 998 Et
3140 945 3240 1012 illi,
3270 946 3362 1016 qui
3397 947 3613 1016 spiritui

2029 1060 2246 1100 carnem
2298 1042 2624 1111 subjiciunt,
2685 1041 2739 1093 in
2801 1039 2956 1109 praxi
3003 1038 3286 1092 etiluenter
3313 1038 3613 1093 secundum

2029 1133 2285 1187 moralem
2314 1139 2516 1185 terram
2549 1132 2892 1199 contingunt,
2921 1143 3016 1198 per
3050 1131 3151 1182 hoc
3209 1135 3469 1198 tanquam
3521 1143 3618 1198 per

2027 1231 2391 1279 atramentum
2420 1263 2436 1285 ,
2485 1236 2572 1274 me
2617 1221 2726 1274 illis
2781 1220 2998 1274 virtutis
3061 1220 3289 1273 verbum
3337 1226 3620 1272 mutnante

2029 1317 2243 1370 ﬁrmum
2283 1313 2478 1366 animae
2506 1311 2770 1382 judicium
2806 1309 2952 1365 circa
2998 1310 3328 1380 cupiditates
3353 1352 3366 1375 ,
3400 1323 3463 1362 ex
3499 1308 3614 1363 def.

2028 1419 2082 1466 et
2127 1426 2245 1465 exc.
2283 1405 2500 1461 virtutis
2533 1408 2856 1460 connotant.

2099 1585 2266 1641 Vens.
2305 1583 2392 1638 16.
2456 1582 2560 1638 Per
2594 1601 2673 1638 me
2729 1583 2990 1652 principes
3053 1566 3334 1646 εἴημεν-αντε.
3385 1575 3491 1631 Per
3535 1590 3621 1630 me

2031 1691 2285 1747 tanquam
2318 1675 2386 1730 ab
2413 1675 2506 1730 illo
2535 1689 2696 1744 quem
2725 1673 2858 1728 nihil
2897 1671 3115 1734 latet,et
3143 1682 3400 1738 supremo
3421 1681 3622 1720 concu-

2031 1769 2289 1840 piscibili,
2352 1776 2405 1822 et
2463 1767 2557 1837 qui
2617 1766 2672 1821 in
2730 1764 2961 1820 scientia
2995 1771 3050 1818 ct
3095 1761 3301 1816 Virtute
3361 1766 3620 1830 potentes

1960 1837 2001 1892 Β
2032 1837 2127 1930 per
2157 1859 2255 1912 has
2290 1857 2480 1929 inclyti
2520 1863 2574 1912 et
2605 1857 2852 1912 celebres
2885 1855 3040 1908 ﬁunt.
3096 1915 3105 1923 λ

2099 1949 2172 2002 Et
2197 1964 2288 2017 per
2327 1965 2406 2002 me
2445 1949 2658 2018 tyranni
2689 1955 2846 2002 term
2876 1946 3160 2013 imperant.
3201 1943 3270 1996 Et
3300 1941 3338 1995 ii
3371 1941 3463 2012 qui
3515 1949 3626 1996 ter-

2026 2057 2213 2098 renam
2245 2056 2465 2097 carnem
2498 2039 2828 2109 reprimunt,
2855 2036 2922 2092 ad
2960 2036 3082 2106 ejus
3117 2034 3433 2106 superbiam
3471 2047 3618 2088 mor-

2026 2132 2360 2197 tiiicandam,
2395 2131 2470 2186 illi
2507 2147 2603 2204 per
2633 2145 2718 2184 me
2748 2131 3016 2197 imperant
3046 2145 3060 2181 :
3106 2135 3366 2195 tanquam
3403 2123 3624 2179 deside-

2027 2227 2165 2281 rium
2195 2225 2414 2279 illorum
2472 2238 2502 2276 a
2558 2221 2872 2276 visibiiibus
2903 2219 2969 2272 ad
3006 2215 3394 2297 intellectualia
3431 2223 3622 2271 trans-

2027 2319 2312 2375 ferentem.

2098 2407 2268 2462 Vens.
2303 2407 2387 2460 17.
2446 2405 2552 2475 Ego
2585 2388 2862 2474 diligentes
2895 2417 2974 2454 me
3007 2399 3193 2468 diligo.
3235 2395 3344 2468 Ipsi
3380 2410 3474 2465 per
3505 2407 3623 2451 mea

2027 2507 2295 2574 prscccpta
2317 2539 2330 2563 ,
2365 2511 2450 2552 me
2477 2496 2768 2565 diligentes
2793 2495 2859 2548 ab
2890 2492 3094 2562 iniquis
3115 2489 3513 2560 cupiditatibus
3556 2487 3625 2544 li-

2027 2593 2310 2658 berantur;
2343 2589 2455 2644 illis
2486 2603 2664 2643 meum
2693 2600 2792 2658 pro
2845 2585 2982 2656 ipsis
3039 2598 3278 2638 amorem
3338 2581 3619 2652 cognitum

2028 2679 2257 2738 ostendo
2332 2695 2459 2734 cum
2527 2691 2718 2732 omnes
2804 2675 3056 2729 homines
3149 2683 3412 2741 tanquam
3476 2683 3620 2739 'pro-

2028 2777 2208 2846 prium
2274 2785 2413 2843 opus
2466 2770 2688 2840 diligam
2744 2767 2935 2822 volens
2964 2765 3130 2822 etiam
3177 2765 3422 2820 omnium
3477 2762 3624 2816 salu-

2037 2875 2170 2922 lem.

2102 2982 2204 3048 Qui
2237 2997 2318 3034 me
2343 2984 2611 3051 quierunt,
2656 2976 2920 3032 invenient
2949 2975 3216 3048 gratiam.
3241 2973 3345 3040 Qui
3387 2989 3518 3030 vero
3553 2972 3618 3027 ad

2031 3090 2137 3141 me,
2195 3073 2486 3128 terminum
2543 3071 2935 3137 scientiarum,
2982 3066 3291 3131 veritatem,
3349 3064 3622 3120 desiderio

351 3153 476 3206 νοῦν
509 3153 818 3224 κινούμενοι
839 3153 958 3222 μετ’
979 3153 1242 3221 ἐφέσεως,
1274 3151 1374 3220 τῆς
1404 3151 1496 3205 τοῦ
1524 3153 1798 3224 ὁμοφυοῦς
1840 3171 1929 3226 μοι

2048 3167 2304 3238 spirituali
2353 3171 2640 3220 moventur
2663 3204 2680 3228 ,
2716 3161 2946 3234 gratiam
2979 3160 3211 3230 spiritus
3243 3157 3337 3228 qui
3369 3157 3618 3226 ejusdem

352 3241 665 3313 πνεύματος
697 3242 1071 3307 ἐπιτεύξονται
1101 3242 1324 3312 χάριτος
1346 3257 1359 3268 ·
1388 3243 1754 3314 χαριζομένου
1804 3243 1933 3298 τού·-

351 3350 486 3398 τοις,
518 3335 576 3386 ἐν
605 3333 683 3406 τῷ
703 3336 782 3399 εἰς
819 3336 1000 3389 πᾶσαν
1033 3333 1132 3405 τὴν
1163 3333 1422 3404 ἀλήθειαν
1465 3333 1664 3399 αὐτοὺς
1695 3335 1928 3407 ὁδηγεῖν,

353 3425 488 3498 ἐμοῦ
521 3426 624 3496 τῆς
651 3427 845 3496 σοφίας
874 3425 972 3498 τὴν
1007 3426 1247 3494 μέθεξιν.

426 3546 514 3610 ιη’.
558 3539 828 3606 Πλοῦτος
863 3539 963 3593 καί
998 3537 1150 3602 δόξα
1177 3540 1308 3608 ἐμοὶ
1326 3539 1583 3609 ὑπάρχει
1607 3582 1622 3606 ,
1657 3543 1757 3597 καί
1787 3543 1932 3612 κτῆ-

354 3643 454 3693 σις
477 3627 744 3692 πολλῶν,
775 3627 876 3680 καὶ
911 3627 1294 3694 δικαιοσύνη.
1331 3629 1388 3680 ’0
1418 3630 1529 3700 γὰρ
1554 3629 1664 3682 τῶν
1681 3632 1738 3683 ἐν
1760 3631 1932 3699 ἐπαγ-

355 3716 561 3785 γελίαις
596 3717 980 3788 ἀποκειμένων
1003 3717 1274 3780 ἀκένωτος
1299 3717 1598 3790 θησαυρὸς,
1619 3721 1718 3776 καὶ
1738 3723 1772 3790 ἡ
1793 3721 1934 3793 ἀκή-

361 3824 521 3880 ρατος
545 3807 797 3870 εὔκλεια,
825 3807 892 3862 τὰ
937 3808 1078 3880 ὑπὲρ
1111 3809 1274 3878 φύσιν
1307 3809 1512 3877 ἀγαθὰ,
1544 3811 1682 3880 πρὸς
1731 3811 1789 3865 δὲ
1839 3811 1933 3865 καὶ

361 3899 499 3953 κατὰ
553 3899 715 3970 φύσιν
738 3917 749 3930 ο
770 3899 806 3970 ἦ
837 3917 898 3952 τε
930 3899 1056 3954 καθ’
1085 3899 1197 3964 ἕξιν
1243 3900 1447 3969 γνῶσις
1498 3902 1610 3956 τῶν
1657 3903 1934 3975 διαφόρων

357 3988 530 4056 λόγων
552 3989 674 4044 καθ’
705 3989 800 4053 οὒς
846 3990 1102 4059 γεγόνασί
1132 4008 1190 4046 τε
1235 3992 1303 4046 τὰ
1345 3992 1524 4046 πάντα
1573 3994 1670 4048 καὶ
1695 3995 1932 4065 ἀκίνητα

363 4080 600 4150 μένουσι,
633 4082 730 4136 καὶ
753 4083 785 4154 ἡ
809 4082 950 4136 κατὰ
984 4083 1208 4146 τούτους
1255 4085 1390 4155 πρὸς
1417 4084 1488 4138 τὰ
1537 4087 1661 4139 κατ’
1691 4085 1932 4156 ἔλλειψιν

359 4173 457 4243 τῆς
495 4175 698 4245 ἀρετῆς
737 4175 832 4230 καὶ
881 4175 1186 4246 ὑπερϐολὴν
1209 4175 1358 4244 πάθη
1382 4216 1396 4240 ,
1430 4177 1682 4248 ἀρῤεπὴς
1727 4177 1929 4248 κρίσις,

361 4264 418 4316 ἐν
449 4265 570 4334 ἐμοί
598 4267 766 4329 ἐστιν,
803 4264 877 4328 ὡς
906 4265 1092 4335 δοτῆρι
1137 4264 1234 4334 μὲν
1279 4265 1388 4321 τῶν
1434 4267 1574 4337 ὑπὲρ
1603 4267 1766 4336 φύσιν
1790 4268 1932 4336 ἀγα-

361 4353 490 4422 θῶν,
515 4356 672 4427 αξτίῳ
697 4356 754 4409 δὲ
781 4356 890 4410 τῶν
915 4357 1055 4410 κατὰ
1075 4355 1261 4424 φύσιν.

435 4467 516 4522 ιϐ’.
547 4468 800 4522 Βέλτιον
821 4469 926 4539 ἐμὲ
951 4469 1358 4540 καρπίζεσθαι,
1385 4471 1536 4539 ὑπὲρ
1559 4472 1816 4538 χρυσίον
1831 4471 1929 4524 καὶ

365 4560 534 4614 λίθον
561 4561 757 4628 τίμιον
803 4562 1020 4616 πολύν.
1053 4563 1317 4632 Κρεῖττον
1340 4561 1530 4614 λοιπὸν
1558 4561 1700 4630 ὑπὲρ
1727 4563 1927 4632 χρυσόν

365 4667 424 4704 τε
453 4652 545 4704 καὶ
571 4651 752 4713 λίθους
789 4652 862 4722 μὴ
896 4652 1297 4724 εὐαριθμήτους
1326 4652 1746 4723 πολυτιμήτους,
1781 4653 1848 4706 τὰ
1873 4654 1930 4705 ἐν

367 4743 552 4812 κόσμῳ
585 4743 813 4813 τερπνὰ,
846 4743 946 4811 ἐμὲ
976 4743 1066 4796 τὸν
1111 4745 1208 4814 τῆς
1249 4744 1551 4807 ἀθανασίας
1586 4744 1824 4815 καρπὸν,
1857 4745 1933 4808 ὼς

368 4830 426 4882 ἐν
451 4832 760 4903 παραδείσῳ
795 4833 874 4902 τῷ
913 4833 1018 4903 ὅλῳ
1064 4834 1253 4905 κόσμῳ
1287 4835 1602 4903 συλλέγειν·
1630 4837 1688 4889 ἐν
1717 4835 1796 4906 τῷ
1842 4836 1931 4889 αἴ-

373 4936 482 4994 ρειν
513 4939 577 4992 με
607 4925 670 4978 ἐκ
703 4925 951 4988 πάντων,
989 4925 1132 4978 κατὰ
1164 4928 1266 4994 τὴν
1287 4928 1347 4980 ἐν
1392 4927 1665 4998 πνεύματι
1695 4928 1934 4998 φυσικὴν

372 5010 596 5084 θεωρίαν
634 5015 832 5078 αὐτῶν,
859 5017 934 5078 ὡς
983 5016 1124 5089 ὑπὲρ
1159 5017 1335 5071 πάντα
1379 5020 1501 5074 κατ’
1530 5018 1721 5072 οὐσίαν
1754 5018 1936 5090 ὑπάρ-

372 5122 547 5175 κοντα.

445 5217 518 5270 Τὰ
543 5216 606 5271 δὲ
623 5221 732 5288 ἐμὰ
761 5217 1103 5290 γεννήματα
1125 5223 1419 5292 κρεῖσσον
1455 5223 1744 5294 ἀργυρίου
1764 5225 1937 5280 ἐκλε-

375 5313 532 5366 κτοῦ.
585 5315 664 5368 Τὰ
709 5315 765 5368 δέ
823 5316 931 5386 ἐμὰ
993 5295 1310 5389 θελήματα.
1360 5315 1444 5383 οἷς
1499 5317 1588 5374 διὰ
1635 5321 1703 5376 τὰ
1761 5322 1938 5374 πάντα

379 5406 508 5458 πᾶσι
539 5406 709 5461 πάντα
761 5407 985 5480 γίνομαι
1026 5412 1148 5464 κατ’
1188 5412 1509 5482 ἐνέργειαν,
1543 5411 1763 5466 κάλλιόν
1799 5415 1938 5466 εἰσιν

380 5497 513 5568 ὑπὲρ
534 5499 811 5553 ἐπίλεκτον
868 5503 1131 5574 ἄργυρον.
1173 5503 1248 5567 ὡς
1284 5502 1476 5557 τούτου
1514 5505 1939 5576 καθαρωτέρους

382 5589 470 5640 καὶ
513 5587 923 5676 λαμπροτέρους
985 5592 1409 5647 ἁποδεικνύοντα
1460 5593 1588 5656 τοὺς
1648 5591 1940 5658 ποιοῦντας

382 5680 534 5734 αὐτὰ.

451 5792 512 5847 κ’.
557 5793 652 5848 Ἐν
682 5795 844 5862 ὁδοῖς
867 5795 1258 5863 δικαιοσύνης
1283 5797 1599 5866 περιπατῶ.
1629 5794 1808 5848 ταῦτα
1833 5797 1939 5867 γὰρ

2039 3276 2105 3316 ac
2130 3273 2232 3329 ego
2262 3265 2472 3313 natura:
2495 3296 2510 3320 ,
2540 3254 2865 3310 obtinebunt
2910 3249 3192 3321 sapientiae
3239 3247 3620 3318 participatio-

2038 3368 2183 3416 nem,
2229 3357 2312 3406 ut.
2342 3353 2394 3402 in
2441 3360 2655 3402 onmem
2697 3343 2986 3400 veritatem
3049 3341 3343 3406 ducantur,
3389 3353 3474 3392 me
3513 3337 3622 3391 illis

2038 3441 2399 3499 concedente.

2107 3551 2274 3607 Vens.
2303 3551 2387 3604 18.
2424 3549 2634 3603 Dioitiw
2659 3553 2710 3602 ει
2731 3545 2904 3616 gloria
2928 3559 3126 3598 nucum
3161 3549 3305 3605 sunt,
3333 3556 3452 3608 oprs
3484 3539 3623 3594 niui--

2041 3652 2107 3696 ιίε
2142 3652 2190 3694 et
2231 3639 2473 3709 justitia.
2509 3639 2569 3690 In
2602 3634 3064 3709 promissionibus
3101 3643 3500 3686 reservatorum
3529 3648 3624 3685 vc-

2042 3745 2135 3783 rus
2183 3707 2495 3787 thesaurus,
2545 3733 2600 3778 et
2659 3707 3088 3789 incorruptibilis
3163 3721 3354 3788 gloria,
3415 3720 3466 3774 id
3516 3730 3622 3782 est,

2040 3821 2182 3876 bona
2237 3814 2698 3888 supernaturalia,
2737 3821 2792 3866 et
2861 3811 3004 3866 bona
3040 3827 3160 3878 quae
3189 3811 3489 3867 secundum
3523 3827 3622 3866 na-

2039 3919 2218 3964 turam
2253 3915 2308 3962 et
2339 3923 2438 3978 pro
2485 3915 2727 3960 natura:
2759 3911 2813 3960 et
2862 3919 2890 3958 a
2952 3919 3081 3959 vera
3137 3905 3482 3974 superiorum
3546 3905 3624 3958 lc-

2040 4013 2165 4070 gum
2209 3995 2462 4058 scientia,
2507 4009 2605 4064 per
2637 4009 2774 4065 quas
2805 3993 2989 4048 omnia
3021 3993 3163 4047 facta
3197 4001 3345 4056 sunt,
3381 4003 3434 4048 et
3472 3994 3625 4048 ﬁrma

2040 4094 2361 4152 remanent;
2413 4096 2468 4143 et
2516 4096 2725 4142 rectum
2777 4083 3044 4156 judicium
3079 4085 3226 4156 quod
3283 4099 3348 4138 ex
3399 4085 3507 4139 illis
3555 4084 3624 4137 de

2039 4181 2428 4252 cupiditatibus
2463 4195 2525 4236 ex
2566 4178 2675 4234 def.
2711 4187 2767 4234 et
2801 4193 2922 4234 exc.
2971 4177 3211 4240 virtutis,
3266 4179 3506 4241 eruitur,
3568 4181 3621 4230 in

2041 4289 2127 4328 me
2176 4279 2324 4336 sunt,
2382 4279 2639 4341 tanquam
2677 4269 2732 4324 in
2766 4269 2958 4326 datore
2989 4269 3257 4324 bonorum
3289 4280 3624 4339 superanti:-

2007 4389 2011 4393 -
2043 4363 2258 4418 ralium.

2115 4474 2275 4529 Vens.
2303 4475 2385 4529 l9.
2407 4471 2596 4528 Melius
2628 4475 2958 4544 "refractum
2979 4471 3223 4542 colligere
3247 4444 3401 4543 quom
3435 4469 3630 4524 aurum'

2031 4577 2080 4622 et
2109 4567 2333 4635 lapidem
2374 4566 2662 4634 pretiosum
2706 4565 2948 4618 multum.
2976 4563 3168 4618 Melius
3193 4572 3274 4618 est
3325 4577 3486 4630 quam
3521 4577 3622 4615 au-

2035 4673 2175 4722 rum,
2240 4668 2295 4714 ct
2344 4659 2550 4729 lapides
2581 4658 3015 4728 pretiosissimos
3066 4663 3120 4711 et
3169 4654 3621 4714 innumerabiles,

2035 4741 2088 4803 in
2125 4748 2330 4802 mundo
2373 4747 2638 4817 jucunda,
2703 4761 2788 4802 me
2859 4744 3286 4799 immortalitatis
3339 4743 3606 4804 irin-tum,

2035 4839 2164 4893 utin
2195 4838 2445 4908 paradiso
2464 4851 2528 4892 ex
2557 4845 2672 4892 toto
2699 4835 2902 4890 mundo
2929 4835 3219 4909 colligere;
3252 4849 3317 4888 ex
3357 4834 3618 4886 omnibus

2035 4931 2322 4999 capiendo,
2359 4943 2454 4998 pro
2490 4930 2708 4982 illorum
2765 4929 2820 4984 in
2873 4928 3072 4998 spiritu
3106 4927 3347 4980 naturali
3394 4927 3623 4980 medita-

2035 5023 2204 5087 tione,
2236 5021 2393 5091 quasi
2419 5035 2582 5090 super
2620 5019 2804 5074 omnia
2837 5033 2935 5088 per
2957 5007 3251 5072 essentiam
3299 5018 3621 5072 subsistam.

2107 5226 2177 5280 Et
2206 5225 2472 5294 genimina
2502 5241 2617 5278 mea
2653 5239 2810 5294 super
2853 5232 3121 5293 argentum
3155 5222 3392 5276 electum.
3429 5223 3491 5276 Et
3533 5239 3624 5272 νη-

2039 5318 2274 5372 luntates
2327 5319 2480 5381 mete,
2511 5317 2712 5386 quibus
2743 5331 2838 5386 per
2873 5317 3078 5379 (niinia,
3129 5317 3383 5378 omnibus
3437 5317 3621 5368 Omnia

2039 5409 2217 5464 factus
2243 5423 2361 5464 sum
2395 5408 2616 5474 virtute,
2648 5407 2904 5463 meliores
2937 5416 3068 5463 sunt
3104 5421 3332 5476 argento
3373 5406 3620 5475 probato,

2041 5515 2164 5556 cum
2208 5499 2328 5555 illas
2364 5503 2679 5570 sequentes,
2709 5505 2936 5570 argento
2970 5497 3218 5567 puriores
3241 5502 3294 5548 et
3329 5493 3620 5562 fulgentio-

2042 5607 2130 5646 rcs
2163 5592 2386 5647 reddant
2398 5631 2412 5644 .

2118 5795 2270 5850 Vina.
2317 5796 2403 5851 (Συ,
2439 5794 2499 5849 1η
2535 5798 2624 5850 viis
2658 5797 2890 5866 justitia'
2918 5793 3146 5847 ambulo.
3185 5791 3308 5846 "acc
3336 5791 3460 5856 illis,
3497 5800 3584 5840 la"
