3958 6202
370 274 507 341 1295
573 292 578 297 ’

1682 274 2034 357 ΡιιοροΡΠ
2072 278 2314 338 GAZ/EI

3474 272 3611 338 1296

360 401 524 460 quam
552 386 668 443 vias
699 385 763 441 ad
791 384 957 440 vitam
990 385 1519 455 irreprehensibilem
1546 388 1941 453 conducentes,

2068 382 2136 443 ιίά
2162 406 2317 454 τινας
2345 388 2494 453 ὀδοὺς
2523 388 2601 453 εἰς
2627 388 2725 461 τὴν
2754 389 3048 460 ἄμεμπτον
3078 386 3277 458 ἄγοντα
3322 386 3616 456 πολιτείαν,

360 480 736 538 doctrinaliter
759 478 1013 535 ostendo.

430 570 501 626 Et
531 573 586 625 in
631 571 803 626 medio
839 572 1153 626 semitarum
1199 568 1599 638 iustiﬁcationis
1634 581 1737 625 sto.
1791 569 1857 624 Et
1886 570 1943 624 in

360 660 544 718 medio
590 676 803 728 eorum,
858 662 951 731 qui
1009 660 1143 715 mihi
1205 660 1418 715 veritati
1479 660 1832 727 inhaerentes,
1890 666 1945 714 et

363 754 566 808 bonum
616 753 932 809 hominibus
960 753 1212 824 placendi
1244 751 1520 808 desiderio
1550 768 1655 808 non
1685 751 1948 808 simulau-

362 854 468 911 tes,
491 861 679 901 carum
728 838 1073 900 voluntatum
1102 843 1297 900 modos
1324 851 1568 907 servant,
1595 843 1811 915 vigilias
1844 858 1946 914 ago

363 937 630 993 adversus
684 936 1016 1006 cupiditates
1055 950 1176 1005 quae
1224 950 1289 989 ex
1348 934 1562 990 delectu
1616 940 1670 988 et
1716 948 1943 988 excessu

363 1028 585 1084 virtutis
607 1026 880 1083 oriuntur.
1142 1066 1149 1074 ι

436 1117 714 1175 Vsas.21.
742 1116 818 1171 Ut
846 1113 1079 1170 dividam
1110 1130 1188 1168 me
1214 1112 1551 1185 diligentibus
1580 1112 1735 1167 bona.
1772 1108 1839 1165 Ut
1865 1111 1944 1165 nli—

366 1209 550 1264 vidam
591 1223 676 1262 me
717 1206 1056 1270 amantibus,
1115 1205 1419 1261 secundum
1484 1209 1694 1274 partem
1746 1202 1947 1272 cuique

366 1298 839 1371 proportionatam
875 1298 1143 1367 gratuitas
1197 1294 1422 1350 divitias
1458 1294 1820 1351 deiﬁcationis
1852 1307 1948 1363 per

368 1391 618 1462 gratiam.

440 1479 509 1532 Et
542 1480 758 1532 illorum
790 1481 1065 1533 thesauros
1107 1476 1355 1546 impleam
1384 1475 1553 1530 bonis.
1598 1473 1661 1527 Et
1690 1474 1814 1528 inde
1846 1473 1946 1526 im-

367 1572 529 1642 plebo
559 1587 750 1627 eorum
788 1570 1190 1625 iutellectuales
1247 1576 1301 1624 et
1354 1566 1813 1638 concupiscibiles
1858 1578 1951 1634 po-

2046 478 2445 544 διδασκαλικῶς
2467 480 2842 552 διεξέρχομαι.

2118 574 2229 627 Καὶ
2273 572 2390 627 ἀνὰ
2430 572 2629 642 μέσον
2670 572 2884 639 τρίϐων
2918 567 3309 639 δικαιώματος
3331 570 3623 640 ἀναστρέ-

2045 679 2247 733 φομαι.
2281 663 2393 716 Καὶ
2434 663 2623 738 μέσον,
2647 661 2756 714 τῶν
2791 658 2927 731 ἐμοῦ
2967 658 3067 729 τῆς
3097 658 3357 730 ἀληθείας
3390 658 3623 731 ἐξηρτηο

2050 754 2249 823 μένων,
2284 753 2376 806 καὶ
2404 752 2480 823 μὴ
2514 752 2583 806 δι’
2616 750 3144 823 ἀνθρωπαρεσκείας
3177 749 3623 820 ὑποκριναμένων

2044 845 2106 897 τὸ
2152 843 2377 911 ἀγαθὸν,
2413 841 2716 910 ποιητικῶν
2759 840 2967 894 τούτων
3003 839 3114 893 τῶν
3155 839 3474 912 θελημάτων
3520 857 3622 911 μου

2045 936 2284 1005 τρόπων,
2318 933 2600 1005 περιπολῶ
2623 933 2733 986 τῶν
2760 933 2880 985 κατ’
2909 930 3147 1002 ἔλλειψιν
3174 931 3271 1002 τῆς
3298 932 3498 1003 ἀρετῆς
3530 931 3626 986 καὶ

2047 1025 2352 1096 ὑπερϐολὴν
2380 1025 2639 1080 ἁπάντων
2665 1022 2873 1077 παθῶν.

2117 1124 2223 1171 κάκ
2257 1118 2392 1171 Ἵνα
2415 1116 2644 1185 μερίσω
2694 1114 2817 1181 τοῖς
2860 1113 2967 1183 ἐμὲ
2993 1112 3310 1182 ἀγαπῶσιν
3341 1113 3621 1181 ὕπαρξιν.

2048 1204 2238 1268 Ὅπως
2269 1204 2535 1274 διανείμω
2565 1205 2677 1267 τοῖς
2723 1204 2822 1273 ἐμὲ
2871 1202 3119 1265 ποθοῦσι,
3166 1202 3308 1256 κατὰ
3341 1203 3402 1256 τὸ
3432 1203 3622 1273 μέλλον

2046 1296 2327 1364 ἀναλόγως
2366 1295 2606 1367 ἑκάστῳ,
2642 1294 2734 1350 τὸν
2767 1295 3045 1349 ἀδάπανον
3093 1293 3325 1350 πλοῦτον
3358 1296 3453 1365 τῆς
3484 1295 3623 1349 κατά

2048 1387 2210 1459 χάριν
2239 1386 2510 1450 θεώσεως.

2117 1478 2226 1531 Καὶ
2252 1476 2396 1543 τοὺς
2429 1470 2774 1545 θησπροῦς
2808 1476 3008 1530 αὐτῶν
3042 1477 3337 1547 ἐμπλήσω
3365 1474 3620 1546 ἀγαθῶν.

2046 1569 2360 1624 Κάιιτεῦθεν
2393 1569 2669 1641 πληρῶσω
2699 1569 2798 1632 τὰς
2823 1568 3169 1640 θεωρητικὰς
3211 1569 3305 1622 καὶ
3337 1566 3623 1638 ὀρεκτικάς

370 1666 593 1729 tentias,
624 1667 826 1736 quibus
858 1665 1113 1719 virtutem
1146 1672 1199 1720 et
1233 1665 1515 1720 scientiam
1574 1663 1628 1717 in
1672 1660 1784 1715 vita
1830 1659 1951 1713 tlie.

2068 1660 2337 1730 ἰυνάμεις,
2365 1657 2455 1725 αἷς
2495 1660 2593 1732 τὴν
2627 1660 2830 1732 ἀρετὴν
2876 1661 2971 1714 καὶ
3005 1660 3103 1731 τὴν
3153 1660 3356 1728 γνῶσιν
3401 1660 3458 1711 ὲν
3508 1657 3619 1728 ζωῇ

371 1757 722 1810 saurizarunt
742 1755 1027 1826 promissis
1052 1770 1081 1809 a
1106 1771 1191 1811 me
1214 1756 1397 1817 bonis,
1427 1755 1500 1807 ita
1519 1762 1574 1807 ut
1597 1748 1949 1821 experiantur

2068 1728 2230 1806 ιὺτῶν
2259 1728 2728 1822 ἀπεθησαύρισαν,
2762 1728 2874 1805 τῶν
2901 1753 2959 1806 ὲν
2986 1728 3340 1819 ἐπαγγελίαις
3366 1765 3465 1820 μου
3489 1749 3624 1817 ἀγα-

370 1855 426 1900 et
457 1846 673 1900 videant
704 1860 882 1900 meum
915 1845 1284 1916 splendorem,
1313 1853 1368 1901 et
1410 1841 1977 1898 fruanturincontem-

375 1938 615 2006 platione
641 1937 829 2008 gloria:
861 1952 1011 1994 meae.

436 2109 497 2165 Si
550 2113 692 2167 vobis
726 2114 911 2167 nuntio
940 2112 1224 2168 secundum
1245 2112 1385 2166 diem
1424 2112 1592 2182 facta,
1628 2128 1830 2168 memor
1862 2128 1953 2167 ero

376 2220 408 2255 a
448 2203 643 2272 atecqu
673 2212 1088 2259 numeratorum.
1115 2204 1172 2259 Si
1207 2204 1364 2260 vobis
1391 2213 1772 2261 monstravero
1810 2219 1840 2258 a
1869 2218 1955 2259 me

376 2306 477 2358 pro
506 2294 687 2349 salute
709 2294 993 2350 hominum
1043 2294 1190 2350 facta
1240 2312 1337 2366 per
1372 2296 1654 2351 carnalem
1694 2295 1953 2351 nativita-

373 2390 486 2438 tem
525 2385 658 2448 mci,
687 2385 929 2455 iustitiae
953 2386 1110 2453 solis,
1140 2402 1262 2443 mea
1295 2388 1554 2460 mysteria
1601 2389 1670 2442 ab
1717 2395 1950 2449 mterno,

375 2474 660 2531 voluntate
709 2475 891 2533 Patris
944 2477 1051 2534 mei
1096 2478 1455 2544 exsisteutia,
1507 2478 1798 2534 ostendere
1846 2492 1952 2534 me-

370 2579 498 2622 mor
524 2581 643 2622 ero.

442 2747 609 2806 Vsus.
649 2749 739 2806 22.
777 2749 1037 2808 Dominus
1064 2769 1145 2809 me
1172 2753 1369 2809 creavit
1390 2754 1709 2824 principium
1743 2756 1947 2809 viarum

352 2856 620 2906 .suarum,
649 2843 703 2898 in
733 2858 891 2911 opera
922 2844 1058 2915 ejus.
1108 2843 1262 2901 Scito
1289 2860 1423 2917 ergo
1456 2846 1585 2916 quia
1623 2845 1772 2900 Patri
1804 2859 1945 2909 meo,

374 2931 622 2986 omnium
668 2931 903 2989 Domino
949 2934 1160 3005 placuit
1208 2950 1297 2991 me
1332 2936 1640 2991 increatum
1688 2942 1944 2990 creatum

373 3019 497 3080 ﬁeri
530 3040 746 3080 carne:
791 3032 851 3079 ut
895 3026 989 3096 qui
1040 3025 1109 3080 ad
1159 3026 1309 3082 illam
1366 3041 1466 3097 per
1514 3026 1772 3082 mandata
1824 3024 1946 3095 eius

376 3116 733 3174 adambulare
762 3116 978 3178 volunt,
1013 3131 1101 3171 me
1136 3125 1195 3169 ut
1220 3131 1408 3173 eorum
1430 3116 1627 3173 salutis
1641 3124 1950 3180 auctorem,

368 3219 431 3268 et
463 3210 700 3281 primum
720 3209 1022 3265 secundum
1056 3208 1146 3265 illa
1166 3208 1333 3264 modo
1385 3208 1703 3265 hominibus
1753 3222 1953 3265 conve-

377 3303 565 3358 niente
601 3301 1000 3367 ambulantem,
1038 3310 1368 3372 sequantur,
1414 3308 1468 3356 et
1498 3311 1582 3368 ut,
1632 3317 1721 3358 me
1765 3315 1955 3357 exem-

377 3394 529 3463 plum
582 3392 639 3448 in
678 3392 938 3463 operibus
988 3392 1196 3448 divinis
1244 3391 1476 3462 iustitiae
1530 3391 1824 3457 faciendis,
1883 3393 1953 3448 ad

368 3484 706 3542 imitandum
741 3483 976 3539 habeant
1002 3499 1018 3549 ;
1059 3488 1116 3538 et
1148 3482 1230 3540 sic
1256 3497 1344 3539 me
1374 3483 1589 3538 creavit
1619 3482 1950 3541 increatum.

2053 1844 2183 1910 θῶν,
2220 1843 2365 1897 κατὰ
2414 1842 2478 1897 τὸ
2518 1842 2712 1897 παθεῖν
2758 1842 3024 1916 [ποθεῖνῖ]
3064 1842 3161 1896 καὶ
3205 1842 3333 1896 ἰδεῖν
3363 1840 3460 1911 τὴν
3489 1839 3624 1911 ἐμὴν

2052 1934 2440 2006 λαμπρότητα,
2470 1933 2565 1987 καὶ
2610 1932 2978 2005 χορτασθῆναι
3014 1934 3073 1987 ὲν
3120 1931 3198 2003 τῷ
3240 1931 3469 2002 ὀφθῆναι
3499 1928 3624 1983 τού-

2050 2044 2166 2091 τοις
2202 2026 2301 2098 τὴν
2325 2026 2483 2092 δόξαν
2516 2043 2641 2097 μου.

2135 2120 2277 2174 Ἐὰν
2302 2118 2638 2188 ἀναγγείλω
2658 2117 2800 2187 ὑμῖν
2818 2118 2891 2173 τὰ
2916 2116 3044 2173 καθ’
3067 2117 3294 2186 ἡμέραν
3324 2116 3626 2186 γινόμενα,

2046 2210 2449 2280 μνημονεύσω
2471 2210 2541 2263 τὰ
2572 2208 2643 2274 ἐξ
2656 2209 2873 2277 αἰῶνος
2892 2208 3315 2279 ἁριθμηθέντα.
3361 2208 3513 2261 Ἐπεὶ
3532 2206 3628 2259 ἐὰν

2051 2301 2247 2368 διδάξω
2290 2301 2435 2372 ὑμᾶς
2476 2302 2547 2354 τὰ
2592 2301 2733 2355 κατὰ
2786 2301 2887 2372 τὴν
2931 2301 2991 2353 ὲν
3038 2301 3203 2374 σαρκί
3228 2298 3492 2371 ἀνατολήν
3525 2314 3628 2369 μου

2049 2394 2151 2465 τῆς
2179 2391 2531 2463 δικαιοσύνης
2564 2392 2770 2458 Ἡλίου,
2794 2392 2887 2445 ἐπὶ
2914 2392 3159 2464 σωτηρίᾳ
3190 2392 3300 2445 τῶν
3326 2389 3632 2471 ἀνθρώπων

2048 2484 2373 2556 τελούμενα,
2426 2485 2728 2555 ἀναμνήσω
2775 2483 2870 2537 τοῦ
2925 2482 3220 2549 διεξελθεῖν
3256 2482 3325 2537 τά
3380 2482 3535 2553 παρά
3561 2480 3633 2546 τῇ

2048 2576 2144 2631 τοῦ
2178 2574 2391 2647 Πατρός
2435 2591 2537 2646 μου
2578 2573 2740 2645 βουλῇ
2772 2573 2957 2635 ἀῖδίως
2988 2572 3302 2643 ὑπάρχοντα
3338 2570 3466 2640 περὶ
3495 2563 3632 2637 ἐμοῦ

2052 2669 2351 2742 μυστήρια.

2122 2760 2227 2831 κβ’.
2264 2761 2480 2829 Κύριος
2532 2757 2737 2813 ἕκτισέ
2763 2774 2842 2828 με
2888 2755 3088 2827 ἀρχὴν
3116 2754 3272 2811 ὁδῶν
3302 2752 3511 2819 αὐτοῦ,
3541 2752 3636 2819 εἰς

2048 2853 2191 2923 ἔργα
2219 2851 2428 2907 αὑτοῦ.
2458 2851 2698 2904 Γίνωσκε
2727 2850 2907 2904 τοίνυν
2943 2850 3025 2903 ὅτι
3051 2851 3079 2902 ό
3100 2848 3231 2919 ἐμὸς
3273 2846 3462 2916 Πατὴρ
3487 2884 3503 2907 ,
3536 2844 3636 2897 καὶ

2048 2945 2161 2999 τῶν
2219 2944 2357 2999 ὅλων
2391 2942 2671 3012 Δεσπότης
2716 2941 2872 3005 Θεδς,
2918 2941 3175 3011 εὑδόκησε
3221 2936 3437 2992 κτιστδν
3463 2933 3635 3005 σαρκί

2054 3053 2120 3106 με
2148 3034 2406 3105 γενέσθαι
2433 3032 2524 3086 τὸν
2567 3033 2823 3087 ἄκτιστον
2846 3048 2861 3064 ·
2894 3032 2970 3094 ὡς
3000 3030 3066 3085 ἂν
3101 3031 3151 3084 οἱ
3176 3030 3311 3099 πρὸς
3352 3026 3517 3081 αὑτὸν
3539 3024 3636 3077 διὰ

2051 3125 2160 3178 τῶν
2188 3123 2356 3179 αὑτοῦ
2385 3122 2613 3176 ἐντολῶν
2644 3121 2849 3175 ὁδεύειν
2886 3119 3229 3191 βουλόμενοι,
3254 3118 3376 3188 ἐμοὶ
3425 3112 3637 3186 οἷάπερ

2052 3216 2280 3289 ἀρχηγῷ
2302 3216 2401 3285 τῆς
2424 3214 2699 3286 σωτηρίας
2715 3213 2893 3266 αὑτῶν
2914 3212 3178 3275 ἕπωνται,
3206 3208 3404 3280 πρώτῳ
3424 3207 3637 3269 ταύτας

2055 3304 2545 3379 ἀνθρωποπρεπῶς
2578 3302 2818 3357 ὁδεύοντι
2844 3317 2860 3333 ο
2892 3300 2988 3354 καὶ
3029 3298 3196 3370 ἔχωσί
3232 3314 3298 3368 με
3337 3297 3635 3364 ὑπογραμ-

2057 3400 2156 3471 μὸν
2179 3400 2260 3463 εἰς
2297 3397 2359 3451 τὸ
2402 3394 2548 3449 κατά
2602 3394 2834 3465 μίμησιν
2882 3390 3019 3462 ἐμὴν
3059 3389 3129 3443 τὰ
3156 3389 3274 3442 θεῖα
3297 3388 3394 3457 τῆς
3423 3386 3636 3438 δικαιο-

2055 3492 2222 3562 σύνης
2269 3489 2406 3561 ἔργα
2460 3485 2791 3557 ἐργάζεσθαι
2819 3498 2834 3515 ⁸
2868 3483 2962 3537 καὶ
3002 3481 3146 3535 οὑτω
3195 3482 3295 3551 μὶν
3340 3476 3527 3533 ἐκτισὲ
3565 3491 3633 3546 με

1960 3590 1963 3593 ’
2054 3581 2147 3634 τδν
2177 3581 2451 3634 ἄκτιστον.

449 3661 619 3716 Vrsas.
668 3661 759 3717 23.
818 3661 897 3714 Ab
951 3670 1148 3715 aeterno
1198 3661 1439 3732 fundavit
1491 3677 1593 3715 me.
1666 3662 1747 3716 Ab
1802 3662 1952 3717 omni

377 3753 686 3810 cternitate
712 3752 902 3808 habuit
933 3753 1203 3825 optimum
1235 3767 1366 3807 mea:
1397 3751 1800 3807 lncarnatiOnis
1821 3769 1955 3810 con-

380 3847 585 3909 silium,
615 3853 683 3901 ut
712 3855 973 3916 tanquam
1004 3845 1153 3901 illius
1241 3844 1711 3917 pmconstitutum
1759 3844 1954 3902 funda-

378 3942 645 3992 mentum.

454 4025 619 4084 Vsus.
653 4028 745 4091 24,
777 4026 870 4080 25.
914 4026 956 4078 Α
1010 4025 1294 4097 principio,
1342 4036 1623 4097 antequam
1667 4037 1807 4082 terra
1861 4028 1955 4097 ﬁe-

377 4130 477 4185 ret,
508 4128 561 4174 et
590 4118 791 4190 abyssi,
823 4127 872 4172 et
903 4129 1232 4188 erumperent
1282 4117 1452 4187 fontes
1484 4134 1765 4189 aquarum,
1804 4127 1952 4173 aute-

379 4229 537 4284 quam
584 4220 785 4266 montes
819 4211 1205 4266 stabilirentur.
1255 4210 1295 4264 Α
1326 4211 1617 4283 principio,
1662 4219 1952 4281 antequam

276 4320 287 4353 ,ι
381 4312 581 4360 terram
606 4302 1298 4376 produceret,etaquarum
1317 4301 1567 4373 abyssos,
1582 4312 1635 4357 et
1656 4312 1954 4373 antequam

278 4386 281 4391 ’
380 4396 610 4451 salirent
661 4408 851 4451 earum
888 4393 1089 4459 fontes,
1120 4401 1173 4447 et
1203 4400 1416 4451 montes
1454 4392 1951 4450 consolidarentur.

2068 4401 2201 4469 γεῖν,
2230 4395 2444 4459 καὶτὰς
2469 4393 2579 4449 τῶν
2610 4392 2820 4447 ὑδάτων
2856 4391 3150 4453 ἀϐύσσους,
3181 4388 3277 4442 καὶ
3315 4387 3446 4457 πρὶν
3476 4386 3510 4457 ἢ
3539 4385 3638 4447 τὰς

449 4666 583 4722 Ante
614 4683 792 4722 omnes
819 4663 977 4720 colles
1008 4666 1190 4737 genuit
1224 4680 1303 4718 me
1334 4702 1348 4717 .
1380 4664 1691 4733 Antequam
1720 4673 1772 4718 et
1805 4664 1958 4733 ipsos

381 4774 574 4815 omnes
612 4758 890 4830 angelicos
932 4757 1161 4813 ordines
1183 4756 1529 4826 produceret,
1550 4756 1646 4827 qui
1697 4764 1959 4826 tanquam

382 4851 737 4915 colles,omni
770 4850 1061 4906 altitudine
1087 4851 1397 4921 superiora,
1429 4850 1688 4907 omnibus
1718 4850 1959 4909 sensibi-

382 4942 529 4998 libus
578 4941 851 5015 creaturis
892 4942 1271 5008 dominantur,
1309 4949 1364 4999 et
1407 4944 1475 4997 ab
1506 4944 1657 4998 omni
1687 4955 1869 5001 creata
1902 4959 1962 4999 re

385 5040 731 5105 separantur,
818 5037 1147 5091 naturaliter
1220 5044 1273 5091 et
1327 5035 1396 5090 ab
1490 5044 1695 5091 aeterno
1773 5036 1960 5107 genuit

456 5214 624 5273 Vnus.
654 5217 747 5274 26.
790 5219 1195 5291 Βοηιὶηιιείεοὶι
1226 5228 1396 5274 terras
1426 5219 1762 5282 habitabiles,
1794 5228 1843 5274 et
1880 5219 1961 5273 in-

385 5307 677 5375 habitatas,
715 5319 767 5367 et
806 5323 1049 5365 extrema
1082 5310 1323 5366 habitata
1365 5311 1477 5381 ejus
1529 5311 1623 5365 sub
1674 5315 1800 5365 caelo
1861 5319 1959 5365 est.

382 5401 524 5463 Nam
577 5401 743 5460 Pater
796 5417 971 5469 meus,
1006 5411 1063 5458 et
1117 5402 1365 5459 omnium
1398 5402 1683 5470 Dominus,
1724 5418 1751 5458 a
1791 5403 1963 5458 nihilo

387 5499 457 5555 ad
492 5513 616 5555 esse
650 5497 939 5555 transtulit
977 5505 1161 5570 partes
1181 5506 1236 5555 et
1258 5499 1540 5570 portiones
1562 5507 1793 5555 cunctas
1814 5498 1962 5554 circa

388 5598 630 5657 terram;
683 5602 738 5648 et
799 5602 981 5663 partes
1025 5606 1147 5662 qum
1210 5592 1410 5647 multos
1468 5591 1677 5647 incolas
1732 5600 1787 5645 et
1841 5605 1961 5644 om-

392 5695 491 5751 nes
520 5692 712 5755 gentes
755 5687 1045 5741 continere
1079 5690 1350 5756 possunt;
1394 5692 1448 5739 et
1474 5696 1656 5754 partes
1698 5699 1820 5755 quae
1850 5700 1959 5740 non

2122 3675 2229 3738 κγ’.
2259 3666 2380 3735 Πρὸ
2431 3665 2539 3720 τοῦ
2597 3664 2816 3728 αἰῶνος
2867 3660 3229 3733 ἐθεμελίωσό
3272 3675 3368 3729 με.
3425 3657 3539 3728 Πρὸ
3571 3656 3629 3709 δὲ

2054 3761 2256 3824 παντὸς
2300 3758 2497 3821 αἰῶνος
2550 3750 2666 3826 εἶχε
2716 3756 2815 3826 τὴν
2844 3753 3096 3825 περὶτῆς
3128 3752 3396 3822 ὲνσάρκου
3428 3749 3636 3802 οἰκονο-

2058 3855 2186 3926 μίας
2241 3869 2343 3923 μου
2382 3847 2732 3921 ὑπεράγαθον
2786 3846 3005 3916 βουλὴν,
3036 3844 3113 3908 ὥς
3164 3861 3287 3897 τινα
3339 3845 3636 3914 προϋποτεο

2054 3943 2305 4014 θειμένον
2343 3940 2549 4009 ταύτης
2582 3938 2855 4008 θεμέλιον.

2132 4032 2231 4100 κδ’,
2262 4038 2363 4087 κε’.
2410 4032 2511 4085 Ἐν
2556 4028 2739 4098 ἀρχῇ.
2775 4028 2886 4096 πρὸ
2921 4027 3029 4082 τοῦ
3062 4025 3180 4093 τὴν
3202 4025 3322 4096 γῆν
3359 4023 3631 4091 ποιῆσαι,

2055 4126 2157 4181 καί
2186 4110 2319 4193 ’πρὸ
2371 4122 2478 4176 τοῦ
2522 4121 2632 4187 τὰς
2671 4121 2987 4185 ἀϐύσσους
3029 4117 3309 4187 ποιῆσαν
3347 4116 3459 4184 πρὸ
3526 4113 3639 4167 τοῦ

2055 4214 2373 4288 προελθεῖν
2405 4213 2514 4277 τὰς
2541 4211 2741 4281 πηγὰς
2775 4208 2897 4265 τῶν
2928 4209 3194 4265 ὑδάτων·
3223 4208 3338 4276 πρὸ
3388 4205 3495 4260 τοῦ
3524 4206 3633 4273 ὄρη

2056 4305 2443 4377 ἑδρασθῆναι.
2496 4301 2631 4358 Κατ’
2659 4303 2835 4373 ἀρχάς
2872 4302 3002 4372 πρὶν
3036 4299 3068 4369 ἢ
3097 4298 3195 4370 τὴν
3227 4299 3332 4367 γῆν
3377 4312 3637 4365 παραγα-

2061 4492 2269 4547 τούτων
2294 4487 2596 4545 ἀναϐλῦσαι
2625 4486 2830 4558 πηγὰς,
2863 4487 2959 4540 καὶ
2991 4484 3099 4557 πρδ
3123 4482 3220 4537 τοῦ
3250 4481 3315 4535 τά
3341 4482 3440 4553 ὅρη
3474 4478 3638 4549 πῆξιν

2062 4584 2268 4639 λαϐεῖν.

2134 4674 2258 4743 Πρὸ
2286 4672 2355 4727 δὲ
2382 4671 2625 4725 πάντων
2655 4666 2908 4733 ,Βουνῶν
2944 4665 3129 4736 γεννᾷ
3160 4681 3258 4735 με.
3292 4663 3405 4733 Πρὸ
3450 4660 3510 4715 δὲ
3539 4661 3640 4729 τῆς

2064 4763 2404 4837 παραγωγῆς
2459 4761 2554 4815 καὶ
2614 4758 2796 4813 αὑτῶν
2834 4758 3026 4812 πασῶν
3073 4756 3182 4811 τῶν
3208 4753 3520 4824 ἀγγελικῶν
3541 4752 3643 4806 τάς

2064 4858 2220 4925 ξεων,
2255 4854 2311 4909 αἳ
2339 4853 2592 4922 καθάπερ
2627 4850 2804 4922 βουνοί
2835 4866 3001 4914 τινες,
3032 4848 3233 4912 παντὸς
3270 4846 3466 4908 ἄλσους
3493 4843 3639 4914 ὑψη-

2062 4947 2321 5020 λωμένοι,
2379 4945 2598 4999 πάντων
2646 4943 2756 4996 τῶν
2800 4940 3074 5013 αἰσθητῶν
3114 4938 3434 5009 κτισμάτων
3479 4935 3641 5006 ὑπέρ-

2064 5060 2295 5107 κεινται,
2335 5041 2430 5096 καὶ
2471 5040 2654 5111 πάσης
2692 5036 2825 5110 ὑλης
2855 5033 3364 5106 ἀπηλλοτριωνται,
3394 5028 3640 5101 φυσικῶς

2063 5135 2159 5189 καὶ
2186 5132 2373 5195 ἀῖδὶως
2396 5131 2561 5200 γεννᾷ
2586 5145 2675 5199 με.

2132 5231 2245 5291 κςν.
2279 5224 2494 5292 Κύριος
2542 5221 2795 5287 ἐποίησε
2839 5218 3035 5289 χώρας
3059 5259 3074 5284 ,
3119 5216 3218 5270 καὶ
3282 5214 3637 5278 ἀοικητους,

2065 5318 2165 5373 καὶ
2206 5318 2359 5386 ἂκρα
2411 5315 2731 5383 οἰκούμενα
2775 5310 2888 5380 τῆς
2908 5312 3011 5366 ὑπ’
3045 5306 3327 5379 οὐρανόν.
3380 5307 3490 5360 Καὶ
3530 5304 3641 5375 γὰρ

2064 5410 2093 5463 ὁ
2116 5408 2245 5481 ἐμὸς
2298 5406 2621 5479 Πατὴρ,κειλ⁵
2667 5403 2776 5456 τῶν
2818 5402 2956 5456 ὅλων
3007 5403 3304 5472 Δεσπότης,
3326 5398 3390 5451 ἐκ
3434 5393 3529 5449 τοῦ
3565 5395 3641 5464 μὴ

2067 5501 2218 5564 δντος
2245 5501 2326 5562 εἰς
2350 5498 2412 5550 τὸ
2439 5491 2577 5550 εἶναι
2601 5496 2893 5566 παρήγαγε
2938 5492 3006 5547 τά
3047 5492 3141 5546 τοῦ
3176 5488 3456 5562 περιγείου
3487 5486 3642 5540 τοῦδε

2071 5593 2212 5663 μέρη
2264 5590 2360 5643 καί¹
2400 5590 2662 5659 τμήματα
2701 5603 2720 5619 ⁸
2752 5590 2813 5640 τό
2839 5604 2895 5639 τε
2948 5584 3159 5639 πολλῶν
3197 5581 3500 5654 οἰκητόρων
3549 5576 3642 5632 καὶ

2070 5681 2241 5735 ἐθνῶν
2256 5682 2391 5735 ὅλων
2407 5679 2732 5751 χωρητικὸν,
2754 5680 2845 5734 καὶ
2862 5678 2921 5730 τὸ
2944 5676 3019 5749 μὴ
3034 5677 3171 5743 ὅλως,
3190 5674 3530 5744 οἰκούμενον,
3548 5669 3641 5724 καὶ
