3958 6202
336 225 472 292 1:207

1407 236 1940 301 COMMENTARII
1981 241 2064 303 IN
2102 240 2559 304 PROVERBIA.

3461 234 3598 298 1298

332 346 437 401 ιίτι
476 345 647 418 πέρας
696 345 783 418 εῐη
827 342 923 419 τῆς
980 348 1107 420 γῆς,
1160 350 1249 405 καὶ
1278 352 1571 425 οἰκήτοράς
1626 372 1779 421 τινας
1812 356 1906 410 κέ-

2026 358 2350 423 .ncoluntur,
2377 357 2485 413 etsi
2527 357 2599 412 sit
2643 353 2912 411 terminus
2948 360 3129 421 terra,
3165 359 3221 408 et
3255 350 3470 421 aliquos
3513 350 3598 402 in-

331 454 547 492 κτηται.

439 455 547 492 ται.

401 454 506 597 2?.
543 530 755 587 Ἦνίκα
800 533 1077 605 ἡτοίμαζε
1131 535 1239 591 τὸν
1278 538 1562 606 οὐρανόν,
1631 554 1910 610 συμπαρ-

329 621 498 691 ήμην
522 623 705 688 αὐτῷ.
745 623 915 678 Ὅταν
968 624 1025 678 δὲ
1056 627 1345 701 εὐτρέπιζε
1387 629 1481 682 τὸν
1514 630 1741 702 οὐρανὸν
1769 633 1911 704 ἡλίῳ

332 718 429 772 καὶ
449 716 649 789 σελήνῃ
676 718 772 771 καὶ
790 719 1011 791 ἄστροις
1030 720 1394 793 καθωραῖζων
1414 722 1599 788 αὑτὸν,
1628 725 1910 796 συνυπῆρ-

331 824 426 878 χον
448 808 598 879 αὑτῷ
624 807 721 863 καὶ
764 810 1093 881 συνήργουν,
1125 812 1412 882 ὀμοούσιος
1458 813 1608 886 αὑτῷ
1645 815 1912 889 ὑπάρχων
1944 854 1949 859 ρ

332 904 430 952 καὶ
465 900 833 965 ἑνυπόστατος
868 901 1099 971 δύναμις
1138 906 1234 958 καὶ
1262 905 1448 975 σοφία.

400 991 513 1047 Kal
563 991 661 1046 ὅτε
703 992 953 1064 ἀφώριζε
992 995 1100 1049 τὸν
1144 996 1365 1052 ἑαυτοῦ
1402 999 1622 1066 θρόνον
1659 999 1753 1054 ἐπ’
1779 999 1911 1055 ἀνέ-

326 1099 477 1154 μων.
508 1084 619 1137 Καὶ
643 1084 733 1138 ὅτε
762 1085 864 1156 τῆς
881 1086 1155 1152 οὐσιωδῶς
1193 1087 1514 1159 ὑφεστώσης
1555 1091 1720 1146 αὑτοῦ
1758 1091 1910 1163 βασι-

330 1173 501 1240 λείας,
520 1173 615 1228 τοῦ
642 1176 701 1243 ἐξ
723 1175 890 1230 αὑτοῦ
907 1178 1366 1251 ἐκπορευομένου,
1382 1180 1476 1234 καὶ
1498 1182 1691 1252 ἐνέμοὶ
1713 1184 1911 1253 ὁμοου-

333 1265 465 1329 σὲως
518 1266 959 1338 ἀναπαυομένου,
993 1270 1261 1338 παναγίου
1306 1271 1622 1342 Πνεύματος
1682 1273 1909 1346 ἀφιέρου

329 1355 430 1427 τὴν
466 1357 650 1429 χάριν,
671 1358 1124 1414 ἑπαναπαύεσθαι
1147 1363 1258 1426 τοῖς
1281 1362 1596 1431 ἀγγελικοῖς
1635 1363 1910 1436 πνεύμασι

331 1450 425 1502 καὶ⁸
461 1449 759 1520 οὑρανίοις,
799 1451 899 1522 τὴν
940 1452 1079 1523 πρὸς
1123 1452 1256 1507 αὑτὸ
1289 1454 1503 1519 τούτοις
1547 1455 1909 1529 χαριζόμενος

329 1539 665 1609 οἰκειότητα.

401 1639 509 1703 κη’.
558 1633 768 1687 Ἠνίκα
817 1635 1038 1704 ισχυρὰ
1064 1635 1253 1691 ἐποίει
1300 1639 1371 1691 τὰ
1425 1636 1548 1691 ἄνω
1596 1637 1773 1707 νέφη,
1808 1640 1907 1693 καὶ

328 1725 625 1795 ἀσφαλεῖς
657 1726 836 1781 ἐτίθει
853 1728 1052 1798 πηγὰς
1079 1727 1191 1796 τῆς
1214 1729 1316 1783 ὑπ’
1338 1731 1620 1797 οὐρανόν.
1653 1729 1765 1784 Καὶ
1782 1732 1908 1784 όπὸ-

328 1834 428 1871 ταν
455 1816 746 1888 εἰργάζετο
785 1817 1050 1889 ἀρῤαγεϊς
1075 1818 1173 1883 τὰς
1213 1818 1358 1890 ὑπὲρ
1406 1819 1508 1890 γῆν
1531 1820 1781 1889 νεφέλας,
1814 1822 1909 1874 καὶ

325 1902 416 1962 οἷά
455 1925 607 1971 τινας
662 1907 1005 1977 φυλακτικάς
1042 1909 1253 1963 ὑδάτων
1301 1910 1504 1979 πηγὰς,
1534 1910 1706 1963 ἐποίει
1734 1906 1934 1965 ταῦτα’

325 2002 406 2062 είς
435 2000 494 2054 τὸ
517 2000 767 2071 ἀρδεύειν
789 2001 890 2071 τὴν
921 2000 1043 2071 γῆν.

395 2181 498 2235 κδ’.
547 2181 652 2235 Ἐν
701 2179 781 2246 τῷ
821 2180 1047 2236 τιθέναι
1076 2179 1265 2235 αὐτὸν
1311 2180 1385 2249 τῇ
1431 2179 1719 2249 θαλάσσῃ
1744 2180 1906 2247 ἀκρι-

324 2272 560 2341 ΰασμὸν
597 2271 807 2326 αὐτοῦ.
840 2271 950 2323 Καὶ
981 2272 1111 2325 ὅταν
1150 2271 1523 2340 προσέττασσε
1551 2274 1618 2342 τῇ
1658 2270 1904 2340 θαλάσσῃ

327 2362 403 2431 μὴ
434 2362 783 2433 ὑπερϐαίνειν
828 2362 897 2415 τὰ
924 2362 1124 2431 ἑαυτῆς
1152 2362 1276 2431 ὅρια
1303 2379 1318 2394 ο
1352 2362 1433 2415 διὸ
1485 2361 1582 2415 καὶ
1626 2362 1687 2415 οὑ
1739 2377 1908 2432 παραυ

324 2454 573 2523 δράμωσι
621 2454 691 2506 τὰ
746 2452 951 2523 ταύτης
1023 2452 1192 2507 ὑδατα
1222 2493 1237 2518 ,
1283 2453 1344 2506 τὸ
1400 2453 1566 2508 αὑτοῦ
1630 2453 1907 2523 πρόσταγ-

329 2562 440 2613 μα,
472 2543 589 2599 ἀλλ’
619 2544 679 2598 ὲν
716 2545 857 2615 αὑτῇ
906 2542 975 2597 τὰ
1025 2545 1250 2614 κύματα
1308 2543 1479 2616 αὑτῆς
1518 2537 1907 2618 συντριϐήσον-

322 2651 436 2691 ται.

405 2726 514 2782 Καὶ
542 2700 763 2796 ίσχυρδ
782 2727 973 2782 ἐποίει
999 2725 1074 2781 τὰ
1107 2725 1352 2796 θεμέλια
1380 2726 1492 2796 τῆς
1521 2726 1654 2798 γῆς.
1682 2727 1827 2799 Πρὸς
1848 2727 1906 2781 δὲ

324 2820 421 2872 xal.
454 2819 678 2890 ἡδραίου
707 2818 807 2889 τὴν
840 2819 1012 2889 ρυτὴν
1038 2818 1242 2901 τρύτων
1269 2818 1452 2887 φύσιν,
1482 2818 1581 2891 τὴν
1607 2818 1778 2890 ξηρὰν
1804 2818 1901 2873 καὶ

324 2911 619 2982 κατωφερῆ
652 2911 755 2982 γῆν
789 2910 1056 2982 θεμελιῶν
1077 2911 1173 2965 ἐπὶ
1201 2910 1311 2965 τῶν
1338 2910 1564 2967 ὑδάτων.

392 3084 457 3141 λ’.
484 3086 687 3154 Ἥμην
701 3087 838 3154 παρ’
855 3083 1017 3151 αὑτῷ
1033 3084 1392 3155 ἁρμόζουσα.
1420 3086 1710 3148 Συναῖδίως
1734 3086 1904 3156 ὑπῆρ-

322 3195 416 3250 χον
463 3177 841 3249 ὁμοουσιότητι
882 3177 1014 3250 παρ’
1040 3176 1210 3249 αὐτῷ,
1248 3177 1604 3249 συναρμόζων
1655 3178 1753 3243 τὰς
1794 3178 1904 3232 τῶν

321 3271 492 3324 ὄντων
541 3269 728 3335 οὐσίας
762 3272 877 3334 τοῖς
923 3270 1019 3324 ἐπὶ
1057 3269 1284 3335 ταύταις
1323 3271 1675 3341 προαιωνίοις
1706 3270 1902 3325 τούτου

322 3364 645 3435 θελήμασιν,
670 3364 728 3418 ὲν
760 3362 838 3433 τῷ
861 3363 1005 3419 κατὰ
1031 3362 1204 3417 ταῦτα
1244 3363 1460 3418 ᾶπαντα
1488 3364 1742 3436 ὑφιστᾷν.

403 3479 547 3551 Ἐγὼ
592 3479 755 3548 ἥμην
798 3472 838 3550 ᾖ
870 3477 1234 3548 προσέχαιρε
1262 3479 1392 3534 καθ’
1438 3478 1689 3548 ¹ἡμέραν.
1729 3478 1905 3541 Αὐτὸς

323 3573 569 3641 ὑπῆρχον
595 3565 640 3638 ᾧ
668 3569 789 3624 καθ’
821 3569 1060 3637 ἑκάστην
1088 3569 1197 3622 τῶν
1238 3570 1334 3640 τῆς
1372 3569 1735 3641 δημιουργίας
1762 3569 1903 3623 ἑπτὰ

322 3660 568 3731 ἡμερῶν,
605 3657 944 3730 ὲνηγάλλητο
1001 3658 1414 3730 συμπληροῦντι
1453 3659 1594 3713 κατὰ
1639 3660 1701 3713 τὸ
1753 3660 1904 3730 αὑτῷ

326 3759 584 3830 βουλητὸν
642 3758 711 3810 τὰ
763 3756 888 3810 καθ’
915 3756 1143 3820 ἕκαστα,
1168 3757 1262 3808 καὶ
1291 3755 1381 3808 διὰ
1407 3754 1610 3809 τούτων
1663 3756 1739 3819 ὡς
1766 3772 1905 3827 συμ-

323 3852 497 3905 6όλων
528 3849 913 3920 θεωρουμένῳ.

407 3965 511 4020 λα’.
540 3965 971 4035 Εὑρραινόμην
998 3963 1067 4017 δὲ
1113 3966 1183 4019 ἐν
1230 3963 1531 4034 προσώπῳ
1587 3962 1807 4025 αὑτοῦ,
1835 3960 1906 4015 ἐν

321 4059 501 4113 παντὶ
521 4058 730 4127 καιρῷ,
749 4058 846 4113 ὅτε
871 4058 1227 4129 εὐφραίνετο
1244 4057 1359 4126 τὴν
1374 4053 1738 4125 οἰκουμένην
1756 4067 1904 4108 συν-

322 4151 599 4220 τελέσας,
619 4152 715 4207 καί
733 4152 1089 4221 εὐφραίνετο
1112 4151 1182 4205 ἐν
1196 4149 1349 4217 υἱοῖς
1363 4148 1711 4217 ἀνθρώπων.
1746 4145 1906 4215 Ὅμο-

323 4244 482 4311 θελὴς
505 4246 550 4299 δ’
586 4246 852 4317 ὑπάρχων
888 4244 1062 4315 αὑτῷ,
1087 4244 1162 4308 ώς
1187 4243 1280 4297 καὶ
1294 4241 1604 4313 ὀμοούσιος,
1629 4236 1901 4311 ἡγαλλιώ›

2013 448 2169 505 colas
2200 449 2502 520 possideat.

2085 540 2253 597 Vens.
2307 540 2398 597 27.
2436 538 2664 608 Quando
2734 536 3078 606 prwparabat
3119 534 3329 596 caelum,
3380 532 3595 587 aderam

2011 649 2132 688 cum
2169 633 2285 688 illo.
2342 631 2573 699 Quando
2631 629 2978 701 praeparabat
3030 626 3255 690 caelum,
3288 626 3405 682 sole
3463 624 3618 685 illud,

2011 725 2139 780 luna
2174 734 2229 781 et
2250 725 2425 782 stellis
2448 724 2764 789 illustrans,
2799 722 3119 789 aderam,et
3155 734 3281 775 cum
3321 718 3416 773 illo
3447 718 3596 772 labo-

2013 821 2225 885 rabam,
2259 835 2386 875 cum
2422 819 2529 874 sim
2575 818 2653 873 illi
2696 814 3209 880 consubstantialis,
3258 822 3314 869 et
3358 828 3453 882 per
3512 827 3597 867 me

2013 910 2323 969 subsistens
2355 909 2605 982 potentia
2633 918 2689 965 et
2715 906 3011 980 sapientia.

2084 1002 2312 1070 Quando
2362 1002 2634 1057 constituit
2688 1000 2932 1057 thronum
2990 1013 3144 1052 suum
3187 1014 3348 1068 super
3398 1006 3593 1051 ventos.

2012 1095 2263 1163 Quando,
2322 1094 2486 1165 regali
2538 1093 2659 1162 ejus
2718 1090 2986 1160 dignitate
3018 1103 3116 1159 per
3144 1104 3205 1146 se
3235 1089 3594 1156 subsistente,

2012 1184 2347 1242 sanctissimi
2400 1183 2641 1254 Spiritus
2684 1199 2752 1240 ex
2784 1183 2879 1238 illo
2920 1182 3269 1253 procedentis
3308 1192 3365 1237 et
3408 1180 3465 1235 in
3510 1194 3597 1236 me

2012 1268 2558 1335 consubstantialiter
2596 1277 2997 1347 requiescentis
3035 1274 3268 1346 gratiam
3296 1287 3595 1329 consecra-

2011 1370 2126 1434 bat,
2158 1379 2219 1425 ut
2249 1370 2306 1424 in
2344 1368 2611 1439 angelicis
2640 1377 2695 1423 et
2726 1366 3045 1424 coelestibus
3097 1365 3384 1436 spiritibus
3439 1364 3598 1436 quie-

2013 1470 2212 1529 sceret,
2241 1461 2547 1517 concedens
2578 1458 2691 1516 illis
2712 1458 2834 1531 ejus
2869 1458 3319 1514 familiaritatem.

2082 1642 2252 1697 νεεδ.
2282 1641 2373 1697 28.
2416 1640 2643 1708 Quando
2695 1640 2894 1697 solidas
2940 1641 3136 1711 faceret
3193 1656 3310 1711 qua
3381 1658 3596 1696 sursum

2011 1744 2134 1789 sunt
2153 1734 2336 1799 nubes,
2365 1742 2415 1786 et
2447 1749 2659 1788 securos
2705 1732 2943 1788 redderet
2978 1734 3146 1804 fontes
3177 1733 3320 1788 illius
3352 1750 3471 1803 qua:
3498 1736 3595 1789 sub

2010 1826 2138 1880 caelo
2196 1835 2271 1880 est
2303 1826 2549 1896 regionis.
2598 1824 2668 1879 Et
2698 1824 2919 1895 quando
2974 1823 3180 1881 faceret
3219 1826 3444 1882 nebulas
3476 1842 3598 1898 quae

2010 1923 2138 1972 sunt
2194 1931 2359 1985 super
2425 1925 2656 1983 terram,
2725 1915 2799 1970 ita
2843 1925 2910 1993 ‘ut
2967 1930 3073 1971 non
3126 1924 3472 1987 rumpantur.
3544 1929 3597 1974 et

2009 2008 2166 2079 quasi
2194 2008 2629 2064 conservatrices
2650 2023 2924 2080 aquarum.
2941 2006 3143 2074 fontes,
3170 2007 3263 2064 illa
3287 2009 3355 2065 ad
3398 2016 3596 2065 terram

2009 2099 2336 2170 irrigandam
2353 2099 2579 2156 faceret.

2082 2188 2244 2247 Vens.
2276 2189 2369 2246 29.
2400 2188 2533 2245 Cum
2564 2191 2702 2244 mari
2733 2200 2947 2260 poneret
2972 2206 3126 2245 suum
3147 2191 3436 2246 dominium
3470 2193 3597 2246 3'"?

2008 2287 2170 2332 ctum.
2208 2277 2273 2332 Et
2305 2278 2528 2348 quando
2559 2278 2864 2349 imperabat
2898 2279 3037 2333 mari
3071 2295 3138 2335 ne
3169 2280 3433 2336 terminos
3462 2296 3597 2336 suos

2008 2370 2288 2425 transiret.
2324 2370 2390 2425 Et
2436 2369 2644 2425 idcirco
2688 2369 2979 2439 imperium
3051 2371 3174 2440 ejus
3222 2387 3332 2428 non
3388 2372 3597 2428 violant

2008 2457 2161 2532 aqua:
2203 2458 2392 2526 maris,
2424 2459 2518 2517 sed
2550 2461 2602 2516 in
2639 2461 2817 2532 seipsa
2853 2460 3053 2518 ﬂuctus
3111 2478 3246 2521 suos
3285 2462 3593 2536 frangunt).

2077 2756 2148 2811 Et
2200 2755 2361 2824 ﬁrma
2419 2764 2631 2824 poneret
2690 2757 3041 2825 fundamenta
3127 2764 3302 2811 teme.
3361 2753 3594 2826 insuper

2009 2847 2231 2918 quando
2266 2844 2521 2901 ﬁrmabat
2548 2854 2801 2901 naturam
2836 2846 3057 2901 illorum
3099 2846 3345 2910 ﬂuidam,
3383 2854 3591 2903 terram

2006 2938 2211 2995 siccam
2242 2945 2440 3007 etquae
2468 2935 2535 2992 ad
2570 2935 2830 2992 inferiora
2870 2935 3065 3003 tendit,
3100 2951 3200 3008 pro
3233 2935 3594 2993 fundamento

1933 3031 1976 3089 C
2010 3029 2193 3100 posuit
2221 3043 2388 3099 super
2429 3041 2621 3098 aquas.

2084 3119 2256 3175 Vens.
2285 3118 2375 3175 ‘50.
2414 3119 2646 3173 Aderant
2696 3134 3007 3189 componens
3047 3136 3166 3175 cum
3197 3136 3278 3177 eo.
3325 3120 3594 3177 Caeterum

2008 3217 2231 3274 aderam
2270 3217 2353 3272 illi
2398 3214 2993 3279 consubstantialitate,
3047 3228 3381 3286 componens
3412 3229 3594 3269 rerum

2005 3310 2302 3370 essentiam
2347 3324 2448 3381 per
2502 3309 2621 3378 ejus
2660 3308 2716 3364 in
2764 3306 2855 3364 his
2881 3306 3194 3364 voluntates
3231 3322 3354 3378 qua:
3394 3307 3594 3364 saecula

2004 3403 2344 3477 praecedunt,
2375 3409 2436 3458 ut
2465 3403 2646 3457 omnia
2671 3400 2974 3460 secundum
2994 3414 3058 3456 ea
3087 3399 3420 3457 subsistant.

2079 3517 2203 3585 Ipse
2230 3515 2449 3570 aderam
2492 3530 2610 3568 cum
2641 3513 2892 3584 gauderet
2924 3512 3214 3568 secundum
3263 3512 3401 3568 diem
3431 3512 3595 3585 (quo-

2006 3608 2181 3680 tidie).
2226 3606 2346 3679 Ipse
2374 3605 2624 3671 aderam,
2674 3605 2897 3675 quando
2929 3605 2982 3659 in
3023 3620 3353 3675 unaquaque
3384 3614 3593 3677 septem

2009 3701 2221 3757 dierum
2273 3697 2554 3755 creatione
2584 3693 2850 3768 gauderet
2886 3710 3013 3750 cum
3066 3696 3353 3766 perliceret
3396 3712 3594 3753 secun-

2006 3792 2135 3848 dum
2182 3789 2525 3846 voluntatem
2592 3786 2776 3842 omnia
2831 3787 2979 3844 circa
3027 3790 3479 3861 unumquodque,
3537 3800 3592 3847 et

2005 3900 2101 3955 per
2124 3897 2189 3939 ea
2218 3889 2477 3953 tanquam
2508 3894 2604 3951 per
2634 3878 2881 3952 symbola
2916 3889 3362 3952 cognosceretur.

2076 3995 2246 4052 Vens.
2281 3996 2371 4052 51.
2404 3993 2714 4051 Gaudebam
2761 4007 2883 4050 ante
2936 3995 3135 4065 faciem
3194 3996 3331 4066 ejus,
3363 3998 3418 4052 in
3450 3998 3593 4053 omni

2006 4099 2235 4161 tempore
2277 4105 2381 4160 quo
2430 4087 2794 4142 delectabatur
2845 4095 3042 4141 terram
3092 4088 3394 4158 perﬁciens,
3441 4098 3493 4143 et
3539 4091 3593 4144 in

2003 4183 2133 4254 ﬁliis
2157 4182 2429 4236 hominum
2473 4179 2859 4235 oblectabatur.
2888 4179 3088 4236 Eadem
3122 4195 3189 4237 ac
3228 4181 3347 4253 ipse
3382 4183 3591 4250 volens,

2005 4285 2067 4332 ut
2110 4272 2615 4339 consubstantialis,
2666 4271 2970 4344 gaudebam
3010 4281 3065 4328 et
3109 4288 3228 4344 ipse
3279 4289 3467 4330 coram
3524 4292 3595 4331 eo

325 4354 435 4406 μην
486 4337 580 4389 καὶ
627 4337 790 4401 αὑτὸς
841 4336 1073 4390 ἐνώπιον
1104 4336 1296 4390 τούτου
1328 4334 1418 4388 διὰ
1445 4333 1673 4397 παντὸς,
1701 4332 1904 4385 ὁπόταν

2026 4366 2077 4422 le
2136 4364 2412 4431 omnibus,
2467 4332 2696 4434 quando
2748 4332 3148 4420 delectabatur.
3174 4365 3356 4420 omnia
3408 4365 3589 4437 perfe-

321 4414 676 4498 ἠγαλλύνετο,
706 4430 1019 4501 ἁπαρτίσας
1070 4433 1135 4502 τῇ
1186 4432 1244 4483 ἐν
1303 4427 1583 4499 Πνεύματι
1627 4424 1904 4481 τελειώσει

320 4524 442 4576 τότε
474 4522 535 4576 τὸ
568 4523 676 4575 πᾶν
702 4539 718 4553 ο
750 4523 845 4575 καὶ
874 4521 1094 4594 ἔχαιρεν
1118 4523 1213 4576 ὲπὶ
1244 4525 1311 4595 τῇ
1341 4520 1445 4575 τοῦ
1466 4521 1658 4591 γένους
1681 4519 1791 4574 τῶν
1820 4520 1905 4573 ἀν·

322 4614 557 4687 θρώπων
582 4615 910 4684 παραγωγῇ,
936 4613 1391 4677 ἀποτελεσθέντος
1413 4615 1536 4667 κατ’
1555 4612 1741 4686 εἰκόνα
1759 4614 1794 4682 ἡ
1807 4627 1903 4681 με·

322 4705 484 4775 τέραν
509 4703 604 4756 καὶ
636 4701 758 4755 καθ’
786 4700 1066 4771 ὁμοίωσιν.

392 4818 490 4889 λβ’.
520 4818 652 4873 Νῦν
673 4814 805 4883 οὖν,
840 4817 951 4883 υἱὲ,
984 4818 1168 4872 ἄκουέ
1205 4836 1347 4887 μου,
1387 4818 1483 4872 καὶ
1525 4820 1805 4888 μακάριοι
1846 4816 1904 4868 ot

202 4927 209 4933 ‘
319 4910 501 4977 ὁδούς
521 4927 641 4979 μου
664 4909 1247 4980 φυ.1άξουσιν.Ἀρτι
1275 4911 1475 4976 τοίνυν,
1508 4910 1640 4980 ἐμὸν
1675 4909 1901 4981 θρέμμα

317 5001 414 5056 καὶ
438 5001 738 5083 παίδευμα,
786 5000 974 5053 πείθου
1027 5017 1155 5071 μοι·
1181 5001 1277 5054 καὶ
1328 5002 1437 5073 γὰρ
1477 5002 1817 5068 ἀξιέπαινοι,
1849 5000 1897 5053 οἳ

317 5092 639 5156 πεισθέντες
702 5110 814 5163 μοι,
852 5094 1153 5166 τηρήσουσι
1199 5093 1296 5154 τὰς
1354 5094 1491 5166 ἐμὰς
1542 5094 1761 5158 ἐντολὰς
1791 5094 1900 5147 λοι-

316 5184 440 5238 πόν.

386 5294 487 5362 λγ’.
530 5295 858 5350 Ἀκούσατε
908 5295 1209 5360 παιδείαν,
1259 5299 1358 5352 καὶ
1408 5300 1769 5369 σοφίσθητε,
1797 5301 1893 5354 καὶ

309 5383 399 5455 μὴ
433 5385 843 5455 ἁποςρραγῆτε.
880 5387 1216 5459 Παιδεύθητε
1249 5389 1456 5451 ταύτας
1508 5391 1768 5454 ἅπαντες,
1802 5393 1896 5444 καὶ

318 5476 623 5548 μετάσχετέ
660 5494 784 5549 μου,
827 5478 918 5532 καὶ
955 5479 1055 5542 τὰς
1103 5480 1245 5551 ἐμὰς
1274 5481 1517 5547 εἰσόδους
1549 5484 1624 5553 μὴ
1646 5483 1893 5554 ἀποφρά-

316 5566 464 5636 ξητε.

388 5658 480 5713 λδ’.
499 5660 798 5732 Μακάριος
822 5663 1000 5733 ἀνὴρ,
1022 5664 1088 5731 ὅς
1116 5667 1539 5723 εἰσακούσεταί
1582 5685 1720 5736 μου.
1759 5668 1810 5721 Ἀ
1822 5666 1891 5732 ξι·

2008 4462 2192 4516 ctione
2222 4458 2449 4528 spiritus
2480 4456 2898 4528 componendo;
2927 4467 2982 4513 et
3008 4458 3388 4515 exsultabatin
3414 4460 3589 4516 bomio

2005 4568 2133 4608 num
2180 4558 2389 4606 natura:
2446 4550 2838 4621 productione,
2891 4549 3050 4608 facta:
3096 4551 3164 4609 ad
3210 4553 3501 4625 imaginem
3537 4562 3591 4610 et

2005 4650 2251 4699 nostram
2292 4640 2735 4698 similitudinem.

2075 4834 2243 4891 Vens.
2307 4835 2396 4891 32.
2460 4834 2620 4889 Nunc
2675 4851 2822 4905 ergo,
2874 4836 3023 4899 audi,
3070 4834 3150 4904 ﬁli
3214 4834 3309 4898 mi,
3357 4842 3406 4887 et
3449 4833 3588 4887 beati

2001 4929 2091 4998 qui
2114 4929 2226 4983 uias
2270 4943 2413 4982 meas
2440 4926 2767 4981 custodiunt.
2822 4926 2966 4997 Ergo
3020 4940 3190 4995 genus
3221 4932 3278 4980 et
3312 4925 3584 4995 discipule

2003 5021 2099 5086 mi,
2123 5018 2249 5074 audi
2291 5035 2414 5084 me;
2448 5027 2503 5074 et
2545 5017 2753 5081 felices,
2813 5018 2909 5088 qui
2973 5032 3060 5073 me
3092 5017 3400 5083 audientes,
3432 5033 3585 5074 meas

2000 5114 2322 5169 voluntates
2353 5110 2674 5167 custodiunt
2705 5124 2945 5180 semper.

2070 5311 2241 5368 Vens.
2281 5312 2370 5367 55.
2423 5311 2617 5366 Audite
2666 5310 3029 5381 disciplinam,
3082 5320 3132 5368 et
3187 5312 3450 5381 sapientes
3498 5327 3580 5366 es-

2000 5412 2123 5463 tote.
2147 5413 2198 5457 et
2229 5420 2291 5457 ne
2311 5403 2682 5458 obstruamini.
2711 5403 2914 5460 Discite
2955 5405 3093 5471 haec,
3130 5420 3347 5468 omnes,
3379 5412 3432 5459 et
3466 5404 3575 5461 mei

1997 5494 2293 5565 participes
2345 5500 2541 5560 estote,
2590 5505 2644 5550 et
2683 5494 2963 5567 ingressus
3013 5511 3167 5552 meos
3195 5511 3261 5551 nc
3311 5495 3570 5551 obstruas

1999 5585 2089 5641 tis.
2940 5649 2955 5663 κ

2072 5676 2265 5733 Beatus
2302 5681 2480 5746 homo,
2515 5679 2606 5743 qui
2630 5695 2708 5733 me
2731 5679 2903 5736 audit.
2935 5679 3107 5748 Felix,
3135 5679 3227 5748 qui
3256 5680 3562 5751 cupiditatic
