3958 6202
379 189 512 255 ίΞῦθ

1702 209 2052 310 ΡΒΟΕΟΡῌ
2096 215 2338 274 (ΞΑΖΕΙ

3505 213 3642 278 130-0

371 312 472 362 hu;
511 307 744 361 viriliter
804 307 1103 378 imperans,
1158 309 1312 365 audit
1363 327 1469 377 me,
1524 313 1832 374 hortantem
1882 337 1950 376 ne

2075 325 2280 390 Ξπαινος
2325 326 2385 389 ὃς
2435 325 2574 380 κατά
2622 325 2732 379 τῶν
2791 325 2980 382 παθῶν
3027 326 3458 397 ἀνδρισάμενος,
3515 347 3638 384 πει·

374 401 480 456 illis
498 400 837 455 succumbat.

437 577 504 632 Et
535 582 616 634 vir
636 581 730 650 qui
756 579 871 634 vias
905 595 1048 635 meas
1083 582 1340 636 custodit.
1377 581 1442 637 Et
1469 583 1562 655 qui
1599 598 1822 642 sursum
1866 602 1959 643 as-

367 672 598 742 pir-iens.
636 687 754 726 mea
788 673 1044 728 n'tanduta
1086 675 1352 730 custodit.

443 763 682 832 Vigilans
720 765 775 816 in
830 765 985 817 atriis
1038 765 1166 818 meis
1223 765 1476 834 quotidie.
1544 764 1796 839 Vigilans
1864 787 1961 842 per

364 871 580 910 omnem
615 865 942 925 prmsentem
973 857 1170 922 vitam,
1201 871 1370 928 super
1421 873 1622 916 sensus
1653 877 1808 928 suos,
1841 873 1962 918 tan-

363 964 524 1018 quam
559 955 748 1018 portas
799 955 1018 1018 apertas
1061 948 1128 1004 ad
1171 949 1699 1020 contemplationem
1747 969 1958 1009 rerum.

426 1131 742 1187 Custodieus
785 1139 970 1200 portas
1013 1131 1274 1186 atrior-um
1327 1147 1584 1189 meorum.
1633 1133 1962 1192 Custodiens

360 1225 716 1282 theoreticam
758 1225 1060 1278 scentulum
1107 1223 1362 1294 spiritum
1395 1226 1870 1292 constitutionem,
1907 1229 1965 1283 et

359 1317 656 1374 secundum
676 1315 849 1386 legem
875 1317 1174 1386 practicam
1204 1319 1585 1387 operationem
1617 1319 1816 1373 animae
1843 1333 1964 1388 quas

359 1419 490 1468 sunt
525 1409 728 1465 auxilia
759 1409 1128 1464 custodientia
1178 1410 1246 1464 ad
1291 1409 1440 1464 illam
1467 1411 1793 1480 ingressus;
1835 1426 1958 1467 mea

357 1498 821 1570 eoguoscibilium
844 1499 971 1552 linis
1003 1509 1060 1552 ut
1091 1499 1363 1566 veritatis,
1396 1509 1451 1555 et
1476 1501 1872 1570 practicorum,
1901 1513 1962 1560 ut

360 1592 536 1656 boni,
621 1605 690 1644 ne
741 1591 884 1644 clam
961 1591 1308 1646 sensibilium
1383 1584 1727 1661 apparentiis
1796 1593 1957 1646 intret

2067 417 2328 490 σθήσεταί
2353 415 2476 491 μοι,
2529 420 2606 491 μὴ
2661 420 2990 476 ὑποπίπτειν
3045 421 3230 486 αὐτοῖς
3285 419 3642 494 παραινοῦντι

2061 509 2232 580 αὐτῷ.
3646 567 3649 570 .

2132 603 2243 659 Kal
2275 605 2585 675 ἅνθρωπος
2622 607 2690 674 ὃς
2711 608 2818 675 τὰς
2845 607 2992 678 ἐμὰς
3011 606 3192 674 ὀδοὺς
3217 593 3498 676 φυλάξει.
3529 607 3642 662 Καὶ

2060 696 2118 761 ὃς
2149 697 2262 752 ἄνω
2293 698 2527 769 βλέπων,
2555 700 2786 772 τηρήσει
2818 699 2917 765 τὰς
2963 699 3106 772 ἐμὰς
3135 699 3373 764 ἐντολάς.

2148 791 2494 860 Ἀγρυπνῶν
2517 793 2610 846 ἐπ’
2647 792 2814 862 ἐμαῖς
2837 794 3044 861 θύραις
3071 791 3201 846 καθ’
3222 791 3467 864 ἡμέραν.
3499 791 3641 863 Γρη-

2062 882 2242 952 γορῶν
2265 883 2410 938 κατά
2438 885 2618 938 πᾶσαν
2642 884 2742 956 τὴν
2773 884 3054 956 παροῦσαν
3089 883 3256 956 ζωὴν,
3293 884 3388 936 ἐπὶ
3418 886 3530 948 τοῖς
3556 883 3638 936 δί-

2065 989 2166 1042 κην
2193 972 2374 1044 θυρῶν
2401 975 2880 1046 ἀναπεπταμένοις
2921 975 3060 1048 πρὸς
3075 974 3310 1046 θεωρίαν
3341 973 3452 1028 τῶν
3467 975 3642 1028 ὄντων

2063 1061 2466 1134 αἰσθητηρίοις.

2143 1153 2342 1222 Τηρῶν
2373 1155 2678 1226 σταθμοὺς
2723 1155 2882 1225 ἐμῶν·
2905 1155 3179 1210 εὶσόδων.
3215 1153 3505 1208 Φυλάσσων
3539 1153 3638 1225 τὴν

2067 1246 2209 1299 κατὰ
2230 1246 2355 1300 νοῦν
2385 1247 2733 1323 θεωρητικὴν
2749 1247 2884 1314 ἕξιν,
2913 1247 3006 1301 καὶ
3035 1245 3134 1318 τὴν
3160 1245 3302 1300 κατὰ
3321 1245 3479 1315 λόγον
3501 1261 3635 1310 πραο

2065 1337 2262 1407 κτικὴν
2291 1338 2576 1409 ἐνέργειαν
2612 1340 2708 1410 τῆς
2738 1339 2918 1410 ψυχῆς
2951 1338 3053 1402 τὰς
3083 1337 3423 1407 φυλακτικάς
3466 1353 3636 1406 παρα-

2065 1429 2319 1494 στάτιδας
2343 1429 2452 1484 τῶν
2485 1431 2622 1502 πρὸς
2653 1431 2826 1502 αὐτὴν
2853 1429 3074 1484 εἰσόδων
3113 1445 3215 1500 μου
3236 1445 3250 1460 ·
3277 1428 3513 1498 πέρατος
3548 1427 3638 1480 ὅν-

2062 1537 2174 1586 τος,
2205 1521 2314 1572 τῶν
2349 1523 2448 1593 μὲν
2467 1523 2744 1592 γνωστῶν,
2779 1523 2855 1586 ὡς
2887 1522 3147 1592 ἀληθείας
3170 1521 3309 1575 ’τῶν
3333 1519 3388 1573 δὲ
3416 1537 3640 1591 πρακτι-

2064 1615 2198 1682 κῶν,
2219 1615 2296 1678 ὡς
2315 1615 2524 1685 ἀγαθοῦ
2548 1631 2562 1645 ·
2583 1617 2661 1678 είς
2678 1615 2738 1668 τὸ
2759 1615 2833 1686 μὴ
2857 1613 3210 1684 συνέρχεσθαι
3227 1611 3522 1680 λεληθότως
3547 1610 3638 1664 τὸν

357 1684 538 1738 malus
581 1682 834 1752 spiritus,
891 1689 946 1736 et
1002 1683 1193 1736 horum
1273 1697 1461 1738 amore
1519 1684 1765 1738 animum
1807 1683 1955 1750 liget.

2075 1705 2300 1777 πονηρὸν
2326 1709 2389 1777 τῇ
2420 1707 2714 1776 ἐπιφανείᾳ
2743 1706 2852 1758 τῶν
2881 1702 3176 1774 αἰσθητῶν,
3209 1704 3305 1756 καὶ
3344 1703 3410 1772 τῇ
3435 1701 3635 1754 cntinuo

356 1783 412 1830 et
445 1789 515 1829 ne
549 1775 904 1829 consentiant
939 1775 1136 1830 horum
1169 1773 1323 1844 sequi
1363 1789 1672 1841 sermones,
1715 1783 1771 1829 et
1827 1773 1955 1830 inde

361 1886 450 1928 me
484 1869 800 1925 admittant.

436 2063 553 2121 Viae
592 2065 729 2118 enim
767 2079 916 2128 metr,
951 2065 1046 2118 via:
1077 2065 1220 2119 vim.
1256 2062 1526 2134 Egressus
1569 2063 1714 2119 enim
1775 2065 1878 2118 mei
1923 2079 1954 2119 a

359 2157 472 2215 Deo
503 2169 557 2213 et
603 2156 768 2212 Patre
807 2157 1111 2213 secundum
1164 2157 1338 2226 legem
1381 2157 1687 2211 naturalem
1715 2165 1769 2211 et
1811 2157 1950 2211 scri-

358 2259 504 2322 ptam
545 2265 609 2305 ac
641 2249 1010 2319 Spiritualem.
1063 2247 1300 2317 itemque
1345 2262 1376 2302 e
1427 2247 1777 2309 sanctissimo
1832 2245 1954 2317 Spi-

359 2342 496 2406 ritu,
529 2340 959 2412 gratllicationes
988 2349 1118 2396 sunt
1167 2339 1307 2394 data:
1339 2338 1407 2393 iis
1445 2339 1534 2408 qui
1574 2354 1802 2410 regnum
1841 2352 1955 2392 cm-

357 2435 498 2491 teste
541 2431 962 2488 lnrrcditabunt.

329 2659 346 2676 ι
441 2629 506 2686 Et
543 2641 769 2699 paratur
794 2629 1035 2684 voluntas
1063 2646 1096 2683 a
1126 2629 1380 2684 Domino.
1409 2629 1475 2684 Et
1507 2637 1737 2701 paratur
1774 2630 1826 2684 in
1861 2645 1956 2684 νο-

360 2719 468 2784 bis,
497 2733 595 2790 per
625 2729 736 2774 tres
771 2717 1120 2787 supradictas
1190 2717 1363 2787 leges.
1395 2731 1424 2771 a
1454 2733 1538 2771 me
1568 2717 1814 2771 omnium
1845 2715 1954 2771 De-

363 2813 536 2876 mino,
592 2808 928 2866 desiderium
972 2809 1229 2864 naturale
1276 2819 1331 2864 et
1378 2809 1624 2878 logicum
1683 2809 1952 2877 (rationa-

364 2905 518 2975 bile),
575 2913 630 2958 et
688 2902 837 2974 quod
901 2903 1346 2960 substantialiter
1403 2916 1433 2956 a
1483 2911 1679 2957 natura
1735 2901 1956 2971 junctae

364 2999 736 3070 preprietates
770 2996 1036 3053 continet.

437 3091 603 3146 Vens.
637 3090 726 3145 56.
765 3088 868 3156 Qui
899 3089 952 3142 in
986 3096 1066 3142 me
1094 3096 1332 3157 peccant,
1367 3088 1421 3141 in
1447 3103 1574 3141 suos
1607 3087 1818 3140 animos
1853 3085 1958 3139 im-

364 3183 442 3252 pii
477 3171 620 3235 suntl
660 3177 765 3245 Qui
803 3193 888 3233 me
919 3177 1160 3235 Verbum
1195 3178 1313 3242 Dei,
1355 3179 1426 3232 ob
1479 3175 1842 3246 cupiditatum
1875 3177 1951 3230 ir-

367 3273 700 3328 rationabile
747 3270 1086 3326 desiderium
1141 3284 1251 3325 non
1305 3277 1634 3340 sequuntur,
1689 3267 1960 3325 frustrant

365 3365 580 3420 animas
607 3377 736 3418 suas
771 3361 979 3415 honore
1007 3375 1139 3415 mea:
1171 3359 1614 3430 participationis
1642 3397 1657 3423 ,
1693 3367 1958 3430 tanquam

363 3453 680 3524 rejicientes
715 3465 872 3507 suam
923 3463 1049 3505 cum
1083 3451 1196 3505 Deo
1245 3449 1688 3513 similitudinem,
1736 3465 1796 3504 se
1839 3451 1958 3504 ani-

366 3546 606 3601 molibus
633 3541 1053 3604 irrationalibus
1085 3550 1492 3612 comparantes,
1539 3550 1593 3596 et
1615 3541 1724 3597 illis
1753 3540 1958 3596 similes

367 3635 524 3692 facti.

432 3725 502 3781 Et
523 3728 612 3800 qui
646 3743 726 3782 me
756 3727 962 3790 odium,
1032 3735 1252 3782 mortem
1305 3727 1557 3802 diligunt.
1627 3726 1690 3780 Et
1739 3727 1832 3798 qui
1871 3741 1956 3782 me

365 3821 578 3881 odii-unt,
633 3819 855 3874 dantem
943 3820 1255 3874 volentibus
1341 3819 1505 3872 vitam
1573 3818 1796 3887 spiritus
1852 3817 1958 3871 im-

367 3911 674 3975 mortalem,
704 3911 940 3979 diligunt
989 3920 1218 3965 mortem
1273 3911 1606 3973 naturalem,
1659 3925 1689 3964 a
1729 3917 1957 3980 peccato

367 4015 578 4067 ortam,
639 4004 754 4056 luce
781 4018 879 4072 per
907 4016 1126 4057 omnem
1161 4000 1508 4070 Scripturam
1545 4001 1774 4056 docens.

1003 4179 1158 4235 CAP.
1221 4179 1312 4234 IX.

373 4277 386 4286 ‘
440 4270 604 4329 Vsus.
641 4273 687 4326 1.
713 4271 987 4343 Sapientia
1025 4271 1312 4342 wdiﬁcavit
1346 4271 1447 4326 sibi
1479 4273 1716 4326 domum.
1752 4273 1970 4328 Potcn-‘

2060 1799 2244 1870 σχέσει
2295 1800 2519 1869 δεσμεῖν
2557 1799 2647 1853 τὸν
2700 1799 2846 1862 νοῦν,
2892 1801 2989 1852 καὶ
3041 1797 3115 1868 μὴ
3157 1797 3460 1866 συγχωρεῖν
3497 1795 3634 1866 πρὸς

2055 1891 2182 1952 τοὺς
2222 1889 2402 1943 αὐτῶν
2445 1889 2743 1946 διαϐαίνειν
2793 1891 3006 1958 λόγους,
3039 1887 3334 1944 κάντεῦθεν
3379 1887 3632 1958 ὑποδέχεο

2058 1981 2181 2035 σθαι
2214 2000 2303 2052 με.

2127 2074 2218 2128 λε’.
2262 2079 2330 2128 Αἱ
2363 2077 2467 2144 γὰρ
2501 2072 2702 2138 ἔξοδοί
2751 2092 2892 2143 μου,
2944 2073 3143 2138 ἔξοδοι
3202 2071 3370 2140 ζωῆς.
3411 2072 3475 2125 Αἱ
3523 2070 3630 2142 γὰρ

2059 2167 2208 2236 παρὰ
2241 2165 2334 2218 τοῦ
2357 2163 2491 2219 Θεοῦ
2519 2167 2614 2220 καὶ
2645 2166 2878 2236 Πατρὸς,
2909 2164 3263 2235 προνοητικα“ι
3290 2164 3430 2218 κατά
3455 2181 3515 2216 τε
3540 2163 3633 2216 τὸν

2058 2255 2286 2324 φυσικὸν
2315 2255 2409 2310 καὶ
2444 2255 2536 2308 τὸν
2589 2255 2838 2327 γραπτὸν
2874 2257 2966 2310 καὶ
3007 2255 3098 2308 τὸν
3159 2254 3636 2324 πνευματικὸννό-
3700 2306 3704 2309 .

2059 2365 2157 2416 μου
2195 2346 2496 2412 ἐξελεύσεις
2537 2365 2662 2418 μου,
2693 2345 2786 2400 τοῦ
2836 2347 3103 2414 παναγίου
3147 2363 3248 2416 μου
3291 2345 3630 2416 Πνεύματος,

2057 2437 2202 2490 κατά
2246 2439 2405 2510 χάριν
2464 2439 2781 2509 μεταδόσεις
2825 2441 2939 2502 τοῖς
2976 2438 3234 2509 μέλλουσι
3276 2436 3636 2508 κληρονομεῖν

2059 2530 2340 2600 βασιλείαν
2365 2531 2492 2584 εἰσί.

2131 2621 2240 2676 Καὶ
2267 2621 2630 2691 ἐτοιμάζετὶιι
2661 2622 2911 2690 θέλησις
2949 2621 3108 2690 παρὰ
3138 2621 3378 2690 Κυρίου.
3408 2620 3523 2674 Καὶ
3543 2619 3636 2674 εὑ·

2056 2711 2372 2781 τρεπῖζεται
2404 2713 2462 2766 ἐν
2489 2714 2640 2783 ὑμῖν,
2666 2713 2754 2766 διὰ
2780 2714 2888 2766 τῶν
2905 2713 3211 2784 εἰρημένων
3236 2713 3403 2783 τριῶν
3432 2713 3640 2782 νόμων,

2056 2804 2190 2875 παρ’
2219 2803 2354 2874 ἐμοῦ
2385 2805 2480 2858 τοῦ
2517 2804 2626 2858 τῶν
2681 2807 2818 2860 ὅλων
2861 2807 3156 2868 Δεσπότου,
3199 2805 3376 2873 ὄρεξις
3429 2801 3638 2875 φυσική
3721 2826 3730 2833 ·

2055 2909 2115 2946 τε
2147 2895 2242 2947 καὶ
2273 2893 2488 2966 λογικὴ,
2527 2895 2621 2948 καὶ
2667 2896 2884 2950 πάντων
2916 2895 3026 2948 τῶν
3061 2895 3334 2956 οὐσιωδῶς
3375 2896 3440 2964 τῇ
3475 2892 3644 2962 φύσει

2059 2983 2370 3054 προσόντων
2409 2985 2716 3056 ἰδιωμάτων
2745 2986 3058 3056 συνεκτική.

2131 3076 2238 3141 λς’.
2277 3081 2340 3130 Οἱ
2367 3077 2436 3131 δὲ
2456 3080 2544 3143 εἰς
2577 3078 2683 3148 ἐμὲ
2711 3076 3175 3148 ἁμαρτάνοντες,
3206 3073 3532 3129 ἀσεϐοῦσιν
3549 3075 3647 3138 εἰς

2061 3170 2165 3236 τὰς·
2193 3169 2426 3224 ἑαυτῶν
2453 3169 2679 3239 ψυχάς.
2709 3169 2772 3222 Oi
2801 3169 2845 3222 δ’
2872 3167 3007 3239 ἐμοῦ
3029 3167 3127 3222 τοῦ
3150 3167 3282 3220 Θεοῦ
3319 3166 3512 3234 Λόγου,
3547 3165 3644 3220 διὰ

2060 3259 2158 3331 τὴν
2187 3261 2295 3314 τῶν
2323 3262 2510 3315 παθῶν
2548 3262 2742 3329 ἄλογον
2774 3259 2956 3332 ὄρεξιν
2999 3260 3492 3330 ἀποτυγχάνοντες,
3537 3257 3646 3320 τὰς

2061 3353 2268 3406 ἑαυτῶν
2295 3353 2472 3424 ψυχὰς
2505 3354 2604 3424 τῆς
2628 3355 2772 3408 κατὰ
2799 3351 3012 3422 μέθεξίν
3033 3369 3135 3420 μου
3163 3349 3410 3422 στεροῦσι
3431 3349 3602 3419 τιμῆς
3622 3365 3640 3381 ο

2059 3440 2260 3514 οἷάπερ
2297 3445 2699 3515 ἀποδαλόμενοι
2744 3445 2805 3498 τὸ
2856 3444 2980 3499 καθ’
3027 3443 3286 3515 ὁμοίωσιν
3339 3439 3500 3507 Θεοῦ,
3543 3440 3641 3494 καὶ

2060 3536 2621 3608 παρασυμὸληθέντες
2667 3539 2780 3601 τοῖς
2819 3537 3044 3608 κτήνεσι
3071 3535 3184 3598 τοῖς
3229 3533 3480 3604 ἀνοήτοις
3500 3573 3516 3598 ,
3543 3532 3640 3586 καὶ

2059 3628 2418 3698 ὁμοιωθέντες
2438 3629 2644 3691 αὐτοῖς.

2139 3719 2248 3774 Καὶ
2272 3723 2326 3773 oi
2350 3718 2683 3787 μισοῦντές
2713 3736 2822 3789 με,
2853 3718 3170 3789 ἀγαπῶσιν
3210 3715 3490 3772 θάνατον.
3527 3715 3639 3768 Καὶ

2057 3813 2108 3864 οἱ
2135 3811 2610 3882 ἀποστρεφόμενοι
2648 3828 2714 3882 με
2738 3809 2838 3882 τὴν
2880 3811 2981 3882 τὴν
3012 3809 3318 3881 ἀνώλεθρον
3342 3823 3637 3877 πνευματιο

2058 3900 2161 3972 κήν
2196 3901 2342 3972 ζωὴν
2377 3903 2488 3965 τοῖς
2513 3901 2726 3954 θέλουσι
2756 3900 3137 3972 χαριζόμενον,
3179 3899 3517 3963 ἀσπάζονται
3543 3897 3636 3949 τὴν

2059 3991 2182 4045 καθ’
2213 3992 2488 4063 ἁμαρτίαν
2515 3991 2748 4061 ψυχικὸν
2789 3991 3002 4045 ἑαυτῶν
3047 3989 3266 4060 ὀλεθρον
3289 4005 3302 4019 ·
3333 3987 3504 4042 ταῦτα
3547 3987 3639 4040 δια

2061 4083 2241 4153 πάσης
2281 4085 2382 4153 τῆς
2409 4083 2634 4154 Γραφῆς
2659 4082 3013 4137 διδάσκουσα.

2679 4181 2930 4234 ΚΕΦΑΛ.
2975 4180 3051 4236 6'.

2131 4279 2202 4329 α’.
2235 4261 2303 4326 Ἡ
2327 4274 2519 4344 σοφία
2564 4272 2956 4342 ᾠκοδόμησεν·
2991 4270 3176 4339 ἑαυτῇ
3211 4265 3400 4325 οἶκον.
3448 4269 3512 4322 Ἡ
3561 4270 3641 4321 ὲνο

366 4365 443 4418 tia
473 4363 567 4420 Dei
602 4379 666 4420 ac
709 4365 889 4422 Patris
931 4381 1028 4437 per
1065 4380 1124 4419 se
1152 4365 1488 4429 subsistens,
1525 4365 1800 4435 propriam
1849 4364 1951 4420 sibi

2075 4365 2362 4428 ιπόστατος
2388 4365 2481 4418 τοῦ
2519 4365 2655 4418 Θεοῦ
2689 4365 2782 4420 καὶ
2831 4365 3042 4436 Πατρδς
3069 4361 3324 4434 δύναμις,
3353 4362 3484 4416 ἴδιον
3503 4377 3640 4414 κατ-

364 4459 698 4529 prn-paravit
731 4457 958 4514 domum
995 4459 1316 4514 universum
1349 4458 1560 4522 orbem,
1615 4458 1667 4511 in
1714 4475 1824 4528 quo
1856 4476 1952 4530 per

363 4551 624 4605 virtutem
646 4549 877 4614 habitat,
901 4557 956 4603 et
974 4549 1154 4615 illum,
1173 4550 1263 4618 qui
1284 4548 1350 4601 ad
1375 4549 1463 4604 Dei
1496 4548 1784 4618 imaginem
1807 4559 1861 4603 et
1880 4551 1954 4605 si-

366 4633 738 4693 militudinem
772 4645 993 4694 creatus
1020 4647 1128 4702 est,
1162 4625 1365 4693 visibili
1385 4648 1436 4693 et
1468 4639 1730 4694 invisibili
1756 4649 1950 4695 natura

365 4737 745 4784 constantem.

442 4819 511 4873 Et
548 4821 742 4874 excidit
772 4821 1046 4875 columnas
1078 4830 1293 4890 septem.
1347 4821 1412 4878 Et
1443 4824 1591 4878 omni
1626 4829 1840 4880 naturae
1867 4824 1950 4879 vi-

364 4913 512 4968 sibili
545 4914 612 4968 ad
637 4914 1022 4970 exsistendum
1055 4913 1208 4970 dedit
1238 4916 1657 4972 hebdomarium
1682 4919 1954 4990 temporis

368 5003 690 5069 circuitum;
726 5003 937 5059 homini
991 5021 1142 5072 vero,
1187 5017 1310 5078 post
1369 5011 1705 5064 creationem
1751 5023 1951 5065 secun-

282 5093 297 5100 ’
365 5093 496 5147 dum
525 5093 805 5150 Christum
851 5097 1108 5165 formato,
1141 5111 1201 5155 ut
1236 5099 1289 5154 in
1340 5101 1486 5155 hunc
1521 5100 1735 5167 credat,
1767 5112 1822 5156 et
1847 5100 1952 5154 bu-

365 5186 456 5254 jus
495 5185 752 5242 mandata
805 5188 1085 5259 observet,
1127 5192 1276 5248 dedit
1319 5209 1349 5247 e
1388 5192 1671 5248 contrario
1739 5203 1949 5262 septem

369 5273 610 5344 Spiritus
669 5278 847 5334 sancti
905 5280 1238 5336 charismata
1299 5303 1311 5337 :
1363 5283 1602 5351 quibus,
1653 5283 1864 5338 virtute
1921 5298 1951 5336 a

370 5365 602 5420 scientia
633 5368 896 5434 excitata,
929 5377 983 5425 et
1015 5370 1282 5436 vicissim,
1315 5370 1544 5426 scientia
1569 5388 1664 5442 per
1687 5375 1949 5428 virtutem

375 5455 744 5522 manifestata,
793 5459 1106 5531 spiritualis
1142 5461 1305 5516 horno
1340 5473 1782 5530 consummatur,
1827 5463 1950 5518 ﬁdei

367 5549 708 5617 perfectione
753 5551 1000 5606 llrmatus
1061 5553 1114 5606 iu
1171 5557 1674 5624 supernaturalium
1725 5557 1952 5626 partici-

369 5641 606 5711 patione.
633 5641 769 5698 Nam
819 5643 1253 5714 puriﬁcationem
1306 5651 1602 5706 secundum
1653 5653 1948 5721 practicam

2060 4457 2360 4530 εσκεύασεν
2389 4459 2724 4529 οἰκητήριον,
2756 4457 2846 4510 τόν
2876 4475 2934 4510 τε
2983 4457 3104 4510 ὅλον
3137 4457 3365 4526 κόσμον,
3401 4457 3459 4508 ὲν
3569 4457 3620 4506 οἱ

2061 4551 2148 4601 κεῖ
2177 4549 2298 4601 κατ’
2327 4549 2632 4620 ἐνέργειαν,
2675 4550 2770 4602 καὶ
2796 4548 2957 4601 αὐτὸν
2999 4547 3090 4600 τὸν
3132 4547 3252 4600 κατ’
3279 4546 3464 4600 εἰκόνα
3499 4546 3625 4598 ΘειεΓ

2062 4639 2456 4710 καὶὸμοίωσινν
2499 4641 2558 4704 ἐξ
2603 4642 2806 4712 ὁρατῆς
2847 4641 2944 4693 καὶ
2989 4640 3221 4709 ἀοράτου
3265 4637 3480 4708 φύσεως
3521 4653 3612 4688 κτι

2063 4729 2258 4784 σθέντα
2289 4731 2594 4800 ἄνθρωπον.

2131 4823 2239 4876 Καὶ
2263 4822 2554 4900 ὑπήρεισε
2585 4824 2868 4889 ’στύλους
2919 4821 3087 4876 ἑπτά.
3128 4822 3239 4876 Καὶ
3279 4823 3346 4892 τῇ
3406 4822 3503 4890 μὲν
3543 4819 3644 4892 6)..“

2061 4915 2294 4986 αἰσθητῇ
2343 4915 2503 4986 φύσει
2557 4915 2784 4968 ὑπέθετο
2825 4915 2963 4986 πρὸς
3006 4913 3260 4986 ὕπαρξιν,
3290 4913 3390 4983 τὴν
3413 4911 3644 4982 ἑϐδομα-

2059 5006 2214 5078 δικὴν
2238 5004 2330 5059 τοῦ
2344 5006 2534 5078 χρόνου
2559 5007 2825 5078 περίοδον·
2845 5005 2998 5078 αὐτῷ
3015 5004 3073 5058 δὲ
3087 5003 3167 5074 τῷ
3186 5004 3285 5057 ἀνθ
3295 5003 3482 5075 ρώπῳ,
3500 5002 3642 5076 μετά

2059 5101 2158 5169 τὴν
2202 5101 2414 5168 γένεσιν
2465 5101 2606 5153 κατὰ
2657 5101 2890 5172 Χριστὸν
2946 5097 3274 5168 κτιζομένῳ,
3303 5098 3362 5150 ὲν
3416 5095 3497 5166 τῷ
3552 5112 3642 5148 πι-

2062 5193 2276 5246 στεύειν
2301 5191 2450 5262 αὺτῷ
2472 5193 2566 5246 καὶ
2591 5193 2690 5262 τὴν
2717 5192 2882 5244 αὐτοῦ
2912 5191 3105 5260 τηρεῖν
3132 5188 3376 5260 ἐντολὴν,
3407 5187 3641 5241 ὑπέθετο

2059 5280 2214 5347 αὖθις
2269 5283 2336 5336 τὰ
2383 5283 2522 5335 ἑπτὰ
2562 5281 2656 5335 τοῦ
2713 5281 3030 5353 Πνεῦματος
3071 5281 3428 5352 χαρίσματα·
3463 5280 3521 5333 ὲν
3559 5273 3640 5342 οἷς

2059 5375 2407 5446 ψυχουμένης
2435 5377 2534 5446 τῆς
2573 5375 2770 5444 ἀρετῆς
2817 5373 3224 5442 καταγνῶσιν,
3268 5371 3482 5442 καὶτῆς
3506 5369 3642 5440 γνώ-

2062 5485 2198 5532 σεως
2245 5463 2400 5532 αὖθις
2453 5468 2882 5536 σωματουμένης
2931 5465 3054 5520 κατ’
3079 5465 3301 5537 ἀρετὴν,
3329 5466 3360 5520 ὁ
3393 5479 3638 5536 πνευμα-

2059 5559 2210 5624 τικὸς
2250 5561 2615 5632 ἀπαρτίζεται
2663 5560 2950 5632 ἄνθρωπος
2971 5601 2985 5624 ,
3018 5559 3398 5631 τελειούμενος
3427 5558 3510 5628 τῷ
3535 5557 3636 5625 τῆς

2060 5652 2300 5715 πίστεως
2340 5652 2502 5716 τέλει,
2560 5655 2623 5720 τῇ
2675 5651 2780 5705 τῶν
2828 5651 2970 5723 ὑπὲρ
3036 5651 3198 5721 φύσιν
3251 5646 3508 5720 μεθέξει·
3541 5647 3632 5702 καὶ
