3958 6202
347 205 475 269 1301

1361 166 1896 266 COMMENTARll
1933 205 2010 264 1N
2041 208 2497 270 morsuum.

3481 207 3615 270 1302

335 327 443 394 γὰρ
485 322 582 394 τὴν
618 321 716 392 μὲν
759 321 903 375 κατὰ
943 321 1042 392 τὴν
1090 315 1402 393 πρακτικὴν
1458 323 1774 394 φιλοσοφίας
1816 323 1915 377 κάο

2059 327 2377 398 Ιιὶιοεομιιίιιι
2407 331 2726 397 ὀρετυιιιιιι,
2743 335 2796 381 et
2821 325 3003 391 timor,
3022 325 3228 382 docens
3259 324 3610 396 cupiditatem

335 417 530 489 θαρσιν
555 413 908 487 ἐργάζονται,
936 415 965 467 ὅ
1008 431 1064 466 τε
1103 413 1267 482 φόϐος
1304 413 1508 468 πείθων
1535 415 1642 467 ἀπὸ
1685 415 1794 469 τῶν
1823 432 1924 468 πα-

335 507 446 562 θῶν
505 505 974 578 ἔγκρατεύεσθαι,
1031 503 1130 558 καὶ
1181 506 1214 575 ή
1265 506 1548 577 ἐπιστήμη
1607 506 1926 560 ὑποτιθεῖσα

335 601 464 664 τοὺς
506 597 608 670 τῆς
663 596 988 668 καθάρσεως
1037 597 1298 668 τρόπους,
1362 599 1457 652 καὶ
1512 599 1546 669 ή
1604 598 1806 668 γνῶσις
1851 599 1928 671 μὴ

337 690 554 759 ἀγνοεῖν
586 685 949 758 συγχωροῦσα
978 687 1076 751 τὰς
1106 687 1404 751 ἐπιϐουλὰς
1440 689 1534 743 τοῦ
1576 688 1828 761 Ἐχθροῦ.

412 779 518 832 Τὸν
550 776 608 830 δὲ
653 775 796 830 κατὰ
825 777 923 848 τὴν
955 776 1200 849 φυσικὴν
1231 780 1292 832 ἐν
1331 777 1604 850 πνεύματι
1649 780 1928 852 φωτισμὸν

341 868 724 940 κατορθοῦσιν,
742 868 778 939 ἧ
797 884 856 920 τε
880 870 1033 939 ἰσχὺς
1054 869 1350 940 προθύμως
1366 872 1543 944 ὁρμᾷν
1558 873 1650 926 καὶ
1663 873 1931 928 κινεῖσθαι

345 957 845 1032 παρασκευάζουσα
912 959 1222 1031 πρὸςοτοὺς
1266 961 1458 1031 λόγους
1498 963 1608 1019 τῶν
1661 965 1830 1019 ὄντων
1864 967 1932 1019 τὰ

343 1053 464 1107 θεῖα
502 1052 718 1116 πάντως
759 1051 1064 1122 θελήματα,
1093 1053 1216 1107 καθ’
1247 1053 1373 1108 ἃ.τά
1410 1055 1590 1111 πάντα
1635 1058 1930 1126 γεγόνασν

342 1144 440 1198 καὶ
482 1144 516 1214 ἠ
557 1142 722 1214 βουλὴ
768 1143 1094 1215 διακρίνασα
1141 1144 1210 1200 τα
1237 1146 1466 1201 τοιαῦτα
1508 1149 1804 1218 πανάγαθα
1834 1150 1929 1204 τοῦ

343 1233 480 1286 Θεοῦ
511 1232 638 1304 θελή
649 1249 812 1303 ματα,
835 1231 911 1298 ὡς
934 1232 1010 1305 μὴ
1036 1235 1290 1305 ἠργμὲνα
1307 1236 1402 1290 κα)⁸
1426 1236 1700 1309 ἄφθαρτα,
1725 1241 1820 1294 κα)⁸
1850 1241 1932 1294 ὲν-

341 1323 607 1394 δεχόμενα
651 1321 891 1376 νοεῖσθαι
941 1323 1036 1376 καὶ
1101 1323 1379 1379 λαλεῖσθαι
1425 1327 1518 1380 καὶ
1567 1328 1932 1398 πράττεσθαι,

343 1413 452 1468 ἀπὸ
474 1411 584 1466 τῶν
619 1412 696 1484 μὴ
742 1411 998 1468 τοιούτων
1023 1429 1050 1464 ⁸.
1072 1416 1166 1468 καὶ
1205 1415 1237 1485 ἡ
1272 1415 1486 1481 σύνεσις
1509 1458 1524 1484 ,
1565 1419 1702 1492 πρὸς
1737 1419 1933 1488 ταῦτα,

343 1505 437 1560 καὶ
465 1505 542 1577 μὴ
570 1505 707 1576 πρὸς
739 1503 809 1559 τὰ
835 1506 1054 1560 ἐναντία
1099 1507 1333 1562 ποιοῦσα
1380 1510 1656 1566 συννεύειν
1687 1511 1782 1565 καὶ
1812 1530 1936 1565 συν-

2029 416 2337 480 continere,
2406 423 2458 470 et
2523 409 2912 483 intelligentia,
2973 413 3165 466 modos
3218 413 3613 482 purilicatiouis

2021 502 2351 569 ostendens,
2410 511 2464 558 et
2521 501 2777 564 scientia,
2835 499 3038 555 docens
3093 499 3368 570 quomodo
3413 501 3613 555 diaboli

2028 592 2259 650 insidias
2305 599 2683 666 recognoscat.

2102 771 2168 826 Et
2199 769 2548 842 splendorem
2607 767 2840 841 spiritus
2887 767 3196 823 naturalem
3245 763 3516 830 exaltant,
3557 778 3617 821 et

2030 865 2231 929 virtus,
2298 863 2600 938 disponens
2650 862 2716 916 ad
2750 859 3106 932 quaerendum
3143 875 3270 914 cum
3307 857 3522 914 fervore
3565 869 3618 913 ct

2031 953 2477 1018 desiderantium,
2510 951 2815 1008 secundum
2857 965 3037 1006 rerum
3095 949 3358 1016 rationes,
3395 951 3618 1004 omnino

2033 1031 2251 1102 divinas
2317 1046 2649 1113 voluntates,
2702 1043 3006 1099 secundum
3054 1057 3192 1112 quas
3237 1043 3421 1096 omnia
3475 1041 3618 1095 laeta

2034 1151 2190 1206 sunt,
2221 1149 2275 1196 et
2307 1139 2623 1200 consilium,
2656 1138 2983 1194 discernens
3018 1137 3087 1190 ab
3115 1137 3184 1192 iis
3209 1151 3329 1205 qua:
3361 1136 3618 1192 talesnon

2035 1239 2187 1295 sunt,
2213 1229 2599 1286 sanctissimas
2625 1227 2720 1282 Dei
2750 1229 3088 1293 voluntates,
3115 1235 3375 1296 tanquam
3411 1227 3619 1280 increa-

2035 1331 2120 1377 tas
2153 1329 2207 1377 et
2234 1302 2599 1386 immortales,
2654 1328 2709 1375 et
2761 1319 3019 1392 cogitari,
3077 1326 3132 1372 et
3168 1333 3263 1373 ore
3293 1316 3524 1388 proferri
3565 1325 3620 1370 et

2037 1411 2153 1468 ﬁeri
2190 1411 2565 1481 recipientes:
2622 1417 2677 1465 et
2711 1409 3026 1480 prudentia,
3067 1407 3384 1462 consentire
3432 1415 3488 1461 et
3529 1422 3618 1462 ac-

2037 1506 2327 1574 quiescere
2361 1498 2571 1554 faciens
2602 1497 2670 1553 ad
2699 1498 2838 1554 istas
2868 1505 2922 1554 et
2949 1511 3057 1552 non
3084 1499 3152 1553 ad
3189 1498 3418 1563 alteras;
3448 1497 3623 1568 perle-

346 1597 838 1670 διατίθεσθαιοτὴν
894 1599 950 1652 δὲ
1005 1600 1146 1654 κατά
1194 1599 1293 1670 τὴν
1341 1604 1609 1676 μυστικὴν
1660 1603 1936 1670 θεολογίαν

2059 1597 2277 1651 :tionem
2311 1608 2444 1647 vero
2483 1607 2606 1663 quae
2638 1598 2723 1646 est
2749 1589 3053 1646 secundum
3088 1590 3376 1661 mysticam
3413 1588 3622 1644 theolo-

347 1690 653 1757 τελείωσιν,
693 1691 727 1760 ἡ
777 1669 899 1744 θεία
952 1689 1092 1761 μόνη
1143 1669 1305 1762 σοφία
1342 1669 1673 1764 ’χαρίζεταῃ
1717 1695 1934 1765 μέθεξιν

2059 1676 2208 1756 giam,
2237 1681 2355 1738 sola
2376 1682 2561 1736 divina
2583 1681 2749 1737 donat
2775 1680 3070 1751 sapientia,
3102 1681 3310 1737 scilicet
3344 1680 3469 1736 vita:
3495 1693 3623 1750 par-

344 1781 440 1835 τοῦ
469 1781 586 1852 βίου
612 1781 987 1852 παρεχομένη.

423 1869 488 1940 β’.
518 1869 791 1940 Ἕσφαξε
820 1869 890 1924 τὰ
914 1869 1136 1938 ἑαυτῆς
1161 1870 1413 1939 θύματα.
1454 1871 1612 1925 Οὕτω
1646 1876 1756 1935 τοῖς
1796 1874 1937 1927 ἐτιτά

346 1960 441 2017 τοῦ
475 1961 744 2031 παναγίου
772 1959 1090 2030 Πνεύματος
1129 1961 1466 2034 χαρίσμασιν
1491 1965 1520 2017 ὁ
1549 1963 1643 2018 τοῦ
1673 1953 1808 2018 Θεοῦ
1830 1967 1936 2019 Λό-

347 2073 444 2125 γος
472 2056 790 2128 οἰκητήριον
819 2051 997 2124 ἐαυτῷ
1024 2053 1486 2124 ἀπεργασάμενος
1506 2054 1599 2108 τὸν
1627 2055 1935 2127 ἄνθρωπον,

348 2149 668 2202 ἀπέκτεινεν
699 2149 757 2202 ὲν
785 2145 936 2216 αὐτῷ
969 2147 1036 2217 τῇ
1077 2144 1328 2217 μαχαίρᾳ
1353 2149 1421 2218 τῇ
1463 2145 1558 2200 τοῦ
1593 2148 1935 2220 Πνεύματος,

347 2239 449 2310 τῆς
475 2239 809 2310 φαινομένης
835 2237 1070 2300 κτίσεως
1093 2236 1192 2307 τὴν
1222 2235 1436 2308 κίνησιν
1467 2239 1562 2292 καὶ
1581 2239 1652 2293 τὰ
1679 2241 1941 2312 σχήματα

350 2329 445 2383 καὶ
480 2327 647 2400 αὐτὴν
669 2327 767 2398 τὴν
796 2326 904 2381 τῶν
935 2325 1106 2381 ὄντων
1135 2327 1326 2380 ούσίαν
1349 2343 1364 2358 ο
1395 2327 1680 2398 νεκρώσας
1708 2331 1806 2400 τὴν
1833 2333 1937 2400 ὲμ-
1973 2329 1978 2332 ’

353 2419 504 2490 παθῆ
541 2421 670 2490 περὶ
702 2419 770 2472 τὰ
813 2418 1120 2488 φαινόμενα
1157 2418 1399 2472 διάθεσιν
1448 2419 1649 2487 αὑτοῦ,
1701 2423 1798 2474 καὶ
1843 2421 1942 2492 τὴν

354 2512 525 2584 ψευδῆ
561 2529 626 2565 πε
639 2513 691 2584 pl
716 2510 824 2565 τῶν
849 2511 1021 2565 ὄντων
1047 2509 1230 2577 δόξαν,
1263 2510 1359 2566 καὶ
1389 2510 1491 2581 τὴν
1514 2510 1779 2566 πολύθεον
1811 2513 1945 2567 πλάο

355 2625 476 2679 νην.

438 2699 756 2766 Ἐκέρασεν
783 2700 864 2765 εις
902 2698 1170 2767 κρατῆρα
1213 2700 1321 2754 τὸν
1353 2698 1576 2766 ἑαυτῆς
1607 2695 1776 2754 οἶνον
1797 2717 1812 2732 ·
1847 2698 1944 2754 καὶ

358 2787 726 2857 ἡτοιμάσατο
757 2786 874 2855 τὴν
902 2785 1125 2857 ἑαυτῆς
1163 2787 1472 2856 τράπεζαν.
1516 2789 1624 2841 Καὶ
1649 2789 1862 2858 ἥνωσεν
1886 2791 1945 2843 ὲν

355 2879 434 2950 τῷ
463 2878 691 2950 τοιούτῳ
727 2877 1000 2950 ἀνθρώπῳ
1019 2920 1034 2944 ,
1070 2879 1128 2932 ὲν
1155 2871 1202 2948 ᾧ
1229 2878 1304 2942 ὣς
1334 2895 1440 2933 τινι
1471 2879 1708 2950 κρατῆρι
1755 2883 1943 2952 κιρνᾶ-

2039 1776 2440 1844 tieipationem.

2104 1865 2273 1922 Vsus.
2325 1867 2381 1921 2.
2437 1863 2742 1919 Immolavit
2774 1865 3013 1918 victimas
3055 1881 3206 1918 suas.
3259 1862 3350 1918 Sic
3385 1878 3483 1934 per
3539 1879 3626 1918 sc-

2039 1963 2186 2025 ptem
2209 1953 2598 2010 sanctisissimi
2617 1949 2858 2022 Spiritus
2883 1949 3242 2016 charismata,
3265 1949 3359 2006 Dei
3387 1947 3624 2004 Verbum

2039 2041 2146 2098 sibi
2201 2041 2534 2098 habitualem
2597 2039 2808 2096 faciens
2842 2039 3146 2106 hominem,
3193 2038 3442 2095 extendit
3477 2039 3528 2093 in
3562 2053 3626 2092 eo

2040 2134 2222 2206 gladio
2249 2133 2500 2203 spiritus,
2529 2132 2765 2189 visibilis
2819 2131 3122 2186 ereatiouis
3177 2139 3406 2194 motum,
3429 2139 3483 2186 et
3513 2131 3626 2184 for-

2043 2243 2209 2292 mam,
2238 2235 2292 2281 et
2315 2241 2498 2282 rerum
2535 2225 2899 2280 substantiam
2933 2244 2946 2279 :
2980 2223 3321 2279 mortiﬁeans
3354 2221 3624 2277 turbatam

2043 2331 2172 2387 erga
2231 2317 2472 2372 visibilia
2515 2314 2885 2381 affectionem,
2934 2323 2989 2370 et
3043 2314 3289 2372 fallacem
3346 2313 3414 2369 de
3463 2313 3626 2368 rebus

2045 2411 2426 2481 gloriationem
2462 2418 2517 2466 et
2547 2409 2897 2481 polytheismi
2924 2424 3183 2465 errorem.

2119 2673 2338 2729 Miscuit
2377 2676 2428 2728 in
2459 2682 2667 2728 cratera
2695 2674 2870 2728 vinum
2913 2690 3111 2740 suum;
3149 2683 3199 2729 et
3231 2676 3440 2744 paravit
3483 2691 3627 2729 men-

2046 2784 2162 2822 sam
2196 2782 2368 2820 suam.
2400 2765 2466 2820 Et
2491 2767 2664 2820 univit
2694 2765 2750 2819 in
2793 2765 2885 2820 tali
2935 2765 3177 2832 homine,
3236 2767 3288 2820 in
3333 2781 3465 2836 quo,
3514 2776 3630 2820 tan-

2047 2875 2212 2931 quam
2251 2859 2305 2913 in
2338 2866 2558 2914 cratera
2592 2858 2857 2913 miscetur
2902 2858 3208 2928 spiritualis
3237 2865 3294 2912 et
3325 2859 3630 2927 corporalis

356 2947 447 3026 ται
477 2973 510 3043 ἡ
540 2947 705 3042 νοητὴ
737 2947 841 3024 καὶ⁷
863 2947 1098 3042 αἰσθητὴ
1134 2971 1298 3041 φύσις
1344 2974 1410 3044 τῇ
1470 2947 1577 3026 τίῖιν
1604 2947 1774 3026 ὄντων
1799 2947 1943 3042 γνὼ-

2059 2960 2272 3015 natnra,
2356 2965 2537 3006 rerum
2629 2950 2898 3014 scientias,
2954 2951 3220 3020 suiipsius
3275 2957 3333 3003 ut
3385 2947 3628 3003 omnium

2059 3045 2295 3064 --.-4-_!_
2334 3042 2616 3064 --.:.2-_-
2660 3057 2773 3064 ---μ
2835 3041 3244 3064 ε-,.,ιιε,.--...ξ-.-.
3299 3039 3424 3064 ἔηιει
3507 3052 3597 3064 ι...-

361 3081 466 3128 σει,
500 3065 600 3136 τὴν
633 3063 828 3118 ἑαυτοῦ
861 3063 935 3128 ὡς
969 3063 1187 3119 πάντων
1216 3065 1390 3118 αἰτίου
1445 3064 1742 3134 ἐπίγνωσιν
1762 3105 1779 3132 ,
1816 3065 1942 3136 ἣτις

359 3158 573 3224 πέφυκε
603 3155 694 3208 τὸν
724 3155 848 3210 νοῦν
914 3155 1134 3210 πάντων
1161 3155 1270 3210 τῶν
1298 3156 1437 3227 μετά
1461 3156 1595 3210 Θεὸν
1615 3155 1772 3226 δίκην
1802 3157 1947 3210 οῐνου

359 3248 609 3318 ὲξιστᾷνο
641 3247 736 3300 καὶ
769 3247 914 3301 οὔτω
943 3248 1009 3301 δι’
1031 3247 1252 3314 ἑαυτοῦ,
1275 3248 1440 3320 ἄρτου
1463 3249 1718 3320 οὐρανίου
1746 3249 1950 3319 τυγχά-

361 3355 576 3406 νοντος,
609 3337 785 3409 ψυχὰς
816 3341 936 3393 κατ’
963 3340 1166 3412 ἀρετὴν
1198 3340 1530 3412 τρέφοντος’,
1569 3340 1713 3394 κατά
1747 3340 1948 3410 γνῶσιν

358 3431 902 3496 ταύτας-ποτίζοντος
927 3431 1022 3485 καὶ⁴
1056 3431 1441 3502 εὐφραίνοντος
1461 3472 1477 3499 ,
1505 3432 1626 3485 τόδε
1658 3431 1720 3485 τὸ
1745 3432 1852 3485 πᾶν
1874 3430 1948 3495 ὥς

359 3542 482 3578 τινα
514 3523 836 3578 πανδαισίαν
857 3524 1178 3590 εὐτρέπισεν
1208 3525 1288 3587 εἰς
1314 3523 1689 3594 πνευματικὴν
1716 3523 1950 3593 εὐωχίαν

360 3617 470 3669 τῶν
505 3615 841 3694 βουλομένων
881 3611 1325 3684 μεταλαμϐάνειν
1353 3613 1542 3668 αὑτοῦ.

435 3713 505 3774 γ’.
544 3702 892 3758 Ἀπέστειλε
944 3702 1084 3770 τοὺς
1130 3703 1356 3771 ἑαυτῆς
1406 3703 1670 3770 δούλους
1720 3719 1950 3772 συγκα-

363 3795 561 3850 λοῦσα
604 3793 756 3863 μετὰ
799 3791 1046 3862 ὑψηλοῦ
1097 3796 1475 3862 κηρύγματος
1519 3793 1617 3846 ἐπὶ
1659 3792 1947 3862 κρατῆρα,

363 3889 652 3958 λέγουσα.
684 3886 938 3956 Ἔπεμψέ
975 3901 1034 3938 τε
1069 3887 1194 3949 τοὺς
1227 3884 1302 3956 τῷ
1336 3885 1465 3956 θείῳ
1494 3885 1657 3939 αὑτοῦ
1681 3885 1951 3955 θελήματι

364 3975 816 4048 λειτουργοῦντας
861 3976 1215 4042 ἀποστόλους,
1267 3978 1404 4047 μετᾶ
1444 3975 1538 4029 τοῦ
1593 3975 1951 4045 εύαγγελικοῦ

366 4066 744 4140 κηρύγματος,
760 4064 854 4120 τοῦ
881 4064 1030 4128 ὄντος
1049 4065 1188 4136 ὑπὲρ
1220 4065 1310 4118 τὸν
1340 4063 1585 4136 γραπτὸν
1607 4065 1702 4120 καὶ
1723 4067 1952 4134 φυσικὸν

365 4159 529 4225 νόμον
557 4157 631 4222 ὼς
662 4155 1066 4227 πνευματικοῦ,
1099 4155 1577 4228 προσκαλούμενος
1606 4155 1690 4225 ἐφ’
1719 4157 1912 4210 ἑαυτὸν
1934 4174 1948 4188 ο

367 4247 428 4300 ἐν
447 4239 490 4315 ᾧ
509 4243 583 4308 ὥς
615 4263 736 4310 τινι,
753 4243 995 4315 κρατῆρι
1026 4247 1168 4299 κατᾶ
1191 4245 1250 4298 τὸ
1271 4245 1372 4316 τῆς
1395 4245 1709 4318 οἰκονομίας
1745 4248 1952 4318 μυστή-

2053 3045 2298 3098 auctoris
2331 3042 2618 3110 notitiam;
2656 3057 2777 3112 quae
2835 3041 3248 3113 intelligentiam
3298 3039 3452 3103 facit,
3507 3052 3631 3096 tan-

2051 3152 2214 3207 quam
2239 3137 2368 3193 vino
2399 3136 2660 3192 inebriari
2689 3135 2776 3190 hic
2818 3143 2938 3205 quae
2967 3143 3096 3189 sunt
3135 3134 3282 3190 circa
3321 3135 3486 3191 Deum
3519 3153 3532 3189 :
3579 3144 3632 3190 et

2053 3231 2127 3286 ita
2157 3247 2253 3304 per
2282 3231 2554 3302 seipsum,
2584 3231 2678 3300 qui
2705 3237 2790 3284 est
2820 3229 2979 3299 panis
3013 3227 3282 3294 caelestis,
3321 3230 3536 3284 animas
3576 3229 3629 3282 in

2054 3327 2255 3382 virtute
2282 3326 2553 3391 nutriens,
2585 3334 2640 3380 et
2683 3325 2737 3380 in
2786 3323 3040 3380 doctrina
3075 3324 3357 3380 inebrians
3399 3333 3453 3378 et
3484 3323 3631 3378 deleo

2051 3427 2231 3483 etans,
2271 3417 2387 3473 hate
2424 3417 2607 3471 omnia
2655 3425 2710 3470 ut
2740 3417 2933 3487 epulas
2979 3415 3222 3486 disponit
3265 3416 3328 3469 ad
3350 3415 3632 3486 spirituale

2052 3509 2390 3570 convivium,
2433 3509 2561 3563 huic
2599 3508 2914 3578 participari
2951 3508 3412 3564 desiderantium.

2125 3687 2297 3742 Vens.
2346 3687 2400 3740 5.
2452 3685 2600 3739 Misit
2653 3701 2829 3738 servos
2881 3700 3005 3738 suos
3055 3701 3246 3738 vocans
3277 3703 3392 3738 cum
3436 3703 3629 3756 magna

2051 3780 2464 3850 proclamatione
2495 3776 2563 3830 ad
2601 3776 2869 3844 poculum,
2905 3775 3107 3830 dicens.
3157 3775 3304 3832 Misit
3336 3778 3632 3846 Apostolos

2052 3872 2251 3927 divina:
2289 3869 2440 3925 illius
2477 3867 2743 3922 voluntati
2770 3867 3139 3922 deservicntes
3169 3883 3292 3922 cum
3321 3871 3634 3938 cvangelira

2054 3963 2504 4036 proclatnatioue,
2536 3974 2658 4030 quae
2696 3973 2964 4029 tanquam
2998 3973 3026 4012 a
3061 3959 3260 4030 spiritu
3298 3959 3521 4013 veniens
3556 3973 3636 4014 est

2055 4068 2220 4124 super
2245 4053 2507 4122 scriptam
2535 4058 2591 4106 et
2625 4050 2939 4105 naturalem
2980 4050 3176 4120 legem,
3217 4065 3421 4104 vocans
3452 4050 3517 4103 ad
3546 4067 3636 4106 se-

2055 4148 2233 4217 ipsum
2261 4164 2276 4213 ;
2314 4145 2368 4200 in
2395 4159 2504 4216 quo
2533 4152 2592 4197 ut
2621 4147 2675 4197 in
2704 4150 2944 4204 cratera,
2974 4141 3494 4212 perlncarnationis
3522 4159 3638 4214 my-

2057 4237 2312 4303 sterium,
2345 4236 2485 4290 facta
2516 4242 2601 4290 est
2648 4231 2948 4289 secundum
2984 4230 3319 4302 ltypostasim
3365 4231 3482 4285 sine
3510 4247 3646 4283 con-

369 4354 510 4408 ριον,
540 4339 575 4408 ἡ
606 4337 909 4409 παράδοξος
935 4337 1132 4408 κρᾶσις
1163 4337 1264 4408 τῆς
1295 4337 1446 4402 θείας
1479 4337 1694 4407 φύσεως
1725 4339 1820 4392 καὶ
1859 4340 1943 4410 τῆς

2065 4332 2280 4388 fusione
2305 4330 2574 4386 mirabilis
2601 4336 2812 4383 natura:
2835 4325 3035 4382 divina:
3060 4333 3115 4382 et
3137 4323 3395 4380 humana:
3423 4327 3634 4378 inistio:

367 4428 720 4500 ἀνθρωπίνης
748 4428 1071 4500 ἀσυγχύτως
1098 4427 1221 4482 καθ’
1248 4429 1546 4483 ὑπόστασιν
1576 4429 1768 4500 γέγονε
1788 4447 1802 4461 ο
1827 4430 1953 4484 τάδε

369 4522 538 4574 οἱονεὶ
561 4520 630 4574 δι’
649 4521 828 4574 αὐτῶν
857 4522 1088 4590 φάσκων
1116 4538 1132 4555 ο

451 4609 510 4664 δ’.
545 4610 650 4676 ’ος
692 4611 822 4662 ἐστι
865 4609 1107 4679 ἄφρων,
1159 4610 1492 4666 ἐκκλινάτω
1543 4613 1693 4680 πρός
1733 4630 1830 4683 με.
1858 4613 1956 4677 ’ος

371 4701 524 4758 ἐστιν
553 4703 742 4774 ἄφρων
765 4742 780 4766 ,
820 4701 907 4756 διὰ
937 4704 1001 4757 τὸ
1033 4703 1432 4774 διαλογίζεσθαι
1463 4707 1521 4758 ὲν
1553 4705 1754 4778 καρδίᾳ
1789 4707 1956 4761 αὐτοῦ

377 4795 455 4865 μὴ
484 4791 623 4851 εἶναι
658 4796 810 4862 Θεὸν,
838 4795 998 4866 ἀφεὶς
1033 4795 1130 4866 τὴν
1153 4795 1364 4862 ἀθεῖαν,
1397 4797 1676 4868 ἐγγισάτω
1703 4815 1794 4869 μοι
1819 4799 1958 4852 κατὰ

375 4887 593 4941 πίστιν·
631 4888 726 4942 καὶ
759 4885 952 4956 γνώτω
993 4903 1060 4956 με
1092 4886 1428 4958 δημιουργὸν
1477 4888 1572 4942 τοῦ
1627 4890 1828 4954 παντὸς
1867 4891 1958 4944 καὶ

373 4978 412 5027 Δ
424 4978 674 5050 εσπότην.

446 5069 509 5126 ε’.
543 5073 652 5126 Καὶ
675 5071 798 5139 τοῖς
815 5069 1050 5126 ὲνδεέσι
1066 5071 1324 5142 φρενῶν,
1342 5069 1510 5128 εἶπεν
1525 5090 1538 5104 °
1565 5077 1833 5141 Ἕλθετε,
1850 5076 1962 5146 φά-

371 5179 511 5232 γετε
534 5165 638 5220 τὸν
665 5166 812 5235 ἐμὸν
834 5163 1037 5233 ἄρτον,
1066 5164 1164 5219 καὶ
1194 5165 1359 5220 πίετε
1381 5167 1549 5222 οἶνον
1571 5168 1644 5222 ὃν
1670 5169 1964 5239 κεκέρακα

371 5255 544 5325 ὑμῖν.
585 5258 692 5312 Καὶ
720 5259 830 5320 τοῖς
858 5257 938 5311 ετι
967 5256 1246 5328 δεομένοις
1270 5257 1380 5312 τῶν
1402 5257 1580 5330 ἔργων
1605 5260 1701 5330 τῆς
1725 5261 1964 5326 πίστεως

374 5349 478 5404 καὶ
520 5357 614 5425 τῆς
645 5352 730 5404 ἐπ’
753 5350 939 5411 αὐτοῖς
962 5348 1299 5419 τελειοτέρας
1337 5349 1612 5418 γνώσεως,
1640 5351 1775 5423 ἔφη’
1801 5353 1963 5406 Δεῦτε

376 5441 582 5509 φάγετε
622 5441 681 5495 τὸ
715 5442 841 5492 κατ’
891 5439 1092 5510 ἀρετὴν
1150 5439 1308 5511 δίκην
1355 5441 1521 5512 ἄρτου
1574 5441 1774 5513 τρέφον
1822 5443 1967 5513 ὑμᾶς

378 5527 544 5598 σῶμα
579 5545 710 5601 por
761 5526 856 5581 καὶ
907 5526 1060 5580 πίετε
1093 5527 1153 5580 τὸ
1183 5527 1323 5580 κατά
1356 5527 1557 5596 γνῶσιν
1617 5529 1773 5598 δίκην
1819 5528 1964 5582 οἴνου

377 5615 669 5692 εὐφραῖνον
703 5621 868 5690 ὑμᾶς,
902 5617 992 5672 καὶ
1027 5619 1162 5692 πρὸς
1188 5619 1380 5672 θέωσιν
1415 5619 1638 5684 sitatam
1669 5615 1812 5688 αἷμά
1842 5636 1961 5686 μου,

2061 4433 2115 4482 et
2145 4424 2277 4479 talia
2310 4439 2407 4494 per
2438 4437 2534 4478 eos
2579 4421 2781 4475 clamat
2821 4437 2834 4474 ε

2134 4598 2304 4654 Vens.
2337 4599 2389 4652 4.
2428 4596 2534 4663 Qui
2566 4607 2640 4651 est
2668 4597 2944 4666 insipiens,
2970 4596 3144 4650 veniat
3179 4597 3248 4649 ad
3275 4612 3374 4650 me.
3425 4593 3526 4661 Qui
3561 4604 3646 4649 est

2066 4691 2354 4761 insipiens.
2397 4688 2545 4759 quod
2582 4690 2639 4744 in
2675 4687 2840 4744 corde
2877 4688 3084 4760 cogitat
3125 4685 3298 4743 Deum
3347 4702 3455 4741 non
3490 4701 3642 4750 esse,

2066 4784 2332 4854 abjiciens
2383 4784 2742 4854 impietatem,
2785 4797 2882 4852 per
2906 4781 3066 4836 ﬁdem
3101 4779 3166 4836 ad
3235 4795 3322 4834 me
3366 4779 3640 4834 declinet:

2067 4884 2120 4932 et
2145 4879 2284 4932 sciat
2314 4892 2400 4931 me
2431 4892 2554 4932 esse
2590 4876 2838 4930 omnium
2871 4875 3140 4930 factorem
3167 4884 3218 4929 et
3248 4873 3562 4928 Dominum.

2139 5053 2360 5113 “535.5.
2382 5053 2447 5108 Et
2478 5056 2544 5108 iis
2565 5055 2652 5123 qui
2678 5053 2913 5122 indigent
2931 5052 3216 5120 sapientia,
3241 5051 3368 5105 dicit
3395 5067 3414 5106 :
3445 5049 3646 5115 Venite,

2071 5149 2392 5204 manducata
2423 5161 2623 5199 mecum
2667 5159 2876 5210 panem,
2909 5151 2959 5196 et
2979 5143 3137 5196 bibite
3163 5143 3338 5197 vinum
3361 5142 3497 5212 quod
3522 5142 3650 5193 mis-

2072 5244 2158 5298 cui
2185 5241 2352 5296 vobis.
2388 5240 2454 5297 Et
2485 5242 2552 5296 iis
2588 5241 2681 5312 qui
2707 5239 2827 5294 ﬁdei
2860 5239 3119 5311 operibus
3151 5240 3419 5310 indigent,
3450 5247 3502 5293 et
3526 5252 3652 5307 per-

2075 5337 2329 5392 fectioris
2357 5335 2411 5389 in
2438 5334 2548 5390 illis
2573 5333 2843 5390 doctrinae
2891 5334 3002 5390 sint
3033 5351 3047 5387 :
3081 5331 3294 5397 Venite,
3323 5331 3653 5386 manducata

2075 5444 2274 5500 corpus
2332 5441 2536 5492 mourn,
2594 5424 2743 5495 quod
2781 5439 2877 5482 vos
2929 5424 3232 5480 secundum
3283 5423 3540 5477 virtutem
3581 5417 3650 5478 ad

2078 5524 2252 5579 instar
2300 5521 2460 5592 panis
2501 5521 2713 5587 nutrit;
2746 5529 2800 5575 et
2865 5518 3034 5574 bibite
3083 5516 3402 5588 sanguinem
3439 5528 3644 5584 meum,

2078 5616 2222 5684 quod
2251 5612 2552 5670 secundum
2594 5611 2901 5670 doctrinam
2946 5611 3013 5667 ad
3051 5611 3228 5667 instar
3257 5606 3366 5662 vini
3390 5648 3406 5674 ,
3431 5621 3531 5662 vos
3557 5606 3631 5660 de
