3958 6202
354 69 497 135 1303

1674 80 2022 141 PROCOPII
2059 81 2301 144 GAZ/EI

348 195 533 252 tectat,
567 194 621 240 ct
656 185 724 241 ad
780 187 1179 245 deiﬁ'cationem
1243 190 1505 247 conducit
1533 210 1567 271 ;.
1607 195 1910 264 sanguincn

2036 195 2065 248 ὃ
2092 200 2157 268 τῇ
2186 199 2398 268 θεότητι
2430 198 2746 270 παραδόξως
2774 200 3071 272 κεκέρακα,
3101 199 3189 256 διὰ
3212 201 3310 274 τὴν
3337 206 3604 275 σωτηρίαν

344 278 493 334 enim
544 279 706 336 modo
749 279 984 336 mirabili
1042 279 1238 337 Deitati
1296 283 1516 351 miscui,
1573 284 1641 338 ad
1688 286 1926 342 salutem

340 378 617 426 vestram.

411 458 579 516 Vens.
614 460 668 517 6.
715 459 1013 533 Relinquite
1041 464 1347 531 stultitiam,
1397 474 1446 520 et
1493 466 1690 521 vinetis.
1722 465 1924 522 Relin-

340 553 492 623 quite
526 554 985 624 incredulitatem,
1018 566 1073 612 et
1102 557 1376 615 habebitis
1417 559 1717 630 spiritalem
1745 569 1801 615 et
1824 561 1927 614 im-

339 646 630 701 mortalem
660 646 848 702 vitam.

411 733 479 789 Et
512 747 732 807 quaerite
750 734 1108 806 prudentiam,
1130 747 1186 793 ut
1216 740 1427 809 vivatis,
1455 751 1504 796 et
1535 745 1818 814 corrigatis
1842 746 1925 799 in-

340 826 678 898 telligentiam
701 831 755 885 in
780 831 1043 898 doctrina.
1072 831 1141 886 Et
1168 834 1396 903 quaerite
1427 836 1774 905 prudentiam
1795 839 1927 893 boni

337 918 526 989 praxis
560 934 821 987 causam;
868 928 926 975 ttt
956 921 1444 993 castigatissimam
1478 926 1621 979 viam
1661 927 1924 997 acquira-

338 1013 434 1075 tis,
472 1018 527 1065 et
571 1008 627 1063 in
659 1010 888 1066 scientia
919 1011 1034 1065 veri
1082 1010 1209 1066 boni
1255 1011 1581 1082 proﬁciatis,
1625 1013 1692 1069 ad
1728 1016 1922 1084 triplex

338 1104 565 1168 bonum,
593 1100 796 1157 anima:
823 1102 1197 1173 prudentiam,
1222 1118 1388 1174 quam
1421 1118 1490 1159 ex
1523 1103 1628 1160 llde
1670 1106 1921 1177 cepistis.

406 1282 569 1342 Vm.
600 1287 655 1343 7.
701 1286 807 1353 Qui
843 1287 1062 1357 corripit
1110 1290 1304 1354 malos,
1356 1290 1457 1345 sibi
1497 1301 1654 1359 parat
1697 1294 1922 1365 ignomi-

2033 288 2061 339 ὑ
2069 290 2185 357 μῶν
2195 328 2208 343 .

2104 472 2177 529 ς’.
2211 466 2556 522 Ἀπολίπετε
2583 466 2962 539 ἀφροσύνην,
2989 472 3089 525 καὶ
3110 470 3385 541 ζήσεσθε.
3425 474 3606 529 Κατα-

2026 555 2211 610 λίπετε
2259 559 2517 613 ἀπιστίαν
2543 600 2558 623 ,
2608 561 2703 615 καὶ
2754 561 2853 633 τὴν
2912 564 3288 635 πνευματικὴν
3330 560 3473 635 ζωὴν
3514 567 3608 619 καὶ

2025 646 2334 719 ἀνώλεθρον
2370 651 2545 718 ἕξετε.

2095 742 2205 795 Kal
2243 740 2534 807 ζητήσητε
2551 745 2872 813 φρόνησιν,
2901 746 3002 800 ἵνα
3021 745 3310 815 βιώσητε,
3340 749 3441 802 καὶ
3473 766 3606 801 star-

2025 833 2329 901 ορθώσητε
2356 835 2618 889 σύνεσιν
2662 836 2732 889 ἐν
2777 836 3013 906 γνώσει.
3057 839 3166 892 Καὶ
3200 838 3473 910 ποθήσατε
3506 842 3605 909 τὴν

2024 925 2121 994 τῆς
2150 925 2401 994 πράξεως
2428 926 2521 979 τοῦ
2551 926 2759 995 ἀγαθοῦ
2795 924 2974 982 αἰτίαν
3002 928 3295 1002 φρόνησιν·
3327 932 3475 995 ὅπως
3504 949 3602 985 πο-

2024 1014 2230 1070 λιτείαν
2259 1017 2550 1088 ἄμεμπτον
2598 1019 2892 1090 κτήσησθε,
2925 1021 3019 1074 καὶ
3050 1022 3397 1095 ἀπαρτίσητε
3440 1023 3497 1074 ἐν
3534 1026 3601 1093 τῇ

2024 1106 2224 1176 γνώσει
2257 1107 2351 1161 τοῦ
2396 1107 2566 1173 ὅντως
2612 1109 2803 1175 καλοῦ,
2832 1112 2932 1182 τὴν
2962 1112 3100 1183 πρὸς
3129 1114 3260 1166 αὐτὸ
3290 1112 3384 1166 τοῦ
3408 1128 3604 1185 τριμε-

2029 1200 2157 1273 ροῦς
2194 1199 2294 1270 τῆς
2332 1200 2511 1272 ψυχῆς
2551 1200 2789 1266 σύνεσιν,
2823 1199 2891 1276 ἧς
2928 1205 2992 1258 ἐκ
3030 1204 3269 1268 πίστεως
3306 1204 3561 1276 ἧρξασθε.

2097 1294 2162 1357 ζ’.
2204 1293 2266 1346 '0
2296 1292 2599 1347 παιδεύων
2631 1294 2893 1360 κακοὺς,
2941 1295 3204 1364 λήψεται
3244 1293 3437 1360 ἐαυτῷ
3479 1295 3602 1349 ἀτι-

3474 86 3609 154 1304
3690 122 3693 123 ν

335 1378 503 1431 niam.
552 1377 713 1445 Quia,
749 1378 844 1449 qui
889 1377 1017 1433 ferit
1063 1381 1315 1437 veritatis
1344 1383 1529 1439 verbis
1569 1385 1819 1442 homines
1852 1387 1910 1442 ad

2032 1385 2183 1448 μίαν.
2212 1383 2335 1436 Ὀτι
2361 1383 2418 1436 δέ
2443 1383 2471 1435 ὁ
2501 1383 2753 1453 πλήττων
2776 1386 3018 1457 ῥήμασιν
3040 1384 3299 1457 ἀληθείας
3324 1384 3448 1448 τοὺς
3466 1384 3599 1453 πρὸς
3692 1450 3699 1455 ι

332 1469 474 1525 mala
497 1484 626 1527 vere
653 1478 1101 1542 prorumpentes,
1124 1479 1179 1527 et
1206 1474 1406 1546 corrigi
1438 1476 1712 1541 uolentes,
1735 1477 1910 1531 irrital

2032 1474 2224 1529 κακίαν
2248 1473 2469 1546 ἀληθῶς
2502 1475 2791 1546 ρέποντας,
2817 1478 2914 1530 καὶ
2941 1474 3286 1546 διορθοῦσθαι
3317 1473 3393 1546 μὴ
3421 1473 3598 1527 θέλον-

330 1572 429 1615 eos
456 1560 710 1635 amplius,
746 1572 799 1617 et
827 1576 1019 1616 eorum
1052 1563 1319 1619 malitiam
1375 1580 1607 1639 augens,
1660 1576 1910 1624 contem-

2032 1581 2136 1628 τας,
2177 1564 2498 1638 παροξύνων
2553 1564 2753 1635 μᾶλλον
2789 1566 3007 1629 αὐτοὺς,
3033 1566 3127 1618 καὶ
3173 1565 3456 1619 ἐπιτείνων
3499 1564 3599 1635 τὴν

330 1661 487 1718 ptum
515 1665 581 1705 ex
612 1652 715 1707 hoc
744 1653 848 1708 sibi
875 1662 1173 1724 praeparat.

399 1833 640 1902 Arguens
683 1833 925 1901 impium,
975 1836 1201 1903 seipsum
1253 1838 1522 1906 corripiet.
1569 1838 1916 1899 Manifestam

332 1923 539 1979 faciens
568 1923 619 1979 ei
657 1920 751 1995 qui
791 1923 963 1980 Deum
996 1942 1106 1981 non
1148 1928 1410 1996 honorat,
1441 1944 1600 1985 suam
1630 1932 1923 2003 malitiam,

331 2014 437 2071 sub
468 2024 785 2085 contemptu
810 2015 1055 2086 seipsum
1084 2016 1344 2084 collocat,
1366 2025 1424 2071 ut
1457 2018 1537 2073 illi
1567 2021 1917 2091 corripiendo

330 2122 439 2161 non
472 2121 734 2179 parcens;
766 2123 877 2164 non
906 2108 1086 2164 solum
1132 2110 1210 2164 illi
1249 2110 1547 2165 utilitatem
1587 2127 1696 2167 non
1730 2113 1914 2187 affert,

331 2199 428 2255 sed
487 2199 782 2273 plurimum
836 2208 1021 2267 nocet,
1056 2216 1271 2272 ponens
1304 2201 1472 2258 istum
1500 2202 1604 2258 sub
1639 2204 1787 2262 illius
1814 2207 1914 2262 do-

329 2292 654 2348 minatione.

403 2385 810 2458 Objurgationes
842 2386 1001 2456 impio
1030 2430 1045 2455 ,
1073 2389 1248 2459 plaga:
1297 2387 1403 2441 illi.
1435 2385 1632 2453 Verba,
1660 2389 1913 2461 impieta-

328 2487 437 2533 tem
496 2479 663 2533 Deum
741 2492 849 2532 non
902 2478 1152 2535 timentis
1221 2477 1656 2546 manifestantia,
1741 2483 1914 2553 plaga:

328 2579 461 2629 sunt
485 2571 540 2626 in
572 2570 755 2629 anima
784 2571 1283 2639 illius,inl‘erentes
1317 2573 1397 2627 illi
1428 2571 1541 2627 odii
1575 2572 1910 2632 desiderium

324 2663 471 2734 quod
507 2663 727 2723 dilIicile
760 2663 1088 2721 destruitur.

397 2754 565 2812 Vens.
593 2757 646 2811 8.
668 2754 751 2811 Ne
772 2755 998 2828 objurga
1028 2759 1293 2828 malos,ut
1315 2780 1416 2820 non
1438 2776 1487 2820 te
1515 2764 1637 2822 odio
1660 2767 1907 2822 habeant.

326 2844 404 2901 Ne
435 2845 821 2917 objurges,,his
850 2848 943 2917 qui
970 2850 1247 2920 propriam
1278 2857 1662 2915 rectitudinem
1677 2858 1870 2914 nolunt
1893 2903 1909 2929 ,

324 2951 424 2993 sua
449 2945 676 3008 peccata
703 2956 719 3007 ;
752 2950 811 2995 ut
839 2955 948 2995 non
989 2941 1046 2997 in
1077 2944 1263 3001 odium
1294 2949 1374 3003 tui
1418 2949 1543 3008 illos
1574 2952 1805 3019 excites,
1858 2961 1912 3009 et

324 3028 471 3098 inde,
503 3029 639 3101 quin
676 3044 868 3087 eorum
916 3031 1077 3090 tollas
1120 3036 1408 3106 malitiam,
1436 3042 1612 3113 magis
1642 3043 1788 3099 illam
1816 3060 1906 3100 au-

322 3133 480 3190 geas.

391 3208 612 3283 Corripe
659 3216 971 3285 sapientem,
1025 3225 1075 3271 et
1127 3217 1307 3291 diliget
1368 3231 1439 3277 te.
1494 3224 1785 3280 Manifesta
1824 3242 1910 3280 sa-

324 3304 587 3374 pientiam
620 3306 843 3364 habenti
883 3308 1163 3378 defectus,
1196 3324 1248 3367 ut
1281 3313 1479 3369 habeat
1503 3315 1751 3373 timorem
1793 3318 1906 3384 Dei,

305 3407 379 3485 et
443 3401 591 3466 talis,
667 3404 1089 3475 correptionum
1152 3406 1413 3463 utilitatis
1469 3424 1578 3465 non
1643 3413 1904 3483 ignarus,

321 3491 555 3577 multum
592 3492 860 3551 honorem
898 3495 996 3550 tibi
1027 3495 1246 3554 all‘eret.

394 3674 563 3733 Vsus.
585 3676 640 3734 9.
667 3677 750 3732 Da
781 3680 1010 3747 sapienti
1030 3681 1378 3747 occasionem,
1400 3689 1450 3735 ot
1471 3682 1761 3749 sapientior
1788 3683 1903 3738 erit.

319 3771 564 3828 Ostende
595 3770 849 3829 timorem
882 3770 975 3826 Dei
1022 3771 1269 3838 habenti,
1296 3762 1646 3845 peccatorum
1679 3789 1903 3830 suorum

318 3864 635 3931 scientiam,
696 3872 755 3918 ut
805 3878 902 3935 per
953 3863 1328 3935 expiationem
1361 3873 1415 3920 et
1451 3865 1906 3921 illuminationem

320 3954 661 4025 perﬁciatur.

389 4047 530 4102 Doce
583 4047 818 4118 justum,
844 4057 893 4102 et
921 4048 1158 4117 accipere
1193 4048 1485 4117 festinabit.
1516 4048 1797 4104 Manifesta
1830 4048 1905 4103 illi

316 4138 412 4210 qui
441 4153 537 4210 per
559 4146 891 4195 aeternorum
915 4140 1311 4210 suppliciorum
1334 4140 1585 4195 timorem
1633 4140 1726 4196 Dei
1773 4157 1909 4211 pra:-

2022 1657 2224 1710 κακίαν
2262 1657 2463 1721 αὐτῶν,
2509 1657 2666 1728 ὓϐριν
2705 1659 3005 1710 ἐπισπᾶται
3040 1656 3126 1710 διὰ
3161 1655 3321 1709 τοῦτο
3358 1658 3437 1719 εις
3474 1657 3599 1708 ἐαυ-

2017 1750 2128 1802 τόν.

2104 1841 2400 1912 Ἐλέγχων
2443 1841 2511 1894 δὲ
2556 1841 2663 1894 τὸν
2705 1838 2896 1908 ἀσεϐῆ
2925 1881 2938 1905 ,
2978 1837 3328 1909 μωμήσεται
3356 1839 3591 1893 ἑαυτόν.

2016 1937 2262 2008 Φανεράν
2293 1935 2349 1988 δὲ
2378 1936 2547 1990 ποιῶν
2570 1934 2648 2006 τῷ
2681 1934 2756 2005 μὴ
2797 1932 2973 2004 ἔχοντι
3009 1932 3092 1995 είς
3119 1931 3252 1984 Θεδν
3286 1931 3472 2002 τιμὴν,
3498 1929 3599 2002 τὴν

2018 2027 2216 2081 κακίαν
2263 2024 2455 2092 αὑτοῦ,
2488 2025 2594 2078 ὑπὸ
2646 2025 2854 2095 μέμψιν
2902 2023 3227 2093 καθίστησιν
3277 2022 3487 2087 ἑαυτὸν,
3520 2022 3598 2085 ὡς

2020 2119 2094 2188 μὴ
2128 2117 2447 2189 φειδόμενος
2489 2117 2591 2187 τῆς
2629 2115 2833 2186 βλάϐης
2869 2115 3067 2169 αὐτοῦ’
3113 2115 3249 2185 πρὸς
3279 2114 3388 2185 γὰρ
3414 2113 3494 2183 τῷ
3520 2113 3597 2184 μὴ

2004 2211 2250 2278 Δὼερέλεῖν
2277 2210 2459 2273 αὑτὸν,
2500 2208 2699 2280 μᾶλλον
2730 2209 2823 2261 καλ⁵
2855 2207 3105 2277 βλάπτει,
3147 2206 3469 2277 παρακινῶν
3499 2205 3599 2259 αύ-

2013 2303 2107 2356 τδν
2143 2304 2190 2355 εί
2230 2304 2330 2373 τὴν
2369 2303 2490 2355 κατ’
2514 2300 2680 2355 αὐτοῦ
2719 2300 3029 2372 τυραννίδα.

2014 2408 2021 2413 ·
2090 2396 2154 2448 Ol
2180 2394 2289 2463 γὰρ
2320 2393 2557 2462 ἔλεγχοι
2589 2392 2669 2459 τῷ
2699 2391 2938 2456 ἀσεϐεῖ,
2968 2391 3257 2460 μώλωπες
3294 2393 3471 2459 αὐτῷ.
3514 2393 3598 2447 Τά

2014 2484 2123 2555 γὰρ
2147 2483 2483 2554 φανεροποιά
2510 2483 2609 2555 τῆς
2654 2483 2853 2546 κακίας
2896 2480 2991 2534 τοῦ
3041 2482 3113 2553 μὴ
3166 2483 3434 2553 τιμῶντος
3461 2483 3600 2539 Θεὸν

2014 2575 2187 2643 λόγια,
2220 2573 2424 2646 πληγαί
2448 2574 2554 2628 εἰσι
2585 2576 2654 2646 τῇ
2681 2573 2876 2627 τούτου
2898 2573 3065 2643 ψυχῇ,
3097 2573 3430 2641 ἐμποιοῦντα
3454 2574 3597 2647 αὐτῇ

2016 2670 2207 2741 μίσους
2242 2665 2663 2734 δυσεξάλειπτον
2694 2665 2888 2729 πάθος.

2082 2765 2152 2830 η’.
2194 2759 2292 2827 Μὴ
2336 2756 2549 2828 ἔλεγχε
2588 2755 2840 2822 κακοὺς,
2872 2755 2973 2808 ἵνα
3012 2753 3098 2823 μὴ
3143 2755 3455 2823 μισήσωσι
3496 2771 3594 2812 σε.

2012 2849 2106 2922 Μὴ
2137 2848 2489 2920 φανεροποίει
2514 2848 2627 2911 τοῖς
2661 2844 2733 2918 μή
2760 2845 2974 2903 θέλουσι
2997 2845 3097 2914 τὴν
3128 2844 3264 2899 ίδίαν
3286 2844 3597 2914 διόρθωσιν,

2014 2942 2080 2997 τὰ
2121 2942 2327 2997 τούτων
2375 2940 2559 3007 κακὰ,
2593 2940 2743 3002 ὅπως
2787 2938 2861 3011 μὴ
2908 2941 2986 3002 είς
3022 2941 3180 3010 μῖσος
3209 2937 3269 2992 τὸ
3312 2938 3451 2992 κατά
3497 2938 3597 2991 σοῦ

2013 3036 2235 3107 ἐγείρῃς
2282 3035 2503 3098 αὐτοὺς,
2538 3030 2837 3087 κάντεῦθεν
2865 3032 2986 3085 ἀντὶ
3030 3031 3126 3085 τοῦ
3175 3029 3449 3100 περιελεῖν
3492 3029 3605 3103 τὴν

2014 3129 2213 3183 κακίαν
2252 3127 2453 3192 αὐτῶν,
2497 3126 2701 3196 μᾶλλον
2741 3125 3006 3195 αὐξήσεις
3043 3125 3235 3196 αὑτήν.

2086 3222 2343 3289 Ἔλεγχε
2372 3220 2591 3289 σοφὸν,
2623 3217 2721 3272 καὶ
2750 3217 3055 3288 ἀγαπήσει
3077 3230 3171 3274 σε.
3212 3217 3425 3288 Φανερὰ
3448 3218 3600 3271 ποίει

2011 3314 2079 3366 τὰ
2108 3312 2467 3383 ἐλαττώματα
2498 3311 2577 3383 τῷ
2612 3311 2895 3382 μετέχοντι
2945 3309 3139 3380 σοφίας
3162 3351 3175 3373 ,
3224 3310 3284 3363 ἐν
3327 3309 3407 3379 τῷ
3447 3309 3601 3380 ἔχειν

2010 3404 2173 3458 αὑτὸν
2210 3403 2374 3474 φόόον
2404 3403 2562 3466 Θεοῦ,
2594 3404 2688 3456 καὶ
2711 3403 2787 3466 ὼς
2816 3401 2891 3473 μὴ
2924 3402 3139 3471 ἀγνοῶν
3169 3403 3199 3456 δ
3227 3400 3469 3463 τοιοῦτος
3496 3402 3600 3472 τὴν

2011 3498 2073 3550 ἐκ
2099 3495 2207 3550 τῶν
2239 3496 2475 3565 ἐλέγχων
2506 3496 2643 3549 ἰδίαν
2673 3494 2962 3564 ὠφέλειαν,
2978 3494 3070 3547 ἐπὶ
3090 3494 3253 3549 πλέον
3273 3493 3454 3558 καλῶς
3478 3494 3599 3548 δια-

2009 3588 2297 3659 τεθήσεται
2336 3603 2404 3639 πε
2411 3587 2465 3659 ρὶ
2506 3586 2587 3640 σέ.
3221 3621 3231 3630 ε

2079 3678 2145 3733 θ’.
2185 3677 2362 3733 Δίδου
2383 3677 2554 3747 σοφῷ
2579 3676 2877 3747 ἀφορμὴν,
2902 3677 2998 3731 καὶ
3029 3676 3367 3746 σοφώτερος
3396 3676 3599 3731 ἔσται.

2011 3772 2224 3843 Πάρεχε
2273 3770 2354 3842 τῷ
2402 3770 2577 3841 ἔχοντι
2623 3768 2787 3839 φόϐον
2829 3767 2986 3833 Θεοῦ,
3033 3767 3387 3839 ἐσφαλμένων
3439 3768 3601 3840 αὐτῷ

2008 3863 2303 3933 διάγνωσιν
2328 3862 2417 3916 διὰ
2445 3860 2768 3933 καθάρσεως
2790 3862 2883 3914 καὶ
2908 3857 3189 3931 φωτισμοῦ
3213 3862 3349 3930 πρὸς
3375 3858 3599 3913 τελείωο

2009 3972 2112 4009 σιν.

2080 4026 2334 4114 Γνώριζε
2367 4045 2608 4112 δικαίῳ,
2636 4044 2737 4099 καὶ
2770 4043 3105 4113 προσθήσει
3136 4043 3245 4099 τοῦ
3283 4043 3593 4112 δέχεσθαι.

2020 4142 2399 4196 Ἀνακάλυπτε
2447 4140 2527 4211 τῷ
2570 4141 2656 4195 διὰ
2701 4140 2790 4193 τὸν
2832 4140 2994 4219 φόδον
3031 4140 3264 4194 αἰωνίων
3313 4137 3595 4192 κολάσεων

316 4239 475 4302 cepta
504 4230 777 4298 custodit,
816 4246 1006 4287 verum
1058 4232 1202 4301 quod
1257 4233 1311 4285 in
1347 4232 1427 4286 eis
1458 4238 1543 4286 est
1591 4232 1817 4298 bonum,
1855 4240 1909 4286 et

2032 4233 2272 4305 ςηροῦντι
2303 4233 2400 4296 τὰς
2429 4233 2523 4286 τοῦ
2568 4232 2702 4286 Θεοῦ
2734 4230 2975 4295 ἐντολὰς,
3005 4231 3067 4286 τὸ
3108 4235 3165 4286 ἐν
3195 4230 3421 4293 ταύταις
3455 4229 3596 4299 ἀλη-

317 4324 412 4378 ille
447 4321 857 4393 diligensillud,
902 4331 1163 4390 tanquam
1202 4337 1517 4391 supremum
1548 4319 1897 4392 concupisci-

321 4415 455 4482 tile,
481 4415 631 4472 illius
658 4428 902 4471 amorem
939 4428 1041 4484 pro
1063 4411 1261 4466 atfectn
1299 4412 1540 4482 augebit.

394 4591 564 4649 Vnus.
604 4591 693 4647 l0.
733 4590 1067 4653 Principium
1110 4590 1405 4658 sapientiae,
1459 4589 1621 4643 timor
1661 4589 1893 4649 Domini.

314 4684 656 4753 Principium
710 4697 898 4737 rerum
930 4681 1243 4735 divinarum
1290 4681 1550 4747 scientiae,
1602 4694 1684 4739 est
1732 4684 1900 4739 timor

321 4777 539 4832 Domini
569 4777 819 4831 omnium
865 4775 983 4833 Dei.

382 4872 646 4926 -Voluntas
673 4880 981 4926 sanctorum
1005 4870 1309 4939 prudentia.
1347 4868 1413 4925 Et
1440 4869 1680 4939 illorum,
1714 4874 1807 4942 qui
1832 4875 1898 4928 ab

319 4965 469 5019 onmi
530 4963 736 5018 malitia
790 4962 1002 5034 purgati
1056 4970 1209 5023 sunt.
1255 4970 1309 5017 et
1370 4962 1496 5017 inde
1537 4969 1747 5033 ponunt
1778 4963 1898 5019 sine

318 5053 713 5121 impedimento
810 5066 1147 5125 cognoscere
1214 5066 1404 5109 verum
1480 5051 1705 5120 bonum,
1782 5055 1897 5109 dis-

316 5147 492 5200 cretio
548 5145 698 5198 circa
740 5143 877 5199 illud
918 5155 1000 5199 est
1032 5142 1321 5214 prudentia
1362 5141 1527 5195 trium
1569 5144 1768 5198 animae
1798 5159 1898 5214 p0-

317 5240 638 5306 tentiarum,
674 5239 742 5292 ad
777 5252 1065 5292 sermones
1096 5235 1402 5304 modosque
1425 5235 1551 5289 boui
1594 5236 1649 5289 in
1689 5250 1897 5305 praece-

317 5344 431 5405 pta.

392 5424 566 5480 Nosse
614 5425 798 5493 legem,
839 5423 988 5477 bona:
1026 5431 1102 5474 est
1156 5421 1537 5491 intelligentiae.
1586 5419 1899 5490 Intelligere

320 5527 650 5595 autem,qua
675 5518 813 5573 nihil
837 5513 1178 5586 impossibile
1209 5522 1301 5567 aut
1334 5512 1554 5579 durum,
1586 5517 1776 5584 repetit
1814 5515 1894 5570 lex

2009 4325 2117 4389 θῶς
2143 4324 2371 4394 ἀγαθὸν,
2392 4324 2485 4378 καὶ
2513 4325 2806 4396 ἀγαπήσας
2837 4328 2865 4379 ὁ
2892 4322 3132 4386 τοιοῦτος
3156 4322 3312 4387 αὐτὸ,
3331 4321 3407 4384 ὡς
3426 4320 3598 4391 ἔσχα-

2008 4435 2100 4471 τον
2136 4416 2388 4488 ὀρεκτὸν,
2415 4415 2513 4487 τήν
2545 4415 2738 4469 τούτου
2769 4416 2908 4471 κατὰ
2934 4414 3177 4469 διάθεσιν
3209 4414 3453 4482 ἐπιτείνῃ
3486 4428 3599 4464 πα.-

2011 4509 2263 4580 ραδοχήν.

2077 4606 2130 4652 ι’.
2169 4598 2350 4667 Ἀρχὴ
2380 4599 2605 4667 σοφίας
2633 4599 2817 4667 φόϐος
2854 4597 3098 4665 Κυρίου.
3134 4594 3303 4667 Ἀρχὴ
3338 4595 3443 4665 γάρ
3472 4596 3572 4645 ἐστ

1954 4720 1960 4725 -
2005 4690 2103 4760 τῆς
2137 4690 2297 4744 θείων
2329 4690 2674 4762 πραγμάτων
2702 4691 3011 4760 ἐπιστήμης
3034 4690 3061 4741 ὁ
3088 4687 3252 4757 φόϐος
3270 4687 3363 4739 τοῦ
3389 4686 3571 4739 Δεσπό

2004 4799 2100 4833 του
2142 4782 2250 4835 τῶν
2286 4781 2424 4835 ὅλων
2464 4780 2623 4834 Θεοῦ.

2077 4872 2184 4927 Kal
2226 4872 2432 4940 βουλὴ
2472 4873 2680 4943 ἁγίων,
2711 4873 2990 4939 σύνεσις.
3030 4871 3141 4926 Καὶ
3168 4870 3279 4924 τῶν
3313 4868 3603 4939 κεκαθαρο

2010 4965 2185 5035 μένων
2230 4965 2338 5019 ἀπὸ
2375 4965 2556 5035 πάσης
2589 4965 2810 5031 κακίας,
2847 4964 2941 5020 καὶ
2986 4963 3298 5034 δυναμένων
3341 4963 3603 5017 ἐντεῦθεν

2004 5055 2428 5119 ἀνεπικωλύτως
2479 5061 2761 5110 κατανοεῖν
2807 5055 2870 5109 τὸ
2915 5055 3085 5118 ὅντως
3136 5054 3429 5125 ἀγαθὸν,ή
3467 5056 3603 5126 περὶ

2004 5148 2192 5201 τούτου
2215 5148 2508 5219 διάκρισις,
2532 5148 2814 5212 σύννευσίς
2835 5151 2951 5201 ἐστι
2986 5147 3096 5199 τῶν
3113 5146 3279 5219 τριῶν
3296 5146 3393 5216 τῆς
3410 5147 3603 5217 ψυχῆς

2004 5240 2287 5319 δυνάμεων
2337 5241 2471 5310 πρὸς
2500 5243 2628 5304 τοὺς
2660 5240 2780 5295 κατ’
2802 5240 3025 5311 ἐντολὴν
3054 5239 3247 5308 λόγους
3268 5256 3326 5291 τε
3348 5239 3445 5293 καὶ
3466 5243 3603 5312 τρό-

2005 5349 2139 5395 πους
2178 5331 2365 5385 αὑτοῦ.

2083 5424 2152 5477 Τὸ
2197 5423 2265 5476 δὲ
2306 5423 2529 5492 γνῶναι
2572 5426 2781 5494 νόμον,
2817 5425 3086 5490 διανοίας
3132 5422 3306 5478 ἐστὶν
3338 5420 3600 5491 ἀγαθῆς.

2007 5516 2079 5567 Τὸ
2131 5515 2186 5568 δὲ
2239 5516 2588 5584 καταλαϐεῖν,
2622 5519 2700 5570 ὃτι
2752 5518 2906 5572 οὐδὲν
2941 5516 3199 5571 ἀδύνατον
3248 5515 3280 5587 ἢ
3330 5514 3601 5584 σκληρὸν,
