3958 6202
326 247 464 312 1305

1408 248 1948 313 COMMENTARII
1984 256 2066 317 IN
2109 258 2563 322 PRUVERBIA.

3454 264 3594 329 1306

320 361 551 414 ἐπαιτεῖ
582 360 609 414 ὀ
638 356 773 431 πρὸς
804 356 866 412 τὸ
890 355 1061 421 ὅντως
1089 355 1296 425 ἀγαθὸν
1326 357 1538 431 ὁδηγῶν
1567 363 1714 432 ἡμᾶς
1749 362 1877 435 νόμο

2015 374 2246 444 spiritus
2269 391 2371 430 nos
2399 376 2465 429 ad
2495 388 2683 431 verum
2708 373 2907 428 bonum
2934 373 3273 443 conducens,
3297 387 3382 433 est
3410 380 3594 436 scien-

317 449 414 505 τοῦ
444 450 786 522 Πνεῦματος,
816 448 937 523 νοός
976 449 1095 503 ἐστι
1124 448 1565 521 διαλογιζομένου
1591 470 1651 505 τε
1686 453 1782 508 κοιλ⁵
1811 455 1909 525 Cn-

316 542 535 607 τοῦντος
558 542 691 596 αὐτὸ
712 541 775 595 τὸ
798 538 1017 611 άληθῶς
1045 539 1273 609 ἀγαθόν.

388 642 481 690 ια’.
526 633 727 701 Τούτῳ
755 632 866 703 γὰρ
892 630 973 698 τῷ
1001 633 1231 701 τρόπῳ,
1279 633 1484 689 πολὺν
1517 632 1719 704 ζήσεις
1764 636 1907 706 χρό-

312 746 445 787 νον,
486 729 576 783 Ἐν
604 728 715 799 γὰρ
760 726 838 799 τῷ
888 727 1081 799 ζητεῖν
1108 726 1172 781 τὸ
1200 727 1441 798 ἀγαθὸν,
1476 732 1908 803 προσγενήσεταί

313 842 419 891 σοι,
440 825 591 887 ὅστις
622 821 689 878 ἂν
716 821 831 901 καὶ.
861 821 1005 894 εῐης,
1034 823 1069 894 η
1102 821 1792 897 άπέραντος,πνευματικὴ
1812 828 1907 880 καὶ
1932 840 1936 844 ‘

312 916 434 970 θεία
475 915 611 986 ζωή.

382 1004 495 1062 Kal
523 1006 1001 1077 προστεθήσεται
1039 1021 1140 1061 σοι
1172 1006 1280 1076 ἔτη
1310 1003 1481 1075 ζωῆς.
1521 1007 1635 1062 Καὶ
1671 1010 1907 1065 ἑπεκτα-

310 1095 535 1170 θήσεται
573 1114 656 1151 σοι
693 1095 766 1151 τὰ
789 1097 886 1170 τῆς
912 1096 1057 1168 ζωῆς
1095 1097 1293 1171 μέτρα,
1331 1102 1906 1173 προσεπικτησαμένῳ

306 1185 373 1254 τῇ
407 1183 658 1255 παρούσῃ
690 1184 840 1255 ζωῇ,
872 1183 962 1238 διὰ
994 1185 1091 1253 τῆς
1125 1188 1184 1238 ἐν
1227 1185 1363 1257 αὐτῇ
1414 1185 1712 1259 θεαρέστου
1748 1189 1902 1244 πολιο

305 1273 478 1337 τείας,
521 1275 618 1328 καὶ
654 1274 754 1346 τὴν
796 1275 1124 1346 μέλλουσαν.

375 1363 466 1434 ιβ’.
515 1365 611 1421 Υἱὲ
632 1404 647 1431 ,
677 1366 788 1420 ἐὰν
819 1368 1014 1437 σοφὸς
1063 1365 1207 1439 γένῃ
1242 1367 1516 1436 σεαυτῷ,
1551 1372 1745 1440 σοφὸς
1784 1370 1901 1441 ἔσῃ

302 1455 400 1508 καὶ
429 1455 555 1522 τοῖς
581 1458 853 1526 πλησίον
889 1472 1029 1513 σου.
1070 1460 1182 1527 Τῆς
1213 1459 1357 1530 ἐμῆς
1391 1459 1745 1525 διδασκαλίας
1773 1462 1904 1515 παί-

300 1546 500 1618 δευμα,
526 1550 577 1602 εί
608 1549 772 1618 σοφὸς
804 1549 1066 1623 ὑπάρξεις
1092 1551 1327 1622 σεαυτῷ,
1361 1551 1513 1622 φόϐῳ
1543 1551 1901 1624 θείῳ⁵ὲαυτὸν

303 1638 573 1710 καθάρας,
608 1643 703 1694 καὶ
735 1638 950 1695 συνέσει
970 1642 1234 1711 φωτίσας,
1262 1644 1358 1699 καὶ
1389 1643 1555 1717 σοφίᾳ
1575 1643 1895 1709 τελειώσας,

2014 463 2088 518 tia
2121 464 2243 535 ejus
2276 465 2370 536 qui
2405 464 2612 536 cogitat
2636 471 2691 519 et
2720 463 2915 535 quaerit
2950 479 3138 520 verum
3169 466 3391 524 bonum.

2082 633 2249 691 Vitas.
2284 635 2374 691 Η.
2414 636 2529 692 Hoc
2560 638 2701 692 enim
2727 638 2903 708 modo,
2949 641 3117 695 multo
3158 643 3290 698 vives
3337 652 3589 715 tempore.

2009 725 2316 794 Quaerendo
2342 738 2520 785 autem
2550 729 2782 796 bonum,
2838 733 3183 802 superveniet
3223 735 3345 802 tibi,
3376 737 3589 808 qualis«

2007 836 2228 892 cunque
2257 823 2454 890 fueris,
2483 822 2719 890 infinita,
2755 824 3060 896 spiritualis
3083 835 3137 883 et
3173 827 3359 883 divina
3383 830 3514 886 vita.

2079 995 2148 1051 Et
2176 997 2438 1054 addentur
2481 1000 2578 1054 tibi
2606 1004 2735 1055 anni
2760 1002 2903 1058 vim.
2953 1001 3020 1055 Et
3063 1010 3297 1074 augetur
3330 1020 3589 1064 mensura

2004 1091 2131 1147 vita:
2158 1093 2278 1159 tibi,
2311 1095 2430 1163 qui,
2490 1095 2746 1165 praesenti
2787 1095 2913 1149 vitae
2938 1135 2952 1159 ,
2993 1094 3067 1150 ob
3115 1104 3272 1151 tuum
3308 1113 3403 1165 per
3448 1100 3588 1159 banc

2004 1185 2287 1240 cmlestem
2330 1186 2546 1240 vivendi
2573 1186 2791 1241 modum
2816 1227 2830 1252 ,
2864 1186 3124 1244 addidisti
3165 1197 3219 1244 et
3249 1188 3527 1266 futuram:

2074 1359 2241 1421 Vens.
2270 1359 2356 1415 12.
2411 1358 2548 1428 Fili,
2597 1364 2644 1416 si
2695 1363 2905 1430 sapiens
2938 1364 3045 1418 eris
3073 1364 3168 1418 tibi
3210 1366 3333 1433 ipsi,
3372 1369 3583 1436 sapiens

2001 1451 2106 1503 eris
2125 1458 2178 1504 et
2197 1452 2462 1519 proximo.
2487 1451 2760 1507 Doctrinaa
2793 1468 2926 1508 meae
2952 1453 3244 1524 discipule,
3281 1456 3327 1511 si
3362 1459 3584 1528 sapiens

2000 1542 2110 1597 eris
2142 1541 2287 1613 apud
2303 1543 2680 1613 temetipsum,
2701 1552 2864 1600 temet
2896 1545 3090 1602 timore
3128 1544 3224 1600 Dei
3258 1548 3579 1615 puriﬁcans,

1999 1622 2295 1702 prudentia
2345 1633 2689 1701 illuminans,
2731 1641 2787 1690 et
2834 1637 3104 1704 sapientia
3156 1639 3473 1708 perliciens,
3524 1651 3580 1697 et

300 1729 530 1794 καὶτοῖς
559 1732 790 1800 ἔγγιστά
820 1750 941 1800 σου,
975 1734 1200 1805 ζηλοῦσι
1232 1754 1327 1791 σου
1358 1738 1418 1792 τὸ
1448 1739 1636 1810 σοφὸν,
1670 1738 1877 1794 κάντεῦι

1999 1721 2087 1777 his
2127 1723 2224 1793 qui
2252 1723 2349 1778 tibi
2378 1725 2619 1794 proximi
2654 1733 2808 1790 sunt,
2848 1734 2903 1781 et
2934 1727 3272 1783 aemulantur
3300 1736 3453 1785 tuam
3493 1748 3579 1788 sa-

301 1820 394 1876 θεν
444 1823 789 1893 πειθομένοις
822 1827 938 1889 τοῖς
988 1826 1167 1897 λόγοις
1213 1847 1330 1894 σου,
1382 1830 1476 1884 καὶ
1527 1831 1892 1901 μιμουμένοις

298 1913 430 1975 τοὺς
469 1915 703 1986 τρόπους
753 1932 871 1983 σου,
904 1917 1171 1990 ὑπάρξεις
1198 1920 1390 1988 σοφός·
1420 1920 1501 1985 ὡς
1549 1921 1645 1976 καὶ
1690 1923 1890 1988 αὐτοὺς

301 2004 577 2074 φωτίζων,
608 2007 706 2060 καὶ
730 2007 1035 2079 καθαίρων,
1072 2010 1169 2065 καὶ
1196 2010 1441 2064 τελειῶν.

367 2115 512 2170 Ἐὰν
538 2115 607 2169 δὲ
626 2118 812 2184 κακὸς
830 2119 1089 2189 ἀποϐῇς,
1115 2122 1306 2190 μόνος
1326 2121 1658 2193 ἁντλήσεις
1683 2124 1757 2178 τὰ
1780 2141 1889 2178 κα-

250 2238 255 2243 ~
297 2206 393 2262 κά.
437 2207 501 2261 Et
537 2207 596 2260 δὲ
627 2212 749 2273 ταῖς
775 2211 918 2264 κατὰ
971 2213 1168 2285 μικρὸν
1197 2215 1437 2279 ἀπάταις
1478 2216 1575 2271 τοῦ
1625 2218 1885 2290 πονηροῦ,

293 2300 498 2364 κακίας
537 2301 737 2367 μεστὸς
781 2303 1151 2377 ἀποτελεσθῇς
1176 2347 1191 2372 ,
1239 2307 1298 2360 ὲν
1332 2308 1412 2379 τῷ
1449 2312 1614 2379 μηδὲν
1649 2311 1886 2380 χρηστὸν

293 2393 534 2460 φρονεῖν,
567 2392 601 2462 ἢ
629 2391 833 2458 λαλεῖν,
858 2395 1021 2447 αὑτὸν
1053 2398 1134 2459 είς
1164 2397 1328 2449 αὐτὸν
1359 2398 1641 2467 ὲπισπάσῃ
1669 2400 1739 2451 τά
1765 2399 1888 2453 ταύ.

292 2496 393 2549 της
424 2481 699 2554 ἐπίχειρα,
721 2484 817 2536 καὶ
848 2487 923 2553 μή
956 2485 1102 2547 τινός
1132 2502 1217 2539 σοι
1240 2487 1417 2541 ταῦτα
1446 2490 1765 2557 ὲπαγόντος.

368 2592 471 2655 ⁸ος
519 2592 829 2667 ἐρείδεταιὶ
854 2594 955 2649 ἐπὶ
997 2597 1323 2666 ψεύδεσιν,
1379 2598 1562 2669 οὗτος
1611 2604 1893 2673 ποιμανεῖ

290 2679 572 2751 ἀνέμους.
601 2685 702 2748 ’ος
750 2702 833 2749 τις
879 2686 989 2758 γὰρ
1019 2689 1279 2745 πέποιθεν
1309 2692 1406 2747 ἐπὶ
1438 2696 1551 2758 τοῖς
1584 2694 1884 2766 ἀπατηλοῖς

290 2792 352 2828 τε
381 2776 477 2829 καὶ
508 2777 745 2847 ῥέουσιν,
776 2774 932 2844 οὗτος
961 2782 1290 2853 κυῦερνήσει
1320 2785 1389 2839 τὰ
1425 2786 1689 2857 ἱστάμενα
1710 2827 1725 2850 ,
1756 2804 1884 2842 συν-

292 2866 673 2939 αλλοιούμενος
718 2873 833 2935 τοῖς
878 2872 1226 2941 ἀλλοιωτοῖς,
1259 2877 1318 2929 ὲν
1368 2876 1447 2948 τῷ
1497 2879 1572 2950 μὴ
1620 2879 1881 2933 δύνασθαι

291 2957 486 3027 στῆσαι
516 2960 619 3029 τὴν
651 2959 859 3015 τούτων
885 2965 1082 3034 φορὰν,
1114 2964 1191 3029 ὡς
1219 2967 1329 3021 οὐδ’
1349 2968 1574 3040 ἀνέμων
1611 2972 1804 3042 πνοήν.

1997 1812 2281 1885 pientiam,
2305 1825 2360 1872 et
2378 1817 2505 1872 inde
2535 1818 2645 1874 tuis
2672 1818 2860 1874 verbis
2884 1819 3141 1886 credunt,
3167 1828 3222 1876 et
3250 1829 3376 1878 tuos
3396 1838 3580 1884 mores

1995 1907 2307 1974 imitantur,
2346 1909 2571 1977 sapiens
2617 1909 2762 1976 eris;
2818 1919 3078 1980 tanquam
3124 1911 3247 1968 illos
3277 1920 3332 1968 et
3372 1914 3579 1972 illumi-

1994 2014 2161 2065 nans,
2198 2008 2250 2055 et
2274 1999 2602 2070 puriﬁcans,
2635 2009 2689 2056 et
2722 2003 3034 2072 perﬁciens.
3202 1995 3221 2009 ’

2065 2112 2125 2169 Si
2148 2116 2321 2170 matus
2353 2116 2605 2183 evaseris,
2657 2118 2803 2174 solus
2843 2119 3058 2177 haurias
3088 2101 3255 2181 ntala.
3297 2123 3354 2181 Si
3386 2130 3577 2198 paula-

1993 2208 2087 2262 tim
2124 2207 2389 2265 daemonis
2415 2208 2678 2278 fallaciis,
2708 2213 2930 2268 malitia:
2951 2214 3148 2283 plenus
3179 2216 3453 2284 clliciaris,
3497 2222 3572 2277 ita

1993 2306 2052 2351 ut
2107 2299 2360 2354 decentia
2421 2315 2532 2356 non
2602 2303 2813 2372 cogites
2885 2305 2971 2359 vel
3031 2305 3292 2377 loquaris,
3351 2310 3469 2380 ipse
3517 2314 3572 2368 in

1990 2388 2343 2459 temetipsum
2385 2393 2658 2448 attraxisti
2708 2396 2929 2453 malitia:
2981 2398 3223 2467 praemia,
3286 2409 3340 2456 et
3386 2405 3574 2462 nullus

1988 2476 2105 2533 haec
2135 2478 2231 2533 tibi
2271 2480 2518 2536 adduxit.

2060 2589 2167 2656 Qui
2219 2592 2414 2649 nititur
2444 2596 2760 2663 mendaciis,
2812 2603 2983 2670 pascit
3034 2613 3229 2660 rentes.
3258 2605 3364 2674 Qui
3393 2612 3573 2668 credit

1987 2685 2227 2744 fallaciis
2260 2699 2314 2744 et
2349 2692 2557 2760 verbis,
2598 2695 2873 2764 gubernat
2897 2697 3135 2763 stabilia,
3173 2705 3293 2771 ipse
3322 2713 3569 2763 mutatus

1986 2794 2110 2871 quin
2150 2782 2536 2851 mutabilibus,
2572 2787 2698 2855 quia
2737 2803 2845 2844 non
2878 2797 3060 2858 potest
3094 2805 3285 2847 eorum
3308 2796 3568 2854 cohibere

1986 2871 2274 2943 impetum,
2309 2889 2420 2931 non
2458 2880 2635 2949 magis
2683 2894 2746 2934 ae
2781 2889 3069 2936 ventorum
3102 2884 3425 2953 procellam.

373 3073 437 3127 Ὀ
464 3073 519 3128 δ’
538 3076 721 3142 αὐτὸς
745 3076 1015 3142 διώξεται
1048 3078 1224 3148 ὄρνεα
1261 3083 1578 3152 πετόμενα.
1617 3086 1676 3139 '0
1702 3085 1877 3140 τοιοῦ-

2055 3088 2160 3144 Ille
2185 3094 2519 3163 persequitur
2548 3111 2665 3149 aves
2693 3095 2950 3151 volantes.
3009 3098 3107 3154 Ille
3152 3098 3433 3157 incassum
3467 3117 3563 3159 ca-

288 3186 379 3234 τος
400 3168 456 3222 δὲ
478 3169 809 3223 καταλαϐεῖν
833 3172 1078 3241 ματαίως
1104 3174 1442 3247 ἐπιχειρήσει
1468 3176 1536 3230 τὰ
1556 3176 1715 3247 δίκην
1742 3195 1881 3251 πτη-

289 3260 395 3315 νῶν
425 3260 593 3328 ὀξέως
628 3263 906 3334 φερόμενα
934 3265 998 3317 ἐκ
1032 3267 1301 3332 γενέσεως
1331 3268 1411 3331 είς
1441 3268 1691 3339 φθοράν..

357 3374 643 3429 ’Δπέλιπε
684 3373 797 3445 γὰρ
840 3375 1021 3443 ὀδοὺς
1074 3378 1180 3432 τοῦ
1229 3378 1448 3435 ἑαυτοῦ
1497 3382 1873 3453 ἀμπελῶνος.

284 3466 563 3522 Κατέλιπε
607 3467 716 3539 γὰρ
761 3468 861 3531 τὰς
910 3469 1029 3521 κατ’
1053 3469 1355 3537 ἐπίγνωσιν
1402 3472 1680 3542 φερούσας
1726 3475 1876 3539 θείας

283 3557 503 3620 ἐντολὰς
540 3557 620 3620 είς
651 3556 743 3611 τὸν
771 3558 1033 3628 εἰρηκότα
1059 3599 1073 3623 ,
1105 3558 1189 3610 ὅτι
1223 3558 1363 3628 Ἐγὼ
1394 3563 1508 3631 ειμι
1539 3563 1570 3631 ἡ
1601 3563 1871 3632 ἄμπελος,

282 3647 417 3700 Θεὸν
446 3646 644 3715 Λόγον,
674 3646 733 3699 ὲν
763 3641 808 3715 ᾧ
836 3649 1244 3717 πεφυτευμένος
1274 3650 1409 3716 ἐστὶ,
1450 3653 1591 3705 κατὰ
1649 3655 1739 3707 τὸν
1773 3656 1874 3727 τῆς

211 3717 218 3725 ’
286 3738 421 3802 ιδίας
452 3737 669 3808 φύσεως
697 3736 855 3806 λόγον
883 3738 1191 3811 ἄνθρωπος,
1220 3741 1295 3805 ὥς
1340 3760 1392 3796 τι
1419 3743 1604 3815 κλῆμα
1633 3761 1647 3777 ο
1690 3717 1871 3818 γεωρξ

281 3829 395 3898 γῶν
421 3829 520 3901 τὴν
547 3828 702 3901 δίκην
749 3829 895 3884 οίνου
941 3832 1168 3904 καρδίαν
1222 3833 1622 3905 εὐφραίνουσαν
1669 3838 1871 3904 γνῶσιν

280 3922 393 3978 τῶν
422 3922 616 3977 ὄντων.

353 4031 504 4100 Τοὺς
541 4032 611 4087 δὲ
637 4030 865 4100 ἄξονας
906 4032 1014 4088 τοῦ
1039 4034 1194 4089 ἰδίου
1219 4039 1509 4107 τεωργίου
1545 4041 1864 4109 aculam-

277 4144 389 4182 ται.
419 4127 525 4183 Τὸν
548 4125 605 4180 δὲ
639 4124 766 4180 νοῦν
797 4126 892 4179 καὶ
918 4128 1008 4181 τὸν
1036 4126 1214 4196 λόγον,
1246 4130 1295 4183 οἳ
1321 4129 1419 4201 τὴν
1440 4132 1579 4202 μετὰ
1611 4133 1866 4201 γνώσεως

275 4221 475 4291 ἀρετὴν
502 4221 702 4273 οίκεῖον
729 4217 999 4290 γεώργιον
1029 4221 1275 4290 ἄγουσιν,
1311 4224 1615 4296 ἡπάτηται.

345 4334 763 4401 Διαπορεύεται
789 4332 866 4387 δι’
894 4334 1160 4403 ἀνύδρου
1190 4335 1437 4406 ἐρήμου,
1467 4341 1566 4394 καί
1600 4340 1715 4412 γῆν
1734 4343 1862 4397 δια-

274 4424 641 4495 τεταγμένην
670 4425 739 4480 ἐν
771 4424 1123 4494 διψὼὃεσιν.
1184 4403 1667 4502 Καὶ-διεξέρχεταί
1710 4435 1858 4506 ζωήν
1893 4403 1937 4458 D

273 4533 335 4569 τε
366 4516 739 4588 ἐστερημένην
774 4519 1153 4590 πνευματικῆς
1184 4520 1706 4597 διδασκαλίαςδίκην
1731 4527 1859 4581 ὓδα-

273 4625 364 4673 τος
396 4607 732 4679 ἁρδευούσης
785 4609 963 4684 ψυχὴν
995 4612 1134 4685 πρὸς
1175 4618 1561 4689 καρποφορίαν
1592 4620 1700 4672 τῶν
1724 4621 1856 4692 ἀρε-

272 4701 403 4768 τῶν,
428 4702 521 4755 καὶ
553 4702 758 4770 παγίαν
793 4702 909 4769 ἕξιν
967 4706 1165 4771 κακίας
1223 4709 1632 4781 ὲφηπλωμένην
1657 4715 1715 4766 ὲν
1748 4712 1855 4785 ψυ-

272 4796 395 4866 χαῖς
422 4791 627 4848 ἐνδεέσι
656 4797 757 4865 τῆς
785 4796 1084 4867 εἰρημένης
1110 4798 1260 4863 θείας
1294 4799 1668 4866 διδασκαλίας.

341 4901 595 4973 Συνὰγει
620 4903 688 4958 δὲ
728 4905 943 4975 χερσὶν
971 4907 1294 4978 ἀκαρπίαν.
1320 4911 1429 4964 Καὶ
1457 4912 1708 4981 συλλέγει
1735 4918 1856 4970 κατ’

272 4992 550 5066 ἐνέργειαν
579 4998 698 5059 ταῖς
730 4999 1064 5068 πρακτικαῖς
1092 5001 1193 5070 τῆς
1217 4999 1397 5071 ψυχῆς
1423 5001 1593 5058 αὐτοῦ
1618 5004 1853 5077 δυνάμε-

272 5100 358 5137 σιν
374 5084 669 5155 ἁμαρτίαν,
698 5085 733 5155 ἧ
762 5085 844 5149 τίς
871 5087 1035 5158 (ἐστι)
1061 5088 1319 5160 στέρησις
1350 5090 1444 5145 τοῦ
1484 5098 1853 5166 πνευματικοῦ

271 5174 482 5248 καρποῦ
511 5176 618 5229 τῶν
656 5177 889 5248 ἀρετῶν.

344 5317 434 5380 ιγ’.
461 5312 629 5381 Γυνὴ
670 5313 876 5382 ἄφρων
902 5315 1002 5369 καὶ
1044 5316 1315 5385 θρασεῖα,
1364 5319 1580 5390 ἐνδεὴς
1638 5326 1852 5395 ψωμοῦ

271 5402 517 5472 γίνεται.
568 5406 844 5459 Φαντασία
893 5408 1003 5481 γὰρ
1061 5412 1402 5487 εστερημένη
1436 5414 1591 5479 θείας
1616 5418 1848 5483 ἑννοίας,

269 5495 365 5549 καὶ
416 5496 713 5567 προπετὴς,
749 5497 822 5561 ὡς
852 5499 958 5570 πρὸ
991 5501 1089 5570 τῆς
1140 5502 1283 5555 κατά
1319 5504 1476 5573 λόγον
1529 5508 1765 5577 κρίσεως
1791 5511 1851 5564 τὸ

267 5585 460 5639 δοκοῦν
514 5589 650 5661 αὐτῇ
683 5589 963 5657 κρίνουσα,
1016 5597 1400 5667 συναπτομένη
1439 5599 1737 5667 ἀλογίστως
1768 5604 1845 5673 τῷ

268 5678 614 5750 ἡπατημένῳ
646 5682 776 5754 παρ’
834 5683 1002 5754 αὐτῆς
1027 5686 1122 5756 νῷ,
1159 5688 1216 5739 ἐν
1247 5688 1321 5759 τῷ
1342 5690 1439 5761 τὴν
1472 5692 1569 5761 μὲν
1602 5693 1846 5751 σύνοικον

1981 3199 2112 3256 pere
2145 3188 2344 3244 nititur
2371 3206 2458 3257 ea,
2493 3207 2616 3262 quae
2640 3193 2797 3262 quasi
2825 3208 2977 3258 aves,
3009 3194 3277 3253 velociter
3304 3211 3335 3252 a
3358 3199 3562 3255 nativi-

1906 3264 1927 3275 ’
1981 3289 2095 3337 tate
2126 3283 2194 3337 ad
2235 3294 2467 3341 mortem
2499 3295 2818 3356 properant.

2050 3394 2323 3467 Relinquit
2353 3398 2465 3453 vias
2489 3401 2720 3469 propriw
2760 3401 2901 3457 vitis.
2932 3399 3219 3474 Relinquit
3264 3402 3357 3459 Dei
3402 3419 3559 3461 man-

1975 3487 2247 3559 «13131ιοίὲ
2272 3494 2577 3547 secundum
2599 3495 3057 3566 recognitionem,
3082 3496 3297 3552 ducunt
3314 3496 3381 3552 ad
3402 3498 3558 3552 illum

1976 3580 2073 3649 qui
2107 3581 2267 3649 dixit,
2284 3581 2401 3653 Ego
2444 3599 2566 3639 sum
2606 3585 2750 3652 vitis,
2783 3585 3030 3649 divinum
3062 3587 3327 3657 Verbum,
3359 3589 3414 3643 in
3446 3605 3558 3660 quo

1974 3671 2255 3739 plantatus
2311 3683 2397 3729 est
2443 3674 2608 3730 homo
2648 3677 2948 3730 secundum
2996 3677 3269 3733 rationem
3323 3681 3558 3752 propriae

1974 3769 2205 3826 naturae,
2263 3770 2325 3817 ut
2371 3774 2749 3831 sarmentum;
2800 3767 3010 3835 colens,
3062 3783 3188 3840 qua:
3225 3770 3402 3826 instar
3442 3772 3556 3828 vini

1972 3867 2069 3908 cor
2096 3854 2351 3920 delectat,
2397 3873 2577 3912 rerum
2612 3858 2923 3914 scientiam.

2039 4059 2112 4112 Et
2144 4016 2486 4127 per.semitas
2521 4063 2607 4117 sui
2637 4066 2754 4135 agri
2791 4075 3048 4135 pererrat.
3082 4067 3359 4125 Percurrit
3389 4070 3550 4127 intel-

1967 4147 2247 4219 ligentiam
2275 4161 2331 4206 et
2363 4167 2698 4221 sermonem,
2730 4158 2849 4227 qui,
2886 4159 3147 4215 virtutem
3176 4174 3303 4214 cum
3344 4160 3550 4217 doctri-

1967 4256 2058 4305 na,
2111 4245 2391 4315 propriam
2420 4260 2689 4312 messem,
2739 4249 3080 4305 conducunt.

2035 4356 2291 4413 Ambulat
2326 4374 2422 4429 per
2459 4361 2666 4416 deserta
2709 4364 2969 4434 inaquosa
3018 4374 3068 4420 et
3104 4375 3306 4421 terram
3350 4368 3404 4422 in
3452 4369 3547 4423 siti

1963 4452 2327 4506 constitutam.
2357 4453 2420 4507 Et
2458 4456 2760 4525 pertransit
2797 4457 2965 4511 vitam
2992 4457 3266 4527 spirituali
3293 4457 3544 4514 doctrina

1960 4549 2246 4608 egentem,
2294 4542 2533 4597 animam
2592 4558 2746 4600 more
2810 4559 3075 4614 aquarum
3149 4555 3210 4600 ut
3275 4547 3544 4602 virtutum

1962 4626 2174 4685 fructus
2213 4628 2357 4685 ferat
2397 4631 2705 4703 irrigante;
2740 4642 2795 4690 et
2825 4635 3036 4689 ﬁrmam
3076 4635 3206 4689 mali
3241 4648 3545 4692 consuetu-

1958 4720 2141 4776 dinem
2173 4720 2229 4777 in
2260 4724 2538 4793 mentibus
2564 4726 2729 4796 hujus
2757 4726 2958 4782 divinae
2982 4727 3249 4783 doctrinae
3291 4728 3538 4801 experti-

1959 4810 2064 4868 bus
2091 4814 2437 4884 explicatam.

2030 4918 2249 4993 Colligit
2289 4934 2470 4979 autem
2517 4926 2764 4982 manibus
2818 4928 3175 4985 sterilitatem.
3231 4931 3540 5005 Congregat

1959 5021 2139 5069 autem
2164 5017 2347 5086 quoad
2374 5017 2669 5074 eﬂicaciam
2706 5019 2902 5074 activis
2951 5022 3149 5077 animae
3180 5040 3296 5081 sua:
3328 5026 3539 5084 viribus

1958 5113 2270 5177 peccatum,
2309 5125 2505 5182 nempe
2540 5112 2847 5183 spiritualis
2875 5112 3140 5171 virtutum
3178 5116 3391 5174 fructus
3427 5121 3539 5191 pri-

1960 5197 2257 5255 vatiouem.

2032 5329 2197 5387 Vens.
2243 5333 2327 5388 l3.
2364 5331 2563 5389 Mulier
2609 5336 2773 5390 stulta
2803 5348 2852 5392 et
2882 5338 3063 5392 audax
3088 5339 3322 5395 buccella
3351 5358 3535 5399 carens

1954 5424 2194 5493 eﬂicitur.
2242 5425 2533 5482 Phantasia
2566 5430 2711 5484 enim
2735 5430 2919 5486 divina
2953 5433 3290 5503 cogitatione
3323 5435 3536 5502 privata

1954 5527 2005 5569 et
2050 5532 2313 5585 praeceps,
2367 5529 2550 5587 utpote
2598 5536 2719 5589 qua:
2755 5535 2862 5574 non
2893 5521 3205 5577 secundum
3236 5521 3532 5586 rationem,

1955 5611 2049 5660 εεά
2088 5610 2388 5661 semiudum
2426 5612 2826 5680 llPllcplat‘illllﬂ
2858 5611 3094 5680 judicat,
3138 5619 3190 5664 ct
3235 5610 3536 5666 irrationa-

1954 5699 2139 5755 biliter
2204 5704 2371 5757 "lculi
2422 5706 2490 5759 al)
2550 5705 2663 5775 ἰιιξει
2700 5706 2941 5775 dcccplae
3008 5704 3267 5769 adhaeret,
3311 5708 3537 5775 quando
