3958 6202
348 248 480 312 ῙἿΟἹ

1671 238 2024 299 PROCOPII
2065 239 2108 297 (ἶ
2121 241 2207 302 ΑΖ
2217 238 2274 296 ,ίΕ
2285 239 2310 296 Ι

3459 233 3591 296 1338

345 375 502 415 mens
533 355 941 412 cohabitantem
981 353 1305 423 sapientiam
1351 350 1580 418 deserit,
1629 359 1684 405 et
1718 365 1920 420 pravas
1951 401 1955 412 η

2079 349 2215 418 ιφὶαν
2276 344 2564 400 ἀπολιπεῖν
2622 345 2804 407 αὐτὸν,
2873 343 2990 414 μετ’
3039 339 3204 396 αὐτοῦ
3233 342 3292 395 σε
3329 344 3596 414 πονηροὺς

347 451 488 523 apud
541 465 600 505 se
651 447 955 504 sententias
1000 455 1248 518 generat,
1285 445 1388 500 hac
1430 443 1644 499 ratione
1673 441 1924 513 privatur

346 557 467 614 quae
493 541 728 606 animas,
761 553 914 592 more
945 537 1127 606 panis,
1166 535 1339 590 nutrit
1378 549 1444 590 ac
1475 533 1676 588 ﬁrmat.

421 657 553 738 Quae
582 673 684 710 non
737 652 875 707 novit
915 649 1300 706 verecundiam.
1339 647 1470 715 Quae
1528 645 1842 718 phantasia,
1879 643 1926 700 si

343 753 472 818 post
504 735 659 801 actus
691 751 884 814 turpes
909 742 988 796 illi
1019 758 1085 796 ex
1118 741 1330 795 ratione
1361 739 1582 794 illuceat
1627 735 1926 808 reprehen-

352 843 457 905 sio,
494 855 606 894 non
641 836 1049 893 animadvertit.

425 951 594 1007 Vens.
642 949 731 1003 14.
788 946 938 1002 Sedit
982 946 1036 999 in
1087 944 1289 1014 foribus
1318 942 1508 1019 domus
1547 953 1679 995 suae.
1723 937 1930 993 insedit

354 1045 497 1100 enim
549 1039 858 1098 istiusmodi
889 1038 1178 1108 phantasia
1230 1035 1284 1088 in
1331 1033 1398 1090 iis
1447 1046 1570 1102 qua:
1613 1030 1682 1084 ad
1728 1030 1928 1099 ipsam,

355 1136 554 1192 lor-ium
589 1134 785 1196 instar,
821 1129 1101 1184 adducunt
1132 1142 1226 1196 per
1256 1139 1454 1180 sensus
1483 1119 1782 1176 visibilium
1815 1133 1930 1172 ma-

355 1224 785 1285 nifestationem,
818 1233 1015 1288 nempe
1042 1218 1096 1271 in
1127 1214 1396 1270 domicilii
1433 1212 1597 1282 hujus
1626 1208 1929 1267 secundum

354 1321 608 1366 naturam
634 1306 818 1363 carnei
871 1301 1158 1360 sensoriis.

421 1426 594 1498 Super
623 1423 812 1479 sellam
837 1418 1039 1475 excelse
1074 1419 1128 1470 in
1158 1415 1368 1484 plateis.
1417 1411 1790 1468 Substernens
1820 1408 1930 1464 sibi

356 1536 454 1592 per
481 1517 835 1588 cupiditatem
865 1518 918 1566 et
962 1509 1238 1586 ardorem,
1271 1515 1534 1576 tanquam
1570 1505 1810 1573 aliquem
1841 1516 1936 1556 ex-

358 1591 724 1666 celsissimum
768 1607 1048 1668 thronum,
1087 1600 1142 1654 in
1180 1599 1350 1654 vastis
1381 1596 1545 1668 hujus
1595 1598 1688 1666 qui
1723 1608 1818 1666 per
1843 1591 1938 1648 de-

358 1705 517 1758 licias
546 1708 630 1756 est
655 1697 929 1758 interitus,
952 1692 1059 1749 viis
1092 1690 1526 1760 intelligentiam.

435 1814 602 1869 Vnus.
662 1811 749 1866 15.
801 1808 1006 1863 Vocans
1067 1811 1398 1859 transeuntes
1461 1809 1511 1856 et
1565 1807 1832 1870 pergentes
1883 1797 1938 1850 in

363 1904 640 1965 itineribus
691 1901 824 1956 suis.
889 1897 1151 1954 Alliciens
1181 1909 1276 1950 eos
1317 1892 1410 1964 qui
1453 1892 1598 1946 hanc
1637 1897 1938 1945 momenta-

364 2012 526 2053 neam
581 1995 915 2064 percurrunt
973 1985 1176 2049 vitam,
1209 1997 1334 2046 nec,
1376 1981 1432 2035 in
1473 1980 1590 2035 suis
1631 1993 1731 2050 per
1772 1977 1938 2030 vitam

366 2087 586 2149 studiis,
616 2080 866 2138 molestis
897 2076 1228 2134 occursibus
1250 2081 1556 2140 vexantur;
1584 2079 1640 2126 et
1662 2067 1944 2140 sapientiae

365 2196 426 2238 se
455 2178 741 2232 adversam
774 2177 1025 2226 statuens
1059 2169 1174 2221 haec
1205 2165 1330 2220 illos
1360 2163 1542 2219 docet.

443 2369 606 2425 Vens.
634 2365 721 2422 i6.
759 2363 866 2432 Qui
894 2375 961 2418 ea:
993 2359 1136 2416 vobis
1173 2367 1253 2414 est
1288 2355 1810 2426 impudentissimas
1851 2354 1944 2410 de-

367 2465 524 2517 clinet
575 2458 644 2513 ad
673 2473 774 2512 me.
812 2453 1140 2523 Quicunque
1181 2452 1348 2522 igitur
1411 2449 1503 2504 Dei
1559 2446 1950 2518 cogitationem

369 2555 612 2611 nondum
645 2549 752 2604 fert
783 2550 839 2602 in
873 2561 972 2602 sua
1007 2551 1208 2610 mente,
1242 2543 1308 2598 ad
1349 2557 1437 2598 me
1465 2535 1670 2604 veniat,
1717 2537 1946 2592 deorum

381 2641 788 2701 multitudinem
829 2637 1129 2694 docendus.

445 2757 514 2812 Et
539 2757 629 2828 qui
655 2769 810 2810 sensu
833 2760 1037 2815 carent,
1065 2765 1154 2804 eos
1177 2749 1360 2803 hortor
1387 2747 1586 2803 dicens.
1641 2745 1706 2801 Et
1735 2762 1829 2802 eos
1857 2745 1950 2818 qui

323 2833 646 2907 'noveruut
676 2845 896 2916 quidem
927 2841 1120 2906 Deum,
1171 2839 1430 2894 mandata
1461 2847 1646 2894 autem
1681 2838 1802 2909 ejus
1843 2851 1951 2895 non

374 2949 620 3000 servant.
652 2936 831 2992 invito
865 2933 1123 2994 dictitans
1161 2946 1174 2984 :

2023 439 2336 494 ἀποτίκτειν
2403 435 2721 506 λογισμοὺς,
2778 438 3050 507 στερεῖ-σαι
3105 433 3199 487 τοῦ
3253 433 3408 503 δίκην
3431 435 3597 505 ἄρτου

2025 530 2318 602 τρέφοντος
2349 527 2445 584 καὶ
2470 527 2822 599 στηρίζοντος
2844 526 2940 589 τὰς
2962 525 3144 596 ψυχὰς
3169 523 3352 592 λόγου.

2103 645 2172 698 Ἢ
2195 645 2309 698 οὐκ
2349 641 2667 697 ἐπίσταται
2698 638 3024 709 αἰσχύνην.
3061 635 3137 690 Ἥ
3168 651 3254 700 τις
3310 635 3600 704 φαντασία,

2026 736 2125 806 τῆς
2151 735 2214 788 ὲκ
2240 732 2337 789 τοῦ
2387 731 2546 800 λόγου
2597 727 3031 800 ἑπιφαινομένης
3051 727 3195 799 αὐτῇ
3225 725 3482 798 μέμψεως
3507 726 3602 778 ἐπὶ

2027 828 2140 891 τοῖς
2162 825 2408 895 αξηρλϊς
2436 824 2858 896 ἐγχειρήμασιν,
2891 819 3358 874 οὑκαίσθάνεται.

2102 936 2184 993 ιδ’.
2229 933 2541 990 Ἐκάθισεν
2570 933 2671 987 ἐπὶ
2735 931 2942 1000 θύραις
2990 928 3098 984 τοῦ
3144 925 3368 996 ἑαυτῆς
3410 926 3604 982 οἶκοι).

2043 1029 2315 1101 Ἡδράσθη
2345 1027 2512 1099 γὰρὴ
2543 1024 2770 1095 τοιαύτη
2813 1022 3086 1094 φαντασία
3135 1021 3228 1074 ἐπὶ
3289 1021 3400 1084 τοῖς
3451 1018 3608 1088 δίκην

2032 1125 2215 1198 θυρῶν
2240 1125 2522 1195 εἰσάγουσι
2551 1123 2688 1194 πρὸς
2721 1120 2915 1193 αὐτὴν,
2949 1120 3071 1175 κατ’
3091 1119 3362 1191 αἴσθησιν,
3390 1117 3610 1188 τὴντῶν

2032 1217 2244 1288 ὁρατῶν
2269 1217 2592 1287 ἐπιφάνειαν
2629 1213 3006 1286 αἰσθητηρίοις
3041 1211 3133 1266 τοῦ
3169 1209 3314 1265 κατὰ
3341 1209 3498 1278 φύσιν
3527 1209 3610 1261 οἱ·

2035 1309 2298 1381 κητηρίου
2325 1308 2530 1380 ταύτης
2550 1306 2801 1378 σαρκίου.

2117 1422 2244 1477 Ἐπί
2263 1423 2477 1492 δίφρου
2516 1420 2795 1492 ἐμφανῶς
2825 1420 2896 1475 ἐν
2923 1419 3254 1485 πλατείαις.
3300 1415 3614 1487 ’Υποστρώο

2038 1531 2183 1570 σασα
2208 1515 2376 1584 ἑαυτῇ
2412 1513 2553 1590 ’κατ’
2598 1511 2895 1582 ἐπιθυμίαν
2927 1511 3022 1564 καὶ
3079 1509 3274 1579 θυμὸν,
3306 1509 3367 1560 τὸ
3393 1507 3612 1572 διανοη-

2037 1606 2210 1669 τικδν,
2245 1604 2322 1668 ῶς
2349 1621 2474 1658 τινα
2509 1603 2842 1674 ὑψηλότατον
2894 1601 3106 1672 θρόνον,
3132 1602 3190 1654 ὲν
3218 1601 3338 1662 ταῖς
3371 1595 3616 1670 εὐρυχὼ·

1969 1685 2015 1745 Β
2046 1716 2160 1769 ροις
2195 1698 2315 1753 καθ’
2345 1697 2678 1767 ἡδυπάθειαν
2700 1697 2799 1767 τῆς
2827 1694 3106 1760 ἀπωλείας
3137 1694 3298 1756 δδοίς.

2115 1808 2196 1863 ιε’.
2227 1806 2742 1877 Προσκαλουμένη
2773 1805 2914 1872 τοὺς
2966 1805 3310 1876 παριόντας,
3348 1802 3446 1856 καὶ
3476 1815 3621 1856 καε-

2043 1902 2412 1965 ευθύνοντας
2430 1899 2500 1953 ἐν
2517 1898 2648 1965 ταῖς
2675 1897 2840 1964 ὁδοῖς
2857 1896 3076 1952 αὐτῶν.
3101 1894 3473 1965 Ἐφελκόμενη
3491 1895 3619 1957 τοὺς

2046 1993 2144 2064 τὴν
2177 1991 2477 2063 παροδικὴν
2508 1991 2714 2062 ταύτην
2766 1989 3213 2060 διεξερχομένους
3238 1985 3404 2058 ζωὴν,
3437 1985 3535 2040 καὶ
3564 1987 3625 2039 ὲν

2045 2086 2161 2147 τοῖς
2190 2083 2333 2138 κατὰ
2361 2084 2454 2137 τὸν
2481 2083 2600 2154 βίον
2647 2082 3078 2155 ἐπιτηδεύμασιν
3127 2079 3330 2144 αὐτῶν,
3367 2078 3441 2149 μή
3479 2093 3624 2130 τισιν

2048 2175 2296 2246 ἀνιαροῖς
2319 2175 2746 2244 ἐντυγχάνοντας
2777 2174 3007 2245 συναντή
3018 2189 3150 2244 μασι
3176 2188 3188 2201 ·
3217 2171 3313 2224 καὶ
3363 2169 3627 2232 ἐναντίως

2048 2269 2116 2341 τῆ
2143 2267 2306 2340 σοφίᾳ
2333 2267 2459 2322 τάδε
2489 2267 2700 2330 τούτοις
2722 2267 2989 2321 διδάσκει.

2123 2387 2222 2446 ις’.
2247 2380 2357 2446 ’ος
2378 2380 2552 2435 ἐστιν
2605 2378 2774 2449 ὑμῶν
2825 2379 3276 2450 ἀφρονέστατος
3295 2373 3633 2430 ἐκκλινάτω

2053 2473 2202 2542 πρός
2221 2489 2316 2542 με.
2349 2473 2448 2536 Ὃς
2471 2490 2556 2537 τις
2585 2467 2681 2527 οὖν
2712 2472 2920 2526 ἔννοιαν
2964 2469 3100 2524 Θεοῦ
3135 2469 3257 2540 μηδ’
3293 2465 3545 2522 ὁπωσοῦν
3575 2467 3636 2519 ὲν

2052 2567 2119 2635 τῇ
2137 2563 2309 2618 αὑτοῦ
2337 2563 2531 2636 περιφέ
2543 2545 2813 2636 ρειῖικυχῇ,
2837 2562 3038 2618 ἐλθέτω
3065 2562 3202 2633 πρός
3228 2576 3318 2632 με,
3344 2555 3638 2614 πολυθεῒαν

2059 2657 2350 2729 διδαχθησό
2357 2675 2535 2727 μενος.
3099 2643 3122 2677 λ’

2131 2767 2240 2823 Καὶ
2260 2767 2383 2834 τοῖς
2416 2767 2649 2822 ἐνδεέσι
2702 2765 2940 2837 φρενῶν
2986 2765 3492 2832 παρακελεύομαι,
3529 2763 3641 2818 .λέ-

2059 2873 2275 2930 τουσα.
2335 2860 2443 2912 Καὶ
2476 2861 2590 2922 τοῖς
2639 2857 2970 2928 γινώσκουσι
3017 2858 3116 2928 μὲν
3171 2856 3325 2918 Θεὸν,
3357 2856 3456 2918 τὰς
3481 2855 3529 2908 δ’
3553 2857 3648 2908 ὲν-

2059 2952 2221 3017 τολὰς
2241 2951 2406 3021 αὑτοῦ
2436 2951 2510 3024 μὴ
2536 2949 2786 3022 τηροῦσι,
2819 2950 3070 3022 παραινῶ
3100 2949 3384 3020 φάσκουσα
3404 2965 3420 2980 ο

449 3055 616 3108 Vsus.
646 3052 737 3104 i7.
768 3049 968 3104 Panem
995 3045 1363 3100 absconditum
1393 3045 1586 3107 capite.
1619 3042 1798 3115 Opera
1831 3059 1951 3116 quae

2131 3065 2214 3131 ιζ’.
2254 3067 2484 3135 "Aptior
2512 3066 2779 3135 κρυφίων
2800 3065 3060 3135 dab-acac.
3124 3065 3344 3136 Ἔργων
3395 3062 3505 3116 τῶν
3538 3063 3651 3134 τὴν

379 3147 602 3203 malitiae
655 3143 898 3198 habitum
957 3149 1020 3195 ut
1083 3139 1304 3206 quidam
1358 3152 1528 3208 panes
1584 3138 1857 3203 nutriunt,
1899 3146 1955 3192 et

378 3237 572 3293 oculos
621 3233 902 3290 hominum
971 3229 1165 3283 fallunt
1211 3235 1417 3293 tamen,
1465 3243 1590 3282 cum
1645 3227 1828 3284 laetitia
1857 3243 1954 3298 gu-

379 3338 542 3386 state.

454 3439 525 3494 Et
593 3451 785 3508 aquam
835 3435 980 3506 furto
1025 3433 1261 3488 ablatam
1325 3439 1376 3486 et
1439 3431 1729 3488 dulciorem
1781 3431 1956 3486 bibite.

382 3535 450 3590 Et
480 3529 825 3589 sensibilium
849 3527 1156 3592 scientiam,
1190 3533 1248 3578 ut
1281 3524 1529 3594 quaedam
1585 3540 1727 3594 aqua
1757 3523 1963 3581 excitat

383 3626 556 3688 sitim,
606 3621 938 3678 excitantem
980 3619 1047 3673 ad
1103 3618 1219 3674 haec
1280 3617 1717 3672 irrationabilem
1768 3617 1965 3672 anima:

384 3715 830 3787 propensionem,
881 3725 949 3766 eo
1011 3710 1160 3781 quod
1245 3725 1402 3766 mens
1434 3709 1732 3779 voluptatis
1767 3708 1966 3780 gaudio

270 3883 274 3886 ν
385 3808 674 3876 arripitur,
714 3804 778 3859 ad
815 3803 1122 3859 satietatem
1165 3800 1586 3872 aggrediamini.

459 3897 626 3954 Vens.
668 3896 752 3950 18.
798 3894 900 3950 Ille
931 3905 1110 3948 autem
1149 3894 1364 3947 nescivit
1395 3892 1533 3962 quod
1559 3893 1793 3962 gigantes
1825 3892 1966 3961 apud

386 4007 504 4049 eam
542 3997 778 4059 pereant,
802 3995 850 4042 et
874 3987 941 4040 ad
974 3985 1332 4056 lignainferni
1369 3985 1620 4039 occurrit.
1643 3982 1760 4049 Qui.
1785 3991 1968 4038 autem

387 4074 479 4141 illi.
501 4081 712 4146 obedit,
743 4079 961 4152 ignorat
993 4093 1091 4135 eos
1124 4079 1218 4149 qui
1289 4085 1516 4132 terrena
1571 4076 1836 4148 cogitant,
1873 4089 1972 4146 per

390 4179 540 4231 illam
573 4183 806 4230 mortem
843 4172 1044 4228 animae
1093 4173 1199 4228 sibi
1248 4171 1551 4227 attrahere.
1587 4167 1714 4224 Ideo
1751 4176 1807 4225 et
1854 4167 1973 4239 ipse

392 4267 448 4321 in
479 4260 812 4335 perditionis
845 4259 1168 4315 barathrum
1205 4258 1422 4314 incidit.
1473 4254 1542 4309 Et
1585 4255 1702 4310 haec
1748 4253 1973 4324 quidem

392 4355 552 4412 ellicit
575 4367 820 4425 praeceps
864 4350 1176 4422 phantasia.
1212 4349 1293 4405 Tu
1333 4363 1462 4406 vero
1496 4346 1654 4418 longe
1681 4346 1750 4401 ab
1783 4345 1874 4401 illa
1905 4345 1972 4400 ad

394 4446 667 4504 rationem
705 4441 1046 4514 cogitatione
1075 4448 1167 4495 tua
1192 4440 1450 4498 ascende.

471 4639 576 4696 Sed
601 4637 833 4709 aufuge;
871 4652 934 4690 ne
969 4633 1145 4689 tardes
1174 4635 1227 4687 in
1254 4634 1370 4689 loco
1398 4635 1533 4704 ejus.
1558 4631 1638 4690 Ne
1667 4632 1978 4688 immoreris

397 4729 739 4800 sensibilium
777 4727 939 4790 visui,
978 4741 1141 4796 quem
1173 4726 1351 4781 solum
1390 4726 1678 4796 phantasia
1733 4725 1977 4780 circum-

397 4825 605 4884 ferens,
629 4834 820 4878 eorum
844 4833 976 4874 vero
997 4817 1066 4873 ad
1097 4819 1364 4873 rationem
1388 4819 1595 4888 absque
1615 4815 1978 4888 intelligentia

396 4913 710 4984 pertingere
763 4924 873 4966 non
920 4909 1132 4976 valens,
1165 4909 1218 4964 in
1257 4923 1338 4976 se,
1374 4918 1434 4964 ut
1472 4908 1529 4964 in
1577 4907 1804 4980 proprio
1833 4908 1976 4971 loco,

399 5002 691 5061 describit.

472 5093 556 5149 Ne
577 5093 832 5150 sustollas
871 5093 1081 5149 oculum
1115 5105 1262 5148 tuum
1313 5093 1382 5147 ad
1427 5093 1602 5148 illam.
1625 5089 1704 5147 Ne
1734 5091 1980 5147 inconsi-

399 5185 588 5242 derate
653 5185 1044 5256 intelligentem
1101 5186 1321 5240 oculum
1386 5195 1538 5238 tuum
1597 5183 1700 5254 ipsi
1755 5183 1981 5255 adaptes

399 5275 740 5351 phantasiae;
776 5291 900 5331 cum
954 5278 1137 5348 possis
1167 5291 1288 5332 eam
1324 5291 1419 5347 per
1443 5275 1831 5347 cogitationem
1873 5277 1983 5331 cir-

401 5366 768 5439 cumspieere,
787 5373 842 5421 et
866 5366 1116 5423 rationes
1170 5383 1356 5422 rerum
1387 5365 1574 5422 videre
1596 5373 1651 5421 et
1683 5365 1750 5420 ad
1780 5366 1980 5421 verita-

402 5474 510 5521 tem
539 5460 596 5515 in
633 5457 910 5514 universis
939 5457 1273 5528 pertingere.

472 5576 564 5634 Sic
599 5577 738 5632 enim
774 5573 1027 5629 transibis
1058 5588 1250 5642 aquam
1288 5573 1641 5642 peregrinam.
1674 5573 1790 5628 Hoc
1821 5573 1982 5626 modo

405 5673 550 5728 enim
591 5688 698 5728 non
729 5669 1062 5726 madefactus
1105 5667 1365 5723 transibis
1399 5668 1530 5722 illud
1570 5687 1677 5723 non
1721 5669 1787 5722 ab
1826 5670 1982 5722 initio

2061 3157 2174 3224 ἕξιν
2219 3159 2319 3229 τῆς
2367 3159 2566 3222 κακίας
2609 3157 2938 3230 τρεφόντων,
2994 3153 3084 3210 οἷά
3109 3173 3270 3210 τινων
3307 3156 3507 3227 ἄρτων,
3545 3155 3652 3208 καὶ

2062 3249 2437 3303 λανθανόντων
2465 3249 2781 3321 ὀφθαλμοὺς
2804 3247 3129 3322 ἀνθρώπων,
3165 3247 3494 3320 μεθ’ήδονῆς
3517 3249 3651 3317 γεύ-

2067 3338 2254 3394 σασθε.

2137 3447 2248 3502 Καὶ
2281 3448 2502 3515 ὕδατος
2542 3447 2781 3518 κλοπῆς
2809 3448 3110 3520 γλυκεροῦ
3141 3451 3324 3507 alere.
3360 3450 3474 3506 Καὶ
3501 3449 3651 3519 γνῶ.

2071 3555 2210 3601 σεως
2231 3539 2340 3592 τῶν
2364 3540 3166 3613 αἰσθητῶν,παραμυθουμένης
3195 3538 3286 3596 οϊά
3311 3542 3416 3612 πέρ
3431 3559 3487 3596 τι
3501 3542 3650 3610 ὕδωρ

2070 3631 2230 3702 δίψης
2260 3631 2630 3703 παραμύθιον,
2653 3633 2752 3703 τὴν
2786 3633 2916 3704 περὶ
2939 3632 3114 3688 ταῦτα
3135 3633 3233 3704 τῆς
3250 3633 3428 3704 ψυχῆς
3449 3633 3650 3702 ἄλογον

2073 3722 2272 3793 ὄρεξιν,
2305 3725 2370 3776 ἐκ
2394 3721 2490 3776 τοῦ
2519 3709 2862 3778 ’κλέπτεσθαι
2881 3724 2973 3777 τὺν
3002 3723 3126 3779 νοῦν
3153 3721 3231 3794 τῷ
3252 3723 3381 3794 λείῳ
3405 3725 3508 3794 τῆς
3535 3725 3654 3795 ἡδο-

2073 3817 2193 3884 νῆς,
2221 3815 2302 3876 είς
2325 3815 2487 3886 κόρον
2518 3815 2840 3884 μετάσχετε.

2147 3911 2236 3975 ιη’.
2279 3904 2343 3958 '0
2370 3905 2438 3958 δὲ
2463 3907 2576 3960 οὐκ
2599 3902 2762 3960 οἶδεν
2787 3905 2876 3960 ὅτι
2905 3905 3178 3977 γηγενεῖς
3199 3907 3336 3976 παρ’
3352 3905 3511 3975 αὐτῇ
3543 3907 3654 3962 ὅλ-

2074 4000 2289 4052 λυνται
2313 4013 2326 4026 ·
2359 3996 2458 4049 καὶ
2487 3996 2586 4049 ἐπὶ
2609 3994 2910 4064 πέταυρον
2961 3994 3111 4063 ᾅδου
3158 3993 3456 4060 συναντᾷ.
3501 3993 3564 4048 '0
3598 3993 3656 4048 δὲ

2076 4087 2254 4162 ταύτῃ
2284 4087 2631 4158 πειθόμενος,
2661 4087 2846 4156 ἀγνοεῖ
2898 4087 2981 4142 ὅτι
3021 4087 3090 4141 δι’
3111 4086 3352 4156 αὐτῆςοί
3383 4085 3456 4140 τὰ
3490 4090 3660 4158 γήϊνα

2079 4178 2424 4252 φρονοῦντες,
2438 4177 2660 4248 δλεθρον
2675 4177 3018 4232 ἐπισπῶνται
3037 4178 3239 4248 ψυχῆς.
3262 4179 3372 4232 Καὶ
3386 4177 3474 4231 διὰ
3495 4177 3663 4230 τοῦτο

2079 4269 2175 4324 καὶ
2207 4270 2372 4334 αὐτὸς
2396 4271 2478 4335 εἰς
2511 4269 2573 4323 τὸ
2595 4269 2694 4341 τῆς
2721 4269 3004 4334 ἀπωλείας
3051 4271 3292 4341 καταντᾷ
3341 4268 3623 4340 βάραθρον
3642 4285 3658 4300 ·
3697 4327 3708 4339 ,

2006 4399 2054 4460 D
2081 4363 2176 4416 καὶ
2209 4361 2383 4416 ταῦτα
2427 4363 2589 4435 μὲνὴ
2621 4362 2900 4432 προπετὴς
2940 4360 3214 4432 φαντασία
3247 4378 3260 4392 ·
3293 4360 3430 4415 ἀλλὰ
3458 4361 3522 4413 σὺ
3561 4376 3663 4414 τα-

2080 4457 2222 4527 χέως
2270 4457 2366 4510 ἀπ’
2417 4456 2590 4526 αὐτῆς
2645 4454 2894 4528 ὕψὼθητι
2957 4455 3094 4527 πρὸς
3149 4454 3307 4526 λόγον
3350 4454 3494 4508 κατὰ
3545 4453 3667 4507 διᾶ-

2081 4563 2250 4600 νοιαν.

2149 4639 2310 4694 Ἀλλ’
2339 4638 2767 4710 ἀποπήδησον,
2793 4638 2880 4709 μὴ
2919 4638 3215 4708 χρονία-ης
3239 4637 3308 4692 ἐν
3352 4637 3514 4702 τόπῳ
3553 4639 3666 4693 αὐ-

2081 4729 2211 4799 τῆς.
2239 4731 2332 4800 Μὴ
2360 4729 2704 4804 ἐμϐραδύνῃς
2720 4731 2786 4801 τῇ
2805 4730 2914 4783 τῶν
2943 4730 3217 4802 αἰσθητῶν
3249 4729 3572 4800 ἐπιφανείᾳ,
3601 4730 3669 4802 ἢν

2082 4826 2116 4896 ὴ
2151 4823 2424 4893 φαντασία
2481 4825 2858 4895 περιφέρουσα
2914 4823 3102 4896 μόνην,
3135 4823 3271 4896 πρὸς
3298 4823 3357 4877 δὲ
3381 4823 3510 4885 τοὺς
3539 4822 3670 4876 τού-

2081 4933 2193 4970 των
2217 4916 2429 4984 λόγους,
2481 4915 2722 4980 διανοίας
2741 4917 2910 4987 χωρὶς
2942 4915 3196 4986 διαϐῆναι
3232 4913 3307 4986 μὴ
3327 4912 3665 4986 δυναμένης,

2083 5009 2142 5060 ὲν
2165 5007 2298 5078 αὐτῇ
2331 5006 2737 5078 περιγράφεται
2765 5005 2838 5072 ὡς
2873 5007 2931 5059 ὲν
2959 5007 3110 5077 τόπῳ
3136 5005 3272 5076 ἰδίῳ.

2155 5096 2323 5166 Μηδὲ
2365 5095 2709 5166 ἐπιστήσῃς
2757 5095 2874 5152 σὸν
2925 5095 3080 5166 ὄμμα
3107 5096 3259 5164 πρὸς
3278 5093 3496 5161 αὐτὴν.
3525 5093 3671 5165 Μηδ⁸

2083 5189 2504 5262 ἀπερισκέπτως
2541 5192 2603 5246 τὸ
2631 5191 2818 5260 νοερὸν
2845 5189 3000 5260 ὄμμα
3027 5206 3121 5243 σου
3169 5189 3304 5260 αὐτῇ
3371 5187 3672 5259 προσερεί-

2088 5299 2186 5354 σῃς
2214 5285 2281 5354 τῇ
2318 5283 2610 5355 φαντασίᾳο
2641 5282 2941 5353 δυνάμενος
2989 5281 3198 5353 ταύτην
3231 5281 3376 5335 κατά
3425 5281 3672 5336 διάνοιαν

2083 5373 2552 5446 περισκέπτεσθαι
2575 5391 2588 5404 ·
2625 5375 2720 5428 καὶ
2747 5376 2874 5435 τοὺς
2911 5373 3104 5442 λόγους
3146 5371 3256 5427 τῶν
3301 5372 3474 5427 ὄντων
3497 5373 3636 5444 όρᾷν
3655 5411 3671 5435 ,

2086 5467 2181 5519 καὶ
2209 5466 2345 5534 πρὸς
2364 5465 2462 5536 τὴν
2491 5466 2550 5519 ὲν
2573 5465 2720 5530 ὅλοις
2742 5465 3040 5520 διαϐαίνειν
3069 5456 3358 5536 ἀλήθειαν.

2158 5579 2325 5630 Οὕτω
2347 5577 2456 5646 γὰρ
2485 5577 2746 5649 διαϐήσῃ
2773 5577 2928 5646 ὕδωρ
2957 5577 3299 5646 ἀλλότριον.
3343 5575 3504 5628 Κατὰ
3553 5572 3649 5630 τοῦ

2085 5685 2174 5721 τον
2203 5668 2312 5737 γὰρ
2347 5669 2438 5721 τὸν
2470 5670 2690 5737 τρόπον,
2717 5670 2966 5740 ἀϐρόχως
2996 5669 3212 5742 διέλθῃς
3248 5668 3348 5739 τὴν
3375 5671 3450 5739 μὴ
3479 5668 3542 5732 ἐξ
3571 5671 3685 5742 ἀρε,
