3958 6202
372 224 507 316 1309

1392 254 1931 317 COMMENTABII
1962 257 2046 318 IN
2076 255 2532 321 PROVERBIA.

3473 250 3608 315 1310

362 365 463 435 χῆς
519 359 1008 434 συμπαραχθείσαν
1037 363 1102 433 τῇ
1147 360 1328 430 φύσει,
1385 364 1504 420 ἀλλ’
1559 367 1929 442 ὲπεγερθεϊσαε

2057 367 2111 422 in
2145 375 2339 423 natura
2377 366 2726 437 productum,
2757 360 2852 418 sed
2908 361 3203 415 excitatum
3234 369 3289 416 et
3325 375 3618 430 exaspera-

362 455 552 508 παθῶν
581 454 975 526 ἀγριαίνουσαν
1009 453 1308 510 θάλασσαν.

433 549 538 602 Καὶ
557 546 872 615 ὐπερϐήσῃ
903 545 1176 616 ποταμὸν·
1203 548 1551 618 ἀλλότριον.
1579 551 1693 605 Καὶ
1721 551 1782 605 τὸ
1804 553 1946 606 κατὰ

359 637 421 690 τὸ
444 637 772 707 φαινόμενον
789 636 892 707 τῆς
923 635 1140 706 φύσεως
1175 637 1336 706 ῥυτὸν
1366 637 1461 692 καὶ
1486 640 1798 710 παροδικδν,
1828 641 1857 696 ὃ
1879 642 1943 714 δὴ

360 726 453 781 καί
477 726 608 780 αὐτὸ
630 724 705 798 μὴ
734 727 854 779 κατ’
879 727 1056 797 ἀρχὰς
1089 727 1416 796 συγκτισθὲν
1464 730 1625 803 αὐτῇ,
1669 733 1752 796 είς
1780 732 1945 786 κατά-

361 835 542 888 κρισιν
570 818 657 872 διὰ
683 817 780 889 τὴν
815 818 1128 888 παράϐασιν
1157 818 1374 887 ἐλαϐεν,
1404 823 1567 894 ἀφεὶς
1596 823 1768 887 κάτω,
1797 807 1962 893 γνῶς’

359 928 448 961 ναι
472 910 640 974 agilis:
649 926 696 971 ις
719 909 818 978 τὴν
835 909 1194 966 ἀναλλοίωτον
1210 911 1390 983 αὐτῆς
1406 913 1549 968 κατὰ
1571 914 1634 967 τὸ
1649 913 1943 984 νοούμενον

359 1001 642 1072 διαμονήν.

442 1182 572 1236 Ἀπὸ
601 1180 670 1234 δὲ
703 1181 921 1250 ὕδατος
967 1183 1299 1252 ἀλλοτρίου
1365 1185 1670 1256 ἀπόσχου.
1712 1183 1848 1239 Ἀπδ
1883 1185 1941 1239 δὲ

360 1269 452 1335 τῆς
504 1269 749 1340 (δολερᾶς,
800 1273 893 1325 καὶ
947 1274 1092 1327 κατὰ
1143 1273 1236 1328 τὸν
1267 1276 1366 1346 τῆς
1393 1275 1610 1346 φύσεως
1638 1275 1798 1345 λόγον
1829 1276 1940 1330 ἀπὸ

355 1359 452 1428 τῆς
482 1361 590 1413 τῶν
617 1347 804 1415 παθῶν
836 1362 1036 1436 ἅλμης,
1065 1368 1140 1437 μὴ
1175 1369 1478 1439 μετάσχῃς.

427 1451 533 1504 Καὶ
575 1453 695 1506 ἀ.τὸ
739 1454 937 1522 πηγῆς
987 1457 1317 1525 ἀλλοτρίας
1349 1459 1435 1528 μὴ
1493 1460 1658 1526 πίῃς.
1694 1458 1938 1513 Καὶάπδ

353 1543 452 1611 τῆς
476 1546 687 1615 ὁρατῶν
717 1548 859 1602 κατὰ
891 1550 1060 1618 μόνην
1106 1551 1360 1622 αἴσθησιν
1403 1551 1678 1620 γνώσεως,
1704 1549 1936 1620 βλυστα-

354 1634 550 1706 νούσης
575 1633 670 1690 οἷά
700 1655 842 1702 τινος
885 1641 1071 1711 πηγῆς
1112 1642 1212 1714 τὴν
1247 1643 1480 1712 ῥευστὴν
1508 1642 1604 1695 καὶ
1633 1641 1937 1714 παροδικὴν

2046 468 2159 514 tum
2185 457 2545 528 cupiditatum
2579 467 2753 509 mare.

2113 547 2181 602 Et
2204 546 2472 616 superabis
2495 547 2689 616 ﬂamen
2712 543 3059 612 peregrinum.
3089 541 3156 594 Et
3177 539 3320 610 quod
3343 540 3397 594 iu
3419 547 3613 598 natura

2045 641 2347 694 secundum
2380 652 2577 693 sensus
2601 643 2686 690 est
2708 633 2916 688 ﬂuxum
2940 638 2995 685 et
3023 630 3440 698 transitorium;
3468 632 3614 699 qttod

2045 730 2264 800 quidem
2301 742 2414 782 non
2445 727 2511 780 ab
2541 725 2700 780 initio
2739 737 2865 777 cum
2894 721 2987 776 illa
3009 729 3256 776 creatum
3289 728 3398 786 est,
3433 721 3527 799 sed
3557 723 3614 776 in

2043 826 2290 878 eamdem
2325 821 2596 874 rationem
2639 815 2888 871 additum
2943 820 3171 884 propter
3213 814 3616 891 transgressio-

2044 929 2193 978 nem,
2231 911 2375 968 infra
2411 919 2465 966 te
2496 909 2804 971 dimittens,
2839 920 3070 961 noscere
3102 903 3391 961 festinabis
3419 904 3616 962 immo-

2042 1005 2204 1060 bilem
2259 1003 2390 1074 ejus
2465 1001 2770 1058 secundum
2840 997 3228 1069 cogitationem
3277 997 3617 1068 permansio-

2040 1113 2189 1240 "ex:
2225 1201 2366 1256 aqua
2403 1184 2680 1254 peregrina
2715 1182 2938 1237 abstine.
2994 1180 3063 1236 Et
3103 1195 3230 1236 cum
3279 1181 3528 1247 turbido,
3560 1190 3618 1238 et

2040 1278 2344 1334 secundum
2387 1286 2598 1331 natura
2639 1277 2906 1330 rationem
2957 1274 3324 1344 cupiditatum
3373 1276 3508 1332 mari
3548 1291 3653 1331 ne-

2031 1379 2251 1440 partem
2282 1368 2504 1424 habeas.

2118 1455 2298 1527 Neque
2330 1457 2478 1510 bibas
2504 1455 2569 1511 de
2591 1455 2735 1526 [ante
2761 1454 3062 1524 peregrino.
3089 1451 3158 1505 Et
3210 1452 3278 1507 de
3317 1431 3615 1507 visibilium

2037 1567 2137 1623 per
2163 1553 2311 1606 solos
2342 1565 2538 1606 sensus
2563 1549 2828 1612 scientia,
2873 1546 3242 1610 scaturiente,
3276 1553 3338 1598 ut
3377 1543 3617 1613 quodam

2039 1642 2189 1698 fonte
2209 1684 2222 1706 ,
2251 1639 2452 1695 ﬂuxam
2480 1645 2536 1694 et
2572 1638 2955 1694 transitoriam
2996 1635 3295 1705 voluptatis
3323 1644 3376 1690 et
3412 1632 3619 1688 doloris

353 1725 477 1778 καθ’
500 1727 692 1801 ἡδονὴν
710 1730 804 1782 καὶ
815 1730 1010 1800 ὀδύνην
1032 1731 1199 1803 ζωὴν,
1226 1736 1319 1786 καὶ
1339 1733 1414 1796 ὡς
1439 1734 1647 1788 οἰκείαν
1669 1737 1735 1804 τῇ
1755 1733 1929 1802 ἀλόγῳ

2052 1732 2204 1787 vitam
2227 1747 2242 1795 ;
2266 1744 2433 1800 quam
2463 1742 2594 1784 vero
2624 1738 2686 1783 ut
2709 1725 3074 1782 irrationabili
3099 1733 3307 1780 natura:
3338 1723 3616 1794 propriam

353 1814 514 1884 φύσει
569 1818 988 1892 ἀπεξενωμένης
1039 1823 1142 1892 τῆς
1191 1824 1497 1892 πεφυκυίας
1529 1823 1597 1877 τὰ
1641 1823 1771 1877 ὄντα
1793 1823 1936 1878 κατὰ

351 1907 508 1976 λόγον
533 1910 862 1965 ἐπίστασθαι
902 1912 1126 1984 λογικῆς
1160 1913 1396 1982 φύσεως,
1429 1913 1504 1984 μὴ
1550 1914 1745 1986 γεύσῃ.

426 1999 560 2054 Ἵνα
599 2001 800 2056 πολὺν
830 2003 1020 2074 (lianc
1044 2006 1286 2074 χρόνον.
1321 2005 1509 2068 Ὅπως
1540 2005 1768 2076 μόνιμον
1813 2003 1936 2059 κατ’

352 2088 557 2159 ἀρετὴν
593 2089 658 2160 ζὴ
670 2109 768 2162 σῃς
797 2091 968 2163 ζωήν.

421 2179 533 2231 Kal
574 2157 1050 2249 ap'oozteodaetai
1069 2198 1169 2238 σοι
1195 2184 1299 2253 ἔτη
1318 2183 1487 2254 ζωῆς.
1528 2157 1933 2255 ³Επεκταθήσε-

351 2285 440 2322 ται
459 2269 516 2322 δέ
541 2287 620 2322 σοι
647 2272 715 2324 τὰ
739 2272 836 2342 τῆς
866 2276 1208 2346 προσκαίρου
1238 2276 1382 2348 ζωῆς
1413 2277 1531 2349 ἐτη,
1577 2275 1936 2348 μεταστειλά·

355 2361 494 2430 μενά
554 2379 613 2414 σε
648 2401 662 2426 ,
719 2363 807 2416 διὰ
859 2364 957 2436 τὴν
1014 2367 1072 2418 ὲν
1123 2367 1334 2429 τούτοις
1381 2368 1566 2423 ἐνθεόν
1625 2387 1720 2422 σου
1777 2368 1934 2423 πολι-

351 2453 526 2517 τείαν,
586 2455 726 2527 πρὸς
780 2456 881 2528 τὴν
937 2457 1236 2528 μέλλουσαν
1285 2462 1480 2533 ἀγήρω
1531 2461 1626 2516 καὶ
1652 2462 1933 2534 μακαρίαν

354 2543 523 2617 ζωήν·

971 2703 1224 2760 ΚΕΦΑΛ.
1269 2705 1324 2760 I'.

424 2839 493 2890 α’.
524 2835 659 2901 Υἱὸς
715 2837 912 2906 σοφὸς
947 2839 1256 2907 εὐφραίνει
1315 2840 1563 2908 πατέρα.
1597 2842 1792 2896 Ἔνθεν
1847 2859 1932 2896 τοι

255 2917 262 2936 ¹
353 2923 506 2993 λόγος
527 2928 674 2980 τικτέ
683 2945 841 2996 μενος
871 2929 966 2997 μὲν
991 2930 1097 2982 ἀπὸ
1119 2931 1234 2994 νοὸς
1253 2933 1392 2984 κατὰ
1419 2932 1652 2986 διάνοιαν
1673 2936 1738 3004 τῇ
1759 2932 1928 3004 ψυχῇ,

354 3016 676 3084 ἐπιστήμων
697 3017 753 3069 δὲ
777 3018 870 3071 τοῦ
895 3019 1061 3082 ὅντως
1091 3019 1279 3082 καλοῦ,
1309 3023 1594 3092 χαροποιεῖ
1625 3039 1928 3092 πνευματι-

2037 1823 2258 1894 expellit
2291 1819 2634 1875 rationabilis
2680 1829 2875 1872 natura
2917 1818 2983 1871 ad
3021 1817 3111 1873 re's
3143 1815 3358 1870 ratione
3393 1825 3622 1886 cognos-

2036 1913 2244 1970 cendas
2275 1921 2422 1982 apta,
2446 1910 2559 1965 noli
2589 1919 2844 1980 gustare.

2111 2002 2178 2056 Ut
2206 2004 2431 2058 multum
2453 2002 2597 2056 vittas
2626 2009 2850 2070 tempus.
2873 1997 2942 2053 Ut
2968 1996 3221 2053 stabilem
3245 2011 3341 2069 per
3365 1997 3621 2050 virtutem

2034 2097 2190 2152 vivas
2216 2097 2408 2151 vitam.
3168 2151 3176 2159 ,

2114 2187 2180 2241 Et
2239 2189 2500 2260 addentur
2539 2186 2634 2239 tibi
2669 2185 2796 2239 anui
2837 2184 2980 2240 vim.
3069 2180 3454 2238 Extettdentttr
3515 2178 3618 2233 tibi

2033 2287 2429 2334 momentanem
2449 2277 2572 2331 vita
2600 2277 2724 2330 anni
2748 2313 2765 2338 ,
2789 2283 3133 2330 arcessentes
3158 2281 3212 2326 te
3237 2278 3461 2340 propter
3484 2270 3620 2325 divi-

2034 2383 2160 2422 nam
2192 2376 2339 2422 tuam
2370 2371 2425 2422 in
2454 2368 2565 2423 illis
2587 2365 2781 2437 agendi
2815 2363 3126 2420 rationibus
3158 2361 3469 2417 adfuturam
3499 2361 3620 2418 sine

2034 2462 2143 2517 line
2170 2470 2226 2516 et
2251 2461 2468 2516 beatam
2498 2461 2688 2514 vitam.

2693 2691 2847 2748 CAP.
2892 2692 2958 2748 Χ.

2104 2829 2274 2887 Vens.
2309 2831 2362 2884 Ι.
2415 2828 2590 2884 Filius
2637 2830 2844 2898 sapiens
2917 2829 3159 2900 laetiﬁcat
3214 2837 3440 2900 patrem.
3490 2828 3618 2886 Inde

2035 2936 2168 2977 sane
2197 2921 2341 2976 ratio
2366 2935 2397 2975 a
2427 2928 2610 2976 mente
2651 2934 2749 2991 per
2791 2922 3178 2992 cogitationem
3217 2923 3270 2976 in
3312 2924 3496 2976 anima
3527 2937 3619 2992 ge-

2035 3020 2244 3076 nerata,
2287 3023 2523 3064 noscens
2572 3016 2752 3063 autem
2800 3008 2950 3078 quod
2991 3025 3120 3064 vere
3161 3009 3454 3080 pulchrum
3508 3015 3614 3071 est.

353 3105 466 3169 κῶς
490 3105 578 3158 διὰ
602 3110 696 3176 τῆς
715 3107 948 3178 ἀληθοῦς
973 3109 1102 3178 περὶ
1123 3110 1232 3162 τῶν
1248 3111 1416 3165 ὄντων
1440 3113 1618 3184 δόξης.
1636 3113 1728 3165 τὸν
1755 3113 1927 3165 αἴτιον

2052 3117 2130 3156 ιρι·
2156 3116 2343 3156 veram
2371 3101 2442 3154 de
2472 3101 2640 3156 rebus
2663 3100 2981 3171 opinionem
3007 3116 3230 3157 causam
3262 3101 3438 3169 ipsius
3465 3115 3619 3154 men-

351 3197 516 3250 αὐτοῦ
572 3199 695 3252 νοῦν
727 3199 801 3262 ὡς
837 3201 974 3253 κατὰ
1032 3201 1190 3269 λόγον
1223 3203 1426 3273 ταύτης
1476 3205 1929 3276 ἐπιτυγχάνοντα,

349 3288 410 3343 ἑν
440 3290 516 3362 τῷ
539 3291 726 3358 ζητεῖν
750 3292 930 3345 αἰτίαν
958 3295 1016 3344 ἐν
1055 3294 1228 3348 ἅπασι
1259 3297 1378 3367 μετ’
1405 3297 1665 3366 ἐφέσεως.

429 3466 555 3528 Υίός
585 3466 654 3520 δὲ
685 3467 910 3536 ἄφρων,
937 3470 1102 3536 λύπη
1119 3471 1298 3538 μητρί
1305 3515 1316 3526 .
1349 3472 1623 3542 Λογισμδς
1649 3475 1727 3540 δὲ,
1752 3477 1932 3530 τικτό-

353 3573 514 3627 μενος
539 3557 638 3627 μὲν
668 3559 790 3610 κατ’
813 3559 1116 3632 αἴσθησινῆ
1144 3563 1444 3629 φαντασίαν
1469 3567 1534 3635 τῇ
1565 3565 1934 3636 ψυχῇ,ἀνεπι-

353 3648 577 3714 στήμων
597 3649 654 3701 δὲ
678 3649 770 3702 τοῦ
799 3649 970 3710 ὅντως
1000 3651 1188 3714 καλοῦ,
1218 3651 1397 3720 λύπης
1417 3655 1588 3717 αἴτιος
1617 3645 1814 3727 ταύτῃ,
1845 3657 1934 3711 διὰ

349 3737 450 3806 τὴν
470 3737 640 3809 ψευδῆ
654 3740 764 3792 τῶν
781 3741 950 3797 ὄντων
966 3741 1124 3806 δόξαν
1149 3744 1207 3806 es
1227 3745 1671 3816 ἀποτελέσματος
1694 3748 1930 3816 γίνεταυ

351 3828 653 3900 ὀρεγομένῃ
711 3831 811 3900 μὲν
867 3832 1078 3900 ἡδονῆς,
1140 3835 1613 3908 περιτυγχανούσῃ
1643 3837 1698 3890 δὲ
1728 3838 1888 3910 ὀδύνῃ
1913 3855 1928 3870 ·

349 3919 431 3972 ὅτι
463 3921 614 3983 τέλος
638 3921 737 3990 τῆς
760 3923 880 3974 κατ’
913 3922 1167 3993 αἴσθησιν
1191 3925 1402 3996 ἡδονῆς,
1432 3929 1464 3998 ἡ
1497 3928 1657 4000 ὀδύνη
1683 3929 1854 3983 ἐστίν.

421 4095 486 4168 β’.
511 4098 634 4152 Οὐκ
677 4097 1072 4168 ὠφελήσουσι
1125 4101 1416 4170 θησαυροὶ
1463 4101 1748 4171 ἀνόμους.
1797 4104 1931 4158 οὐδὲ

347 4190 457 4260 γὰρ
487 4190 912 4260 συμϐαλοῦνται,
943 4191 1080 4262 πρὸς
1113 4193 1436 4264 ἀπαλλαγὴν
1498 4194 1606 4248 τῶν
1632 4195 1926 4267 ὀδυνηρῶν,

348 4286 571 4352 ταμιεῖα
588 4283 844 4352 πλούτου,
865 4286 975 4348 τοῖς
1003 4285 1079 4357 μὴ
1105 4284 1247 4340 κατὰ
1275 4287 1472 4356 νόμους
1505 4287 1682 4351 Θείους
1708 4287 1928 4342 κενοῦσι

346 4373 520 4430 ταῦτα
533 4377 648 4438 τοῖς
671 4375 968 4447 δεομένοις.

416 4468 782 4534 Δικαιοσύνη
829 4467 897 4522 δὲ
921 4471 1130 4537 ῥύεται
1154 4469 1224 4524 ἐκ
1271 4468 1555 4525 θανάτου.
1603 4469 1667 4524 Ἦ
1691 4470 1748 4524 δὲ
1779 4473 1923 4526 κατὰ

344 4560 444 4622 τὰς
481 4559 632 4622 Θείας
657 4561 876 4625 ἐντολὰς
923 4563 1328 4635 ἁπαρὲγκλιτος
1377 4563 1472 4616 τοῦ
1521 4561 1692 4617 καλοῦ
1722 4565 1925 4633 κρίσις,

345 4650 440 4705 τοῦ
481 4651 602 4706 καθ’
645 4653 919 4724 ἁμαρτίαν
982 4655 1084 4725 τῆς
1132 4654 1310 4727 ψυχῆς
1368 4655 1703 4710 ἀπαλλάττει
1749 4657 1928 4711 κινδύο

346 4757 438 4794 νου
447 4781 460 4796 ο

417 4838 487 4900 γ’.
520 4834 604 4887 Οὐ
649 4834 1076 4902 λιμοκτονιὶσει
1121 4835 1338 4904 Κύριος
1392 4835 1602 4905 ψυχὰς
1653 4835 1922 4890 δικαίων.

343 4927 455 4979 Καὶ
478 4927 540 4980 οὐ
556 4928 806 5001 στερήσει
829 4930 861 4999 ἠ
883 4930 1357 5000 παντοκρατορικὴ
1386 4929 1609 4999 δύναμις
1637 4929 1730 4982 τοῦ
1764 4931 1922 4997 Θεοῦ,

343 5020 372 5072 ὁ
395 5019 587 5073 τούτου
611 5020 973 5084 ὲνυπόστατος
997 5022 1188 5088 Λόγος,
1204 5023 1305 5093 τῆς
1329 5022 1524 5077 ἑαυτοῦ
1544 5022 1922 5094 μεταλήψεως,

341 5111 508 5181 ἄρτου
535 5114 599 5166 ὲκ
621 5111 716 5166 τοῦ
741 5112 966 5184 ούρανοῦ
995 5113 1434 5178 καταϐαίνοντος,
1475 5115 1572 5176 τὰς
1595 5113 1926 5185 πειθομένας

339 5203 514 5274 αὐτῷ,
545 5207 609 5275 τῇ
639 5204 1110 5278 αὐτοδικαιοσύνῃ,
1168 5205 1344 5276 ψυχᾷς
1398 5205 1505 5258 τῶν
1553 5205 1806 5258 ἐντεῦθεν
1834 5205 1918 5259 δι-

341 5293 512 5356 καίως
537 5293 969 5366 πολιτευομένων
995 5297 1136 5350 κατὰ
1184 5295 1384 5365 πρᾶξιν
1411 5296 1518 5350 τῶν
1548 5297 1720 5364 ἁγίων
1755 5297 1924 5352 αὑτοῦ

341 5385 600 5440 ἐντολῶν.

411 5475 584 5544 Ζωὴν
609 5475 678 5529 δὲ
705 5475 946 5532 ἀσεϐῶν
961 5477 1080 5532 ἀνα
1091 5477 1306 5546 τρέψει.
1335 5479 1446 5551 Τὴν
1471 5480 1528 5534 δὲ
1552 5479 1800 5549 φιλόῦλον
1833 5481 1924 5534 καὶ

341 5564 623 5636 φιλήδονον
658 5565 804 5636 ζωὴν
850 5566 959 5619 τῶν
998 5566 1073 5638 μὴ
1101 5567 1467 5622 πιστευόντων
1497 5572 1577 5632 εἰς
1609 5571 1792 5636 αὑτὸν,
1829 5572 1923 5624 καὶ

339 5656 563 5726 (μωδιὰ
583 5657 690 5710 τῶν
717 5659 815 5728 τῆς
841 5659 1185 5728 δικαιοσύνης
1215 5660 1390 5730 ἔργων
1423 5659 1707 5731 τιμώντωκ
1740 5664 1802 5714 αὖ
1817 5664 1916 5714 τὸν.

2032 3199 2142 3246 tem
2206 3191 2469 3256 laetiﬁcat,
2525 3205 2648 3262 quae
2700 3194 3003 3246 secundum
3055 3193 3322 3248 rationem
3393 3189 3615 3244 veritati

2033 3283 2300 3347 occurrit,
2345 3282 2474 3336 dum
2525 3281 2582 3335 in
2629 3281 2893 3337 omnibus
2942 3293 3168 3336 causam
3221 3279 3484 3336 ardenter
3534 3281 3618 3333 in-

2032 3374 2226 3442 quirit.

2108 3462 2288 3520 Filius
2347 3481 2466 3520 vero
2517 3468 2735 3529 stultus,
2781 3466 3036 3520 mmstitia
3087 3464 3271 3518 matri.
3340 3462 3617 3534 Cogitatio

2033 3565 2238 3621 autem,
2274 3557 2580 3612 secundum
2608 3572 2806 3612 sensus
2837 3564 2932 3610 attt
2965 3557 3310 3624 phantasiam
3343 3554 3397 3608 in
3428 3553 3614 3608 anima

2033 3657 2314 3718 generata,
2341 3648 2506 3718 hujus
2522 3663 2653 3703 vero
2671 3648 2812 3717 quod
2839 3661 2964 3701 vere
2987 3647 3279 3716 pulchrum
3301 3654 3388 3700 est
3407 3647 3613 3713 ignara,

2035 3740 2312 3797 mmstitiae
2333 3755 2500 3796 causa
2523 3739 2717 3794 animat
2747 3739 2803 3792 lit
2833 3753 2900 3793 ex
2929 3744 3149 3800 eventu,
3176 3744 3398 3806 propter
3423 3736 3614 3790 falsam

2034 3834 2101 3888 de
2130 3835 2292 3888 rebus
2313 3832 2654 3903 opinionem,
2688 3845 2812 3901 qua
2853 3828 3074 3900 quidem
3108 3826 3354 3880 Letitiam
3386 3827 3612 3895 appetit.

2033 3924 2277 3979 dolorem
2317 3938 2447 3978 vero
2485 3921 2719 3984 invenit,
2763 3922 2892 3992 quia
2941 3918 3069 3974 ﬂuis
3121 3917 3290 3988 hujus
3349 3932 3473 3988 qua;
3517 3933 3616 3988 per

2033 4032 2232 4074 sensus
2261 4024 2346 4071 est
2378 4015 2597 4081 laetitiae,
2624 4015 2782 4069 dolor
2807 4023 2913 4068 est.

2105 4108 2272 4164 Vens.
2320 4108 2376 4162 2.
2412 4106 2568 4162 Nihil
2615 4105 2904 4176 proderunt
2958 4105 3198 4160 thesauri
3243 4105 3445 4176 impiis.
3492 4103 3610 4160 Non

2032 4202 2178 4254 enim
2229 4200 2295 4254 ad
2347 4200 2618 4254 malorum
2656 4199 3040 4252 liberationem
3089 4198 3355 4266 adjuvant
3417 4198 3610 4251 aeraria

2031 4291 2348 4344 divitiarum
2385 4306 2480 4345 eos
2509 4290 2601 4358 qui
2628 4304 2736 4344 non
2766 4304 2828 4344 ea
2861 4289 3014 4359 juxta
3041 4288 3189 4358 leges
3219 4288 3438 4342 divinas
3465 4288 3609 4342 indi-

1961 4420 2004 4474 D
2033 4384 2285 4454 gentibus
2309 4383 2638 4453 largiuntur.

2101 4475 2330 4530 Iustitia
2365 4491 2484 4529 vero
2512 4475 2756 4528 liberabit
2795 4492 2828 4528 a
2877 4485 3068 4528 morte.
3120 4471 3254 4539 Qua:
3291 4487 3420 4528 vero
3454 4472 3608 4542 juxta

2031 4566 2216 4621 divina
2247 4567 2499 4621 mandata
2523 4566 2832 4621 inﬂexibilis
2855 4574 2938 4622 est
2967 4566 3033 4620 de
3065 4566 3212 4620 bono
3241 4565 3538 4629 sententia,
3570 4581 3601 4620 a

2029 4659 2275 4728 periculo
2296 4658 2506 4728 peccati
2539 4659 2777 4713 animam
2807 4659 3020 4713 liberat.

2104 4835 2264 4891 Vens.
2298 4835 2351 4889 3.
2381 4833 2504 4889 Non
2529 4837 2718 4907 afﬂiget
2750 4835 3008 4890 Dominus
3027 4836 3168 4904 fame
3197 4836 3404 4890 animas
3430 4836 3610 4906 justo-

2031 4945 2170 4981 rum.
2226 4928 2348 4983 Non
2401 4928 2634 4996 privabit
2688 4928 2830 4981 enim
2889 4930 3240 4996 omnipotens
3299 4927 3604 4983 dominatio

2031 5019 2148 5085 Dei,
2176 5019 2650 5074 consttbstantiale
2680 5018 2801 5088 ejus
2857 5017 3114 5084 Verbum,
3151 5019 3236 5074 sui
3269 5020 3602 5089 receptione.

2028 5126 2167 5181 pane
2191 5109 2258 5188 de
2284 5109 2424 5165 coelo
2451 5107 2840 5168 descendente.
2874 5110 3090 5161 animas
3121 5109 3224 5178 ipsi
3251 5107 3486 5178 justitia
3517 5107 3606 5161 di-

2028 5205 2168 5260 vina:
2189 5202 2530 5266 obedientes,
2572 5217 2762 5257 eorum
2795 5201 3008 5254 anilitas
3041 5203 3136 5266 qui
3167 5201 3256 5256 hic
3283 5198 3434 5270 justo
3480 5214 3605 5266 ege-

2027 5306 2156 5350 runt
2192 5310 2288 5366 per
2317 5303 2638 5350 sanctorum
2679 5292 2854 5362 ipsius
2893 5293 3278 5346 mandatorum
3333 5291 3602 5361 adimple-

2030 5390 2256 5444 Honenu

2106 5481 2283 5536 Vitam
2312 5488 2487 5534 autem
2536 5479 2820 5548 impiorum
2865 5479 3144 5534 subvertet.
3185 5476 3356 5530 Vitam
3411 5481 3596 5528 autem

2027 5578 2339 5627 terrestrem
2364 5579 2418 5626 et
2446 5571 2826 5638 voluptuosam
2871 5583 3063 5622 eorum
3104 5566 3194 5635 qui
3229 5579 3334 5618 non
3369 5563 3422 5614 in
3467 5576 3596 5616 eum

2027 5660 2376 5716 crediderunt
2405 5675 2502 5714 net-
2530 5673 2625 5727 per
2652 5673 2816 5728 opera
2845 5653 3078 5726 jttstitue
3113 5655 3260 5707 illum
3295 5651 3510 5712 colunt,
3546 5649 3601 5704 iu
