  <div class='ocr_page' id='page_1' title='image "/cluster/home/n/w/nwhite01/storage/ocr_20150623/87:1/hvd.32044073502353/661.png"; bbox 0 0 3958 6202; ppageno 0'>
   <div class='ocr_carea' id='block_1_1' title="bbox 399 229 528 294">
    <p class='ocr_par' dir='ltr' id='par_1_1' title="bbox 399 229 528 294">
     <span class='ocr_line' id='line_1_1' title="bbox 399 229 528 294; baseline 0 0"><span class='ocrx_word' id='word_1_1' title='bbox 399 229 528 294; x_wconf 73' lang='grc'><strong>1311</strong></span> 
     </span>
    </p>
   </div>
   <div class='ocr_carea' id='block_1_2' title="bbox 1651 238 2287 301">
    <p class='ocr_par' dir='ltr' id='par_1_2' title="bbox 1651 238 2287 301">
     <span class='ocr_line' id='line_1_2' title="bbox 1651 238 2287 301; baseline -0.005 -1"><span class='ocrx_word' id='word_1_2' title='bbox 1651 238 2005 301; x_wconf 79' lang='lat' dir='ltr'><strong>PROCOPII</strong></span> <span class='ocrx_word' id='word_1_3' title='bbox 2045 239 2287 300; x_wconf 67' lang='grc' dir='ltr'><strong>(ΞᾹΖκΕί</strong></span> 
     </span>
    </p>
   </div>
   <div class='ocr_carea' id='block_1_3' title="bbox 3511 237 3642 302">
    <p class='ocr_par' dir='ltr' id='par_1_3' title="bbox 3511 237 3642 302">
     <span class='ocr_line' id='line_1_3' title="bbox 3511 237 3642 302; baseline -0.015 0"><span class='ocrx_word' id='word_1_4' title='bbox 3511 237 3642 302; x_wconf 80' lang='grc'><strong>1312</strong></span> 
     </span>
    </p>
   </div>
   <div class='ocr_carea' id='block_1_4' title="bbox 387 341 1940 423">
    <p class='ocr_par' dir='ltr' id='par_1_4' title="bbox 387 341 1940 420">
     <span class='ocr_line' id='line_1_4' title="bbox 387 341 1940 420; baseline 0.006 -23"><span class='ocrx_word' id='word_1_5' title='bbox 387 343 646 397; x_wconf 83' lang='lat' dir='ltr'><strong>acerbam</strong></span> <span class='ocrx_word' id='word_1_6' title='bbox 677 341 846 398; x_wconf 85' lang='lat' dir='ltr'><strong>vitam</strong></span> <span class='ocrx_word' id='word_1_7' title='bbox 879 355 1197 409; x_wconf 79' lang='lat' dir='ltr'><strong>convertet;</strong></span> <span class='ocrx_word' id='word_1_8' title='bbox 1231 347 1452 418; x_wconf 84' lang='lat' dir='ltr'><strong>quando</strong></span> <span class='ocrx_word' id='word_1_9' title='bbox 1479 347 1698 420; x_wconf 82' lang='lat' dir='ltr'><strong>quidem</strong></span> <span class='ocrx_word' id='word_1_10' title='bbox 1733 357 1786 405; x_wconf 90' lang='lat' dir='ltr'><strong>et</strong></span> <span class='ocrx_word' id='word_1_11' title='bbox 1821 365 1940 420; x_wconf 66' lang='lat' dir='ltr'><strong>prae-</strong></span> 
     </span>
    </p>
   </div>
   <div class='ocr_carea' id='block_1_5' title="bbox 2055 341 3638 423">
    <p class='ocr_par' dir='ltr' id='par_1_5' title="bbox 2059 349 3638 423">
     <span class='ocr_line' id='line_1_5' title="bbox 2059 349 3638 423; baseline 0.002 -20"><span class='ocrx_word' id='word_1_12' title='bbox 2059 354 2138 415; x_wconf 88' lang='grc' dir='ltr'><strong>εἰς</strong></span> <span class='ocrx_word' id='word_1_13' title='bbox 2193 349 2460 423; x_wconf 58' lang='grc' dir='ltr'>ὀδυνηρὰν</span> <span class='ocrx_word' id='word_1_14' title='bbox 2519 351 2737 415; x_wconf 88' lang='grc' dir='ltr'>πάντως</span> <span class='ocrx_word' id='word_1_15' title='bbox 2792 349 3144 422; x_wconf 61' lang='grc' dir='ltr'>περιτρέψεγ</span> <span class='ocrx_word' id='word_1_16' title='bbox 3183 350 3243 402; x_wconf 80' lang='grc' dir='ltr'>ὲν</span> <span class='ocrx_word' id='word_1_17' title='bbox 3265 349 3344 420; x_wconf 80' lang='grc' dir='ltr'>τῷ</span> <span class='ocrx_word' id='word_1_18' title='bbox 3373 367 3502 403; x_wconf 88' lang='grc' dir='ltr'>ποτε</span> <span class='ocrx_word' id='word_1_19' title='bbox 3547 355 3638 407; x_wconf 76' lang='grc' dir='ltr'>καὶ</span> 
     </span>
    </p>
   </div>
   <div class='ocr_carea' id='block_1_6' title="bbox 387 432 1919 512">
    <p class='ocr_par' dir='ltr' id='par_1_6' title="bbox 387 432 1919 512">
     <span class='ocr_line' id='line_1_6' title="bbox 387 432 1919 512; baseline 0.003 -22"><span class='ocrx_word' id='word_1_20' title='bbox 387 432 638 490; x_wconf 82' lang='lat' dir='ltr'><strong>sentibus</strong></span> <span class='ocrx_word' id='word_1_21' title='bbox 677 434 1040 506; x_wconf 90' lang='lat' dir='ltr'><strong>privabuntur</strong></span> <span class='ocrx_word' id='word_1_22' title='bbox 1066 447 1122 494; x_wconf 89' lang='lat' dir='ltr'><strong>et</strong></span> <span class='ocrx_word' id='word_1_23' title='bbox 1156 437 1340 494; x_wconf 79' lang='lat' dir='ltr'><strong>futura</strong></span> <span class='ocrx_word' id='word_1_24' title='bbox 1381 454 1491 494; x_wconf 90' lang='lat' dir='ltr'><strong>non</strong></span> <span class='ocrx_word' id='word_1_25' title='bbox 1531 448 1919 512; x_wconf 73' lang='lat' dir='ltr'><strong>assequentur.</strong></span> 
     </span>
    </p>
   </div>
   <div class='ocr_carea' id='block_1_7' title="bbox 455 629 1960 708">
    <p class='ocr_par' dir='ltr' id='par_1_7' title="bbox 455 629 1960 708">
     <span class='ocr_line' id='line_1_7' title="bbox 455 629 1960 708; baseline 0.005 -20"><span class='ocrx_word' id='word_1_26' title='bbox 455 629 620 689; x_wconf 72' lang='lat' dir='ltr'><strong>Vens.</strong></span> <span class='ocrx_word' id='word_1_27' title='bbox 644 634 698 690; x_wconf 76' lang='grc'><strong>4.</strong></span> <span class='ocrx_word' id='word_1_28' title='bbox 726 635 1024 706; x_wconf 86' lang='lat' dir='ltr'><strong>Paupertas</strong></span> <span class='ocrx_word' id='word_1_29' title='bbox 1046 636 1216 694; x_wconf 77' lang='lat' dir='ltr'><strong>uirum</strong></span> <span class='ocrx_word' id='word_1_30' title='bbox 1240 639 1508 708; x_wconf 76' lang='lat' dir='ltr'><strong>deprimit.</strong></span> <span class='ocrx_word' id='word_1_31' title='bbox 1533 639 1742 695; x_wconf 77' lang='lat' dir='ltr'><strong>Etenim</strong></span> <span class='ocrx_word' id='word_1_32' title='bbox 1774 639 1960 696; x_wconf 85' lang='lat' dir='ltr'><strong>oriens</strong></span> 
     </span>
    </p>
   </div>
   <div class='ocr_carea' id='block_1_8' title="bbox 382 727 1961 801">
    <p class='ocr_par' dir='ltr' id='par_1_8' title="bbox 382 727 1961 801">
     <span class='ocr_line' id='line_1_8' title="bbox 382 727 1961 801; baseline 0.002 -19"><span class='ocrx_word' id='word_1_33' title='bbox 382 741 450 782; x_wconf 90' lang='lat' dir='ltr'><strong>ex</strong></span> <span class='ocrx_word' id='word_1_34' title='bbox 487 727 814 799; x_wconf 72' lang='lat' dir='ltr'><strong>negligentia</strong></span> <span class='ocrx_word' id='word_1_35' title='bbox 844 728 1214 798; x_wconf 79' lang='lat' dir='ltr'><strong>Spiritualium</strong></span> <span class='ocrx_word' id='word_1_36' title='bbox 1243 731 1401 801; x_wconf 84' lang='lat' dir='ltr'><strong>juxta</strong></span> <span class='ocrx_word' id='word_1_37' title='bbox 1426 730 1734 787; x_wconf 89' lang='lat' dir='ltr'><strong>doctrinam</strong></span> <span class='ocrx_word' id='word_1_38' title='bbox 1761 738 1816 786; x_wconf 90' lang='lat' dir='ltr'><strong>et</strong></span> <span class='ocrx_word' id='word_1_39' title='bbox 1846 733 1961 786; x_wconf 86' lang='lat' dir='ltr'><strong>vir-</strong></span> 
     </span>
    </p>
   </div>
   <div class='ocr_carea' id='block_1_9' title="bbox 385 817 1958 898">
    <p class='ocr_par' dir='ltr' id='par_1_9' title="bbox 385 817 1958 898">
     <span class='ocr_line' id='line_1_9' title="bbox 385 817 1958 898; baseline 0.005 -28"><span class='ocrx_word' id='word_1_40' title='bbox 385 825 552 872; x_wconf 89' lang='lat' dir='ltr'><strong>tutem</strong></span> <span class='ocrx_word' id='word_1_41' title='bbox 571 817 882 898; x_wconf 80' lang='lat' dir='ltr'><strong>divitiarum</strong></span> <span class='ocrx_word' id='word_1_42' title='bbox 902 819 1224 890; x_wconf 76' lang='lat' dir='ltr'><strong>indigentia,</strong></span> <span class='ocrx_word' id='word_1_43' title='bbox 1251 837 1378 877; x_wconf 87' lang='lat' dir='ltr'><strong>eum</strong></span> <span class='ocrx_word' id='word_1_44' title='bbox 1401 823 1496 894; x_wconf 91' lang='lat' dir='ltr'><strong>qui</strong></span> <span class='ocrx_word' id='word_1_45' title='bbox 1527 823 1694 879; x_wconf 84' lang='lat' dir='ltr'><strong>homo</strong></span> <span class='ocrx_word' id='word_1_46' title='bbox 1735 823 1958 895; x_wconf 79' lang='lat' dir='ltr'><strong>quidem</strong></span> 
     </span>
    </p>
   </div>
   <div class='ocr_carea' id='block_1_10' title="bbox 381 913 1960 986">
    <p class='ocr_par' dir='ltr' id='par_1_10' title="bbox 381 913 1960 986">
     <span class='ocr_line' id='line_1_10' title="bbox 381 913 1960 986; baseline 0.004 -23"><span class='ocrx_word' id='word_1_47' title='bbox 381 915 490 972; x_wconf 84' lang='lat' dir='ltr'><strong>est,</strong></span> <span class='ocrx_word' id='word_1_48' title='bbox 521 924 644 964; x_wconf 90' lang='lat' dir='ltr'><strong>cum</strong></span> <span class='ocrx_word' id='word_1_49' title='bbox 691 920 883 966; x_wconf 89' lang='lat' dir='ltr'><strong>natura</strong></span> <span class='ocrx_word' id='word_1_50' title='bbox 923 913 1156 968; x_wconf 89' lang='lat' dir='ltr'><strong>sortitus</strong></span> <span class='ocrx_word' id='word_1_51' title='bbox 1191 913 1264 968; x_wconf 88' lang='lat' dir='ltr'><strong>sit</strong></span> <span class='ocrx_word' id='word_1_52' title='bbox 1295 914 1363 970; x_wconf 89' lang='lat' dir='ltr'><strong>ad</strong></span> <span class='ocrx_word' id='word_1_53' title='bbox 1397 914 1492 970; x_wconf 88' lang='lat' dir='ltr'><strong>Dei</strong></span> <span class='ocrx_word' id='word_1_54' title='bbox 1535 915 1828 986; x_wconf 81' lang='lat' dir='ltr'><strong>imaginem</strong></span> <span class='ocrx_word' id='word_1_55' title='bbox 1859 930 1960 985; x_wconf 88' lang='lat' dir='ltr'><strong>po-</strong></span> 
     </span>
    </p>
   </div>
   <div class='ocr_carea' id='block_1_11' title="bbox 379 1001 1960 1074">
    <p class='ocr_par' dir='ltr' id='par_1_11' title="bbox 379 1001 1960 1074">
     <span class='ocr_line' id='line_1_11' title="bbox 379 1001 1960 1074; baseline 0.004 -22"><span class='ocrx_word' id='word_1_56' title='bbox 379 1001 608 1052; x_wconf 83' lang='lat' dir='ltr'><strong>tentiam</strong></span> <span class='ocrx_word' id='word_1_57' title='bbox 641 1004 875 1054; x_wconf 80' lang='lat' dir='ltr'><strong>activam</strong></span> <span class='ocrx_word' id='word_1_58' title='bbox 910 1009 964 1056; x_wconf 77' lang='lat' dir='ltr'><strong>et</strong></span> <span class='ocrx_word' id='word_1_59' title='bbox 995 1001 1224 1058; x_wconf 85' lang='lat' dir='ltr'><strong>liberam</strong></span> <span class='ocrx_word' id='word_1_60' title='bbox 1251 1020 1267 1070; x_wconf 91' lang='lat'><strong>;</strong></span> <span class='ocrx_word' id='word_1_61' title='bbox 1300 1018 1424 1058; x_wconf 90' lang='lat' dir='ltr'><strong>eum</strong></span> <span class='ocrx_word' id='word_1_62' title='bbox 1449 1018 1582 1059; x_wconf 90' lang='lat' dir='ltr'><strong>vero</strong></span> <span class='ocrx_word' id='word_1_63' title='bbox 1615 1005 1708 1074; x_wconf 90' lang='lat' dir='ltr'><strong>qui</strong></span> <span class='ocrx_word' id='word_1_64' title='bbox 1733 1019 1842 1060; x_wconf 92' lang='lat' dir='ltr'><strong>non</strong></span> <span class='ocrx_word' id='word_1_65' title='bbox 1875 1011 1960 1059; x_wconf 88' lang='lat' dir='ltr'><strong>est</strong></span> 
     </span>
    </p>
   </div>
   <div class='ocr_carea' id='block_1_12' title="bbox 381 1085 1960 1169">
    <p class='ocr_par' dir='ltr' id='par_1_12' title="bbox 381 1085 1960 1169">
     <span class='ocr_line' id='line_1_12' title="bbox 381 1085 1960 1169; baseline 0.008 -32"><span class='ocrx_word' id='word_1_66' title='bbox 381 1085 581 1153; x_wconf 78' lang='lat' dir='ltr'><strong>virilis,</strong></span> <span class='ocrx_word' id='word_1_67' title='bbox 616 1089 820 1160; x_wconf 84' lang='lat' dir='ltr'><strong>quippe</strong></span> <span class='ocrx_word' id='word_1_68' title='bbox 858 1090 953 1159; x_wconf 87' lang='lat' dir='ltr'><strong>qui</strong></span> <span class='ocrx_word' id='word_1_69' title='bbox 991 1105 1102 1145; x_wconf 90' lang='lat' dir='ltr'><strong>non</strong></span> <span class='ocrx_word' id='word_1_70' title='bbox 1138 1093 1401 1169; x_wconf 85' lang='lat' dir='ltr'><strong>operibus</strong></span> <span class='ocrx_word' id='word_1_71' title='bbox 1437 1108 1536 1148; x_wconf 87' lang='lat' dir='ltr'><strong>sua</strong></span> <span class='ocrx_word' id='word_1_72' title='bbox 1563 1093 1837 1149; x_wconf 85' lang='lat' dir='ltr'><strong>electione</strong></span> <span class='ocrx_word' id='word_1_73' title='bbox 1865 1109 1960 1150; x_wconf 79' lang='lat' dir='ltr'><strong>os-</strong></span> 
     </span>
    </p>
   </div>
   <div class='ocr_carea' id='block_1_13' title="bbox 379 1177 1958 1254">
    <p class='ocr_par' dir='ltr' id='par_1_13' title="bbox 379 1177 1958 1254">
     <span class='ocr_line' id='line_1_13' title="bbox 379 1177 1958 1254; baseline 0.008 -24"><span class='ocrx_word' id='word_1_74' title='bbox 379 1177 619 1232; x_wconf 83' lang='lat' dir='ltr'><strong>tenderit</strong></span> <span class='ocrx_word' id='word_1_75' title='bbox 673 1179 740 1233; x_wconf 90' lang='lat' dir='ltr'><strong>ad</strong></span> <span class='ocrx_word' id='word_1_76' title='bbox 799 1178 890 1234; x_wconf 85' lang='lat' dir='ltr'><strong>Dei</strong></span> <span class='ocrx_word' id='word_1_77' title='bbox 931 1180 1345 1238; x_wconf 89' lang='lat' dir='ltr'><strong>similitudinem</strong></span> <span class='ocrx_word' id='word_1_78' title='bbox 1390 1183 1556 1254; x_wconf 83' lang='lat' dir='ltr'><strong>hujus</strong></span> <span class='ocrx_word' id='word_1_79' title='bbox 1606 1185 1958 1243; x_wconf 85' lang='lat' dir='ltr'><strong>rationabilis</strong></span> 
     </span>
    </p>
   </div>
   <div class='ocr_carea' id='block_1_14' title="bbox 377 1269 1960 1340">
    <p class='ocr_par' dir='ltr' id='par_1_14' title="bbox 377 1269 1960 1340">
     <span class='ocr_line' id='line_1_14' title="bbox 377 1269 1960 1340; baseline 0.008 -19"><span class='ocrx_word' id='word_1_80' title='bbox 377 1269 636 1336; x_wconf 70' lang='lat' dir='ltr'><strong>potentia:</strong></span> <span class='ocrx_word' id='word_1_81' title='bbox 661 1270 766 1325; x_wconf 85' lang='lat' dir='ltr'><strong>vim</strong></span> <span class='ocrx_word' id='word_1_82' title='bbox 801 1278 856 1326; x_wconf 90' lang='lat' dir='ltr'><strong>et</strong></span> <span class='ocrx_word' id='word_1_83' title='bbox 899 1270 1228 1340; x_wconf 88' lang='lat' dir='ltr'><strong>libertatem,</strong></span> <span class='ocrx_word' id='word_1_84' title='bbox 1275 1273 1328 1330; x_wconf 91' lang='lat' dir='ltr'><strong>in</strong></span> <span class='ocrx_word' id='word_1_85' title='bbox 1377 1275 1837 1333; x_wconf 89' lang='lat' dir='ltr'><strong>irrationabilium</strong></span> <span class='ocrx_word' id='word_1_86' title='bbox 1867 1291 1960 1334; x_wconf 88' lang='lat' dir='ltr'><strong>cu-</strong></span> 
     </span>
    </p>
   </div>
   <div class='ocr_carea' id='block_1_15' title="bbox 375 1359 1956 1440">
    <p class='ocr_par' dir='ltr' id='par_1_15' title="bbox 375 1359 1956 1440">
     <span class='ocr_line' id='line_1_15' title="bbox 375 1359 1956 1440; baseline 0.008 -28"><span class='ocrx_word' id='word_1_87' title='bbox 375 1359 666 1428; x_wconf 88' lang='lat' dir='ltr'><strong>piditatum</strong></span> <span class='ocrx_word' id='word_1_88' title='bbox 723 1362 1045 1418; x_wconf 83' lang='lat' dir='ltr'><strong>servitutem</strong></span> <span class='ocrx_word' id='word_1_89' title='bbox 1081 1375 1134 1420; x_wconf 92' lang='lat' dir='ltr'><strong>et</strong></span> <span class='ocrx_word' id='word_1_90' title='bbox 1158 1363 1400 1422; x_wconf 89' lang='lat' dir='ltr'><strong>dedecus</strong></span> <span class='ocrx_word' id='word_1_91' title='bbox 1444 1366 1689 1437; x_wconf 89' lang='lat' dir='ltr'><strong>deducit,</strong></span> <span class='ocrx_word' id='word_1_92' title='bbox 1721 1368 1956 1440; x_wconf 81' lang='lat' dir='ltr'><strong>conjun-</strong></span> 
     </span>
    </p>
   </div>
   <div class='ocr_carea' id='block_1_16' title="bbox 375 1453 1495 1512">
    <p class='ocr_par' dir='ltr' id='par_1_16' title="bbox 375 1453 1495 1512">
     <span class='ocr_line' id='line_1_16' title="bbox 375 1453 1495 1512; baseline 0.007 -8"><span class='ocrx_word' id='word_1_93' title='bbox 375 1458 523 1506; x_wconf 89' lang='lat' dir='ltr'><strong>ctum</strong></span> <span class='ocrx_word' id='word_1_94' title='bbox 559 1453 732 1508; x_wconf 88' lang='lat' dir='ltr'><strong>brutis</strong></span> <span class='ocrx_word' id='word_1_95' title='bbox 773 1463 826 1508; x_wconf 93' lang='lat' dir='ltr'><strong>et</strong></span> <span class='ocrx_word' id='word_1_96' title='bbox 855 1455 966 1510; x_wconf 90' lang='lat' dir='ltr'><strong>illis</strong></span> <span class='ocrx_word' id='word_1_97' title='bbox 995 1455 1231 1511; x_wconf 89' lang='lat' dir='ltr'><strong>similem</strong></span> <span class='ocrx_word' id='word_1_98' title='bbox 1265 1456 1495 1512; x_wconf 85' lang='lat' dir='ltr'><strong>factum.</strong></span> 
     </span>
    </p>
   </div>
   <div class='ocr_carea' id='block_1_17' title="bbox 445 1541 1957 1620">
    <p class='ocr_par' dir='ltr' id='par_1_17' title="bbox 445 1541 1957 1620">
     <span class='ocr_line' id='line_1_17' title="bbox 445 1541 1957 1620; baseline 0.005 -22"><span class='ocrx_word' id='word_1_99' title='bbox 445 1541 643 1600; x_wconf 76' lang='lat' dir='ltr'><strong>Manus</strong></span> <span class='ocrx_word' id='word_1_100' title='bbox 684 1555 861 1601; x_wconf 76' lang='lat' dir='ltr'><strong>autem</strong></span> <span class='ocrx_word' id='word_1_101' title='bbox 909 1547 1132 1616; x_wconf 82' lang='lat' dir='ltr'><strong>fortium</strong></span> <span class='ocrx_word' id='word_1_102' title='bbox 1183 1549 1402 1605; x_wconf 78' lang='lat' dir='ltr'><strong>divitias</strong></span> <span class='ocrx_word' id='word_1_103' title='bbox 1476 1559 1693 1620; x_wconf 83' lang='lat' dir='ltr'><strong>parant.</strong></span> <span class='ocrx_word' id='word_1_104' title='bbox 1751 1551 1957 1606; x_wconf 63' lang='lat' dir='ltr'><strong>Activa‘.</strong></span> 
     </span>
    </p>
   </div>
   <div class='ocr_carea' id='block_1_18' title="bbox 373 1635 1953 1711">
    <p class='ocr_par' dir='ltr' id='par_1_18' title="bbox 373 1635 1953 1711">
     <span class='ocr_line' id='line_1_18' title="bbox 373 1635 1953 1711; baseline 0.007 -26"><span class='ocrx_word' id='word_1_105' title='bbox 373 1639 558 1686; x_wconf 89' lang='lat' dir='ltr'><strong>autem</strong></span> <span class='ocrx_word' id='word_1_106' title='bbox 587 1635 734 1690; x_wconf 88' lang='lat' dir='ltr'><strong>vires</strong></span> <span class='ocrx_word' id='word_1_107' title='bbox 764 1649 956 1690; x_wconf 90' lang='lat' dir='ltr'><strong>eorum</strong></span> <span class='ocrx_word' id='word_1_108' title='bbox 987 1637 1082 1708; x_wconf 89' lang='lat' dir='ltr'><strong>qui</strong></span> <span class='ocrx_word' id='word_1_109' title='bbox 1115 1637 1378 1706; x_wconf 83' lang='lat' dir='ltr'><strong>operibus</strong></span> <span class='ocrx_word' id='word_1_110' title='bbox 1420 1639 1806 1697; x_wconf 85' lang='lat' dir='ltr'><strong>rationabilem</strong></span> <span class='ocrx_word' id='word_1_111' title='bbox 1852 1655 1953 1711; x_wconf 88' lang='lat' dir='ltr'><strong>po-</strong></span> 
     </span>
    </p>
   </div>
   <div class='ocr_carea' id='block_1_19' title="bbox 2059 442 3642 516">
    <p class='ocr_par' dir='ltr' id='par_1_19' title="bbox 2059 442 3642 516">
     <span class='ocr_line' id='line_1_19' title="bbox 2059 442 3642 516; baseline 0.001 -19"><span class='ocrx_word' id='word_1_112' title='bbox 2059 444 2168 497; x_wconf 90' lang='grc' dir='ltr'><strong>τῶν</strong></span> <span class='ocrx_word' id='word_1_113' title='bbox 2200 445 2489 514; x_wconf 74' lang='grc' dir='ltr'>παρόντων</span> <span class='ocrx_word' id='word_1_114' title='bbox 2539 443 2876 516; x_wconf 80' lang='grc' dir='ltr'><strong>στερηθῆναι</strong></span> <span class='ocrx_word' id='word_1_115' title='bbox 2907 444 3126 510; x_wconf 78' lang='grc' dir='ltr'>αὐτοὺς,</span> <span class='ocrx_word' id='word_1_116' title='bbox 3159 442 3255 496; x_wconf 77' lang='grc' dir='ltr'>καὶ</span> <span class='ocrx_word' id='word_1_117' title='bbox 3279 451 3388 497; x_wconf 81' lang='grc' dir='ltr'><strong>τῶν</strong></span> <span class='ocrx_word' id='word_1_118' title='bbox 3420 443 3642 515; x_wconf 81' lang='grc' dir='ltr'>μελλόν-</span> 
     </span>
    </p>
   </div>
   <div class='ocr_carea' id='block_1_20' title="bbox 2063 536 2602 606">
    <p class='ocr_par' dir='ltr' id='par_1_20' title="bbox 2063 536 2602 606">
     <span class='ocr_line' id='line_1_20' title="bbox 2063 536 2602 606; baseline 0 -16"><span class='ocrx_word' id='word_1_119' title='bbox 2063 553 2172 590; x_wconf 97' lang='grc' dir='ltr'><strong>των</strong></span> <span class='ocrx_word' id='word_1_120' title='bbox 2197 536 2272 606; x_wconf 81' lang='grc' dir='ltr'><strong>μὴ</strong></span> <span class='ocrx_word' id='word_1_121' title='bbox 2299 536 2602 606; x_wconf 74' lang='grc' dir='ltr'><strong>ἐπιτυχεῖν.</strong></span> 
     </span>
    </p>
   </div>
   <div class='ocr_carea' id='block_1_21' title="bbox 2128 622 3646 696">
    <p class='ocr_par' dir='ltr' id='par_1_21' title="bbox 2128 622 3646 696">
     <span class='ocr_line' id='line_1_21' title="bbox 2128 622 3646 696; baseline 0 -18"><span class='ocrx_word' id='word_1_122' title='bbox 2128 626 2191 680; x_wconf 80' lang='grc' dir='ltr'><strong>δ’.</strong></span> <span class='ocrx_word' id='word_1_123' title='bbox 2222 625 2407 680; x_wconf 85' lang='grc' dir='ltr'>Πενία</span> <span class='ocrx_word' id='word_1_124' title='bbox 2428 623 2618 695; x_wconf 77' lang='grc' dir='ltr'>ἄνδρα</span> <span class='ocrx_word' id='word_1_125' title='bbox 2642 623 2930 680; x_wconf 78' lang='grc' dir='ltr'>ταπεινοῖ.</span> <span class='ocrx_word' id='word_1_126' title='bbox 2978 622 3092 677; x_wconf 72' lang='grc' dir='ltr'>Καὶ</span> <span class='ocrx_word' id='word_1_127' title='bbox 3113 622 3222 694; x_wconf 89' lang='grc' dir='ltr'><strong>γάρ</strong></span> <span class='ocrx_word' id='word_1_128' title='bbox 3247 625 3282 694; x_wconf 82' lang='grc' dir='ltr'><strong>ἠ</strong></span> <span class='ocrx_word' id='word_1_129' title='bbox 3305 623 3364 690; x_wconf 75' lang='grc' dir='ltr'>ἐξ</span> <span class='ocrx_word' id='word_1_130' title='bbox 3383 623 3646 696; x_wconf 78' lang='grc' dir='ltr'><strong>ἀμελείας</strong></span> 
     </span>
    </p>
   </div>
   <div class='ocr_carea' id='block_1_22' title="bbox 2060 709 3640 790">
    <p class='ocr_par' dir='ltr' id='par_1_22' title="bbox 2060 709 3640 790">
     <span class='ocr_line' id='line_1_22' title="bbox 2060 709 3640 790; baseline -0.001 -18"><span class='ocrx_word' id='word_1_131' title='bbox 2060 717 2333 790; x_wconf 86' lang='grc' dir='ltr'>ἀποτυχία</span> <span class='ocrx_word' id='word_1_132' title='bbox 2355 719 2451 772; x_wconf 89' lang='grc' dir='ltr'><strong>τοῦ</strong></span> <span class='ocrx_word' id='word_1_133' title='bbox 2481 717 2625 773; x_wconf 86' lang='grc' dir='ltr'>κατὰ</span> <span class='ocrx_word' id='word_1_134' title='bbox 2670 717 2874 788; x_wconf 87' lang='grc' dir='ltr'>γνῶσιν</span> <span class='ocrx_word' id='word_1_135' title='bbox 2904 709 3000 770; x_wconf 73' lang='grc' dir='ltr'>καὶ</span> <span class='ocrx_word' id='word_1_136' title='bbox 3034 715 3239 788; x_wconf 84' lang='grc' dir='ltr'>ἀρετὴν</span> <span class='ocrx_word' id='word_1_137' title='bbox 3266 717 3640 788; x_wconf 88' lang='grc' dir='ltr'>πνευματικοῦ</span> 
     </span>
    </p>
   </div>
   <div class='ocr_carea' id='block_1_23' title="bbox 2059 807 3647 882">
    <p class='ocr_par' dir='ltr' id='par_1_23' title="bbox 2059 807 3647 882">
     <span class='ocr_line' id='line_1_23' title="bbox 2059 807 3647 882; baseline 0 -19"><span class='ocrx_word' id='word_1_138' title='bbox 2059 810 2315 878; x_wconf 88' lang='grc' dir='ltr'>πλούτου,</span> <span class='ocrx_word' id='word_1_139' title='bbox 2341 810 2433 864; x_wconf 82' lang='grc' dir='ltr'><strong>τὸν</strong></span> <span class='ocrx_word' id='word_1_140' title='bbox 2459 807 2778 882; x_wconf 83' lang='grc' dir='ltr'>ὑπάρχοντα</span> <span class='ocrx_word' id='word_1_141' title='bbox 2802 808 2970 880; x_wconf 78' lang='grc' dir='ltr'>ἄνδρα</span> <span class='ocrx_word' id='word_1_142' title='bbox 3008 809 3128 878; x_wconf 83' lang='grc' dir='ltr'>μὲν,</span> <span class='ocrx_word' id='word_1_143' title='bbox 3157 808 3232 874; x_wconf 80' lang='grc' dir='ltr'>ὡς</span> <span class='ocrx_word' id='word_1_144' title='bbox 3261 807 3421 878; x_wconf 85' lang='grc' dir='ltr'>φύσει</span> <span class='ocrx_word' id='word_1_145' title='bbox 3449 826 3647 882; x_wconf 85' lang='grc' dir='ltr'>κεκτη-</span> 
     </span>
    </p>
   </div>
   <div class='ocr_carea' id='block_1_24' title="bbox 2063 899 3647 972">
    <p class='ocr_par' dir='ltr' id='par_1_24' title="bbox 2063 899 3647 972">
     <span class='ocr_line' id='line_1_24' title="bbox 2063 899 3647 972; baseline 0.002 -18"><span class='ocrx_word' id='word_1_146' title='bbox 2063 901 2224 972; x_wconf 80' lang='grc' dir='ltr'>μένον</span> <span class='ocrx_word' id='word_1_147' title='bbox 2261 901 2384 956; x_wconf 76' lang='grc' dir='ltr'>κατ’</span> <span class='ocrx_word' id='word_1_148' title='bbox 2414 899 2602 956; x_wconf 78' lang='grc' dir='ltr'>εἰκόνα</span> <span class='ocrx_word' id='word_1_149' title='bbox 2650 901 2787 955; x_wconf 83' lang='grc' dir='ltr'>Θεοῦ</span> <span class='ocrx_word' id='word_1_150' title='bbox 2841 899 3072 972; x_wconf 89' lang='grc' dir='ltr'>δύναμιν</span> <span class='ocrx_word' id='word_1_151' title='bbox 3111 899 3408 972; x_wconf 76' lang='grc' dir='ltr'><strong>δραστικὴν</strong></span> <span class='ocrx_word' id='word_1_152' title='bbox 3437 917 3500 956; x_wconf 84' lang='grc' dir='ltr'><strong>τε</strong></span> <span class='ocrx_word' id='word_1_153' title='bbox 3544 901 3647 957; x_wconf 76' lang='grc' dir='ltr'>καὶ</span> 
     </span>
    </p>
   </div>
   <div class='ocr_carea' id='block_1_25' title="bbox 2058 991 3644 1066">
    <p class='ocr_par' dir='ltr' id='par_1_25' title="bbox 2058 991 3644 1066">
     <span class='ocr_line' id='line_1_25' title="bbox 2058 991 3644 1066; baseline 0 -20"><span class='ocrx_word' id='word_1_154' title='bbox 2058 991 2428 1058; x_wconf 79' lang='grc' dir='ltr'><strong>αὐτεξούσιον,</strong></span> <span class='ocrx_word' id='word_1_155' title='bbox 2454 993 2555 1046; x_wconf 81' lang='grc' dir='ltr'><strong>οὐκ</strong></span> <span class='ocrx_word' id='word_1_156' title='bbox 2587 991 2832 1064; x_wconf 85' lang='grc' dir='ltr'>ἀνδρεῖον</span> <span class='ocrx_word' id='word_1_157' title='bbox 2852 991 3026 1059; x_wconf 80' lang='grc' dir='ltr'>δὲ,ῶς</span> <span class='ocrx_word' id='word_1_158' title='bbox 3055 992 3380 1064; x_wconf 68' lang='grc' dir='ltr'><strong>προαιρέσει</strong></span> <span class='ocrx_word' id='word_1_159' title='bbox 3408 993 3485 1066; x_wconf 78' lang='grc' dir='ltr'>μὴ</span> <span class='ocrx_word' id='word_1_160' title='bbox 3515 995 3644 1048; x_wconf 77' lang='grc' dir='ltr'>ἑπι-</span> 
     </span>
    </p>
   </div>
   <div class='ocr_carea' id='block_1_26' title="bbox 2057 1083 3642 1158">
    <p class='ocr_par' dir='ltr' id='par_1_26' title="bbox 2057 1083 3642 1158">
     <span class='ocr_line' id='line_1_26' title="bbox 2057 1083 3642 1158; baseline 0.003 -21"><span class='ocrx_word' id='word_1_161' title='bbox 2057 1083 2406 1154; x_wconf 88' lang='grc' dir='ltr'>δεικνύμενον</span> <span class='ocrx_word' id='word_1_162' title='bbox 2425 1083 2609 1156; x_wconf 74' lang='grc' dir='ltr'>ἔργοις</span> <span class='ocrx_word' id='word_1_163' title='bbox 2632 1085 2755 1139; x_wconf 89' lang='grc' dir='ltr'>καθ’</span> <span class='ocrx_word' id='word_1_164' title='bbox 2814 1083 3076 1156; x_wconf 81' lang='grc' dir='ltr'>ὁμοίωσιν</span> <span class='ocrx_word' id='word_1_165' title='bbox 3104 1084 3240 1139; x_wconf 88' lang='grc' dir='ltr'>Θεοῦ</span> <span class='ocrx_word' id='word_1_166' title='bbox 3265 1085 3325 1140; x_wconf 77' lang='grc' dir='ltr'>τὸ</span> <span class='ocrx_word' id='word_1_167' title='bbox 3358 1087 3460 1157; x_wconf 87' lang='grc' dir='ltr'><strong>τῆς</strong></span> <span class='ocrx_word' id='word_1_168' title='bbox 3485 1087 3642 1158; x_wconf 84' lang='grc' dir='ltr'>είρη-</span> 
     </span>
    </p>
   </div>
   <div class='ocr_carea' id='block_1_27' title="bbox 2060 1173 3645 1247">
    <p class='ocr_par' dir='ltr' id='par_1_27' title="bbox 2060 1173 3645 1247">
     <span class='ocr_line' id='line_1_27' title="bbox 2060 1173 3645 1247; baseline 0.003 -20"><span class='ocrx_word' id='word_1_169' title='bbox 2060 1173 2230 1246; x_wconf 80' lang='grc' dir='ltr'>μένης</span> <span class='ocrx_word' id='word_1_170' title='bbox 2270 1173 2498 1246; x_wconf 83' lang='grc' dir='ltr'>λογικῆς</span> <span class='ocrx_word' id='word_1_171' title='bbox 2559 1174 2846 1245; x_wconf 90' lang='grc' dir='ltr'>δυνάμεως</span> <span class='ocrx_word' id='word_1_172' title='bbox 2897 1175 3192 1247; x_wconf 87' lang='grc' dir='ltr'>δραστικόν</span> <span class='ocrx_word' id='word_1_173' title='bbox 3223 1193 3285 1230; x_wconf 91' lang='grc' dir='ltr'><strong>τε</strong></span> <span class='ocrx_word' id='word_1_174' title='bbox 3344 1176 3435 1230; x_wconf 77' lang='grc' dir='ltr'>καὶ</span> <span class='ocrx_word' id='word_1_175' title='bbox 3489 1177 3645 1231; x_wconf 81' lang='grc' dir='ltr'>ὲλευ-</span> 
     </span>
    </p>
   </div>
   <div class='ocr_carea' id='block_1_28' title="bbox 2051 1264 3642 1336">
    <p class='ocr_par' dir='ltr' id='par_1_28' title="bbox 2051 1264 3642 1336">
     <span class='ocr_line' id='line_1_28' title="bbox 2051 1264 3642 1336; baseline 0.002 -17"><span class='ocrx_word' id='word_1_176' title='bbox 2051 1264 2263 1336; x_wconf 85' lang='grc' dir='ltr'>θέριον,</span> <span class='ocrx_word' id='word_1_177' title='bbox 2311 1266 2542 1334; x_wconf 76' lang='grc' dir='ltr'><strong>κατάγει</strong></span> <span class='ocrx_word' id='word_1_178' title='bbox 2590 1267 2672 1330; x_wconf 93' lang='grc' dir='ltr'><strong>εἰς</strong></span> <span class='ocrx_word' id='word_1_179' title='bbox 2719 1264 2967 1320; x_wconf 80' lang='grc' dir='ltr'>δουλείαν</span> <span class='ocrx_word' id='word_1_180' title='bbox 3035 1266 3250 1336; x_wconf 79' lang='grc' dir='ltr'>ἀλόγων</span> <span class='ocrx_word' id='word_1_181' title='bbox 3310 1267 3498 1323; x_wconf 89' lang='grc' dir='ltr'>παθῶν</span> <span class='ocrx_word' id='word_1_182' title='bbox 3542 1270 3642 1324; x_wconf 70' lang='grc' dir='ltr'><strong>καὶ</strong></span> 
     </span>
    </p>
   </div>
   <div class='ocr_carea' id='block_1_29' title="bbox 2057 1356 3642 1431">
    <p class='ocr_par' dir='ltr' id='par_1_29' title="bbox 2057 1356 3642 1431">
     <span class='ocr_line' id='line_1_29' title="bbox 2057 1356 3642 1431; baseline 0.003 -20"><span class='ocrx_word' id='word_1_183' title='bbox 2057 1356 2303 1428; x_wconf 78' lang='grc' dir='ltr'>ἀτιμίαν,</span> <span class='ocrx_word' id='word_1_184' title='bbox 2329 1356 2871 1430; x_wconf 79' lang='grc' dir='ltr'>παρασυμδληθέντα</span> <span class='ocrx_word' id='word_1_185' title='bbox 2883 1359 2996 1422; x_wconf 85' lang='grc' dir='ltr'>τοῖς</span> <span class='ocrx_word' id='word_1_186' title='bbox 3015 1357 3286 1428; x_wconf 75' lang='grc' dir='ltr'>ἀνοήτοις,</span> <span class='ocrx_word' id='word_1_187' title='bbox 3306 1359 3642 1431; x_wconf 71' lang='grc' dir='ltr'><strong>ὁμοιωθέντα</strong></span> 
     </span>
    </p>
   </div>
   <div class='ocr_carea' id='block_1_30' title="bbox 2058 1449 2265 1513">
    <p class='ocr_par' dir='ltr' id='par_1_30' title="bbox 2058 1449 2265 1513">
     <span class='ocr_line' id='line_1_30' title="bbox 2058 1449 2265 1513; baseline 0.01 -11"><span class='ocrx_word' id='word_1_188' title='bbox 2058 1449 2265 1513; x_wconf 78' lang='grc' dir='ltr'>αὐτοῖς.</span> 
     </span>
    </p>
   </div>
   <div class='ocr_carea' id='block_1_31' title="bbox 2126 1543 3638 1619">
    <p class='ocr_par' dir='ltr' id='par_1_31' title="bbox 2126 1543 3638 1619">
     <span class='ocr_line' id='line_1_31' title="bbox 2126 1543 3638 1619; baseline -0.001 -19"><span class='ocrx_word' id='word_1_189' title='bbox 2126 1546 2329 1615; x_wconf 63' lang='grc' dir='ltr'>Χεῖρας</span> <span class='ocrx_word' id='word_1_190' title='bbox 2343 1543 2412 1599; x_wconf 80' lang='grc' dir='ltr'>δὲ</span> <span class='ocrx_word' id='word_1_191' title='bbox 2427 1544 2720 1614; x_wconf 80' lang='grc' dir='ltr'>ἀνδρείων</span> <span class='ocrx_word' id='word_1_192' title='bbox 2745 1543 3194 1606; x_wconf 76' lang='grc' dir='ltr'>πλουτίζουσιν.</span> <span class='ocrx_word' id='word_1_193' title='bbox 3229 1544 3298 1599; x_wconf 75' lang='grc' dir='ltr'>Δί</span> <span class='ocrx_word' id='word_1_194' title='bbox 3320 1545 3378 1600; x_wconf 79' lang='grc' dir='ltr'>δὲ</span> <span class='ocrx_word' id='word_1_195' title='bbox 3401 1562 3638 1619; x_wconf 73' lang='grc' dir='ltr'>πρακτιο</span> 
     </span>
    </p>
   </div>
   <div class='ocr_carea' id='block_1_32' title="bbox 2057 1635 3638 1708">
    <p class='ocr_par' dir='ltr' id='par_1_32' title="bbox 2057 1635 3638 1708">
     <span class='ocr_line' id='line_1_32' title="bbox 2057 1635 3638 1708; baseline 0 -18"><span class='ocrx_word' id='word_1_196' title='bbox 2057 1636 2152 1690; x_wconf 75' lang='grc' dir='ltr'><strong>καὶ</strong></span> <span class='ocrx_word' id='word_1_197' title='bbox 2181 1636 2440 1708; x_wconf 87' lang='grc' dir='ltr'>δυνάμεις</span> <span class='ocrx_word' id='word_1_198' title='bbox 2467 1635 2579 1690; x_wconf 89' lang='grc' dir='ltr'><strong>τῶν</strong></span> <span class='ocrx_word' id='word_1_199' title='bbox 2617 1636 2802 1708; x_wconf 72' lang='grc' dir='ltr'>ἔργοις</span> <span class='ocrx_word' id='word_1_200' title='bbox 2848 1636 3310 1707; x_wconf 77' lang='grc' dir='ltr'>ἐπιδεικνυμένων</span> <span class='ocrx_word' id='word_1_201' title='bbox 3339 1637 3398 1689; x_wconf 87' lang='grc' dir='ltr'><strong>τδ</strong></span> <span class='ocrx_word' id='word_1_202' title='bbox 3424 1637 3524 1708; x_wconf 89' lang='grc' dir='ltr'><strong>τῆς</strong></span> <span class='ocrx_word' id='word_1_203' title='bbox 3547 1636 3638 1690; x_wconf 83' lang='grc' dir='ltr'>λο-</span> 
     </span>
    </p>
   </div>
   <div class='ocr_carea' id='block_1_33' title="bbox 373 1711 1940 1801">
    <p class='ocr_par' dir='ltr' id='par_1_33' title="bbox 373 1711 1940 1801">
     <span class='ocr_line' id='line_1_33' title="bbox 373 1711 1940 1801; baseline 0.008 -24"><span class='ocrx_word' id='word_1_204' title='bbox 373 1711 598 1778; x_wconf 82' lang='lat' dir='ltr'><strong>tentiam</strong></span> <span class='ocrx_word' id='word_1_205' title='bbox 625 1726 884 1782; x_wconf 79' lang='lat' dir='ltr'><strong>exhibent</strong></span> <span class='ocrx_word' id='word_1_206' title='bbox 907 1743 1018 1783; x_wconf 92' lang='lat' dir='ltr'><strong>non</strong></span> <span class='ocrx_word' id='word_1_207' title='bbox 1043 1728 1528 1790; x_wconf 88' lang='lat' dir='ltr'><strong>irrationabilibus</strong></span> <span class='ocrx_word' id='word_1_208' title='bbox 1551 1731 1940 1801; x_wconf 73' lang='lat' dir='ltr'><strong>cupiditatibus</strong></span> 
     </span>
    </p>
   </div>
   <div class='ocr_carea' id='block_1_34' title="bbox 2055 1711 3634 1801">
    <p class='ocr_par' dir='ltr' id='par_1_34' title="bbox 2059 1725 3634 1798">
     <span class='ocr_line' id='line_1_34' title="bbox 2059 1725 3634 1798; baseline -0.001 -17"><span class='ocrx_word' id='word_1_209' title='bbox 2059 1727 2226 1798; x_wconf 88' lang='grc' dir='ltr'>γικῆς</span> <span class='ocrx_word' id='word_1_210' title='bbox 2273 1726 2580 1798; x_wconf 83' lang='grc' dir='ltr'>δυνάμεως,</span> <span class='ocrx_word' id='word_1_211' title='bbox 2611 1730 2730 1791; x_wconf 84' lang='grc' dir='ltr'>τοῖς</span> <span class='ocrx_word' id='word_1_212' title='bbox 2788 1727 3005 1796; x_wconf 76' lang='grc' dir='ltr'>ἀλόγοις</span> <span class='ocrx_word' id='word_1_213' title='bbox 3055 1725 3284 1782; x_wconf 82' lang='grc' dir='ltr'>πάθεσιν</span> <span class='ocrx_word' id='word_1_214' title='bbox 3334 1727 3634 1781; x_wconf 75' lang='grc' dir='ltr'>ἀδούλωτον</span> 
     </span>
    </p>
   </div>
   <div class='ocr_carea' id='block_1_35' title="bbox 373 1815 1956 1890">
    <p class='ocr_par' dir='ltr' id='par_1_35' title="bbox 373 1815 1956 1890">
     <span class='ocr_line' id='line_1_35' title="bbox 373 1815 1956 1890; baseline 0.004 -20"><span class='ocrx_word' id='word_1_215' title='bbox 373 1815 724 1881; x_wconf 81' lang='lat' dir='ltr'><strong>servientem,</strong></span> <span class='ocrx_word' id='word_1_216' title='bbox 755 1815 850 1871; x_wconf 89' lang='lat' dir='ltr'><strong>sed</strong></span> <span class='ocrx_word' id='word_1_217' title='bbox 900 1817 956 1872; x_wconf 92' lang='lat' dir='ltr'><strong>in</strong></span> <span class='ocrx_word' id='word_1_218' title='bbox 992 1833 1088 1874; x_wconf 87' lang='lat' dir='ltr'><strong>eas</strong></span> <span class='ocrx_word' id='word_1_219' title='bbox 1123 1828 1482 1890; x_wconf 81' lang='lat' dir='ltr'><strong>pugnantem,</strong></span> <span class='ocrx_word' id='word_1_220' title='bbox 1531 1837 1641 1878; x_wconf 91' lang='lat' dir='ltr'><strong>non</strong></span> <span class='ocrx_word' id='word_1_221' title='bbox 1678 1821 1840 1877; x_wconf 86' lang='lat' dir='ltr'><strong>modo</strong></span> <span class='ocrx_word' id='word_1_222' title='bbox 1869 1823 1956 1877; x_wconf 85' lang='lat' dir='ltr'><strong>in-</strong></span> 
     </span>
    </p>
   </div>
   <div class='ocr_carea' id='block_1_36' title="bbox 373 1911 1957 1986">
    <p class='ocr_par' dir='ltr' id='par_1_36' title="bbox 373 1911 1957 1986">
     <span class='ocr_line' id='line_1_36' title="bbox 373 1911 1957 1986; baseline 0.004 -21"><span class='ocrx_word' id='word_1_223' title='bbox 373 1920 550 1967; x_wconf 89' lang='lat' dir='ltr'><strong>tactas</strong></span> <span class='ocrx_word' id='word_1_224' title='bbox 583 1911 828 1981; x_wconf 90' lang='lat' dir='ltr'><strong>ipsorum</strong></span> <span class='ocrx_word' id='word_1_225' title='bbox 872 1913 1086 1969; x_wconf 90' lang='lat' dir='ltr'><strong>animas</strong></span> <span class='ocrx_word' id='word_1_226' title='bbox 1129 1923 1374 1981; x_wconf 85' lang='lat' dir='ltr'><strong>servant,</strong></span> <span class='ocrx_word' id='word_1_227' title='bbox 1409 1915 1506 1972; x_wconf 90' lang='lat' dir='ltr'><strong>sed</strong></span> <span class='ocrx_word' id='word_1_228' title='bbox 1538 1923 1594 1971; x_wconf 92' lang='lat' dir='ltr'><strong>et</strong></span> <span class='ocrx_word' id='word_1_229' title='bbox 1641 1917 1766 1972; x_wconf 90' lang='lat' dir='ltr'><strong>aliis</strong></span> <span class='ocrx_word' id='word_1_230' title='bbox 1789 1917 1957 1986; x_wconf 87' lang='lat' dir='ltr'><strong>spiri-</strong></span> 
     </span>
    </p>
   </div>
   <div class='ocr_carea' id='block_1_37' title="bbox 369 2001 1956 2076">
    <p class='ocr_par' dir='ltr' id='par_1_37' title="bbox 369 2001 1956 2076">
     <span class='ocr_line' id='line_1_37' title="bbox 369 2001 1956 2076; baseline 0.006 -23"><span class='ocrx_word' id='word_1_231' title='bbox 369 2001 548 2057; x_wconf 89' lang='lat' dir='ltr'><strong>tuales</strong></span> <span class='ocrx_word' id='word_1_232' title='bbox 579 2002 881 2058; x_wconf 89' lang='lat' dir='ltr'><strong>secundum</strong></span> <span class='ocrx_word' id='word_1_233' title='bbox 914 2003 1169 2060; x_wconf 86' lang='lat' dir='ltr'><strong>virtutem</strong></span> <span class='ocrx_word' id='word_1_234' title='bbox 1205 2017 1258 2060; x_wconf 91' lang='lat' dir='ltr'><strong>et</strong></span> <span class='ocrx_word' id='word_1_235' title='bbox 1283 2005 1700 2076; x_wconf 80' lang='lat' dir='ltr'><strong>intelligentiam</strong></span> <span class='ocrx_word' id='word_1_236' title='bbox 1731 2005 1956 2064; x_wconf 86' lang='lat' dir='ltr'><strong>divitias</strong></span> 
     </span>
    </p>
   </div>
   <div class='ocr_carea' id='block_1_38' title="bbox 368 2093 1953 2168">
    <p class='ocr_par' dir='ltr' id='par_1_38' title="bbox 368 2093 1953 2168">
     <span class='ocr_line' id='line_1_38' title="bbox 368 2093 1953 2168; baseline 0.005 -22"><span class='ocrx_word' id='word_1_237' title='bbox 368 2093 793 2163; x_wconf 88' lang='lat' dir='ltr'><strong>impertiuntur;</strong></span> <span class='ocrx_word' id='word_1_238' title='bbox 831 2109 928 2152; x_wconf 90' lang='lat' dir='ltr'><strong>eos</strong></span> <span class='ocrx_word' id='word_1_239' title='bbox 954 2095 1124 2162; x_wconf 88' lang='lat' dir='ltr'><strong>enim,</strong></span> <span class='ocrx_word' id='word_1_240' title='bbox 1146 2097 1314 2153; x_wconf 87' lang='lat' dir='ltr'><strong>verbo</strong></span> <span class='ocrx_word' id='word_1_241' title='bbox 1335 2095 1558 2168; x_wconf 87' lang='lat' dir='ltr'><strong>quidem</strong></span> <span class='ocrx_word' id='word_1_242' title='bbox 1590 2097 1854 2154; x_wconf 80' lang='lat' dir='ltr'><strong>docentes</strong></span> <span class='ocrx_word' id='word_1_243' title='bbox 1887 2099 1953 2154; x_wconf 83' lang='lat' dir='ltr'><strong>ad</strong></span> 
     </span>
    </p>
   </div>
   <div class='ocr_carea' id='block_1_39' title="bbox 367 2187 1955 2261">
    <p class='ocr_par' dir='ltr' id='par_1_39' title="bbox 367 2187 1955 2261">
     <span class='ocr_line' id='line_1_39' title="bbox 367 2187 1955 2261; baseline 0.004 -21"><span class='ocrx_word' id='word_1_244' title='bbox 367 2187 572 2240; x_wconf 89' lang='lat' dir='ltr'><strong>bonum</strong></span> <span class='ocrx_word' id='word_1_245' title='bbox 599 2187 865 2256; x_wconf 87' lang='lat' dir='ltr'><strong>excitant,</strong></span> <span class='ocrx_word' id='word_1_246' title='bbox 906 2203 936 2242; x_wconf 91' lang='lat' dir='ltr'><strong>a</strong></span> <span class='ocrx_word' id='word_1_247' title='bbox 961 2189 1106 2242; x_wconf 85' lang='lat' dir='ltr'><strong>malo</strong></span> <span class='ocrx_word' id='word_1_248' title='bbox 1139 2199 1322 2244; x_wconf 88' lang='lat' dir='ltr'><strong>autem</strong></span> <span class='ocrx_word' id='word_1_249' title='bbox 1359 2198 1656 2258; x_wconf 86' lang='lat' dir='ltr'><strong>avertunt;</strong></span> <span class='ocrx_word' id='word_1_250' title='bbox 1692 2191 1955 2261; x_wconf 85' lang='lat' dir='ltr'><strong>operibus</strong></span> 
     </span>
    </p>
   </div>
   <div class='ocr_carea' id='block_1_40' title="bbox 365 2279 1954 2352">
    <p class='ocr_par' dir='ltr' id='par_1_40' title="bbox 365 2279 1954 2352">
     <span class='ocr_line' id='line_1_40' title="bbox 365 2279 1954 2352; baseline 0.006 -22"><span class='ocrx_word' id='word_1_251' title='bbox 365 2293 498 2333; x_wconf 83' lang='lat' dir='ltr'><strong>vero</strong></span> <span class='ocrx_word' id='word_1_252' title='bbox 531 2279 920 2336; x_wconf 80' lang='lat' dir='ltr'><strong>conﬁrmantes</strong></span> <span class='ocrx_word' id='word_1_253' title='bbox 951 2280 1178 2336; x_wconf 86' lang='lat' dir='ltr'><strong>verbum</strong></span> <span class='ocrx_word' id='word_1_254' title='bbox 1207 2288 1262 2337; x_wconf 90' lang='lat' dir='ltr'><strong>et</strong></span> <span class='ocrx_word' id='word_1_255' title='bbox 1284 2283 1690 2352; x_wconf 89' lang='lat' dir='ltr'><strong>persuadentes</strong></span> <span class='ocrx_word' id='word_1_256' title='bbox 1721 2291 1781 2339; x_wconf 93' lang='lat' dir='ltr'><strong>ut</strong></span> <span class='ocrx_word' id='word_1_257' title='bbox 1809 2283 1954 2340; x_wconf 85' lang='lat' dir='ltr'><strong>dicta</strong></span> 
     </span>
    </p>
   </div>
   <div class='ocr_carea' id='block_1_41' title="bbox 367 2370 1456 2442">
    <p class='ocr_par' dir='ltr' id='par_1_41' title="bbox 367 2370 1456 2442">
     <span class='ocr_line' id='line_1_41' title="bbox 367 2370 1456 2442; baseline 0.005 -19"><span class='ocrx_word' id='word_1_258' title='bbox 367 2370 700 2440; x_wconf 88' lang='lat' dir='ltr'><strong>adimpleant</strong></span> <span class='ocrx_word' id='word_1_259' title='bbox 722 2385 889 2442; x_wconf 86' lang='lat' dir='ltr'><strong>opera</strong></span> <span class='ocrx_word' id='word_1_260' title='bbox 915 2372 1178 2427; x_wconf 87' lang='lat' dir='ltr'><strong>imitando</strong></span> <span class='ocrx_word' id='word_1_261' title='bbox 1204 2389 1218 2439; x_wconf 94' lang='lat'><strong>;</strong></span> <span class='ocrx_word' id='word_1_262' title='bbox 1251 2373 1456 2428; x_wconf 90' lang='lat' dir='ltr'><strong>etenim</strong></span> 
     </span>
    </p>
   </div>
   <div class='ocr_carea' id='block_1_42' title="bbox 438 2547 1946 2624">
    <p class='ocr_par' dir='ltr' id='par_1_42' title="bbox 438 2547 1946 2624">
     <span class='ocr_line' id='line_1_42' title="bbox 438 2547 1946 2624; baseline 0.005 -23"><span class='ocrx_word' id='word_1_263' title='bbox 438 2547 604 2604; x_wconf 71' lang='lat' dir='ltr'><strong>Vens.</strong></span> <span class='ocrx_word' id='word_1_264' title='bbox 629 2548 682 2603; x_wconf 84' lang='lat'><strong>5.</strong></span> <span class='ocrx_word' id='word_1_265' title='bbox 714 2547 892 2605; x_wconf 78' lang='lat' dir='ltr'><strong>Filius</strong></span> <span class='ocrx_word' id='word_1_266' title='bbox 917 2549 1155 2608; x_wconf 84' lang='lat' dir='ltr'><strong>eruditus</strong></span> <span class='ocrx_word' id='word_1_267' title='bbox 1187 2553 1398 2623; x_wconf 85' lang='lat' dir='ltr'><strong>sapiens</strong></span> <span class='ocrx_word' id='word_1_268' title='bbox 1432 2555 1556 2608; x_wconf 84' lang='lat' dir='ltr'><strong>erit.</strong></span> <span class='ocrx_word' id='word_1_269' title='bbox 1585 2551 1691 2620; x_wconf 86' lang='lat' dir='ltr'><strong>Qui</strong></span> <span class='ocrx_word' id='word_1_270' title='bbox 1725 2553 1946 2624; x_wconf 85' lang='lat' dir='ltr'><strong>quidem</strong></span> 
     </span>
    </p>
   </div>
   <div class='ocr_carea' id='block_1_43' title="bbox 362 2639 1946 2718">
    <p class='ocr_par' dir='ltr' id='par_1_43' title="bbox 362 2639 1946 2718">
     <span class='ocr_line' id='line_1_43' title="bbox 362 2639 1946 2718; baseline 0.004 -24"><span class='ocrx_word' id='word_1_271' title='bbox 362 2653 394 2694; x_wconf 72' lang='grc' dir='ltr'>ι</span> <span class='ocrx_word' id='word_1_272' title='bbox 428 2639 540 2696; x_wconf 90' lang='lat' dir='ltr'><strong>Deo</strong></span> <span class='ocrx_word' id='word_1_273' title='bbox 591 2641 886 2712; x_wconf 87' lang='lat' dir='ltr'><strong>adoptatus</strong></span> <span class='ocrx_word' id='word_1_274' title='bbox 926 2652 1011 2700; x_wconf 90' lang='lat' dir='ltr'><strong>est</strong></span> <span class='ocrx_word' id='word_1_275' title='bbox 1053 2643 1201 2702; x_wconf 80' lang='lat' dir='ltr'><strong>filius</strong></span> <span class='ocrx_word' id='word_1_276' title='bbox 1257 2661 1354 2717; x_wconf 86' lang='lat' dir='ltr'><strong>per</strong></span> <span class='ocrx_word' id='word_1_277' title='bbox 1383 2661 1678 2718; x_wconf 80' lang='lat' dir='ltr'><strong>Operosum</strong></span> <span class='ocrx_word' id='word_1_278' title='bbox 1718 2647 1946 2703; x_wconf 83' lang='lat' dir='ltr'><strong>institu-</strong></span> 
     </span>
    </p>
   </div>
   <div class='ocr_carea' id='block_1_44' title="bbox 364 2735 1944 2804">
    <p class='ocr_par' dir='ltr' id='par_1_44' title="bbox 364 2735 1944 2804">
     <span class='ocr_line' id='line_1_44' title="bbox 364 2735 1944 2804; baseline 0.004 -18"><span class='ocrx_word' id='word_1_279' title='bbox 364 2741 502 2799; x_wconf 91' lang='lat' dir='ltr'><strong>tum,</strong></span> <span class='ocrx_word' id='word_1_280' title='bbox 539 2749 567 2786; x_wconf 88' lang='lat' dir='ltr'><strong>a</strong></span> <span class='ocrx_word' id='word_1_281' title='bbox 606 2735 827 2790; x_wconf 65' lang='lat' dir='ltr'><strong>malitiae</strong></span> <span class='ocrx_word' id='word_1_282' title='bbox 869 2737 1100 2794; x_wconf 86' lang='lat' dir='ltr'><strong>maculis</strong></span> <span class='ocrx_word' id='word_1_283' title='bbox 1138 2737 1445 2794; x_wconf 89' lang='lat' dir='ltr'><strong>emundans</strong></span> <span class='ocrx_word' id='word_1_284' title='bbox 1491 2739 1754 2804; x_wconf 89' lang='lat' dir='ltr'><strong>animam,</strong></span> <span class='ocrx_word' id='word_1_285' title='bbox 1793 2739 1944 2794; x_wconf 88' lang='lat' dir='ltr'><strong>utili-</strong></span> 
     </span>
    </p>
   </div>
   <div class='ocr_carea' id='block_1_45' title="bbox 363 2827 1941 2902">
    <p class='ocr_par' dir='ltr' id='par_1_45' title="bbox 363 2827 1941 2902">
     <span class='ocr_line' id='line_1_45' title="bbox 363 2827 1941 2902; baseline 0.006 -24"><span class='ocrx_word' id='word_1_286' title='bbox 363 2827 491 2881; x_wconf 87' lang='lat' dir='ltr'><strong>tatis</strong></span> <span class='ocrx_word' id='word_1_287' title='bbox 517 2827 726 2896; x_wconf 87' lang='lat' dir='ltr'><strong>peritus</strong></span> <span class='ocrx_word' id='word_1_288' title='bbox 765 2828 872 2882; x_wconf 88' lang='lat' dir='ltr'><strong>erit</strong></span> <span class='ocrx_word' id='word_1_289' title='bbox 913 2843 1036 2900; x_wconf 64' lang='lat' dir='ltr'><strong>quae</strong></span> <span class='ocrx_word' id='word_1_290' title='bbox 1087 2830 1219 2884; x_wconf 91' lang='lat' dir='ltr'><strong>oriri</strong></span> <span class='ocrx_word' id='word_1_291' title='bbox 1253 2831 1541 2901; x_wconf 77' lang='lat' dir='ltr'><strong>poteritex</strong></span> <span class='ocrx_word' id='word_1_292' title='bbox 1587 2831 1657 2887; x_wconf 87' lang='lat' dir='ltr'><strong>iis</strong></span> <span class='ocrx_word' id='word_1_293' title='bbox 1680 2847 1802 2902; x_wconf 68' lang='lat' dir='ltr'><strong>quae</strong></span> <span class='ocrx_word' id='word_1_294' title='bbox 1839 2831 1941 2902; x_wconf 87' lang='lat' dir='ltr'><strong>ipsi</strong></span> 
     </span>
    </p>
   </div>
   <div class='ocr_carea' id='block_1_46' title="bbox 359 2915 1579 2988">
    <p class='ocr_par' dir='ltr' id='par_1_46' title="bbox 359 2915 1579 2988">
     <span class='ocr_line' id='line_1_46' title="bbox 359 2915 1579 2988; baseline 0.004 -20"><span class='ocrx_word' id='word_1_295' title='bbox 359 2921 557 2970; x_wconf 82' lang='lat' dir='ltr'><strong>contra</strong></span> <span class='ocrx_word' id='word_1_296' title='bbox 579 2915 920 2972; x_wconf 87' lang='lat' dir='ltr'><strong>voluntatem</strong></span> <span class='ocrx_word' id='word_1_297' title='bbox 957 2917 1379 2988; x_wconf 82' lang='lat' dir='ltr'><strong>superveniunt.</strong></span> <span class='ocrx_word' id='word_1_298' title='bbox 1576 2981 1579 2983; x_wconf 97' lang='lat'><em>_</em></span> 
     </span>
    </p>
   </div>
   <div class='ocr_carea' id='block_1_47' title="bbox 433 3007 1938 3076">
    <p class='ocr_par' dir='ltr' id='par_1_47' title="bbox 433 3007 1938 3076">
     <span class='ocr_line' id='line_1_47' title="bbox 433 3007 1938 3076; baseline 0.001 -13"><span class='ocrx_word' id='word_1_299' title='bbox 433 3007 614 3063; x_wconf 81' lang='lat' dir='ltr'><strong>Stulto</strong></span> <span class='ocrx_word' id='word_1_300' title='bbox 645 3017 843 3076; x_wconf 85' lang='lat' dir='ltr'><strong>autem,</strong></span> <span class='ocrx_word' id='word_1_301' title='bbox 895 3017 954 3064; x_wconf 86' lang='lat' dir='ltr'><strong>ut</strong></span> <span class='ocrx_word' id='word_1_302' title='bbox 999 3027 1150 3064; x_wconf 76' lang='lat' dir='ltr'><strong>servo</strong></span> <span class='ocrx_word' id='word_1_303' title='bbox 1192 3019 1387 3066; x_wconf 79' lang='lat' dir='ltr'><strong>utetur.</strong></span> <span class='ocrx_word' id='word_1_304' title='bbox 1437 3009 1540 3076; x_wconf 84' lang='lat' dir='ltr'><strong>Qui</strong></span> <span class='ocrx_word' id='word_1_305' title='bbox 1587 3019 1769 3068; x_wconf 89' lang='lat' dir='ltr'><strong>autem</strong></span> <span class='ocrx_word' id='word_1_306' title='bbox 1831 3025 1938 3066; x_wconf 89' lang='lat' dir='ltr'><strong>non</strong></span> 
     </span>
    </p>
   </div>
   <div class='ocr_carea' id='block_1_48' title="bbox 361 3099 1942 3172">
    <p class='ocr_par' dir='ltr' id='par_1_48' title="bbox 361 3099 1942 3172">
     <span class='ocr_line' id='line_1_48' title="bbox 361 3099 1942 3172; baseline 0.003 -18"><span class='ocrx_word' id='word_1_307' title='bbox 361 3099 466 3158; x_wconf 77' lang='lat' dir='ltr'><strong>fert</strong></span> <span class='ocrx_word' id='word_1_308' title='bbox 495 3100 660 3157; x_wconf 88' lang='lat' dir='ltr'><strong>Deum</strong></span> <span class='ocrx_word' id='word_1_309' title='bbox 703 3102 756 3156; x_wconf 90' lang='lat' dir='ltr'><strong>in</strong></span> <span class='ocrx_word' id='word_1_310' title='bbox 802 3102 970 3158; x_wconf 90' lang='lat' dir='ltr'><strong>corde</strong></span> <span class='ocrx_word' id='word_1_311' title='bbox 995 3117 1118 3169; x_wconf 90' lang='lat' dir='ltr'><strong>suo,</strong></span> <span class='ocrx_word' id='word_1_312' title='bbox 1166 3103 1212 3158; x_wconf 91' lang='lat' dir='ltr'><strong>si</strong></span> <span class='ocrx_word' id='word_1_313' title='bbox 1255 3101 1492 3172; x_wconf 90' lang='lat' dir='ltr'><strong>sapienti</strong></span> <span class='ocrx_word' id='word_1_314' title='bbox 1534 3101 1862 3160; x_wconf 80' lang='lat' dir='ltr'><strong>aitlictiones</strong></span> <span class='ocrx_word' id='word_1_315' title='bbox 1887 3115 1942 3159; x_wconf 90' lang='lat' dir='ltr'><strong>et</strong></span> 
     </span>
    </p>
   </div>
   <div class='ocr_carea' id='block_1_49' title="bbox 360 3191 1936 3262">
    <p class='ocr_par' dir='ltr' id='par_1_49' title="bbox 360 3191 1936 3262">
     <span class='ocr_line' id='line_1_49' title="bbox 360 3191 1936 3262; baseline 0.002 -16"><span class='ocrx_word' id='word_1_316' title='bbox 360 3192 582 3248; x_wconf 89' lang='lat' dir='ltr'><strong>dolores</strong></span> <span class='ocrx_word' id='word_1_317' title='bbox 623 3191 927 3258; x_wconf 84' lang='lat' dir='ltr'><strong>induxerit,</strong></span> <span class='ocrx_word' id='word_1_318' title='bbox 963 3209 1159 3250; x_wconf 88' lang='lat' dir='ltr'><strong>servus</strong></span> <span class='ocrx_word' id='word_1_319' title='bbox 1207 3193 1360 3249; x_wconf 89' lang='lat' dir='ltr'><strong>illius</strong></span> <span class='ocrx_word' id='word_1_320' title='bbox 1388 3193 1496 3249; x_wconf 87' lang='lat' dir='ltr'><strong>erit</strong></span> <span class='ocrx_word' id='word_1_321' title='bbox 1539 3194 1611 3249; x_wconf 88' lang='lat' dir='ltr'><strong>ad</strong></span> <span class='ocrx_word' id='word_1_322' title='bbox 1663 3195 1936 3262; x_wconf 88' lang='lat' dir='ltr'><strong>salutem;</strong></span> 
     </span>
    </p>
   </div>
   <div class='ocr_carea' id='block_1_50' title="bbox 357 3283 1938 3356">
    <p class='ocr_par' dir='ltr' id='par_1_50' title="bbox 357 3283 1938 3356">
     <span class='ocr_line' id='line_1_50' title="bbox 357 3283 1938 3356; baseline 0.002 -19"><span class='ocrx_word' id='word_1_323' title='bbox 357 3298 596 3354; x_wconf 70' lang='lat' dir='ltr'><strong>enimque</strong></span> <span class='ocrx_word' id='word_1_324' title='bbox 651 3284 745 3354; x_wconf 90' lang='lat' dir='ltr'><strong>qui</strong></span> <span class='ocrx_word' id='word_1_325' title='bbox 805 3284 984 3353; x_wconf 87' lang='lat' dir='ltr'><strong>ipsum</strong></span> <span class='ocrx_word' id='word_1_326' title='bbox 1044 3293 1224 3349; x_wconf 80' lang='lat' dir='ltr'><strong>vexat,</strong></span> <span class='ocrx_word' id='word_1_327' title='bbox 1275 3292 1336 3338; x_wconf 91' lang='lat' dir='ltr'><strong>ut</strong></span> <span class='ocrx_word' id='word_1_328' title='bbox 1399 3283 1805 3342; x_wconf 82' lang='lat' dir='ltr'><strong>benefactorem</strong></span> <span class='ocrx_word' id='word_1_329' title='bbox 1846 3288 1938 3356; x_wconf 82' lang='lat' dir='ltr'><strong>ju-</strong></span> 
     </span>
    </p>
   </div>
   <div class='ocr_carea' id='block_1_51' title="bbox 359 3372 1938 3447">
    <p class='ocr_par' dir='ltr' id='par_1_51' title="bbox 359 3372 1938 3447">
     <span class='ocr_line' id='line_1_51' title="bbox 359 3372 1938 3447; baseline 0.006 -24"><span class='ocrx_word' id='word_1_330' title='bbox 359 3381 479 3427; x_wconf 82' lang='lat' dir='ltr'><strong>stus</strong></span> <span class='ocrx_word' id='word_1_331' title='bbox 505 3375 738 3438; x_wconf 88' lang='lat' dir='ltr'><strong>noverit,</strong></span> <span class='ocrx_word' id='word_1_332' title='bbox 767 3373 819 3430; x_wconf 74' lang='lat' dir='ltr'><strong>et</strong></span> <span class='ocrx_word' id='word_1_333' title='bbox 851 3372 961 3429; x_wconf 90' lang='lat' dir='ltr'><strong>Deo</strong></span> <span class='ocrx_word' id='word_1_334' title='bbox 997 3375 1050 3428; x_wconf 91' lang='lat' dir='ltr'><strong>in</strong></span> <span class='ocrx_word' id='word_1_335' title='bbox 1099 3374 1354 3432; x_wconf 88' lang='lat' dir='ltr'><strong>omnibus</strong></span> <span class='ocrx_word' id='word_1_336' title='bbox 1390 3375 1600 3447; x_wconf 89' lang='lat' dir='ltr'><strong>gratias</strong></span> <span class='ocrx_word' id='word_1_337' title='bbox 1632 3385 1780 3447; x_wconf 82' lang='lat' dir='ltr'><strong>aget,</strong></span> <span class='ocrx_word' id='word_1_338' title='bbox 1809 3378 1938 3446; x_wconf 88' lang='lat' dir='ltr'><strong>quia</strong></span> 
     </span>
    </p>
   </div>
   <div class='ocr_carea' id='block_1_52' title="bbox 359 3478 554 3533">
    <p class='ocr_par' dir='ltr' id='par_1_52' title="bbox 359 3478 554 3533">
     <span class='ocr_line' id='line_1_52' title="bbox 359 3478 554 3533; baseline 0.01 -15"><span class='ocrx_word' id='word_1_339' title='bbox 359 3478 554 3533; x_wconf 81' lang='lat' dir='ltr'><strong>nempe</strong></span> 
     </span>
    </p>
   </div>
   <div class='ocr_carea' id='block_1_53' title="bbox 427 3553 1937 3630">
    <p class='ocr_par' dir='ltr' id='par_1_53' title="bbox 427 3553 1937 3630">
     <span class='ocr_line' id='line_1_53' title="bbox 427 3553 1937 3630; baseline 0.003 -18"><span class='ocrx_word' id='word_1_340' title='bbox 427 3553 678 3616; x_wconf 67' lang='lat' dir='ltr'><strong>Saivatus</strong></span> <span class='ocrx_word' id='word_1_341' title='bbox 731 3569 812 3612; x_wconf 87' lang='lat' dir='ltr'><strong>est</strong></span> <span class='ocrx_word' id='word_1_342' title='bbox 866 3558 932 3612; x_wconf 83' lang='lat' dir='ltr'><strong>ab</strong></span> <span class='ocrx_word' id='word_1_343' title='bbox 968 3557 1160 3612; x_wconf 81' lang='lat' dir='ltr'><strong>ardore</strong></span> <span class='ocrx_word' id='word_1_344' title='bbox 1212 3558 1360 3629; x_wconf 76' lang='lat' dir='ltr'><strong>ﬁlius</strong></span> <span class='ocrx_word' id='word_1_345' title='bbox 1431 3558 1679 3630; x_wconf 77' lang='lat' dir='ltr'><strong>prudens.</strong></span> <span class='ocrx_word' id='word_1_346' title='bbox 1747 3559 1937 3616; x_wconf 85' lang='lat' dir='ltr'><strong>invitis</strong></span> 
     </span>
    </p>
   </div>
   <div class='ocr_carea' id='block_1_54' title="bbox 358 3650 1938 3723">
    <p class='ocr_par' dir='ltr' id='par_1_54' title="bbox 358 3650 1938 3723">
     <span class='ocr_line' id='line_1_54' title="bbox 358 3650 1938 3723; baseline 0.003 -19"><span class='ocrx_word' id='word_1_347' title='bbox 358 3650 778 3718; x_wconf 87' lang='lat' dir='ltr'><strong>teutationibus,</strong></span> <span class='ocrx_word' id='word_1_348' title='bbox 801 3652 894 3722; x_wconf 89' lang='lat' dir='ltr'><strong>qui</strong></span> <span class='ocrx_word' id='word_1_349' title='bbox 929 3652 1080 3707; x_wconf 89' lang='lat' dir='ltr'><strong>novit</strong></span> <span class='ocrx_word' id='word_1_350' title='bbox 1103 3668 1202 3723; x_wconf 89' lang='lat' dir='ltr'><strong>pro</strong></span> <span class='ocrx_word' id='word_1_351' title='bbox 1231 3653 1479 3708; x_wconf 87' lang='lat' dir='ltr'><strong>laborum</strong></span> <span class='ocrx_word' id='word_1_352' title='bbox 1505 3653 1769 3723; x_wconf 86' lang='lat' dir='ltr'><strong>patientia</strong></span> <span class='ocrx_word' id='word_1_353' title='bbox 1795 3669 1938 3708; x_wconf 87' lang='lat' dir='ltr'><strong>mer-</strong></span> 
     </span>
    </p>
   </div>
   <div class='ocr_carea' id='block_1_55' title="bbox 359 3743 1935 3814">
    <p class='ocr_par' dir='ltr' id='par_1_55' title="bbox 359 3743 1935 3814">
     <span class='ocr_line' id='line_1_55' title="bbox 359 3743 1935 3814; baseline 0.001 -18"><span class='ocrx_word' id='word_1_354' title='bbox 359 3743 576 3810; x_wconf 85' lang='lat' dir='ltr'><strong>cedem;</strong></span> <span class='ocrx_word' id='word_1_355' title='bbox 609 3752 664 3798; x_wconf 92' lang='lat' dir='ltr'><strong>et</strong></span> <span class='ocrx_word' id='word_1_356' title='bbox 701 3743 778 3798; x_wconf 89' lang='lat' dir='ltr'><strong>ita</strong></span> <span class='ocrx_word' id='word_1_357' title='bbox 809 3743 922 3810; x_wconf 89' lang='lat' dir='ltr'><strong>ille,</strong></span> <span class='ocrx_word' id='word_1_358' title='bbox 944 3752 1002 3798; x_wconf 93' lang='lat' dir='ltr'><strong>ut</strong></span> <span class='ocrx_word' id='word_1_359' title='bbox 1035 3744 1092 3798; x_wconf 93' lang='lat' dir='ltr'><strong>in</strong></span> <span class='ocrx_word' id='word_1_360' title='bbox 1127 3757 1278 3809; x_wconf 84' lang='lat' dir='ltr'><strong>area,</strong></span> <span class='ocrx_word' id='word_1_361' title='bbox 1311 3744 1571 3814; x_wconf 63' lang='lat' dir='ltr'><strong>praesenti</strong></span> <span class='ocrx_word' id='word_1_362' title='bbox 1599 3744 1822 3808; x_wconf 69' lang='lat' dir='ltr'><strong>saaculo,</strong></span> <span class='ocrx_word' id='word_1_363' title='bbox 1855 3743 1935 3798; x_wconf 85' lang='lat' dir='ltr'><strong>la-</strong></span> 
     </span>
    </p>
   </div>
   <div class='ocr_carea' id='block_1_56' title="bbox 356 3834 1933 3907">
    <p class='ocr_par' dir='ltr' id='par_1_56' title="bbox 356 3834 1933 3907">
     <span class='ocr_line' id='line_1_56' title="bbox 356 3834 1933 3907; baseline 0 -19"><span class='ocrx_word' id='word_1_364' title='bbox 356 3834 584 3890; x_wconf 89' lang='lat' dir='ltr'><strong>boribus</strong></span> <span class='ocrx_word' id='word_1_365' title='bbox 615 3836 800 3892; x_wconf 84' lang='lat' dir='ltr'><strong>carnis</strong></span> <span class='ocrx_word' id='word_1_366' title='bbox 845 3836 1072 3892; x_wconf 87' lang='lat' dir='ltr'><strong>acribus</strong></span> <span class='ocrx_word' id='word_1_367' title='bbox 1119 3835 1414 3907; x_wconf 87' lang='lat' dir='ltr'><strong>impulsus,</strong></span> <span class='ocrx_word' id='word_1_368' title='bbox 1459 3850 1490 3890; x_wconf 90' lang='lat' dir='ltr'><strong>a</strong></span> <span class='ocrx_word' id='word_1_369' title='bbox 1533 3835 1933 3906; x_wconf 87' lang='lat' dir='ltr'><strong>cupiditatibus</strong></span> 
     </span>
    </p>
   </div>
   <div class='ocr_carea' id='block_1_57' title="bbox 357 3924 1932 3996">
    <p class='ocr_par' dir='ltr' id='par_1_57' title="bbox 357 3924 1932 3996">
     <span class='ocr_line' id='line_1_57' title="bbox 357 3924 1932 3996; baseline 0.003 -20"><span class='ocrx_word' id='word_1_370' title='bbox 357 3939 425 3976; x_wconf 93' lang='lat' dir='ltr'><strong>ex</strong></span> <span class='ocrx_word' id='word_1_371' title='bbox 473 3924 758 3980; x_wconf 84' lang='lat' dir='ltr'><strong>nativitate</strong></span> <span class='ocrx_word' id='word_1_372' title='bbox 811 3924 890 3978; x_wconf 88' lang='lat' dir='ltr'><strong>illi</strong></span> <span class='ocrx_word' id='word_1_373' title='bbox 941 3924 1142 3991; x_wconf 89' lang='lat' dir='ltr'><strong>insitis,</strong></span> <span class='ocrx_word' id='word_1_374' title='bbox 1200 3933 1260 3980; x_wconf 88' lang='lat' dir='ltr'><strong>ut</strong></span> <span class='ocrx_word' id='word_1_375' title='bbox 1309 3941 1338 3978; x_wconf 92' lang='lat' dir='ltr'><strong>a</strong></span> <span class='ocrx_word' id='word_1_376' title='bbox 1383 3924 1714 3996; x_wconf 87' lang='lat' dir='ltr'><strong>quibusdam</strong></span> <span class='ocrx_word' id='word_1_377' title='bbox 1758 3924 1932 3995; x_wconf 84' lang='lat' dir='ltr'><strong>paleis</strong></span> 
     </span>
    </p>
   </div>
   <div class='ocr_carea' id='block_1_58' title="bbox 357 4012 1933 4086">
    <p class='ocr_par' dir='ltr' id='par_1_58' title="bbox 357 4012 1933 4086">
     <span class='ocr_line' id='line_1_58' title="bbox 357 4012 1933 4086; baseline 0.001 -19"><span class='ocrx_word' id='word_1_378' title='bbox 357 4012 712 4082; x_wconf 81' lang='lat' dir='ltr'><strong>frumentum,</strong></span> <span class='ocrx_word' id='word_1_379' title='bbox 743 4015 1079 4084; x_wconf 90' lang='lat' dir='ltr'><strong>mundatur;</strong></span> <span class='ocrx_word' id='word_1_380' title='bbox 1114 4025 1168 4072; x_wconf 89' lang='lat' dir='ltr'><strong>et</strong></span> <span class='ocrx_word' id='word_1_381' title='bbox 1207 4026 1578 4086; x_wconf 78' lang='lat' dir='ltr'><strong>congregatur</strong></span> <span class='ocrx_word' id='word_1_382' title='bbox 1611 4016 1684 4072; x_wconf 84' lang='lat' dir='ltr'><strong>ab</strong></span> <span class='ocrx_word' id='word_1_383' title='bbox 1715 4025 1933 4072; x_wconf 88' lang='lat' dir='ltr'><strong>nostra-</strong></span> 
     </span>
    </p>
   </div>
   <div class='ocr_carea' id='block_1_59' title="bbox 357 4107 1928 4180">
    <p class='ocr_par' dir='ltr' id='par_1_59' title="bbox 357 4107 1928 4180">
     <span class='ocr_line' id='line_1_59' title="bbox 357 4107 1928 4180; baseline 0.001 -21"><span class='ocrx_word' id='word_1_384' title='bbox 357 4121 476 4160; x_wconf 91' lang='lat' dir='ltr'><strong>rum</strong></span> <span class='ocrx_word' id='word_1_385' title='bbox 510 4108 815 4162; x_wconf 86' lang='lat' dir='ltr'><strong>animarum</strong></span> <span class='ocrx_word' id='word_1_386' title='bbox 841 4107 1104 4180; x_wconf 86' lang='lat' dir='ltr'><strong>agricola,</strong></span> <span class='ocrx_word' id='word_1_387' title='bbox 1149 4115 1209 4164; x_wconf 91' lang='lat' dir='ltr'><strong>ut</strong></span> <span class='ocrx_word' id='word_1_388' title='bbox 1250 4109 1307 4164; x_wconf 90' lang='lat' dir='ltr'><strong>in</strong></span> <span class='ocrx_word' id='word_1_389' title='bbox 1342 4108 1594 4180; x_wconf 67' lang='lat' dir='ltr'><strong>quaedam</strong></span> <span class='ocrx_word' id='word_1_390' title='bbox 1624 4109 1846 4170; x_wconf 87' lang='lat' dir='ltr'><strong>horrea.</strong></span> <span class='ocrx_word' id='word_1_391' title='bbox 1875 4107 1928 4161; x_wconf 90' lang='lat' dir='ltr'><strong>in</strong></span> 
     </span>
    </p>
   </div>
   <div class='ocr_carea' id='block_1_60' title="bbox 351 4197 830 4255">
    <p class='ocr_par' dir='ltr' id='par_1_60' title="bbox 351 4197 830 4255">
     <span class='ocr_line' id='line_1_60' title="bbox 351 4197 830 4255; baseline 0.004 -5"><span class='ocrx_word' id='word_1_392' title='bbox 351 4206 586 4254; x_wconf 70' lang='lat' dir='ltr'><strong>cternas</strong></span> <span class='ocrx_word' id='word_1_393' title='bbox 613 4197 830 4255; x_wconf 88' lang='lat' dir='ltr'><strong>domos.</strong></span> 
     </span>
    </p>
   </div>
   <div class='ocr_carea' id='block_1_61' title="bbox 435 4287 1929 4362">
    <p class='ocr_par' dir='ltr' id='par_1_61' title="bbox 435 4287 1929 4362">
     <span class='ocr_line' id='line_1_61' title="bbox 435 4287 1929 4362; baseline 0.002 -21"><span class='ocrx_word' id='word_1_394' title='bbox 435 4287 596 4344; x_wconf 81' lang='lat' dir='ltr'><strong>Vento</strong></span> <span class='ocrx_word' id='word_1_395' title='bbox 623 4290 987 4360; x_wconf 84' lang='lat' dir='ltr'><strong>corrumpitur</strong></span> <span class='ocrx_word' id='word_1_396' title='bbox 1010 4292 1063 4344; x_wconf 88' lang='lat' dir='ltr'><strong>in</strong></span> <span class='ocrx_word' id='word_1_397' title='bbox 1096 4306 1260 4346; x_wconf 82' lang='lat' dir='ltr'><strong>messe</strong></span> <span class='ocrx_word' id='word_1_398' title='bbox 1283 4291 1432 4361; x_wconf 78' lang='lat' dir='ltr'><strong>[ilius</strong></span> <span class='ocrx_word' id='word_1_399' title='bbox 1461 4291 1752 4362; x_wconf 84' lang='lat' dir='ltr'><strong>improbus.</strong></span> <span class='ocrx_word' id='word_1_400' title='bbox 1783 4287 1929 4344; x_wconf 83' lang='lat' dir='ltr'><strong>Ven-</strong></span> 
     </span>
    </p>
   </div>
   <div class='ocr_carea' id='block_1_62' title="bbox 2058 1816 3637 1889">
    <p class='ocr_par' dir='ltr' id='par_1_62' title="bbox 2058 1816 3637 1889">
     <span class='ocr_line' id='line_1_62' title="bbox 2058 1816 3637 1889; baseline -0.001 -17"><span class='ocrx_word' id='word_1_401' title='bbox 2058 1817 2157 1872; x_wconf 77' lang='grc' dir='ltr'><strong>καί</strong></span> <span class='ocrx_word' id='word_1_402' title='bbox 2205 1816 2330 1872; x_wconf 86' lang='grc' dir='ltr'>κατ’</span> <span class='ocrx_word' id='word_1_403' title='bbox 2360 1817 2542 1872; x_wconf 83' lang='grc' dir='ltr'>αὐτῶν</span> <span class='ocrx_word' id='word_1_404' title='bbox 2595 1817 2913 1889; x_wconf 76' lang='grc' dir='ltr'>δραστικὸν,</span> <span class='ocrx_word' id='word_1_405' title='bbox 2939 1819 3000 1872; x_wconf 89' lang='grc' dir='ltr'><strong>ού</strong></span> <span class='ocrx_word' id='word_1_406' title='bbox 3030 1818 3191 1887; x_wconf 88' lang='grc' dir='ltr'>μόνον</span> <span class='ocrx_word' id='word_1_407' title='bbox 3253 1817 3506 1880; x_wconf 73' lang='grc' dir='ltr'>ἀϐλαϐεῖς</span> <span class='ocrx_word' id='word_1_408' title='bbox 3534 1818 3637 1882; x_wconf 73' lang='grc' dir='ltr'>τὰς</span> 
     </span>
    </p>
   </div>
   <div class='ocr_carea' id='block_1_63' title="bbox 2055 1907 3632 1981">
    <p class='ocr_par' dir='ltr' id='par_1_63' title="bbox 2055 1907 3632 1981">
     <span class='ocr_line' id='line_1_63' title="bbox 2055 1907 3632 1981; baseline 0.001 -20"><span class='ocrx_word' id='word_1_409' title='bbox 2055 1907 2264 1962; x_wconf 88' lang='grc' dir='ltr'>τούτων</span> <span class='ocrx_word' id='word_1_410' title='bbox 2293 1907 2610 1981; x_wconf 82' lang='grc' dir='ltr'>διατηροῦσι</span> <span class='ocrx_word' id='word_1_411' title='bbox 2633 1907 2836 1980; x_wconf 76' lang='grc' dir='ltr'>ψυχὰς,</span> <span class='ocrx_word' id='word_1_412' title='bbox 2868 1909 3005 1963; x_wconf 83' lang='grc' dir='ltr'><strong>ἀλλά</strong></span> <span class='ocrx_word' id='word_1_413' title='bbox 3034 1909 3129 1964; x_wconf 83' lang='grc' dir='ltr'>καὶ</span> <span class='ocrx_word' id='word_1_414' title='bbox 3153 1908 3364 1980; x_wconf 78' lang='grc' dir='ltr'>ἑτέροις</span> <span class='ocrx_word' id='word_1_415' title='bbox 3388 1909 3483 1963; x_wconf 90' lang='grc' dir='ltr'><strong>τοῦ</strong></span> <span class='ocrx_word' id='word_1_416' title='bbox 3510 1912 3632 1963; x_wconf 83' lang='grc' dir='ltr'>κατ’</span> 
     </span>
    </p>
   </div>
   <div class='ocr_carea' id='block_1_64' title="bbox 2055 1999 3637 2072">
    <p class='ocr_par' dir='ltr' id='par_1_64' title="bbox 2055 1999 3637 2072">
     <span class='ocr_line' id='line_1_64' title="bbox 2055 1999 3637 2072; baseline 0 -17"><span class='ocrx_word' id='word_1_417' title='bbox 2055 2000 2259 2072; x_wconf 83' lang='grc' dir='ltr'>ἀρετὴν</span> <span class='ocrx_word' id='word_1_418' title='bbox 2292 2001 2388 2054; x_wconf 73' lang='grc' dir='ltr'><strong>καὶ</strong></span> <span class='ocrx_word' id='word_1_419' title='bbox 2414 1999 2618 2070; x_wconf 88' lang='grc' dir='ltr'>γνῶσιν</span> <span class='ocrx_word' id='word_1_420' title='bbox 2641 2000 3016 2072; x_wconf 80' lang='grc' dir='ltr'>πνευματικοῦ</span> <span class='ocrx_word' id='word_1_421' title='bbox 3056 2001 3293 2055; x_wconf 87' lang='grc' dir='ltr'>πλούτου</span> <span class='ocrx_word' id='word_1_422' title='bbox 3329 2002 3637 2072; x_wconf 84' lang='grc' dir='ltr'>μεταδιδόα-</span> 
     </span>
    </p>
   </div>
   <div class='ocr_carea' id='block_1_65' title="bbox 2057 2091 3635 2172">
    <p class='ocr_par' dir='ltr' id='par_1_65' title="bbox 2057 2091 3635 2172">
     <span class='ocr_line' id='line_1_65' title="bbox 2057 2091 3635 2172; baseline 0.001 -27"><span class='ocrx_word' id='word_1_423' title='bbox 2057 2107 2173 2146; x_wconf 88' lang='grc' dir='ltr'>σιν·</span> <span class='ocrx_word' id='word_1_424' title='bbox 2203 2091 2280 2156; x_wconf 85' lang='grc' dir='ltr'>ὡς</span> <span class='ocrx_word' id='word_1_425' title='bbox 2303 2092 2528 2172; x_wconf 63' lang='grc' dir='ltr'>τούτους</span> <span class='ocrx_word' id='word_1_426' title='bbox 2557 2091 2701 2165; x_wconf 82' lang='grc' dir='ltr'>λόγῳ</span> <span class='ocrx_word' id='word_1_427' title='bbox 2737 2093 2838 2165; x_wconf 76' lang='grc' dir='ltr'>μὲν</span> <span class='ocrx_word' id='word_1_428' title='bbox 2870 2091 3259 2164; x_wconf 82' lang='grc' dir='ltr'>διδασκαλικῷ,</span> <span class='ocrx_word' id='word_1_429' title='bbox 3289 2093 3424 2160; x_wconf 75' lang='grc' dir='ltr'>πρὸς</span> <span class='ocrx_word' id='word_1_430' title='bbox 3450 2091 3549 2164; x_wconf 82' lang='grc' dir='ltr'>μὲν</span> <span class='ocrx_word' id='word_1_431' title='bbox 3572 2093 3635 2147; x_wconf 67' lang='grc' dir='ltr'>τὸ</span> 
     </span>
    </p>
   </div>
   <div class='ocr_carea' id='block_1_66' title="bbox 2055 2184 3628 2258">
    <p class='ocr_par' dir='ltr' id='par_1_66' title="bbox 2055 2184 3628 2258">
     <span class='ocr_line' id='line_1_66' title="bbox 2055 2184 3628 2258; baseline 0.001 -19"><span class='ocrx_word' id='word_1_432' title='bbox 2055 2185 2259 2254; x_wconf 80' lang='grc' dir='ltr'>ἀγαθὸν</span> <span class='ocrx_word' id='word_1_433' title='bbox 2287 2186 2728 2258; x_wconf 90' lang='grc' dir='ltr'>προτρεπόντων,</span> <span class='ocrx_word' id='word_1_434' title='bbox 2776 2185 2868 2239; x_wconf 90' lang='grc' dir='ltr'><strong>τοῦ</strong></span> <span class='ocrx_word' id='word_1_435' title='bbox 2894 2185 2950 2238; x_wconf 80' lang='grc' dir='ltr'>δὲ</span> <span class='ocrx_word' id='word_1_436' title='bbox 2977 2184 3149 2240; x_wconf 85' lang='grc' dir='ltr'>κακοῦ</span> <span class='ocrx_word' id='word_1_437' title='bbox 3181 2186 3628 2258; x_wconf 77' lang='grc' dir='ltr'>ἀποτρεπόντωνο</span> 
     </span>
    </p>
   </div>
   <div class='ocr_carea' id='block_1_67' title="bbox 2055 2279 3621 2352">
    <p class='ocr_par' dir='ltr' id='par_1_67' title="bbox 2055 2279 3621 2352">
     <span class='ocr_line' id='line_1_67' title="bbox 2055 2279 3621 2352; baseline 0.001 -20"><span class='ocrx_word' id='word_1_438' title='bbox 2055 2279 2240 2352; x_wconf 78' lang='grc' dir='ltr'>ἔργοις</span> <span class='ocrx_word' id='word_1_439' title='bbox 2256 2280 2314 2334; x_wconf 77' lang='grc' dir='ltr'><strong>δὲ</strong></span> <span class='ocrx_word' id='word_1_440' title='bbox 2347 2279 2712 2352; x_wconf 77' lang='grc' dir='ltr'>βεϐαιούντων</span> <span class='ocrx_word' id='word_1_441' title='bbox 2739 2281 2832 2334; x_wconf 81' lang='grc' dir='ltr'><strong>τὸν</strong></span> <span class='ocrx_word' id='word_1_442' title='bbox 2889 2279 3070 2350; x_wconf 89' lang='grc' dir='ltr'>λόγον,</span> <span class='ocrx_word' id='word_1_443' title='bbox 3102 2279 3200 2334; x_wconf 77' lang='grc' dir='ltr'><strong>καὶ</strong></span> <span class='ocrx_word' id='word_1_444' title='bbox 3226 2280 3522 2334; x_wconf 82' lang='grc' dir='ltr'>πειθόντων</span> <span class='ocrx_word' id='word_1_445' title='bbox 3552 2281 3621 2334; x_wconf 80' lang='grc' dir='ltr'><strong>τά</strong></span> 
     </span>
    </p>
   </div>
   <div class='ocr_carea' id='block_1_68' title="bbox 2053 2370 3634 2445">
    <p class='ocr_par' dir='ltr' id='par_1_68' title="bbox 2053 2370 3634 2445">
     <span class='ocr_line' id='line_1_68' title="bbox 2053 2370 3634 2445; baseline -0.001 -19"><span class='ocrx_word' id='word_1_446' title='bbox 2053 2370 2145 2426; x_wconf 88' lang='grc' dir='ltr'><strong>τοῦ</strong></span> <span class='ocrx_word' id='word_1_447' title='bbox 2181 2371 2340 2441; x_wconf 83' lang='grc' dir='ltr'>λόγου</span> <span class='ocrx_word' id='word_1_448' title='bbox 2405 2374 2598 2438; x_wconf 83' lang='grc' dir='ltr'>ποιεῖν,</span> <span class='ocrx_word' id='word_1_449' title='bbox 2635 2373 2692 2426; x_wconf 79' lang='grc' dir='ltr'>ὲν</span> <span class='ocrx_word' id='word_1_450' title='bbox 2722 2371 2800 2444; x_wconf 82' lang='grc' dir='ltr'>τῷ</span> <span class='ocrx_word' id='word_1_451' title='bbox 2851 2371 3138 2444; x_wconf 81' lang='grc' dir='ltr'>μιμεῖσθαι</span> <span class='ocrx_word' id='word_1_452' title='bbox 3166 2373 3236 2426; x_wconf 79' lang='grc' dir='ltr'>τὰ</span> <span class='ocrx_word' id='word_1_453' title='bbox 3283 2372 3421 2445; x_wconf 76' lang='grc' dir='ltr'>ἔργα</span> <span class='ocrx_word' id='word_1_454' title='bbox 3457 2389 3474 2404; x_wconf 70' lang='grc'><strong><em>⁸</em></strong></span> <span class='ocrx_word' id='word_1_455' title='bbox 3533 2375 3634 2428; x_wconf 77' lang='grc' dir='ltr'>καὶ</span> 
     </span>
    </p>
   </div>
   <div class='ocr_carea' id='block_1_69' title="bbox 2052 2465 2160 2534">
    <p class='ocr_par' dir='ltr' id='par_1_69' title="bbox 2052 2465 2160 2534">
     <span class='ocr_line' id='line_1_69' title="bbox 2052 2465 2160 2534; baseline 0.019 -2"><span class='ocrx_word' id='word_1_456' title='bbox 2052 2465 2160 2534; x_wconf 79' lang='grc' dir='ltr'><strong>γὰρ</strong></span> 
     </span>
    </p>
   </div>
   <div class='ocr_carea' id='block_1_70' title="bbox 2123 2555 3628 2628">
    <p class='ocr_par' dir='ltr' id='par_1_70' title="bbox 2123 2555 3628 2628">
     <span class='ocr_line' id='line_1_70' title="bbox 2123 2555 3628 2628; baseline -0.001 -17"><span class='ocrx_word' id='word_1_457' title='bbox 2123 2565 2184 2612; x_wconf 85' lang='grc' dir='ltr'><strong>ε’.</strong></span> <span class='ocrx_word' id='word_1_458' title='bbox 2225 2557 2358 2624; x_wconf 82' lang='grc' dir='ltr'><strong>Υἱὸς</strong></span> <span class='ocrx_word' id='word_1_459' title='bbox 2410 2556 2903 2628; x_wconf 74' lang='grc' dir='ltr'>πεπαιδευμένος,</span> <span class='ocrx_word' id='word_1_460' title='bbox 2961 2555 3155 2626; x_wconf 75' lang='grc' dir='ltr'>σοφὸς</span> <span class='ocrx_word' id='word_1_461' title='bbox 3199 2557 3394 2612; x_wconf 78' lang='grc' dir='ltr'>ἔσται.</span> <span class='ocrx_word' id='word_1_462' title='bbox 3437 2556 3497 2610; x_wconf 85' lang='lat'><strong>&#39;0</strong></span> <span class='ocrx_word' id='word_1_463' title='bbox 3525 2556 3628 2626; x_wconf 79' lang='grc' dir='ltr'>μὲν</span> 
     </span>
    </p>
   </div>
   <div class='ocr_carea' id='block_1_71' title="bbox 2054 2647 3630 2722">
    <p class='ocr_par' dir='ltr' id='par_1_71' title="bbox 2054 2647 3630 2722">
     <span class='ocr_line' id='line_1_71' title="bbox 2054 2647 3630 2722; baseline -0.001 -19"><span class='ocrx_word' id='word_1_464' title='bbox 2054 2649 2392 2720; x_wconf 84' lang='grc' dir='ltr'>υίοθετηθείς</span> <span class='ocrx_word' id='word_1_465' title='bbox 2419 2649 2559 2722; x_wconf 82' lang='grc' dir='ltr'>Θεῷ,</span> <span class='ocrx_word' id='word_1_466' title='bbox 2592 2649 2680 2704; x_wconf 80' lang='grc' dir='ltr'>διὰ</span> <span class='ocrx_word' id='word_1_467' title='bbox 2706 2649 2808 2720; x_wconf 89' lang='grc' dir='ltr'><strong>τῆς</strong></span> <span class='ocrx_word' id='word_1_468' title='bbox 2839 2647 3276 2722; x_wconf 82' lang='grc' dir='ltr'>έκκαθαιρούσης</span> <span class='ocrx_word' id='word_1_469' title='bbox 3299 2649 3399 2719; x_wconf 82' lang='grc' dir='ltr'><strong>τὴν</strong></span> <span class='ocrx_word' id='word_1_470' title='bbox 3446 2647 3630 2720; x_wconf 79' lang='grc' dir='ltr'>ψυχὴν</span> 
     </span>
    </p>
   </div>
   <div class='ocr_carea' id='block_1_72' title="bbox 2050 2738 3625 2812">
    <p class='ocr_par' dir='ltr' id='par_1_72' title="bbox 2050 2738 3625 2812">
     <span class='ocr_line' id='line_1_72' title="bbox 2050 2738 3625 2812; baseline -0.003 -16"><span class='ocrx_word' id='word_1_471' title='bbox 2050 2741 2159 2796; x_wconf 84' lang='grc' dir='ltr'><strong>τῶν</strong></span> <span class='ocrx_word' id='word_1_472' title='bbox 2178 2741 2286 2796; x_wconf 82' lang='grc' dir='ltr'><strong>ἀπὸ</strong></span> <span class='ocrx_word' id='word_1_473' title='bbox 2313 2741 2510 2806; x_wconf 79' lang='grc' dir='ltr'>κακίας</span> <span class='ocrx_word' id='word_1_474' title='bbox 2548 2741 2782 2812; x_wconf 82' lang='grc' dir='ltr'>κηλίδων</span> <span class='ocrx_word' id='word_1_475' title='bbox 2824 2741 3086 2795; x_wconf 78' lang='grc' dir='ltr'>ἐπιπόνου</span> <span class='ocrx_word' id='word_1_476' title='bbox 3115 2739 3360 2810; x_wconf 87' lang='grc' dir='ltr'>ἀγωγῆς,</span> <span class='ocrx_word' id='word_1_477' title='bbox 3383 2738 3483 2810; x_wconf 89' lang='grc' dir='ltr'><strong>τῆς</strong></span> <span class='ocrx_word' id='word_1_478' title='bbox 3511 2739 3625 2793; x_wconf 73' lang='grc' dir='ltr'><strong>ἀπὸ</strong></span> 
     </span>
    </p>
   </div>
   <div class='ocr_carea' id='block_1_73' title="bbox 2050 2829 3623 2904">
    <p class='ocr_par' dir='ltr' id='par_1_73' title="bbox 2050 2829 3623 2904">
     <span class='ocr_line' id='line_1_73' title="bbox 2050 2829 3623 2904; baseline -0.001 -18"><span class='ocrx_word' id='word_1_479' title='bbox 2050 2832 2162 2886; x_wconf 88' lang='grc' dir='ltr'><strong>τῶν</strong></span> <span class='ocrx_word' id='word_1_480' title='bbox 2193 2833 2578 2904; x_wconf 78' lang='grc' dir='ltr'>ἐπερχομένων</span> <span class='ocrx_word' id='word_1_481' title='bbox 2617 2833 2770 2904; x_wconf 85' lang='grc' dir='ltr'><strong>αὒτῷ</strong></span> <span class='ocrx_word' id='word_1_482' title='bbox 2809 2831 3122 2902; x_wconf 76' lang='grc' dir='ltr'>ἀϐουλήτως</span> <span class='ocrx_word' id='word_1_483' title='bbox 3153 2829 3421 2900; x_wconf 79' lang='grc' dir='ltr'>ὠφελείας</span> <span class='ocrx_word' id='word_1_484' title='bbox 3475 2829 3623 2903; x_wconf 73' lang='grc' dir='ltr'>εἰδή-</span> 
     </span>
    </p>
   </div>
   <div class='ocr_carea' id='block_1_74' title="bbox 2053 2925 2402 2996">
    <p class='ocr_par' dir='ltr' id='par_1_74' title="bbox 2053 2925 2402 2996">
     <span class='ocr_line' id='line_1_74' title="bbox 2053 2925 2402 2996; baseline 0.003 -17"><span class='ocrx_word' id='word_1_485' title='bbox 2053 2943 2170 2996; x_wconf 89' lang='grc' dir='ltr'><strong>μων</strong></span> <span class='ocrx_word' id='word_1_486' title='bbox 2199 2925 2402 2990; x_wconf 73' lang='grc' dir='ltr'>ἔσεται.</span> 
     </span>
    </p>
   </div>
   <div class='ocr_carea' id='block_1_75' title="bbox 2120 3008 3642 3084">
    <p class='ocr_par' dir='ltr' id='par_1_75' title="bbox 2120 3008 3642 3084">
     <span class='ocr_line' id='line_1_75' title="bbox 2120 3008 3642 3084; baseline -0.005 -16"><span class='ocrx_word' id='word_1_487' title='bbox 2120 3013 2209 3081; x_wconf 85' lang='grc' dir='ltr'><strong>Τῷ</strong></span> <span class='ocrx_word' id='word_1_488' title='bbox 2231 3013 2299 3068; x_wconf 78' lang='grc' dir='ltr'>δὲ</span> <span class='ocrx_word' id='word_1_489' title='bbox 2319 3013 2557 3084; x_wconf 66' lang='grc' dir='ltr'>ἄφρονι,</span> <span class='ocrx_word' id='word_1_490' title='bbox 2590 3012 2850 3080; x_wconf 86' lang='grc' dir='ltr'>διακόνῳ</span> <span class='ocrx_word' id='word_1_491' title='bbox 2877 3010 3187 3082; x_wconf 80' lang='grc' dir='ltr'>χρήσεται.</span> <span class='ocrx_word' id='word_1_492' title='bbox 3212 3009 3315 3064; x_wconf 77' lang='grc' dir='ltr'><strong>Τὸν</strong></span> <span class='ocrx_word' id='word_1_493' title='bbox 3336 3008 3394 3064; x_wconf 74' lang='grc' dir='ltr'>δὲ</span> <span class='ocrx_word' id='word_1_494' title='bbox 3427 3009 3501 3080; x_wconf 78' lang='grc' dir='ltr'>μὴ</span> <span class='ocrx_word' id='word_1_495' title='bbox 3530 3026 3642 3063; x_wconf 63' lang='grc' dir='ltr'>πε-</span> 
     </span>
    </p>
   </div>
   <div class='ocr_carea' id='block_1_76' title="bbox 2044 3097 3630 3180">
    <p class='ocr_par' dir='ltr' id='par_1_76' title="bbox 2044 3097 3630 3180">
     <span class='ocr_line' id='line_1_76' title="bbox 2044 3097 3630 3180; baseline -0.004 -21"><span class='ocrx_word' id='word_1_496' title='bbox 2044 3106 2338 3180; x_wconf 82' lang='grc' dir='ltr'>ριφέροντα</span> <span class='ocrx_word' id='word_1_497' title='bbox 2386 3105 2520 3159; x_wconf 82' lang='grc' dir='ltr'>Θεὸν</span> <span class='ocrx_word' id='word_1_498' title='bbox 2549 3106 2606 3158; x_wconf 79' lang='grc' dir='ltr'>ἐν</span> <span class='ocrx_word' id='word_1_499' title='bbox 2634 3103 2854 3176; x_wconf 79' lang='grc' dir='ltr'>καρδίᾳ,</span> <span class='ocrx_word' id='word_1_500' title='bbox 2890 3101 3100 3173; x_wconf 79' lang='grc' dir='ltr'>θλίψεις</span> <span class='ocrx_word' id='word_1_501' title='bbox 3126 3101 3274 3172; x_wconf 85' lang='grc' dir='ltr'>αύτῷ</span> <span class='ocrx_word' id='word_1_502' title='bbox 3303 3100 3396 3154; x_wconf 79' lang='grc' dir='ltr'><strong>καί</strong></span> <span class='ocrx_word' id='word_1_503' title='bbox 3427 3097 3630 3164; x_wconf 79' lang='grc' dir='ltr'>ὀδύνας</span> 
     </span>
    </p>
   </div>
   <div class='ocr_carea' id='block_1_77' title="bbox 2039 3192 3629 3269">
    <p class='ocr_par' dir='ltr' id='par_1_77' title="bbox 2039 3192 3629 3269">
     <span class='ocr_line' id='line_1_77' title="bbox 2039 3192 3629 3269; baseline -0.001 -19"><span class='ocrx_word' id='word_1_504' title='bbox 2039 3197 2336 3266; x_wconf 79' lang='grc' dir='ltr'>ἐπάγοντα,</span> <span class='ocrx_word' id='word_1_505' title='bbox 2375 3198 2659 3269; x_wconf 78' lang='grc' dir='ltr'>ὑπηρέτην</span> <span class='ocrx_word' id='word_1_506' title='bbox 2715 3197 2828 3264; x_wconf 71' lang='grc' dir='ltr'>ἔξει</span> <span class='ocrx_word' id='word_1_507' title='bbox 2880 3194 3018 3266; x_wconf 81' lang='grc' dir='ltr'>πρὸς</span> <span class='ocrx_word' id='word_1_508' title='bbox 3048 3193 3320 3265; x_wconf 80' lang='grc' dir='ltr'>σωτηρίαν</span> <span class='ocrx_word' id='word_1_509' title='bbox 3340 3193 3414 3258; x_wconf 86' lang='grc' dir='ltr'>ὡς</span> <span class='ocrx_word' id='word_1_510' title='bbox 3441 3192 3538 3246; x_wconf 89' lang='grc' dir='ltr'><strong>τόν</strong></span> <span class='ocrx_word' id='word_1_511' title='bbox 3563 3209 3629 3248; x_wconf 78' lang='grc' dir='ltr'><strong>τε</strong></span> 
     </span>
    </p>
   </div>
   <div class='ocr_carea' id='block_1_78' title="bbox 2037 3282 3633 3359">
    <p class='ocr_par' dir='ltr' id='par_1_78' title="bbox 2037 3282 3633 3359">
     <span class='ocr_line' id='line_1_78' title="bbox 2037 3282 3633 3359; baseline -0.003 -19"><span class='ocrx_word' id='word_1_512' title='bbox 2037 3287 2308 3342; x_wconf 85' lang='grc' dir='ltr'>λυποῦντα</span> <span class='ocrx_word' id='word_1_513' title='bbox 2343 3287 2505 3342; x_wconf 83' lang='grc' dir='ltr'>αὑτὸν</span> <span class='ocrx_word' id='word_1_514' title='bbox 2535 3287 2831 3359; x_wconf 79' lang='grc' dir='ltr'>εὐεργέτην</span> <span class='ocrx_word' id='word_1_515' title='bbox 2884 3285 3059 3352; x_wconf 82' lang='grc' dir='ltr'>εἰδὼς,</span> <span class='ocrx_word' id='word_1_516' title='bbox 3112 3285 3206 3340; x_wconf 76' lang='grc' dir='ltr'>καὶ</span> <span class='ocrx_word' id='word_1_517' title='bbox 3263 3284 3356 3356; x_wconf 82' lang='grc' dir='ltr'>τῷ.</span> <span class='ocrx_word' id='word_1_518' title='bbox 3380 3282 3504 3355; x_wconf 73' lang='grc' dir='ltr'>θεῷ</span> <span class='ocrx_word' id='word_1_519' title='bbox 3533 3283 3633 3337; x_wconf 73' lang='grc' dir='ltr'><strong>ἐπὶ</strong></span> 
     </span>
    </p>
   </div>
   <div class='ocr_carea' id='block_1_79' title="bbox 2038 3379 2835 3452">
    <p class='ocr_par' dir='ltr' id='par_1_79' title="bbox 2038 3379 2835 3452">
     <span class='ocr_line' id='line_1_79' title="bbox 2038 3379 2835 3452; baseline -0.004 -19"><span class='ocrx_word' id='word_1_520' title='bbox 2038 3381 2204 3433; x_wconf 77' lang='grc' dir='ltr'>πᾶσιν</span> <span class='ocrx_word' id='word_1_521' title='bbox 2227 3379 2586 3452; x_wconf 69' lang='grc' dir='ltr'>εὐχαριστῶν*</span> <span class='ocrx_word' id='word_1_522' title='bbox 2619 3381 2701 3433; x_wconf 83' lang='grc' dir='ltr'>ὅτι</span> <span class='ocrx_word' id='word_1_523' title='bbox 2728 3395 2835 3450; x_wconf 88' lang='grc' dir='ltr'><strong>περ</strong></span> 
     </span>
    </p>
   </div>
   <div class='ocr_carea' id='block_1_80' title="bbox 2107 3543 3623 3626">
    <p class='ocr_par' dir='ltr' id='par_1_80' title="bbox 2107 3543 3623 3626">
     <span class='ocr_line' id='line_1_80' title="bbox 2107 3543 3623 3626; baseline -0.002 -16"><span class='ocrx_word' id='word_1_524' title='bbox 2107 3555 2366 3625; x_wconf 84' lang='grc' dir='ltr'>Διεσώθη</span> <span class='ocrx_word' id='word_1_525' title='bbox 2395 3556 2513 3612; x_wconf 80' lang='grc' dir='ltr'>ἀπὸ</span> <span class='ocrx_word' id='word_1_526' title='bbox 2544 3556 2845 3626; x_wconf 77' lang='grc' dir='ltr'>καύματος</span> <span class='ocrx_word' id='word_1_527' title='bbox 2875 3555 3002 3621; x_wconf 81' lang='grc' dir='ltr'>υἱὸς</span> <span class='ocrx_word' id='word_1_528' title='bbox 3029 3553 3285 3624; x_wconf 80' lang='grc' dir='ltr'>νοήμων.</span> <span class='ocrx_word' id='word_1_529' title='bbox 3309 3543 3623 3607; x_wconf 76' lang='grc' dir='ltr'>’Ᾰκουσίων</span> 
     </span>
    </p>
   </div>
   <div class='ocr_carea' id='block_1_81' title="bbox 2037 3643 3619 3720">
    <p class='ocr_par' dir='ltr' id='par_1_81' title="bbox 2037 3643 3619 3720">
     <span class='ocr_line' id='line_1_81' title="bbox 2037 3643 3619 3720; baseline -0.001 -20"><span class='ocrx_word' id='word_1_530' title='bbox 2037 3647 2384 3720; x_wconf 81' lang='grc' dir='ltr'>πειρασμῶν,</span> <span class='ocrx_word' id='word_1_531' title='bbox 2408 3648 2436 3701; x_wconf 89' lang='grc' dir='ltr'><strong>ό</strong></span> <span class='ocrx_word' id='word_1_532' title='bbox 2465 3647 2706 3719; x_wconf 79' lang='grc' dir='ltr'>εἰδήμων</span> <span class='ocrx_word' id='word_1_533' title='bbox 2738 3646 2834 3701; x_wconf 83' lang='grc' dir='ltr'><strong>τοῦ</strong></span> <span class='ocrx_word' id='word_1_534' title='bbox 2883 3647 3024 3717; x_wconf 82' lang='grc' dir='ltr'>ὑπὲρ</span> <span class='ocrx_word' id='word_1_535' title='bbox 3057 3647 3156 3718; x_wconf 90' lang='grc' dir='ltr'><strong>τῆς</strong></span> <span class='ocrx_word' id='word_1_536' title='bbox 3197 3643 3480 3716; x_wconf 81' lang='grc' dir='ltr'>ὑπομονῆς</span> <span class='ocrx_word' id='word_1_537' title='bbox 3503 3645 3619 3698; x_wconf 86' lang='grc' dir='ltr'><strong>τῶν</strong></span> 
     </span>
    </p>
   </div>
   <div class='ocr_carea' id='block_1_82' title="bbox 2036 3733 3624 3811">
    <p class='ocr_par' dir='ltr' id='par_1_82' title="bbox 2036 3733 3624 3811">
     <span class='ocr_line' id='line_1_82' title="bbox 2036 3733 3624 3811; baseline -0.003 -18"><span class='ocrx_word' id='word_1_538' title='bbox 2036 3741 2215 3795; x_wconf 87' lang='grc' dir='ltr'>πόνων</span> <span class='ocrx_word' id='word_1_539' title='bbox 2266 3739 2460 3811; x_wconf 87' lang='grc' dir='ltr'>μισθοῦ</span> <span class='ocrx_word' id='word_1_540' title='bbox 2489 3756 2503 3770; x_wconf 88' lang='grc'><strong>·</strong></span> <span class='ocrx_word' id='word_1_541' title='bbox 2530 3739 2626 3793; x_wconf 78' lang='grc' dir='ltr'><strong>καὶ</strong></span> <span class='ocrx_word' id='word_1_542' title='bbox 2647 3738 2790 3793; x_wconf 77' lang='grc' dir='ltr'>οὕτω</span> <span class='ocrx_word' id='word_1_543' title='bbox 2816 3739 2918 3810; x_wconf 80' lang='grc' dir='ltr'>μὲν</span> <span class='ocrx_word' id='word_1_544' title='bbox 2979 3733 3134 3802; x_wconf 75' lang='grc' dir='ltr'>οὗτος</span> <span class='ocrx_word' id='word_1_545' title='bbox 3161 3737 3237 3801; x_wconf 85' lang='grc' dir='ltr'>ὡς</span> <span class='ocrx_word' id='word_1_546' title='bbox 3263 3736 3322 3790; x_wconf 79' lang='grc' dir='ltr'>ὲν</span> <span class='ocrx_word' id='word_1_547' title='bbox 3348 3735 3517 3791; x_wconf 77' lang='grc' dir='ltr'>ἄλωνι</span> <span class='ocrx_word' id='word_1_548' title='bbox 3541 3735 3624 3808; x_wconf 79' lang='grc' dir='ltr'><strong>τῷ</strong></span> 
     </span>
    </p>
   </div>
   <div class='ocr_carea' id='block_1_83' title="bbox 2035 3817 3624 3906">
    <p class='ocr_par' dir='ltr' id='par_1_83' title="bbox 2035 3817 3624 3906">
     <span class='ocr_line' id='line_1_83' title="bbox 2035 3817 3624 3906; baseline -0.001 -19"><span class='ocrx_word' id='word_1_549' title='bbox 2035 3833 2264 3906; x_wconf 86' lang='grc' dir='ltr'>παρόντι</span> <span class='ocrx_word' id='word_1_550' title='bbox 2296 3831 2475 3900; x_wconf 87' lang='grc' dir='ltr'>αἰῶνι,</span> <span class='ocrx_word' id='word_1_551' title='bbox 2507 3831 2692 3896; x_wconf 84' lang='grc' dir='ltr'>πόνοις</span> <span class='ocrx_word' id='word_1_552' title='bbox 2723 3831 2933 3905; x_wconf 82' lang='grc' dir='ltr'>σαρκὸς</span> <span class='ocrx_word' id='word_1_553' title='bbox 2955 3831 3104 3898; x_wconf 79' lang='grc' dir='ltr'>ὀξέσι</span> <span class='ocrx_word' id='word_1_554' title='bbox 3148 3817 3500 3903; x_wconf 79' lang='grc' dir='ltr'>βαλλόμενος,</span> <span class='ocrx_word' id='word_1_555' title='bbox 3530 3827 3624 3886; x_wconf 71' lang='grc' dir='ltr'>οἷά</span> 
     </span>
    </p>
   </div>
   <div class='ocr_carea' id='block_1_84' title="bbox 2031 3922 3621 3994">
    <p class='ocr_par' dir='ltr' id='par_1_84' title="bbox 2031 3922 3621 3994">
     <span class='ocr_line' id='line_1_84' title="bbox 2031 3922 3621 3994; baseline 0 -17"><span class='ocrx_word' id='word_1_556' title='bbox 2031 3941 2117 3989; x_wconf 87' lang='grc' dir='ltr'><strong>τις</strong></span> <span class='ocrx_word' id='word_1_557' title='bbox 2146 3927 2290 3989; x_wconf 79' lang='grc' dir='ltr'>σῖτος</span> <span class='ocrx_word' id='word_1_558' title='bbox 2309 3923 2418 3978; x_wconf 88' lang='grc' dir='ltr'><strong>τῶν</strong></span> <span class='ocrx_word' id='word_1_559' title='bbox 2442 3926 2508 3978; x_wconf 73' lang='grc' dir='ltr'>ἐκ</span> <span class='ocrx_word' id='word_1_560' title='bbox 2549 3924 2815 3994; x_wconf 82' lang='grc' dir='ltr'>γενέσεως</span> <span class='ocrx_word' id='word_1_561' title='bbox 2864 3923 3074 3990; x_wconf 90' lang='grc' dir='ltr'>παθῶν,</span> <span class='ocrx_word' id='word_1_562' title='bbox 3107 3922 3184 3988; x_wconf 85' lang='grc' dir='ltr'>ὥς</span> <span class='ocrx_word' id='word_1_563' title='bbox 3202 3940 3364 3977; x_wconf 89' lang='grc' dir='ltr'>τινων</span> <span class='ocrx_word' id='word_1_564' title='bbox 3391 3922 3621 3994; x_wconf 80' lang='grc' dir='ltr'>ἀχύρων</span> 
     </span>
    </p>
   </div>
   <div class='ocr_carea' id='block_1_85' title="bbox 2032 4013 3620 4088">
    <p class='ocr_par' dir='ltr' id='par_1_85' title="bbox 2032 4013 3620 4088">
     <span class='ocr_line' id='line_1_85' title="bbox 2032 4013 3620 4088; baseline -0.002 -20"><span class='ocrx_word' id='word_1_565' title='bbox 2032 4015 2500 4088; x_wconf 78' lang='grc' dir='ltr'>ἀποκαθαίρεταιο</span> <span class='ocrx_word' id='word_1_566' title='bbox 2534 4015 2631 4069; x_wconf 72' lang='grc' dir='ltr'>καὶ</span> <span class='ocrx_word' id='word_1_567' title='bbox 2676 4014 2967 4084; x_wconf 79' lang='grc' dir='ltr'>συνάγεται</span> <span class='ocrx_word' id='word_1_568' title='bbox 3015 4014 3168 4086; x_wconf 86' lang='grc' dir='ltr'><strong>παρά</strong></span> <span class='ocrx_word' id='word_1_569' title='bbox 3215 4013 3310 4066; x_wconf 86' lang='grc' dir='ltr'><strong>τοῦ</strong></span> <span class='ocrx_word' id='word_1_570' title='bbox 3361 4013 3620 4084; x_wconf 86' lang='grc' dir='ltr'>γεωργοῦ</span> 
     </span>
    </p>
   </div>
   <div class='ocr_carea' id='block_1_86' title="bbox 2029 4103 3619 4180">
    <p class='ocr_par' dir='ltr' id='par_1_86' title="bbox 2029 4103 3619 4180">
     <span class='ocr_line' id='line_1_86' title="bbox 2029 4103 3619 4180; baseline -0.001 -20"><span class='ocrx_word' id='word_1_571' title='bbox 2029 4109 2137 4161; x_wconf 86' lang='grc' dir='ltr'><strong>τῶν</strong></span> <span class='ocrx_word' id='word_1_572' title='bbox 2158 4108 2444 4180; x_wconf 79' lang='grc' dir='ltr'>ἡμετέρων</span> <span class='ocrx_word' id='word_1_573' title='bbox 2477 4107 2688 4178; x_wconf 77' lang='grc' dir='ltr'>ψυχῶν,</span> <span class='ocrx_word' id='word_1_574' title='bbox 2719 4107 2794 4172; x_wconf 86' lang='grc' dir='ltr'>ὡς</span> <span class='ocrx_word' id='word_1_575' title='bbox 2819 4107 2900 4172; x_wconf 73' lang='grc' dir='ltr'>εἷς</span> <span class='ocrx_word' id='word_1_576' title='bbox 2957 4123 3112 4170; x_wconf 89' lang='grc' dir='ltr'>τινας</span> <span class='ocrx_word' id='word_1_577' title='bbox 3167 4103 3454 4176; x_wconf 76' lang='grc' dir='ltr'>ἀποθήκας</span> <span class='ocrx_word' id='word_1_578' title='bbox 3509 4105 3619 4169; x_wconf 66' lang='grc' dir='ltr'>τὰς</span> 
     </span>
    </p>
   </div>
   <div class='ocr_carea' id='block_1_87' title="bbox 2028 4195 3562 4265">
    <p class='ocr_par' dir='ltr' id='par_1_87' title="bbox 2028 4195 3562 4265">
     <span class='ocr_line' id='line_1_87' title="bbox 2028 4195 3562 4265; baseline 0.012 -17"><span class='ocrx_word' id='word_1_579' title='bbox 2028 4195 2279 4259; x_wconf 77' lang='grc' dir='ltr'>αἰωνίους</span> <span class='ocrx_word' id='word_1_580' title='bbox 2305 4195 2496 4265; x_wconf 83' lang='grc' dir='ltr'>μονάς.</span> <span class='ocrx_word' id='word_1_581' title='bbox 3556 4214 3562 4219; x_wconf 85' lang='grc'><em>’</em></span> 
     </span>
    </p>
   </div>
   <div class='ocr_carea' id='block_1_88' title="bbox 2099 4284 3610 4358">
    <p class='ocr_par' dir='ltr' id='par_1_88' title="bbox 2099 4284 3610 4358">
     <span class='ocr_line' id='line_1_88' title="bbox 2099 4284 3610 4358; baseline 0.001 -18"><span class='ocrx_word' id='word_1_582' title='bbox 2099 4284 2536 4356; x_wconf 64' lang='grc' dir='ltr'>Ἀνεμόφθορος</span> <span class='ocrx_word' id='word_1_583' title='bbox 2554 4286 2622 4340; x_wconf 81' lang='grc' dir='ltr'>δὲ</span> <span class='ocrx_word' id='word_1_584' title='bbox 2643 4287 2867 4358; x_wconf 79' lang='grc' dir='ltr'>γίνεται</span> <span class='ocrx_word' id='word_1_585' title='bbox 2891 4287 2960 4340; x_wconf 81' lang='grc' dir='ltr'>ἐν</span> <span class='ocrx_word' id='word_1_586' title='bbox 2985 4287 3188 4358; x_wconf 78' lang='grc' dir='ltr'>ἁμητῷ</span> <span class='ocrx_word' id='word_1_587' title='bbox 3249 4289 3380 4355; x_wconf 82' lang='grc' dir='ltr'>υίὸς</span> <span class='ocrx_word' id='word_1_588' title='bbox 3407 4289 3610 4358; x_wconf 74' lang='grc' dir='ltr'>παρά-</span> 
     </span>
    </p>
   </div>
   <div class='ocr_carea' id='block_1_89' title="bbox 353 4377 1940 4453">
    <p class='ocr_par' dir='ltr' id='par_1_89' title="bbox 353 4380 1928 4452">
     <span class='ocr_line' id='line_1_89' title="bbox 353 4380 1928 4452; baseline 0 -18"><span class='ocrx_word' id='word_1_589' title='bbox 353 4381 426 4436; x_wconf 84' lang='lat' dir='ltr'><strong>tis</strong></span> <span class='ocrx_word' id='word_1_590' title='bbox 458 4380 826 4451; x_wconf 90' lang='lat' dir='ltr'><strong>improbitatis</strong></span> <span class='ocrx_word' id='word_1_591' title='bbox 857 4382 1078 4448; x_wconf 88' lang='lat' dir='ltr'><strong>pellitur</strong></span> <span class='ocrx_word' id='word_1_592' title='bbox 1124 4382 1178 4435; x_wconf 91' lang='lat' dir='ltr'><strong>in</strong></span> <span class='ocrx_word' id='word_1_593' title='bbox 1216 4382 1445 4437; x_wconf 76' lang='lat' dir='ltr'><strong>exitium</strong></span> <span class='ocrx_word' id='word_1_594' title='bbox 1495 4397 1593 4452; x_wconf 91' lang='lat' dir='ltr'><strong>per</strong></span> <span class='ocrx_word' id='word_1_595' title='bbox 1629 4381 1928 4436; x_wconf 83' lang='lat' dir='ltr'><strong>irrationa-</strong></span> 
     </span>
    </p>
   </div>
   <div class='ocr_carea' id='block_1_90' title="bbox 2055 4377 3618 4453">
    <p class='ocr_par' dir='ltr' id='par_1_90' title="bbox 2055 4377 3618 4453">
     <span class='ocr_line' id='line_1_90' title="bbox 2055 4377 3618 4453; baseline 0.003 -23"><span class='ocrx_word' id='word_1_596' title='bbox 2055 4393 2232 4446; x_wconf 79' lang='grc' dir='ltr'>ὀμος.</span> <span class='ocrx_word' id='word_1_597' title='bbox 2280 4377 2416 4432; x_wconf 75' lang='grc' dir='ltr'>Ὑπὸ</span> <span class='ocrx_word' id='word_1_598' title='bbox 2440 4378 2552 4432; x_wconf 92' lang='grc' dir='ltr'><strong>τῶν</strong></span> <span class='ocrx_word' id='word_1_599' title='bbox 2602 4379 2930 4451; x_wconf 83' lang='grc' dir='ltr'>πνευμάτων</span> <span class='ocrx_word' id='word_1_600' title='bbox 2955 4380 3011 4434; x_wconf 80' lang='grc' dir='ltr'>δὲ</span> <span class='ocrx_word' id='word_1_601' title='bbox 3034 4379 3134 4450; x_wconf 90' lang='grc' dir='ltr'><strong>τῆς</strong></span> <span class='ocrx_word' id='word_1_602' title='bbox 3164 4382 3428 4453; x_wconf 81' lang='grc' dir='ltr'>πονηρίας</span> <span class='ocrx_word' id='word_1_603' title='bbox 3449 4381 3618 4434; x_wconf 74' lang='grc' dir='ltr'>έλαύ-</span> 
     </span>
    </p>
   </div>
   <div class='ocr_carea' id='block_1_91' title="bbox 351 4472 1928 4542">
    <p class='ocr_par' dir='ltr' id='par_1_91' title="bbox 351 4472 1928 4542">
     <span class='ocr_line' id='line_1_91' title="bbox 351 4472 1928 4542; baseline 0 -14"><span class='ocrx_word' id='word_1_604' title='bbox 351 4472 492 4528; x_wconf 81' lang='lat' dir='ltr'><strong>biles</strong></span> <span class='ocrx_word' id='word_1_605' title='bbox 509 4474 755 4538; x_wconf 67' lang='lat' dir='ltr'><strong>allectus,</strong></span> <span class='ocrx_word' id='word_1_606' title='bbox 779 4472 1239 4542; x_wconf 85' lang='lat' dir='ltr'><strong>quemadmodqu</strong></span> <span class='ocrx_word' id='word_1_607' title='bbox 1263 4473 1441 4529; x_wconf 90' lang='lat' dir='ltr'><strong>ventis</strong></span> <span class='ocrx_word' id='word_1_608' title='bbox 1460 4473 1636 4542; x_wconf 87' lang='lat' dir='ltr'><strong>palea.</strong></span> <span class='ocrx_word' id='word_1_609' title='bbox 1663 4472 1718 4526; x_wconf 92' lang='lat' dir='ltr'><strong>in</strong></span> <span class='ocrx_word' id='word_1_610' title='bbox 1745 4472 1928 4542; x_wconf 87' lang='lat' dir='ltr'><strong>ignem</strong></span> 
     </span>
    </p>
   </div>
   <div class='ocr_carea' id='block_1_92' title="bbox 351 4564 1930 4636">
    <p class='ocr_par' dir='ltr' id='par_1_92' title="bbox 351 4564 1930 4636">
     <span class='ocr_line' id='line_1_92' title="bbox 351 4564 1930 4636; baseline 0 -17"><span class='ocrx_word' id='word_1_611' title='bbox 351 4565 618 4620; x_wconf 87' lang='lat' dir='ltr'><strong>mittenda</strong></span> <span class='ocrx_word' id='word_1_612' title='bbox 682 4564 880 4619; x_wconf 89' lang='lat' dir='ltr'><strong>messis</strong></span> <span class='ocrx_word' id='word_1_613' title='bbox 941 4577 1170 4632; x_wconf 87' lang='lat' dir='ltr'><strong>operum</strong></span> <span class='ocrx_word' id='word_1_614' title='bbox 1221 4571 1501 4633; x_wconf 84' lang='lat' dir='ltr'><strong>tempore;</strong></span> <span class='ocrx_word' id='word_1_615' title='bbox 1547 4564 1642 4634; x_wconf 91' lang='lat' dir='ltr'><strong>qui</strong></span> <span class='ocrx_word' id='word_1_616' title='bbox 1690 4564 1930 4636; x_wconf 84' lang='lat' dir='ltr'><strong>appellat</strong></span> 
     </span>
    </p>
   </div>
   <div class='ocr_carea' id='block_1_93' title="bbox 350 4652 1925 4726">
    <p class='ocr_par' dir='ltr' id='par_1_93' title="bbox 350 4652 1925 4726">
     <span class='ocr_line' id='line_1_93' title="bbox 350 4652 1925 4726; baseline 0.001 -18"><span class='ocrx_word' id='word_1_617' title='bbox 350 4653 572 4724; x_wconf 90' lang='lat' dir='ltr'><strong>quidem</strong></span> <span class='ocrx_word' id='word_1_618' title='bbox 590 4653 809 4710; x_wconf 85' lang='lat' dir='ltr'><strong>Patrem</strong></span> <span class='ocrx_word' id='word_1_619' title='bbox 837 4669 996 4710; x_wconf 88' lang='lat' dir='ltr'><strong>suum</strong></span> <span class='ocrx_word' id='word_1_620' title='bbox 1023 4652 1212 4720; x_wconf 89' lang='lat' dir='ltr'><strong>Deum,</strong></span> <span class='ocrx_word' id='word_1_621' title='bbox 1235 4663 1457 4726; x_wconf 90' lang='lat' dir='ltr'><strong>propter</strong></span> <span class='ocrx_word' id='word_1_622' title='bbox 1482 4656 1641 4711; x_wconf 77' lang='lat' dir='ltr'><strong>(idem</strong></span> <span class='ocrx_word' id='word_1_623' title='bbox 1670 4657 1723 4712; x_wconf 94' lang='lat' dir='ltr'><strong>in</strong></span> <span class='ocrx_word' id='word_1_624' title='bbox 1751 4657 1925 4724; x_wconf 87' lang='lat' dir='ltr'><strong>illum,</strong></span> 
     </span>
    </p>
   </div>
   <div class='ocr_carea' id='block_1_94' title="bbox 353 4746 1671 4819">
    <p class='ocr_par' dir='ltr' id='par_1_94' title="bbox 353 4746 1671 4819">
     <span class='ocr_line' id='line_1_94' title="bbox 353 4746 1671 4819; baseline 0.003 -19"><span class='ocrx_word' id='word_1_625' title='bbox 353 4746 759 4817; x_wconf 82' lang='lat' dir='ltr'><strong>transgreditur</strong></span> <span class='ocrx_word' id='word_1_626' title='bbox 789 4752 973 4802; x_wconf 87' lang='lat' dir='ltr'><strong>autem</strong></span> <span class='ocrx_word' id='word_1_627' title='bbox 1009 4753 1200 4802; x_wconf 90' lang='lat' dir='ltr'><strong>sancta</strong></span> <span class='ocrx_word' id='word_1_628' title='bbox 1223 4746 1346 4816; x_wconf 87' lang='lat' dir='ltr'><strong>ejus</strong></span> <span class='ocrx_word' id='word_1_629' title='bbox 1376 4756 1671 4819; x_wconf 70' lang='lat' dir='ltr'><strong>praecepta.</strong></span> 
     </span>
    </p>
   </div>
   <div class='ocr_carea' id='block_1_95' title="bbox 419 5009 1926 5084">
    <p class='ocr_par' dir='ltr' id='par_1_95' title="bbox 419 5009 1926 5084">
     <span class='ocr_line' id='line_1_95' title="bbox 419 5009 1926 5084; baseline 0.004 -19"><span class='ocrx_word' id='word_1_630' title='bbox 419 5009 584 5066; x_wconf 69' lang='lat' dir='ltr'><strong>Vens.</strong></span> <span class='ocrx_word' id='word_1_631' title='bbox 611 5010 666 5067; x_wconf 88' lang='lat'><strong>6.</strong></span> <span class='ocrx_word' id='word_1_632' title='bbox 691 5009 992 5068; x_wconf 80' lang='lat' dir='ltr'><strong>Benedictio</strong></span> <span class='ocrx_word' id='word_1_633' title='bbox 1017 5011 1235 5067; x_wconf 83' lang='lat' dir='ltr'><strong>Domini</strong></span> <span class='ocrx_word' id='word_1_634' title='bbox 1254 5028 1414 5084; x_wconf 81' lang='lat' dir='ltr'><strong>super</strong></span> <span class='ocrx_word' id='word_1_635' title='bbox 1441 5025 1599 5084; x_wconf 82' lang='lat' dir='ltr'><strong>caput</strong></span> <span class='ocrx_word' id='word_1_636' title='bbox 1615 5014 1773 5084; x_wconf 85' lang='lat' dir='ltr'><strong>justi.</strong></span> <span class='ocrx_word' id='word_1_637' title='bbox 1800 5015 1926 5072; x_wconf 83' lang='lat' dir='ltr'><strong>Lar-</strong></span> 
     </span>
    </p>
   </div>
   <div class='ocr_carea' id='block_1_96' title="bbox 348 5104 1920 5176">
    <p class='ocr_par' dir='ltr' id='par_1_96' title="bbox 348 5104 1920 5176">
     <span class='ocr_line' id='line_1_96' title="bbox 348 5104 1920 5176; baseline 0.004 -18"><span class='ocrx_word' id='word_1_638' title='bbox 348 5104 483 5176; x_wconf 89' lang='lat' dir='ltr'><strong>gitio</strong></span> <span class='ocrx_word' id='word_1_639' title='bbox 508 5105 655 5160; x_wconf 90' lang='lat' dir='ltr'><strong>enim</strong></span> <span class='ocrx_word' id='word_1_640' title='bbox 687 5106 999 5162; x_wconf 86' lang='lat' dir='ltr'><strong>sanctitatis</strong></span> <span class='ocrx_word' id='word_1_641' title='bbox 1051 5121 1084 5162; x_wconf 83' lang='lat' dir='ltr'><strong>a</strong></span> <span class='ocrx_word' id='word_1_642' title='bbox 1135 5105 1368 5162; x_wconf 91' lang='lat' dir='ltr'><strong>Domino</strong></span> <span class='ocrx_word' id='word_1_643' title='bbox 1405 5107 1653 5163; x_wconf 90' lang='lat' dir='ltr'><strong>omnium</strong></span> <span class='ocrx_word' id='word_1_644' title='bbox 1707 5108 1817 5164; x_wconf 86' lang='lat' dir='ltr'><strong>Deo</strong></span> <span class='ocrx_word' id='word_1_645' title='bbox 1867 5110 1920 5165; x_wconf 87' lang='lat' dir='ltr'><strong>in</strong></span> 
     </span>
    </p>
   </div>
   <div class='ocr_carea' id='block_1_97' title="bbox 347 5197 1919 5271">
    <p class='ocr_par' dir='ltr' id='par_1_97' title="bbox 347 5197 1919 5271">
     <span class='ocr_line' id='line_1_97' title="bbox 347 5197 1919 5271; baseline 0.003 -19"><span class='ocrx_word' id='word_1_646' title='bbox 347 5205 515 5268; x_wconf 85' lang='lat' dir='ltr'><strong>caput</strong></span> <span class='ocrx_word' id='word_1_647' title='bbox 544 5197 1090 5268; x_wconf 88' lang='lat' dir='ltr'><strong>irreprebcnsibiliter</strong></span> <span class='ocrx_word' id='word_1_648' title='bbox 1117 5201 1327 5266; x_wconf 85' lang='lat' dir='ltr'><strong>agentis</strong></span> <span class='ocrx_word' id='word_1_649' title='bbox 1353 5201 1650 5257; x_wconf 85' lang='lat' dir='ltr'><strong>secundum</strong></span> <span class='ocrx_word' id='word_1_650' title='bbox 1686 5203 1919 5271; x_wconf 86' lang='lat' dir='ltr'><strong>gratiam</strong></span> 
     </span>
    </p>
   </div>
   <div class='ocr_carea' id='block_1_98' title="bbox 345 5287 1880 5359">
    <p class='ocr_par' dir='ltr' id='par_1_98' title="bbox 345 5287 1880 5359">
     <span class='ocr_line' id='line_1_98' title="bbox 345 5287 1880 5359; baseline 0.005 -18"><span class='ocrx_word' id='word_1_651' title='bbox 345 5287 615 5359; x_wconf 88' lang='lat' dir='ltr'><strong>procedit,</strong></span> <span class='ocrx_word' id='word_1_652' title='bbox 643 5303 768 5344; x_wconf 90' lang='lat' dir='ltr'><strong>eum</strong></span> <span class='ocrx_word' id='word_1_653' title='bbox 801 5297 975 5344; x_wconf 88' lang='lat' dir='ltr'><strong>totum</strong></span> <span class='ocrx_word' id='word_1_654' title='bbox 1001 5287 1176 5344; x_wconf 89' lang='lat' dir='ltr'><strong>media</strong></span> <span class='ocrx_word' id='word_1_655' title='bbox 1209 5291 1266 5344; x_wconf 92' lang='lat' dir='ltr'><strong>in</strong></span> <span class='ocrx_word' id='word_1_656' title='bbox 1299 5297 1479 5345; x_wconf 89' lang='lat' dir='ltr'><strong>mente</strong></span> <span class='ocrx_word' id='word_1_657' title='bbox 1506 5291 1880 5348; x_wconf 86' lang='lat' dir='ltr'><strong>sanetilicans.</strong></span> 
     </span>
    </p>
   </div>
   <div class='ocr_carea' id='block_1_99' title="bbox 419 5465 1916 5543">
    <p class='ocr_par' dir='ltr' id='par_1_99' title="bbox 419 5465 1916 5543">
     <span class='ocr_line' id='line_1_99' title="bbox 419 5465 1916 5543; baseline 0.004 -19"><span class='ocrx_word' id='word_1_658' title='bbox 419 5465 492 5524; x_wconf 76' lang='grc' dir='ltr'>οε</span> <span class='ocrx_word' id='word_1_659' title='bbox 525 5476 700 5522; x_wconf 87' lang='lat' dir='ltr'><strong>autem</strong></span> <span class='ocrx_word' id='word_1_660' title='bbox 750 5469 1031 5539; x_wconf 82' lang='lat' dir='ltr'><strong>impiorum</strong></span> <span class='ocrx_word' id='word_1_661' title='bbox 1085 5471 1265 5524; x_wconf 85' lang='lat' dir='ltr'><strong>obruet</strong></span> <span class='ocrx_word' id='word_1_662' title='bbox 1311 5471 1466 5526; x_wconf 83' lang='lat' dir='ltr'><strong>dolor</strong></span> <span class='ocrx_word' id='word_1_663' title='bbox 1499 5473 1916 5543; x_wconf 81' lang='lat' dir='ltr'><strong>intempestivus.</strong></span> 
     </span>
    </p>
   </div>
   <div class='ocr_carea' id='block_1_100' title="bbox 2034 4468 3616 4541">
    <p class='ocr_par' dir='ltr' id='par_1_100' title="bbox 2034 4468 3616 4541">
     <span class='ocr_line' id='line_1_100' title="bbox 2034 4468 3616 4541; baseline 0.003 -20"><span class='ocrx_word' id='word_1_664' title='bbox 2034 4485 2182 4521; x_wconf 88' lang='grc' dir='ltr'>νεται</span> <span class='ocrx_word' id='word_1_665' title='bbox 2231 4468 2321 4524; x_wconf 84' lang='grc' dir='ltr'>διὰ</span> <span class='ocrx_word' id='word_1_666' title='bbox 2349 4470 2458 4523; x_wconf 89' lang='grc' dir='ltr'><strong>τῶν</strong></span> <span class='ocrx_word' id='word_1_667' title='bbox 2511 4469 2836 4541; x_wconf 85' lang='grc' dir='ltr'>παραλόγων</span> <span class='ocrx_word' id='word_1_668' title='bbox 2866 4471 3054 4525; x_wconf 85' lang='grc' dir='ltr'>παθῶν</span> <span class='ocrx_word' id='word_1_669' title='bbox 3103 4473 3184 4536; x_wconf 87' lang='grc' dir='ltr'><strong>είς</strong></span> <span class='ocrx_word' id='word_1_670' title='bbox 3205 4473 3506 4538; x_wconf 85' lang='grc' dir='ltr'>ἀπώλειαν,</span> <span class='ocrx_word' id='word_1_671' title='bbox 3534 4472 3616 4536; x_wconf 81' lang='grc' dir='ltr'>ὡς</span> 
     </span>
    </p>
   </div>
   <div class='ocr_carea' id='block_1_101' title="bbox 2033 4559 3616 4635">
    <p class='ocr_par' dir='ltr' id='par_1_101' title="bbox 2033 4559 3616 4635">
     <span class='ocr_line' id='line_1_101' title="bbox 2033 4559 3616 4635; baseline 0.003 -22"><span class='ocrx_word' id='word_1_672' title='bbox 2033 4559 2137 4613; x_wconf 74' lang='grc' dir='ltr'>ὑπὸ</span> <span class='ocrx_word' id='word_1_673' title='bbox 2159 4560 2376 4630; x_wconf 88' lang='grc' dir='ltr'>ἀνέμων</span> <span class='ocrx_word' id='word_1_674' title='bbox 2404 4560 2624 4631; x_wconf 80' lang='grc' dir='ltr'>ἄχυρον,</span> <span class='ocrx_word' id='word_1_675' title='bbox 2656 4561 2734 4632; x_wconf 84' lang='grc' dir='ltr'><strong>τῷ</strong></span> <span class='ocrx_word' id='word_1_676' title='bbox 2757 4562 2890 4632; x_wconf 84' lang='grc' dir='ltr'><strong>πυρί</strong></span> <span class='ocrx_word' id='word_1_677' title='bbox 2913 4562 3533 4635; x_wconf 76' lang='grc' dir='ltr'>παραπεμφθησόμενον</span> <span class='ocrx_word' id='word_1_678' title='bbox 3555 4566 3616 4618; x_wconf 83' lang='grc' dir='ltr'>ἐν</span> 
     </span>
    </p>
   </div>
   <div class='ocr_carea' id='block_1_102' title="bbox 2029 4651 3612 4728">
    <p class='ocr_par' dir='ltr' id='par_1_102' title="bbox 2029 4651 3612 4728">
     <span class='ocr_line' id='line_1_102' title="bbox 2029 4651 3612 4728; baseline 0.004 -23"><span class='ocrx_word' id='word_1_679' title='bbox 2029 4653 2106 4722; x_wconf 84' lang='grc' dir='ltr'>τῷ</span> <span class='ocrx_word' id='word_1_680' title='bbox 2135 4652 2234 4722; x_wconf 85' lang='grc' dir='ltr'><strong>τῆς</strong></span> <span class='ocrx_word' id='word_1_681' title='bbox 2261 4653 2594 4724; x_wconf 87' lang='grc' dir='ltr'>συγκομιδῆς</span> <span class='ocrx_word' id='word_1_682' title='bbox 2617 4651 2724 4706; x_wconf 86' lang='grc' dir='ltr'><strong>τῶν</strong></span> <span class='ocrx_word' id='word_1_683' title='bbox 2747 4653 2924 4725; x_wconf 76' lang='grc' dir='ltr'>ἔργων</span> <span class='ocrx_word' id='word_1_684' title='bbox 2947 4655 3146 4727; x_wconf 82' lang='grc' dir='ltr'>καιρῷ,</span> <span class='ocrx_word' id='word_1_685' title='bbox 3179 4656 3207 4708; x_wconf 91' lang='grc' dir='ltr'><strong>ό</strong></span> <span class='ocrx_word' id='word_1_686' title='bbox 3233 4655 3612 4728; x_wconf 67' lang='grc' dir='ltr'>ἑπικαλούμευ</span> 
     </span>
    </p>
   </div>
   <div class='ocr_carea' id='block_1_103' title="bbox 2029 4745 3615 4818">
    <p class='ocr_par' dir='ltr' id='par_1_103' title="bbox 2029 4745 3615 4818">
     <span class='ocr_line' id='line_1_103' title="bbox 2029 4745 3615 4818; baseline 0.003 -20"><span class='ocrx_word' id='word_1_687' title='bbox 2029 4761 2119 4808; x_wconf 89' lang='grc' dir='ltr'><strong>νος</strong></span> <span class='ocrx_word' id='word_1_688' title='bbox 2146 4745 2244 4814; x_wconf 81' lang='grc' dir='ltr'><strong>μὲν</strong></span> <span class='ocrx_word' id='word_1_689' title='bbox 2279 4745 2496 4818; x_wconf 86' lang='grc' dir='ltr'>Πατέρα</span> <span class='ocrx_word' id='word_1_690' title='bbox 2538 4745 2734 4799; x_wconf 84' lang='grc' dir='ltr'>ἑαυτοῦ</span> <span class='ocrx_word' id='word_1_691' title='bbox 2783 4745 2874 4800; x_wconf 78' lang='grc' dir='ltr'>τὸν</span> <span class='ocrx_word' id='word_1_692' title='bbox 2922 4746 3054 4800; x_wconf 84' lang='grc' dir='ltr'>Θεὸν</span> <span class='ocrx_word' id='word_1_693' title='bbox 3097 4747 3185 4801; x_wconf 74' lang='grc' dir='ltr'><strong>διὰ</strong></span> <span class='ocrx_word' id='word_1_694' title='bbox 3236 4749 3334 4818; x_wconf 71' lang='grc' dir='ltr'>τὴν</span> <span class='ocrx_word' id='word_1_695' title='bbox 3359 4749 3443 4810; x_wconf 79' lang='grc' dir='ltr'><strong>εἰς</strong></span> <span class='ocrx_word' id='word_1_696' title='bbox 3505 4751 3615 4803; x_wconf 76' lang='grc' dir='ltr'>αύ-</span> 
     </span>
    </p>
   </div>
   <div class='ocr_carea' id='block_1_104' title="bbox 2028 4835 3608 4910">
    <p class='ocr_par' dir='ltr' id='par_1_104' title="bbox 2028 4835 3608 4910">
     <span class='ocr_line' id='line_1_104' title="bbox 2028 4835 3608 4910; baseline 0.006 -22"><span class='ocrx_word' id='word_1_697' title='bbox 2028 4835 2118 4890; x_wconf 78' lang='grc' dir='ltr'>τὺν</span> <span class='ocrx_word' id='word_1_698' title='bbox 2163 4837 2362 4905; x_wconf 86' lang='grc' dir='ltr'>πίστιν,</span> <span class='ocrx_word' id='word_1_699' title='bbox 2418 4837 2772 4910; x_wconf 78' lang='grc' dir='ltr'>παραϐαίνων</span> <span class='ocrx_word' id='word_1_700' title='bbox 2801 4838 2976 4906; x_wconf 77' lang='grc' dir='ltr'>δὲτὰς</span> <span class='ocrx_word' id='word_1_701' title='bbox 3029 4839 3191 4910; x_wconf 85' lang='grc' dir='ltr'>ἁγίας</span> <span class='ocrx_word' id='word_1_702' title='bbox 3236 4840 3403 4895; x_wconf 70' lang='grc' dir='ltr'>αὐτοῦ</span> <span class='ocrx_word' id='word_1_703' title='bbox 3448 4843 3608 4896; x_wconf 75' lang='grc' dir='ltr'>ἐντο-</span> 
     </span>
    </p>
   </div>
   <div class='ocr_carea' id='block_1_105' title="bbox 2028 4927 3232 4994">
    <p class='ocr_par' dir='ltr' id='par_1_105' title="bbox 2028 4927 3232 4994">
     <span class='ocr_line' id='line_1_105' title="bbox 2028 4927 3232 4994; baseline -0.003 -13"><span class='ocrx_word' id='word_1_704' title='bbox 2028 4927 2148 4994; x_wconf 88' lang='grc' dir='ltr'>λάς.</span> <span class='ocrx_word' id='word_1_705' title='bbox 3224 4968 3232 4977; x_wconf 92' lang='grc'>.</span> 
     </span>
    </p>
   </div>
   <div class='ocr_carea' id='block_1_106' title="bbox 2099 5019 3608 5092">
    <p class='ocr_par' dir='ltr' id='par_1_106' title="bbox 2099 5019 3608 5092">
     <span class='ocr_line' id='line_1_106' title="bbox 2099 5019 3608 5092; baseline 0.003 -18"><span class='ocrx_word' id='word_1_706' title='bbox 2099 5025 2173 5084; x_wconf 84' lang='grc' dir='ltr'><strong>ς’.</strong></span> <span class='ocrx_word' id='word_1_707' title='bbox 2195 5019 2458 5090; x_wconf 75' lang='grc' dir='ltr'>Εὐλογία</span> <span class='ocrx_word' id='word_1_708' title='bbox 2485 5021 2705 5090; x_wconf 83' lang='grc' dir='ltr'>Κυρίου</span> <span class='ocrx_word' id='word_1_709' title='bbox 2728 5020 2828 5075; x_wconf 76' lang='grc' dir='ltr'><strong>ἐπὶ</strong></span> <span class='ocrx_word' id='word_1_710' title='bbox 2857 5021 3134 5092; x_wconf 73' lang='grc' dir='ltr'>κεφαλὴν</span> <span class='ocrx_word' id='word_1_711' title='bbox 3168 5023 3427 5078; x_wconf 81' lang='grc' dir='ltr'>δικαίου.</span> <span class='ocrx_word' id='word_1_712' title='bbox 3484 5025 3608 5080; x_wconf 80' lang='grc' dir='ltr'><strong>Καὶ</strong></span> 
     </span>
    </p>
   </div>
   <div class='ocr_carea' id='block_1_107' title="bbox 2025 5113 3604 5188">
    <p class='ocr_par' dir='ltr' id='par_1_107' title="bbox 2025 5113 3604 5188">
     <span class='ocr_line' id='line_1_107' title="bbox 2025 5113 3604 5188; baseline 0.003 -22"><span class='ocrx_word' id='word_1_713' title='bbox 2025 5113 2131 5184; x_wconf 77' lang='grc' dir='ltr'>γὰρ</span> <span class='ocrx_word' id='word_1_714' title='bbox 2155 5113 2437 5185; x_wconf 87' lang='grc' dir='ltr'>μετάδοσις</span> <span class='ocrx_word' id='word_1_715' title='bbox 2465 5116 2564 5186; x_wconf 87' lang='grc' dir='ltr'>μὲν</span> <span class='ocrx_word' id='word_1_716' title='bbox 2588 5113 2858 5184; x_wconf 86' lang='grc' dir='ltr'>ἁγιασμοῦ</span> <span class='ocrx_word' id='word_1_717' title='bbox 2877 5115 3030 5188; x_wconf 84' lang='grc' dir='ltr'><strong>παρά</strong></span> <span class='ocrx_word' id='word_1_718' title='bbox 3053 5114 3150 5170; x_wconf 84' lang='grc' dir='ltr'><strong>τοῦ</strong></span> <span class='ocrx_word' id='word_1_719' title='bbox 3181 5116 3460 5170; x_wconf 82' lang='grc' dir='ltr'>Δεσπότου</span> <span class='ocrx_word' id='word_1_720' title='bbox 3488 5117 3604 5170; x_wconf 82' lang='grc' dir='ltr'><strong>τῶν</strong></span> 
     </span>
    </p>
   </div>
   <div class='ocr_carea' id='block_1_108' title="bbox 2024 5205 3604 5280">
    <p class='ocr_par' dir='ltr' id='par_1_108' title="bbox 2024 5205 3604 5280">
     <span class='ocr_line' id='line_1_108' title="bbox 2024 5205 3604 5280; baseline 0.001 -20"><span class='ocrx_word' id='word_1_721' title='bbox 2024 5205 2162 5260; x_wconf 81' lang='grc' dir='ltr'>ὅλων</span> <span class='ocrx_word' id='word_1_722' title='bbox 2191 5205 2348 5272; x_wconf 86' lang='grc' dir='ltr'>Θεοῦ,</span> <span class='ocrx_word' id='word_1_723' title='bbox 2380 5208 2605 5279; x_wconf 87' lang='grc' dir='ltr'>πρόεισι·</span> <span class='ocrx_word' id='word_1_724' title='bbox 2625 5209 2766 5265; x_wconf 85' lang='grc' dir='ltr'><strong>κατά</strong></span> <span class='ocrx_word' id='word_1_725' title='bbox 2797 5208 2960 5280; x_wconf 88' lang='grc' dir='ltr'>χάριν</span> <span class='ocrx_word' id='word_1_726' title='bbox 2989 5209 3085 5262; x_wconf 71' lang='grc' dir='ltr'><strong>ἐπὶ</strong></span> <span class='ocrx_word' id='word_1_727' title='bbox 3120 5205 3196 5278; x_wconf 78' lang='grc' dir='ltr'>τῷ</span> <span class='ocrx_word' id='word_1_728' title='bbox 3221 5209 3452 5280; x_wconf 80' lang='grc' dir='ltr'>ἡγεμόνι</span> <span class='ocrx_word' id='word_1_729' title='bbox 3506 5209 3604 5264; x_wconf 81' lang='grc' dir='ltr'><strong>τοῦ</strong></span> 
     </span>
    </p>
   </div>
   <div class='ocr_carea' id='block_1_109' title="bbox 2023 5297 3610 5370">
    <p class='ocr_par' dir='ltr' id='par_1_109' title="bbox 2023 5297 3610 5370">
     <span class='ocr_line' id='line_1_109' title="bbox 2023 5297 3610 5370; baseline 0.001 -20"><span class='ocrx_word' id='word_1_730' title='bbox 2023 5297 2330 5368; x_wconf 81' lang='grc' dir='ltr'>ἀμέμπτως</span> <span class='ocrx_word' id='word_1_731' title='bbox 2351 5297 2786 5370; x_wconf 80' lang='grc' dir='ltr'>πολιτευομένου,</span> <span class='ocrx_word' id='word_1_732' title='bbox 2815 5299 2934 5354; x_wconf 83' lang='grc' dir='ltr'>ὅλον</span> <span class='ocrx_word' id='word_1_733' title='bbox 2951 5297 3137 5354; x_wconf 89' lang='grc' dir='ltr'>τοῦτον</span> <span class='ocrx_word' id='word_1_734' title='bbox 3168 5299 3255 5351; x_wconf 77' lang='grc' dir='ltr'><strong>διὰ</strong></span> <span class='ocrx_word' id='word_1_735' title='bbox 3283 5298 3452 5369; x_wconf 82' lang='grc' dir='ltr'>μέσου</span> <span class='ocrx_word' id='word_1_736' title='bbox 3482 5301 3610 5364; x_wconf 69' lang='grc' dir='ltr'>νοὸς</span> 
     </span>
    </p>
   </div>
   <div class='ocr_carea' id='block_1_110' title="bbox 2023 5386 2346 5457">
    <p class='ocr_par' dir='ltr' id='par_1_110' title="bbox 2023 5386 2346 5457">
     <span class='ocr_line' id='line_1_110' title="bbox 2023 5386 2346 5457; baseline 0.006 -17"><span class='ocrx_word' id='word_1_737' title='bbox 2023 5386 2250 5457; x_wconf 76' lang='grc' dir='ltr'>ἁγιάζου</span> <span class='ocrx_word' id='word_1_738' title='bbox 2259 5405 2346 5442; x_wconf 91' lang='grc' dir='ltr'>σα.</span> 
     </span>
    </p>
   </div>
   <div class='ocr_carea' id='block_1_111' title="bbox 2091 5479 3604 5556">
    <p class='ocr_par' dir='ltr' id='par_1_111' title="bbox 2091 5479 3604 5556">
     <span class='ocr_line' id='line_1_111' title="bbox 2091 5479 3604 5556; baseline 0.003 -24"><span class='ocrx_word' id='word_1_739' title='bbox 2091 5481 2288 5549; x_wconf 82' lang='grc' dir='ltr'>Στόμα</span> <span class='ocrx_word' id='word_1_740' title='bbox 2316 5479 2384 5534; x_wconf 86' lang='grc' dir='ltr'>δὲ</span> <span class='ocrx_word' id='word_1_741' title='bbox 2411 5481 2648 5536; x_wconf 79' lang='grc' dir='ltr'>ἀσεϐῶν</span> <span class='ocrx_word' id='word_1_742' title='bbox 2698 5482 2961 5551; x_wconf 76' lang='grc' dir='ltr'>καλύψει</span> <span class='ocrx_word' id='word_1_743' title='bbox 2999 5481 3220 5548; x_wconf 80' lang='grc' dir='ltr'>πένθος</span> <span class='ocrx_word' id='word_1_744' title='bbox 3235 5481 3462 5550; x_wconf 76' lang='grc' dir='ltr'>ἄωρον..</span> <span class='ocrx_word' id='word_1_745' title='bbox 3486 5484 3604 5556; x_wconf 72' lang='grc' dir='ltr'><strong>Τὴν</strong></span> 
     </span>
    </p>
   </div>
   <div class='ocr_carea' id='block_1_112' title="bbox 345 5554 1940 5644">
    <p class='ocr_par' dir='ltr' id='par_1_112' title="bbox 345 5554 1912 5635">
     <span class='ocr_line' id='line_1_112' title="bbox 345 5554 1912 5635; baseline 0.008 -27"><span class='ocrx_word' id='word_1_746' title='bbox 345 5554 571 5612; x_wconf 82' lang='lat' dir='ltr'><strong>Plenam</strong></span> <span class='ocrx_word' id='word_1_747' title='bbox 638 5569 819 5615; x_wconf 87' lang='lat' dir='ltr'><strong>autem</strong></span> <span class='ocrx_word' id='word_1_748' title='bbox 877 5559 1214 5630; x_wconf 85' lang='lat' dir='ltr'><strong>blasphemia</strong></span> <span class='ocrx_word' id='word_1_749' title='bbox 1256 5561 1562 5617; x_wconf 84' lang='lat' dir='ltr'><strong>doctrinam</strong></span> <span class='ocrx_word' id='word_1_750' title='bbox 1613 5565 1912 5635; x_wconf 87' lang='lat' dir='ltr'><strong>spirituum</strong></span> 
     </span>
    </p>
   </div>
   <div class='ocr_carea' id='block_1_113' title="bbox 2055 5554 3597 5644">
    <p class='ocr_par' dir='ltr' id='par_1_113' title="bbox 2055 5554 3597 5644">
     <span class='ocr_line' id='line_1_113' title="bbox 2055 5554 3597 5644; baseline 0.003 -22"><span class='ocrx_word' id='word_1_751' title='bbox 2055 5571 2074 5622; x_wconf 78' lang='grc' dir='ltr'>ὲ</span> <span class='ocrx_word' id='word_1_752' title='bbox 2110 5573 2314 5644; x_wconf 76' lang='grc' dir='ltr'>μεστὴν</span> <span class='ocrx_word' id='word_1_753' title='bbox 2340 5571 2689 5642; x_wconf 73' lang='grc' dir='ltr'>βλασφημίας</span> <span class='ocrx_word' id='word_1_754' title='bbox 2703 5566 3056 5628; x_wconf 84' lang='grc' dir='ltr'>διδασκαλίαν</span> <span class='ocrx_word' id='word_1_755' title='bbox 3075 5573 3184 5626; x_wconf 88' lang='grc' dir='ltr'><strong>τῶν</strong></span> <span class='ocrx_word' id='word_1_756' title='bbox 3205 5573 3280 5642; x_wconf 76' lang='grc' dir='ltr'>μὴ</span> <span class='ocrx_word' id='word_1_757' title='bbox 3301 5554 3597 5642; x_wconf 78' lang='grc' dir='ltr'>τιμώντων</span> 
     </span>
    </p>
   </div>
   <div class='ocr_carea' id='block_1_114' title="bbox 349 5645 1911 5726">
    <p class='ocr_par' dir='ltr' id='par_1_114' title="bbox 349 5645 1911 5726">
     <span class='ocr_line' id='line_1_114' title="bbox 349 5645 1911 5726; baseline 0.01 -30"><span class='ocrx_word' id='word_1_758' title='bbox 349 5645 566 5706; x_wconf 70' lang='lat' dir='ltr'><strong>malitia:</strong></span> <span class='ocrx_word' id='word_1_759' title='bbox 591 5649 759 5708; x_wconf 86' lang='lat' dir='ltr'><strong>Deum</strong></span> <span class='ocrx_word' id='word_1_760' title='bbox 789 5668 896 5709; x_wconf 89' lang='lat' dir='ltr'><strong>nou</strong></span> <span class='ocrx_word' id='word_1_761' title='bbox 934 5653 1252 5717; x_wconf 86' lang='lat' dir='ltr'><strong>colentium,</strong></span> <span class='ocrx_word' id='word_1_762' title='bbox 1283 5664 1596 5710; x_wconf 86' lang='lat' dir='ltr'><strong>consternet</strong></span> <span class='ocrx_word' id='word_1_763' title='bbox 1629 5661 1911 5726; x_wconf 61' lang='lat' dir='ltr'><strong>puccanliv</strong></span> 
     </span>
    </p>
   </div>
   <div class='ocr_carea' id='block_1_115' title="bbox 2021 5662 3598 5740">
    <p class='ocr_par' dir='ltr' id='par_1_115' title="bbox 2021 5662 3598 5740">
     <span class='ocr_line' id='line_1_115' title="bbox 2021 5662 3598 5740; baseline 0.004 -29"><span class='ocrx_word' id='word_1_764' title='bbox 2021 5662 2150 5714; x_wconf 74' lang='grc' dir='ltr'>Θεὸν</span> <span class='ocrx_word' id='word_1_765' title='bbox 2194 5665 2514 5734; x_wconf 67' lang='grc' dir='ltr'>πνευμάτων</span> <span class='ocrx_word' id='word_1_766' title='bbox 2553 5665 2651 5727; x_wconf 80' lang='grc' dir='ltr'><strong>τῆς</strong></span> <span class='ocrx_word' id='word_1_767' title='bbox 2684 5667 2967 5740; x_wconf 78' lang='grc' dir='ltr'>πονηρίας,</span> <span class='ocrx_word' id='word_1_768' title='bbox 3023 5665 3598 5738; x_wconf 73' lang='grc' dir='ltr'>συστείλῃήὲπιγινιο-</span> 
     </span>
    </p>
   </div>
  </div>
