3958 6202
349 300 481 364 1313

1358 309 1889 371 ΟΟΜΜΕΝΤΑΗΙΙ
1932 312 2016 373 iN
2068 315 2525 381 PROVERBIA.

3458 319 3594 383 1314

344 418 479 485 μένη
505 420 616 480 τοῖς
646 418 1051 489 ἁμαρτάνουσιν
1067 420 1131 474 ἑκ
1161 424 1523 497 μεταμελείας
1559 427 1633 498 μὴ
1658 428 1798 482 κατά
1823 430 1900 483 tbi

2021 431 2120 489 bus
2142 437 2536 504 superveniens
2570 450 2680 491 non
2702 444 2948 508 tempore
2987 446 3300 508 opportuno
3338 436 3404 491 ad
3440 452 3602 491 erro-

340 508 649 576 ὲπιτήδειον
666 509 858 579 καιρόν
885 509 1021 579 πρὸς
1042 512 1140 582 τὴν
1162 512 1271 565 τῶν
1306 515 1662 586 ἐσφαλμένων
1691 517 1917 588 διόρθω-

2024 541 2144 579 rum
2175 527 2593 591 correctionem,
2618 529 2761 597 quod
2805 538 2886 583 est
2923 537 3141 597 tempus
3194 544 3456 598 praesens,
3505 528 3601 583 sed

342 616 446 662 σιν,
472 600 532 663 ὃς
559 601 708 654 ἐστιν
737 603 765 654 ό
793 602 1004 673 παρὼν,
1034 603 1170 657 ἀλλά
1187 604 1331 659 κατά
1351 606 1413 660 τὸ
1437 607 1635 678 μέλλον
1663 609 1900 681 διηνεκὴς

2023 613 2079 669 in
2102 613 2287 672 futuro
2319 625 2582 687 perpetua
2610 626 2663 673 et
2695 618 2904 673 inutilis
2934 617 3180 673 tristitia.

339 691 436 745 καὶ
457 691 716 762 ἀνόνητος
743 692 911 764 λύπη.

413 781 479 844 ζ’.
510 783 728 853 Μνήμη
764 783 1002 840 δικαίου
1043 790 1173 855 μετ’
1209 787 1532 858 tirunculum
1586 790 1697 843 Καὶ
1725 790 1915 843 ἀνεπί-

341 871 534 943 ληστος
582 873 681 944 μὲν
728 875 929 943 γνῶσις
958 876 1108 931 ἔσται
1138 880 1290 951 παρὰ
1321 878 1441 951 Θεῷ
1470 880 1578 934 τῶν
1610 880 1915 951 ἀμέμπτως

342 963 791 1035 πολιτευομένων,
848 968 966 1036 μετ’
1003 968 1241 1024 ἐπαίνων
1275 970 1623 1043 παρεχόντων
1676 970 1915 1043 ἄρρητον

340 1054 683 1125 εὐφροσύνην
709 1057 912 1119 αὐτοῖς.

414 1147 633 1215 Ὀνομα
679 1146 749 1200 δὲ
779 1146 1017 1223 ’ἀσεϐῶν
1066 1148 1412 1205 σϐέννυται.
1464 1149 1528 1203 Ἦ
1553 1142 1647 1204 ἀπ’
1673 1152 1839 1205 αὐτοῦ
1855 1152 1912 1205 δὲ

339 1235 477 1289 Θεοῦ
517 1238 857 1308 προσηγορία
885 1239 995 1292 τῶν
1026 1240 1101 1311 μὴ
1137 1239 1425 1309 τιμώντων
1445 1242 1607 1295 αὐτὸν
1634 1242 1702 1295 δι’
1734 1243 1913 1311 ἔργων

340 1325 562 1393 ἀγαθῶν
591 1329 935 1397 ἀφανίζεται,
959 1329 1049 1383 διὰ
1071 1329 1141 1382 τά
1166 1329 1360 1384 τούτου
1398 1330 1661 1402 ἀλλότρια
1693 1333 1910 1402 πονηρὰ

338 1417 476 1489 ἔργα
519 1419 719 1485 αὐτῶν,
759 1421 1094 1492 ἀγνοουμένη
1148 1420 1327 1492 αὐτῷ’
1352 1421 1493 1476 κατὰ
1520 1421 1599 1489 τδ,
1629 1421 1741 1476 Οὐκ
1794 1419 1913 1477 οἶδα

338 1509 480 1580 ὑμᾶς
503 1512 686 1567 λοπόν.

407 1602 477 1675 η’.
507 1605 707 1675 Σοφὸς
763 1605 975 1675 καρδίᾳ
1015 1604 1247 1671 δέξεται
1295 1606 1568 1672 ἐντολάς.
1612 1606 1668 1659 '0
1695 1606 1787 1659 τὸν
1815 1604 1912 1659 τοῦ

336 1695 470 1749 Θεοῦ
501 1697 658 1766 λόγον
690 1698 1018 1764 ὲνδιαθέτως
1043 1700 1111 1770 τῇ
1140 1697 1306 1753 αὐτοῦ
1367 1698 1679 1769 περιφέρων
1739 1697 1909 1768 ψυχῇ,

2090 796 2257 854 Vsus.
2288 798 2338 851 7.
2372 796 2633 853 Memoria
2654 798 2793 867 justi
2832 815 2952 852 cum
2981 797 3253 853 laudibus.
3287 796 3354 852 Et
3390 813 3602 854 memor

2020 888 2241 959 quidem
2280 890 2523 961 cognitio
2566 890 2671 944 erit
2701 891 2843 960 apud
2876 890 3041 945 Deum
3082 905 3272 946 eorum
3315 889 3409 959 qui
3458 890 3597 943 irre-

2020 980 2466 1049 prehensibiliter
2506 988 2699 1050 agunt,
2756 996 2882 1035 eum
2943 980 3203 1035 laudibus
3265 979 3596 1035 inell'ahilem

2021 1071 2128 1127 illis
2143 1070 2380 1126 laetitiam
2399 1073 2809 1140 prmstantibus.

2090 1160 2157 1214 Et
2178 1177 2363 1216 nomen
2386 1161 2667 1228 impiorum
2697 1162 3074 1232 exstinguitur.
3108 1161 3242 1223 Illud
3268 1161 3409 1232 quod
3433 1177 3463 1215 a
3485 1160 3597 1215 Deo

2018 1260 2102 1305 est
2152 1265 2350 1305 nomen
2406 1264 2596 1305 eorum
2644 1253 2739 1320 qui
2778 1253 2941 1309 .illum
2988 1252 3148 1307 bonis
3191 1252 3450 1321 Operihus
3486 1267 3592 1304 nnn

2020 1341 2229 1405 colunt,
2273 1342 2569 1407 evanescit,
2630 1357 2737 1396 non
2793 1343 2904 1412 jam
2957 1343 3065 1396 Deo
3113 1348 3325 1406 notum,
3372 1350 3595 1411 propter

2021 1432 2160 1485 mala
2184 1447 2373 1488 eorum
2390 1448 2552 1501 opera
2574 1449 2695 1503 quae
2719 1433 2827 1488 Deo
2852 1434 3080 1489 adversa
3101 1441 3249 1490 sunt.
3274 1432 3591 1489 Secundum

2020 1519 2151 1574 illud
2189 1520 2351 1574 :Jam
2386 1520 2575 1576 nescio
2596 1535 2715 1575 vos.

2088 1611 2254 1667 Vens.
2290 1611 2344 1665 8.
2386 1611 2609 1681 Sapiens
2656 1615 2813 1667 corde
2862 1613 3109 1681 suscipiet
3150 1621 3432 1681 praecepta.
3484 1608 3591 1675 Qui

2023 1702 2115 1758 Dei
2164 1704 2387 1759 verbum
2453 1705 2600 1760 ultro
2644 1706 2699 1759 in
2745 1706 2926 1759 anima
2983 1721 3079 1761 sua
3113 1706 3239 1769 fert,
3298 1703 3587 1771 suscipiet,

337 1791 698 1863 παραδέξεται
726 1786 822 1847 κάὶ
850 1793 950 1847 ούκ
973 1791 1291 1863 ἀποπέμψει
1322 1791 1463 1846 κατὰ
1487 1791 1685 1865 πρᾶξιν
1705 1790 1774 1844 τὰ
1789 1789 1900 1844 τούς

2021 1812 2187 1869 neque
2213 1814 2344 1852 vero
2374 1799 2588 1869 abjiciet
2616 1798 2797 1869 quoad
2830 1805 2987 1854 actus
3014 1798 3187 1867 ipsius
3218 1796 3497 1851 mandata.

334 1902 428 1938 του
462 1885 882 1958 προστάγματα.

416 1977 480 2032 '0
506 1978 575 2033 δὲ
594 1977 848 2050 ἅστεγος
887 1981 1142 2049 χείλεσι,
1187 1975 1519 2038 σκολιάζων
1584 1978 1911 2030 ὑποσκελι-

332 2071 642 2139 σθήσεται.
659 2071 718 2126 '0
735 2072 793 2127 δὲ
825 2070 1165 2143 μὴὲμμένων
1190 2071 1276 2125 διὰ
1302 2069 1411 2125 τῶν
1432 2071 1532 2141 τῆς
1563 2065 1909 2136 δικαιοσύνης

336 2164 513 2236 ἔργων
551 2166 616 2235 τῇ
647 2163 714 2219 δι’
739 2163 1033 2234 ὁμολογίας
1052 2164 1185 2233 τιμῇ
1210 2160 1304 2215 τοῦ
1331 2159 1489 2223 Θεοῦ,
1518 2158 1782 2212 ἐκκλίνων
1827 2156 1908 2219 εἷς

330 2275 388 2310 τε
410 2257 479 2311 τὰ
500 2255 623 2310 κατ’
645 2255 882 2325 ἔλλειψιν
896 2255 996 2325 τῆς
1012 2254 1217 2325 ἀρετῆς
1239 2252 1410 2321 πάθη,
1442 2251 1526 2320 ἐφ’
1555 2244 1906 2313 οἶςτάςθείας

335 2350 410 2419 μὴ
442 2351 585 2403 ποιεῖ
613 2348 853 2412 ἐντολὰς,
892 2347 986 2403 καὶ
1006 2348 1086 2410 εἰς
1106 2345 1176 2399 τὰ
1193 2345 1316 2398 καθ’
1345 2342 1675 2415 ὑπερϐολὴν,
1704 2340 1790 2409 ἐφ’
1824 2336 1907 2402 οἷς

332 2440 510 2509 ψιλοῖς
538 2440 780 2511 ῥήμασιν
798 2437 1078 2511 ὁμολογῶν
1102 2437 1284 2496 αὐτὸν,
1321 2436 1462 2502 μέγα
1488 2436 1697 2505 φρονεῖ,
1724 2448 1905 2503 παρα-

330 2532 674 2603 τραπήσεται
697 2532 795 2601 τῆς
839 2528 1114 2601 φερούσης
1159 2528 1239 2589 εἰς
1265 2525 1364 2597 τὴν
1389 2524 1606 2580 αἰώνιον
1635 2522 1781 2594 ζωὴν
1814 2525 1903 2576 εύ-

333 2623 508 2689 θείας,
535 2623 658 2677 κατ’
685 2621 887 2693 ἀρετὴν
923 2620 1042 2675 ὁδοῦ
1063 2633 1077 2648 ·
1108 2619 1202 2674 καὶ
1224 2619 1333 2690 γὰρ

402 2716 468 2772 θ’.
509 2718 615 2782 Ὃς
635 2717 949 2784 πορεύεται
993 2711 1217 2778 ἁπλῶς,
1244 2711 1553 2780 πορεύεται
1585 2706 1902 2774 πεποιθὼς.

336 2808 431 2869 Ὃς
472 2804 571 2874 μὲν
601 2804 807 2860 διανύει
842 2803 941 2875 τὴν
991 2802 1112 2856 κατ’
1145 2800 1344 2873 ἀρετὴν
1383 2801 1504 2854 ὁδὸν
1527 2798 1903 2869 ἀνυποκρίτως

329 2896 418 2949 διὰ
447 2894 601 2960 Θεδν,
669 2896 764 2949 καὶ
822 2895 897 2965 μὴ
961 2892 1333 2964 παραμιγνύει
1378 2891 1558 2963 αὐτὴν,
1591 2894 1657 2963 τῇ
1692 2890 1904 2962 πονηρᾷ

332 2988 469 3057 πρ³ς
503 2987 603 3056 τὴν
623 2987 735 3039 τῶν
762 2984 972 3039 πολλῶν
994 2984 1209 3052 ἀπάτην
1242 2983 1473 3055 διανοίᾳ,
1508 2981 1780 3053 διέρχεται
1805 2980 1903 3051 τὴν

329 3074 586 3147 τοιαύτην
617 3075 734 3129 όδὸν
771 3076 844 3145 μὴ
876 3073 1210 3142 πτοούμενος
1242 3071 1275 3143 ἢ
1303 3073 1433 3136 τοὺς
1463 3070 1606 3125 κατά
1645 3071 1707 3124 τὺ
1730 3071 1902 3142 παρὸν

330 3167 361 3236 ἢ
400 3169 524 3231 τοὺς
563 3166 702 3221 κατά
739 3166 933 3237 μέλλον
960 3164 1216 3235 ἐλέγχους
1243 3164 1342 3235 τῆς
1371 3163 1734 3235 ὑποκρίσεως.

382 3350 385 3353 ἢ
413 3281 475 3333 '0
495 3279 563 3333 δὲ
587 3278 961 3348 διαστρέφων
997 3276 1105 3344 τὰς
1133 3276 1314 3342 ὀδοὺς
1362 3276 1572 3340 αὐτοῦ,
1628 3274 1900 3345 γνωσθή-

330 3387 521 3424 σεται.
559 3370 619 3424 '0
646 3370 703 3423 δὲ
736 3368 846 3423 ἀπὸ
896 3367 1156 3441 ἀληθείας
1205 3368 1286 3432 είς
1329 3367 1528 3437 ψεῦδος
1557 3365 1656 3429 τὰς
1704 3364 1899 3420 ἑαυτοῦ

329 3462 561 3532 πράξεις
632 3462 1045 3532 μεταστρέφων,
1098 3460 1175 3523 ὡς
1226 3458 1460 3529 εἴρηται,
1485 3457 1896 3528 ἐλεγχθήσεται,

328 3553 434 3608 κᾶν
458 3554 532 3624 μὴ
560 3554 616 3604 έν
641 3551 719 3621 τῷ
748 3552 979 3622 παρόντι
1006 3550 1185 3615 αἰῶνι,
1203 3549 1343 3604 ἀλλά
1371 3565 1433 3618 γε
1455 3549 1513 3603 ὲν
1540 3548 1617 3618 τῷ
1652 3548 1899 3619 μέλλοντι

329 3642 717 3714 ἀναμφιϐόλως
739 3658 753 3672 ·
788 3641 983 3712 διόπερ

400 3762 453 3809 ι’.
494 3756 549 3807 '0
572 3754 839 3808 ἐννεύων
865 3753 1196 3823 ὀφθαλμοῖς
1224 3754 1374 3822 μετὰ
1401 3752 1609 3817 δόλου,
1647 3753 1899 3821 συνάγει

328 3846 584 3915 ἀνδράσι
611 3845 833 3913 λύπας.
873 3846 933 3899 Ὀ
956 3845 1058 3909 τὰς
1090 3845 1435 3916 θεωρητικὰς
1470 3845 1730 3915 δύναμεις
1759 3845 1899 3921 ἔχων

329 3937 749 4002 ἀποϐλεπούσας
806 3936 907 4008 μὲν
971 3937 1110 4007 πρὸς
1155 3938 1376 4001 κακίαν,
1412 3939 1813 4002 κατανευούσας
1840 3939 1900 3992 δὲ

329 4033 467 4104 πρὸς
498 4032 986 4102 ἀσχηματισμένον
1042 4032 1246 4103 ἀρετῆς
1269 4026 1422 4103 ἦθος,
1454 4031 1707 4100 συλλέγει
1738 4031 1816 4102 τῷ
1839 4049 1899 4086 τε

327 4126 479 4189 ἐντὸς
507 4122 803 4193 ἀνθρώπῳ,
856 4126 950 4177 καὶ
996 4123 1074 4194 τῷ
1124 4124 1297 4188 ἐκτὸς,
1354 4124 1549 4187 πόνους
1600 4124 1894 4189 διακενεῖς·

325 4211 414 4270 οἷα
458 4214 674 4286 σώματι
742 4214 843 4284 μὲν
896 4213 1041 4268 κατὰ
1100 4214 1159 4266 τὸ
1204 4213 1378 4285 παρὸν
1404 4213 1582 4268 πονῶν
1612 4215 1743 4284 περ)⁵
1798 4214 1899 4283 τὴν

324 4306 526 4378 ἀρετὴν
553 4302 752 4377 μὴ’διά
798 4306 954 4370 Θεὸν,
979 4304 1123 4375 ψυχῇ
1153 4305 1209 4358 δὲ
1256 4304 1401 4358 κατὰ
1433 4305 1494 4358 τὸ
1543 4304 1737 4376 μέλλον
1770 4307 1899 4359 αἰω-

328 4397 453 4461 νῐως
473 4396 809 4468 πιεζόμενος,
830 4398 1007 4468 ἐνδείᾳ
1037 4397 1131 4467 τῆς
1159 4396 1298 4450 κατὰ
1337 4396 1575 4450 διάθεσιν
1604 4396 1825 4467 ἀρετῆς.

410 4594 464 4647 '0
496 4593 565 4647 δὲ
606 4592 874 4661 ἐλέγχων
918 4592 1067 4661 μετὰ
1119 4593 1479 4663 παρρησίας,
1516 4593 1896 4661 εὶρηνοποιεῖ.

338 4687 396 4739 Ὀ
423 4685 481 4739 δὲ
535 4683 909 4754 φανεροποιῶν
974 4685 1119 4738 κατά
1147 4684 1208 4737 τὸ
1247 4684 1487 4748 συνειδὸς
1511 4685 1900 4750 ἀνυποστόλως

328 4778 391 4845 τῇ
414 4776 582 4846 ψυχῇ,
616 4777 673 4828 ὲν
703 4773 843 4845 ἁγίῳ
868 4775 1143 4845 Πνεύματι
1177 4775 1335 4844 λόγος
1363 4775 1520 4839 Θεοῦ,
1552 4777 1612 4829 τὸ
1634 4777 1731 4846 τῆς
1762 4777 1898 4833 ὐπο-

326 4868 559 4937 κρίσεως
578 4866 854 4920 ύπώδννον
876 4884 934 4919 τε
964 4868 1059 4921 καὶ
1080 4867 1347 4938 ἄκαρπον,
1372 4867 1703 4922 ἀπαλλάττει
1725 4867 1896 4938 αὐτὴν

325 4959 424 5028 τῆς
454 4958 845 5030 ὲχθραινούσης
877 4957 1105 5028 ταύτην,
1144 4961 1238 5013 καὶ
1284 4961 1420 5030 πρὸς
1448 4960 1584 5014 Θεὸν
1634 4961 1727 5015 καὶ
1755 4959 1895 5031 πρὸς

325 5051 502 5121 σάρκα
529 5053 773 5123 πονηρᾶς
806 5050 1119 5112 διαθέσεως.

397 5169 483 5218 ια’.
507 5162 678 5234 Πηγὴ
694 5162 843 5232 ζωῆς
870 5164 941 5217 ἐν
963 5164 1112 5234 χειρὶ
1138 5163 1393 5219 δικαίου.
1422 5165 1495 5218 Τὸ
1525 5164 1635 5236 γὰρ
1661 5165 1895 5236 χορηγὸν

325 5254 473 5325 ζωῆς
511 5254 733 5325 Πνεῦμα
766 5254 943 5323 ἀγιον,
983 5254 1125 5308 κατά
1160 5255 1322 5323 φύσιν
1352 5255 1450 5325 μὲν
1480 5256 1895 5311 ὲπαναπαύεται

322 5346 383 5398 ὲν
426 5348 492 5417 τῇ
552 5348 1023 5417 παντοκρατορικῇ
1048 5345 1274 5416 δυνάμει
1296 5346 1392 5399 τοῦ
1425 5346 1655 5410 δικαίου,
1690 5347 1783 5400 καὶ
1812 5347 1892 5400 δι-

321 5433 614 5498 καιοσύνας
650 5435 1037 5507 ἀγαπήσαντος
1079 5436 1349 5490 Δεσπότου
1407 5436 1513 5491 τῶν
1547 5437 1683 5491 ὅλων
1722 5439 1892 5492 Θεοῦο

323 5522 463 5577 κατά
493 5523 653 5594 χάριν
683 5523 761 5590 δὲ,
790 5525 851 5578 ὲν
871 5525 949 5596 τῷ
1005 5526 1294 5598 πρακτικῷ
1331 5525 1425 5579 τοῦ
1460 5526 1795 5597 διαιροῦντος
1832 5527 1894 5581 τὺ

323 5614 503 5682 χεῖρον
524 5613 741 5667 ἀπὸτοῦ
765 5614 1095 5686 κρείττονος,
1113 5615 1208 5668 καὶ
1235 5633 1299 5668 πε
1311 5610 1642 5686 ρίαιροῦντος
1674 5617 1739 5669 τὰ
1768 5618 1890 5669 κατ’

324 5702 557 5771 ιλλειψιν
578 5705 673 5775 τῆς
699 5706 896 5778 ἀρετῆς
919 5706 1012 5760 καὶ
1042 5706 1110 5759 τὰ
1138 5706 1261 5759 καθ’
1288 5708 1593 5780 ὑπερῦολὴν
1613 5709 1777 5777 πάθη,
1801 5710 1893 5762 καὶ

2079 1974 2340 2043 [nsipiens
2373 1984 2544 2030 autem
2577 1976 2735 2030 labiis
2765 1975 2971 2045 oblique
3003 1973 3249 2031 incedens
3272 1972 3590 2040 supplanta-

2010 2068 2172 2122 bitur.
2211 2068 2313 2133 Qui
2343 2084 2439 2138 per
2465 2084 2632 2136 opera
2656 2069 2885 2138 iustitia:
2921 2084 3030 2123 non
3074 2073 3385 2137 perseverat
3421 2064 3587 2119 Deum

2009 2160 2360 2217 confessione
2387 2160 2640 2222 colendo,
2671 2160 2941 2215 inclinans
2991 2159 3046 2213 in
3076 2175 3171 2214 eas
3199 2173 3319 2226 quae
3346 2143 3440 2225 per
3478 2156 3591 2208 vir-

2010 2255 2147 2307 tutis
2194 2251 2472 2307 del'ectum
2525 2262 2655 2305 sunt
2689 2250 3042 2320 cupiditates,
3070 2251 3123 2303 iu
3171 2248 3373 2318 quibus
3403 2247 3588 2301 divina

2009 2343 2265 2398 mandata
2299 2357 2407 2397 non
2435 2341 2668 2413 perlicit,
2697 2351 2752 2396 et
2778 2343 2831 2396 iu
2858 2356 2953 2397 eas
2980 2357 3101 2411 qua:
3129 2348 3258 2395 sunt
3288 2355 3381 2405 per
3422 2353 3587 2407 exag-

2009 2435 2372 2509 gerationem,
2399 2435 2454 2489 in
2484 2435 2686 2505 quibus
2710 2436 2868 2489 vanis
2900 2434 3083 2489 verbis
3125 2433 3377 2501 seipsum,
3412 2430 3587 2486 conli-

2008 2540 2127 2585 tens
2154 2528 2425 2599 superbit,
2457 2533 2735 2582 evertetur
2772 2542 2800 2582 a
2848 2533 2998 2580 recta
3036 2524 3091 2578 in
3134 2524 3299 2577 vitam
3324 2530 3584 2577 aeternam

2010 2619 2217 2675 ferente
2244 2633 2341 2689 per
2372 2620 2625 2673 virtutem
2660 2618 2748 2671 via
2780 2636 2795 2672 :
2822 2617 3022 2672 etenim

2078 2712 2239 2767 Vsus.
2280 2712 2332 2766 9.
2371 2709 2477 2777 Qui
2512 2710 2752 2767 ambulat
2779 2708 3109 2777 simpliciter,
3150 2706 3387 2760 ambulat
3424 2704 3586 2769 con/i-

2004 2804 2207 2859 denter.
2248 2802 2352 2870 Qui
2390 2804 2606 2872 quidem
2637 2818 2732 2873 per
2758 2803 3018 2856 virtutem
3052 2801 3156 2855 iter
3204 2798 3442 2854 absolvit
3474 2814 3583 2852 non

2005 2894 2414 2950 dissimulanter
2447 2889 2674 2964 propter
2706 2893 2895 2955 Deum,
2931 2905 3029 2946 nec
3058 2905 3179 2946 eam
3223 2889 3290 2944 ad
3324 2890 3579 2942 multitu-
3656 2948 3679 2969 .

2005 2986 2154 3042 diuis
2180 2986 2561 3056 deceptioneut
2600 2984 2757 3038 malae
2785 2981 3103 3053 cogitationi
3146 2980 3440 3043 immiscet,
3476 2978 3583 3032 tale

2009 3077 2112 3132 iter
2141 3076 2416 3147 percurrit
2438 3090 2546 3130 non
2574 3075 2876 3129 forunidans
2906 3080 3001 3128 aut
3036 3071 3294 3142 praesenti
3345 3078 3588 3140 tempore

2008 3166 2316 3238 hypocrisis
2342 3164 2758 3220 criminationes
2792 3171 2886 3218 aut
2920 3164 2974 3217 in
3003 3162 3271 3231 futurum.

2078 3279 2184 3345 Qui
2229 3288 2404 3332 autem
2452 3277 2704 3345 depravat
2748 3278 2861 3331 vias
2907 3293 3058 3341 suas,
3098 3273 3416 3344 manifestus
3461 3253 3583 3328 Erit.

2006 3369 2110 3435 Qui
2137 3378 2316 3424 autem
2350 3384 2380 3423 a
2417 3369 2648 3424 veritate
2680 3369 2733 3423 in
2773 3367 3121 3423 mendacium
3158 3382 3296 3423 suas
3337 3369 3588 3422 actiones

2004 3459 2299 3523 convertit,
2366 3466 2423 3512 ut
2464 3459 2670 3513 dictum
2715 3469 2820 3521 est,
2879 3457 3257 3520 convincetur,
3304 3456 3351 3511 si
3402 3457 3584 3510 minus

2006 3552 2255 3618 praesenti
2280 3551 2561 3616 saeculo,at
2584 3559 2729 3606 certe
2746 3550 2927 3604 futuro
2957 3548 3331 3604 Indubitanter
3355 3566 3370 3614 ;
3390 3564 3585 3620 quam-

2001 3643 2188 3696 obrem

2074 3753 2237 3808 Vsus.
2295 3755 2380 3809 10.
2433 3753 2538 3820 Qui
2579 3755 2766 3809 annuit
2809 3756 2975 3810 oculis
3015 3773 3132 3811 cum
3159 3756 3306 3822 dolo,
3379 3756 3582 3825 colligit

2001 3844 2295 3899 hominibus
2326 3845 2597 3898 tristitias.
2639 3844 2909 3910 Quienim
2945 3847 3403 3918 contemplativas
3432 3849 3580 3902 vires

2004 3937 2211 3990 habens
2237 3936 2437 3989 malum
2476 3936 2824 4009 aspicientes,
2857 3937 3149 3993 innuentcs
3188 3947 3367 3992 autem
3401 3937 3466 3992 ad
3507 3938 3584 3991 si-

2002 4027 2266 4081 ululatum
2310 4026 2532 4083 virtutis
2586 4041 2816 4091 morem,
2865 4028 3071 4084 homini
3136 4036 3249 4082 tum
3307 4028 3577 4090 interiori,

2009 4126 2123 4171 tum
2200 4116 2453 4172 exteriori
2529 4129 2732 4170 vacuos
2816 4116 3031 4172 labores
3111 4116 3370 4187 colligit;
3459 4131 3586 4170 cor-

2002 4222 2133 4277 pore
2184 4207 2330 4262 enim
2389 4207 2880 4277 impraesentiarum
2931 4208 3079 4262 circa
3156 4209 3416 4264 virtutem
3469 4223 3577 4261 non

2000 4305 2226 4369 propter
2272 4297 2438 4352 Deum
2496 4298 2778 4361 laborans,
2831 4299 3012 4351 anima
3069 4313 3200 4353 vero
3272 4299 3328 4352 in
3391 4298 3577 4353 futuro

2000 4398 2203 4444 aeterne
2246 4398 2494 4455 vexatus,
2542 4391 2671 4461 quia
2731 4393 2931 4445 virtute
2981 4389 3163 4460 quoad
3190 4390 3440 4447 allectum
3491 4393 3577 4463 iu-

1922 4463 1976 4523 Ῑ)
2002 4481 2171 4551 diget.

2074 4596 2180 4663 Qui
2204 4606 2382 4651 autem
2406 4597 2664 4665 vituperdt
2694 4614 2813 4651 cum
2839 4599 3163 4660 sinceritate.
3190 4613 3374 4666 pacem
3420 4597 3571 4668 facit.

1998 4686 2158 4753 Quod
2195 4698 2377 4745 autem
2412 4690 2713 4745 secundum
2751 4692 3144 4747 conscientiam
3177 4691 3375 4746 animae
3405 4691 3574 4746 libere

1998 4780 2239 4835 declarat
2272 4781 2326 4833 in
2355 4779 2562 4850 Spiritu
2594 4789 2785 4835 sancto
2810 4782 3119 4852 hypocrisis
3146 4783 3349 4837 malum
3378 4791 3432 4837 et
3453 4783 3571 4837 ina-

1999 4872 2249 4932 nitatem,
2288 4872 2517 4926 verbum
2574 4871 2691 4938 Dei,
2743 4872 2940 4927 liberat
2990 4887 3113 4927 eam
3161 4873 3253 4927 illa
3291 4890 3413 4945 quae
3452 4891 3570 4929 eam

1999 4962 2255 5018 molesta:
2283 4969 2337 5019 et
2370 4963 2438 5017 ad
2476 4961 2643 5017 Deum
2673 4970 2727 5018 et
2769 4964 2835 5018 ad
2877 4979 3122 5029 carnem,
3153 4967 3297 5020 mala
3338 4968 3570 5039 disposi-

1997 5054 2166 5110 tione.

2074 5166 2240 5222 Vsns.
2276 5167 2361 5220 Η.
2401 5164 2541 5220 Vena
2571 5169 2690 5223 vitae
2714 5167 2769 5221 in
2809 5184 2972 5224 manu
2991 5169 3151 5238 justi.
3184 5170 3388 5226 ﬂector
3422 5188 3567 5226 enuu

1994 5257 2122 5311 vitae
2154 5255 2395 5326 Spiritus
2430 5264 2674 5322 sanctus,
2723 5258 3025 5314 secundum
3072 5269 3323 5315 naturam
3348 5262 3567 5331 quidem

1997 5347 2296 5415 acquiescit
2328 5348 2380 5400 in
2426 5347 2564 5417 justi
2614 5351 2969 5419 omnipotenti
3016 5352 3259 5415 virtute,
3299 5365 3355 5407 et
3399 5353 3451 5406 in
3504 5369 3569 5405 ro

1995 5438 2088 5506 qui
2119 5436 2292 5509 diligit
2322 5437 2593 5508 justitias,
2629 5440 2858 5495 Domino
2885 5444 3272 5499 universorum
3298 5443 3441 5519 Deo;
3470 5460 3506 5513 p
3528 5460 3570 5496 -r

1994 5528 2222 5598 gratiam
2254 5540 2437 5584 autem
2494 5531 2687 5602 agendi
2736 5531 2977 5588 eilicacia
3008 5534 3065 5589 in
3107 5548 3175 5590 eo
3222 5533 3319 5605 qui
3360 5532 3571 5609 pejus:

2000 5620 2221 5676 meliore
2243 5622 2508 5678 discernit
2537 5632 2589 5677 et
2620 5626 2946 5689 cupiditates
2988 5624 3299 5682 secundum
3345 5610 3569 5683 viriut?!

1996 5712 2265 5769 delectum
2305 5728 2355 5771 et
2396 5719 2867 5789 exaggerationem
2922 5716 3145 5783 adimit,
3186 5726 3239 5773 ct
3282 5712 3425 5777 bene
