  <div class='ocr_page' id='page_1' title='image "/cluster/home/n/w/nwhite01/storage/ocr_20150623/87:1/hvd.32044073502353/663.png"; bbox 0 0 3958 6202; ppageno 0'>
   <div class='ocr_carea' id='block_1_1' title="bbox 443 375 580 440">
    <p class='ocr_par' dir='ltr' id='par_1_1' title="bbox 443 375 580 440">
     <span class='ocr_line' id='line_1_1' title="bbox 443 375 580 440; baseline 0 -2"><span class='ocrx_word' id='word_1_1' title='bbox 443 375 580 440; x_wconf 85' lang='grc'><strong>1315</strong></span> 
     </span>
    </p>
   </div>
   <div class='ocr_carea' id='block_1_2' title="bbox 1774 365 2428 431">
    <p class='ocr_par' dir='ltr' id='par_1_2' title="bbox 1774 365 2428 431">
     <span class='ocr_line' id='line_1_2' title="bbox 1774 365 2428 431; baseline -0.003 0"><span class='ocrx_word' id='word_1_2' title='bbox 1774 365 2094 431; x_wconf 80' lang='lat' dir='ltr'><strong>PROCOPI</strong></span> <span class='ocrx_word' id='word_1_3' title='bbox 2101 368 2127 428; x_wconf 91' lang='grc' dir='ltr'><strong>Ι</strong></span> <span class='ocrx_word' id='word_1_4' title='bbox 2185 369 2428 430; x_wconf 69' lang='lat' dir='ltr'><strong>GAZJEI</strong></span> 
     </span>
    </p>
   </div>
   <div class='ocr_carea' id='block_1_3' title="bbox 3585 376 3730 444">
    <p class='ocr_par' dir='ltr' id='par_1_3' title="bbox 3585 376 3730 444">
     <span class='ocr_line' id='line_1_3' title="bbox 3585 376 3730 444; baseline 0.014 -2"><span class='ocrx_word' id='word_1_5' title='bbox 3585 376 3730 444; x_wconf 69' lang='lat' dir='ltr'><strong>i&#39;ii6</strong></span> 
     </span>
    </p>
   </div>
   <div class='ocr_carea' id='block_1_4' title="bbox 439 476 2038 562">
    <p class='ocr_par' dir='ltr' id='par_1_4' title="bbox 439 481 2030 556">
     <span class='ocr_line' id='line_1_4' title="bbox 439 481 2030 556; baseline -0.006 -12"><span class='ocrx_word' id='word_1_6' title='bbox 439 499 700 556; x_wconf 86' lang='lat' dir='ltr'><strong>semper;</strong></span> <span class='ocrx_word' id='word_1_7' title='bbox 744 485 840 556; x_wconf 88' lang='lat' dir='ltr'><strong>qui</strong></span> <span class='ocrx_word' id='word_1_8' title='bbox 880 485 1061 540; x_wconf 87' lang='lat' dir='ltr'><strong>autem</strong></span> <span class='ocrx_word' id='word_1_9' title='bbox 1103 483 1270 543; x_wconf 81' lang='lat' dir='ltr'><strong>habet</strong></span> <span class='ocrx_word' id='word_1_10' title='bbox 1315 497 1412 554; x_wconf 89' lang='lat' dir='ltr'><strong>per</strong></span> <span class='ocrx_word' id='word_1_11' title='bbox 1442 491 1698 538; x_wconf 87' lang='lat' dir='ltr'><strong>naturam</strong></span> <span class='ocrx_word' id='word_1_12' title='bbox 1743 481 1796 535; x_wconf 90' lang='lat' dir='ltr'><strong>in</strong></span> <span class='ocrx_word' id='word_1_13' title='bbox 1845 483 2030 551; x_wconf 87' lang='lat' dir='ltr'><strong>seipso</strong></span> 
     </span>
    </p>
   </div>
   <div class='ocr_carea' id='block_1_5' title="bbox 2156 476 3740 562">
    <p class='ocr_par' dir='ltr' id='par_1_5' title="bbox 2156 476 3740 562">
     <span class='ocr_line' id='line_1_5' title="bbox 2156 476 3740 562; baseline 0.006 -26"><span class='ocrx_word' id='word_1_14' title='bbox 2156 476 2192 536; x_wconf 76' lang='grc' dir='ltr'><strong>ὗ</strong></span> <span class='ocrx_word' id='word_1_15' title='bbox 2225 481 2502 547; x_wconf 86' lang='grc' dir='ltr'>ποιοῦντος</span> <span class='ocrx_word' id='word_1_16' title='bbox 2539 483 2626 539; x_wconf 77' lang='grc' dir='ltr'>ἀεί</span> <span class='ocrx_word' id='word_1_17' title='bbox 2651 501 2664 514; x_wconf 92' lang='grc'><strong>·</strong></span> <span class='ocrx_word' id='word_1_18' title='bbox 2701 485 2730 538; x_wconf 80' lang='grc' dir='ltr'>ὀ</span> <span class='ocrx_word' id='word_1_19' title='bbox 2767 485 2868 557; x_wconf 79' lang='grc' dir='ltr'><strong>μὲν</strong></span> <span class='ocrx_word' id='word_1_20' title='bbox 2898 484 3040 557; x_wconf 78' lang='grc' dir='ltr'>ἔχων</span> <span class='ocrx_word' id='word_1_21' title='bbox 3081 485 3222 542; x_wconf 83' lang='grc' dir='ltr'><strong>κατά</strong></span> <span class='ocrx_word' id='word_1_22' title='bbox 3261 487 3423 558; x_wconf 79' lang='grc' dir='ltr'>φύσιν</span> <span class='ocrx_word' id='word_1_23' title='bbox 3457 493 3514 544; x_wconf 80' lang='grc' dir='ltr'>ἒν</span> <span class='ocrx_word' id='word_1_24' title='bbox 3545 493 3740 562; x_wconf 79' lang='grc' dir='ltr'>ἐαυτῷ</span> 
     </span>
    </p>
   </div>
   <div class='ocr_carea' id='block_1_6' title="bbox 431 567 2025 649">
    <p class='ocr_par' dir='ltr' id='par_1_6' title="bbox 431 567 2025 649">
     <span class='ocr_line' id='line_1_6' title="bbox 431 567 2025 649; baseline -0.003 -19"><span class='ocrx_word' id='word_1_25' title='bbox 431 571 816 649; x_wconf 85' lang='lat' dir='ltr'><strong>&#39;quiesccntem</strong></span> <span class='ocrx_word' id='word_1_26' title='bbox 893 577 1020 633; x_wconf 68' lang='lat' dir='ltr'><strong>vita:</strong></span> <span class='ocrx_word' id='word_1_27' title='bbox 1087 585 1358 632; x_wconf 88' lang='lat' dir='ltr'><strong>rectorem</strong></span> <span class='ocrx_word' id='word_1_28' title='bbox 1413 573 1682 647; x_wconf 77' lang='lat' dir='ltr'><strong>Spiritum</strong></span> <span class='ocrx_word' id='word_1_29' title='bbox 1749 567 2025 638; x_wconf 82' lang='lat' dir='ltr'><strong>sanctum,</strong></span> 
     </span>
    </p>
   </div>
   <div class='ocr_carea' id='block_1_7' title="bbox 447 664 2027 733">
    <p class='ocr_par' dir='ltr' id='par_1_7' title="bbox 447 664 2027 733">
     <span class='ocr_line' id='line_1_7' title="bbox 447 664 2027 733; baseline -0.006 -7"><span class='ocrx_word' id='word_1_30' title='bbox 447 675 590 727; x_wconf 71' lang='lat' dir='ltr'><strong>Deus</strong></span> <span class='ocrx_word' id='word_1_31' title='bbox 617 669 886 733; x_wconf 73' lang='lat' dir='ltr'><strong>Verbum,</strong></span> <span class='ocrx_word' id='word_1_32' title='bbox 913 664 1292 726; x_wconf 81' lang='lat' dir='ltr'><strong>credentibus</strong></span> <span class='ocrx_word' id='word_1_33' title='bbox 1337 668 1394 723; x_wconf 94' lang='lat' dir='ltr'><strong>in</strong></span> <span class='ocrx_word' id='word_1_34' title='bbox 1452 683 1513 723; x_wconf 89' lang='lat' dir='ltr'><strong>se</strong></span> <span class='ocrx_word' id='word_1_35' title='bbox 1553 669 1718 730; x_wconf 71' lang='lat' dir='ltr'><strong>vitam</strong></span> <span class='ocrx_word' id='word_1_36' title='bbox 1763 677 2027 722; x_wconf 63' lang='lat' dir='ltr'><strong>aeternam</strong></span> 
     </span>
    </p>
   </div>
   <div class='ocr_carea' id='block_1_8' title="bbox 444 763 699 833">
    <p class='ocr_par' dir='ltr' id='par_1_8' title="bbox 444 763 699 833">
     <span class='ocr_line' id='line_1_8' title="bbox 444 763 699 833; baseline -0.008 -13"><span class='ocrx_word' id='word_1_37' title='bbox 444 763 699 833; x_wconf 77' lang='lat' dir='ltr'><strong>largitur.</strong></span> 
     </span>
    </p>
   </div>
   <div class='ocr_carea' id='block_1_9' title="bbox 519 848 2030 924">
    <p class='ocr_par' dir='ltr' id='par_1_9' title="bbox 519 848 2030 924">
     <span class='ocr_line' id='line_1_9' title="bbox 519 848 2030 924; baseline -0.004 -14"><span class='ocrx_word' id='word_1_38' title='bbox 519 854 593 910; x_wconf 81' lang='lat' dir='ltr'><strong>0s</strong></span> <span class='ocrx_word' id='word_1_39' title='bbox 637 863 815 914; x_wconf 81' lang='lat' dir='ltr'><strong>autem</strong></span> <span class='ocrx_word' id='word_1_40' title='bbox 861 855 1010 923; x_wconf 80' lang='lat' dir='ltr'><strong>impii</strong></span> <span class='ocrx_word' id='word_1_41' title='bbox 1071 853 1267 924; x_wconf 78' lang='lat' dir='ltr'><strong>aperiet</strong></span> <span class='ocrx_word' id='word_1_42' title='bbox 1311 851 1582 906; x_wconf 78' lang='lat' dir='ltr'><strong>interitum</strong></span> <span class='ocrx_word' id='word_1_43' title='bbox 1647 848 2030 906; x_wconf 88' lang='lat' dir='ltr'><strong>Perniciosum</strong></span> 
     </span>
    </p>
   </div>
   <div class='ocr_carea' id='block_1_10' title="bbox 448 929 2032 1009">
    <p class='ocr_par' dir='ltr' id='par_1_10' title="bbox 448 929 2032 1009">
     <span class='ocr_line' id='line_1_10' title="bbox 448 929 2032 1009; baseline -0.002 -8"><span class='ocrx_word' id='word_1_44' title='bbox 448 959 628 1002; x_wconf 83' lang='lat' dir='ltr'><strong>autem</strong></span> <span class='ocrx_word' id='word_1_45' title='bbox 684 948 977 1003; x_wconf 82' lang='lat' dir='ltr'><strong>consilium</strong></span> <span class='ocrx_word' id='word_1_46' title='bbox 1034 962 1141 1002; x_wconf 90' lang='lat' dir='ltr'><strong>non</strong></span> <span class='ocrx_word' id='word_1_47' title='bbox 1197 945 1430 1002; x_wconf 65' lang='lat' dir='ltr'><strong>ementis</strong></span> <span class='ocrx_word' id='word_1_48' title='bbox 1493 944 1686 1009; x_wconf 86' lang='lat' dir='ltr'><strong>Deum,</strong></span> <span class='ocrx_word' id='word_1_49' title='bbox 1731 929 2032 1000; x_wconf 83' lang='lat' dir='ltr'><strong>inventuris</strong></span> 
     </span>
    </p>
   </div>
   <div class='ocr_carea' id='block_1_11' title="bbox 449 1033 2030 1109">
    <p class='ocr_par' dir='ltr' id='par_1_11' title="bbox 449 1033 2030 1109">
     <span class='ocr_line' id='line_1_11' title="bbox 449 1033 2030 1109; baseline -0.005 -16"><span class='ocrx_word' id='word_1_50' title='bbox 449 1039 820 1109; x_wconf 80' lang='lat' dir='ltr'><strong>improbitatis</strong></span> <span class='ocrx_word' id='word_1_51' title='bbox 850 1039 1094 1094; x_wconf 80' lang='lat' dir='ltr'><strong>desuuct</strong></span> <span class='ocrx_word' id='word_1_52' title='bbox 1120 1053 1148 1092; x_wconf 90' lang='lat' dir='ltr'><strong>a</strong></span> <span class='ocrx_word' id='word_1_53' title='bbox 1182 1051 1313 1090; x_wconf 88' lang='lat' dir='ltr'><strong>vero</strong></span> <span class='ocrx_word' id='word_1_54' title='bbox 1341 1035 1486 1090; x_wconf 86' lang='lat' dir='ltr'><strong>bono</strong></span> <span class='ocrx_word' id='word_1_55' title='bbox 1519 1043 1707 1090; x_wconf 89' lang='lat' dir='ltr'><strong>nostra</strong></span> <span class='ocrx_word' id='word_1_56' title='bbox 1730 1033 2030 1105; x_wconf 81' lang='lat' dir='ltr'><strong>prolapsio.</strong></span> 
     </span>
    </p>
   </div>
   <div class='ocr_carea' id='block_1_12' title="bbox 449 1128 2032 1200">
    <p class='ocr_par' dir='ltr' id='par_1_12' title="bbox 449 1128 2032 1200">
     <span class='ocr_line' id='line_1_12' title="bbox 449 1128 2032 1200; baseline -0.003 -16"><span class='ocrx_word' id='word_1_57' title='bbox 449 1131 806 1187; x_wconf 68' lang='lat' dir='ltr'><strong>conscientiae</strong></span> <span class='ocrx_word' id='word_1_58' title='bbox 859 1131 1307 1200; x_wconf 87' lang='lat' dir='ltr'><strong>reprehensione.</strong></span> <span class='ocrx_word' id='word_1_59' title='bbox 1381 1128 1634 1198; x_wconf 86' lang='lat' dir='ltr'><strong>Quaudiu</strong></span> <span class='ocrx_word' id='word_1_60' title='bbox 1715 1130 1862 1184; x_wconf 88' lang='lat' dir='ltr'><strong>enim</strong></span> <span class='ocrx_word' id='word_1_61' title='bbox 1932 1142 2032 1181; x_wconf 90' lang='lat' dir='ltr'><strong>nos</strong></span> 
     </span>
    </p>
   </div>
   <div class='ocr_carea' id='block_1_13' title="bbox 451 1217 2029 1289">
    <p class='ocr_par' dir='ltr' id='par_1_13' title="bbox 451 1217 2029 1289">
     <span class='ocr_line' id='line_1_13' title="bbox 451 1217 2029 1289; baseline -0.006 -13"><span class='ocrx_word' id='word_1_62' title='bbox 451 1232 886 1278; x_wconf 80' lang='lat' dir='ltr'><strong>molneutaneam</strong></span> <span class='ocrx_word' id='word_1_63' title='bbox 928 1221 1170 1276; x_wconf 69' lang='lat' dir='ltr'><strong>laetitiam</strong></span> <span class='ocrx_word' id='word_1_64' title='bbox 1196 1229 1250 1279; x_wconf 83' lang='lat' dir='ltr'><strong>et</strong></span> <span class='ocrx_word' id='word_1_65' title='bbox 1278 1221 1540 1275; x_wconf 81' lang='lat' dir='ltr'><strong>caducam</strong></span> <span class='ocrx_word' id='word_1_66' title='bbox 1573 1217 1802 1289; x_wconf 80' lang='lat' dir='ltr'><strong>gloriam</strong></span> <span class='ocrx_word' id='word_1_67' title='bbox 1827 1217 2029 1271; x_wconf 88' lang='lat' dir='ltr'><strong>bonum</strong></span> 
     </span>
    </p>
   </div>
   <div class='ocr_carea' id='block_1_14' title="bbox 450 1307 2034 1386">
    <p class='ocr_par' dir='ltr' id='par_1_14' title="bbox 450 1307 2034 1386">
     <span class='ocr_line' id='line_1_14' title="bbox 450 1307 2034 1386; baseline -0.006 -16"><span class='ocrx_word' id='word_1_68' title='bbox 450 1325 792 1386; x_wconf 80' lang='lat' dir='ltr'><strong>reputamus,</strong></span> <span class='ocrx_word' id='word_1_69' title='bbox 829 1315 1035 1370; x_wconf 88' lang='lat' dir='ltr'><strong>dictum</strong></span> <span class='ocrx_word' id='word_1_70' title='bbox 1077 1313 1372 1368; x_wconf 88' lang='lat' dir='ltr'><strong>consilium</strong></span> <span class='ocrx_word' id='word_1_71' title='bbox 1409 1326 1517 1366; x_wconf 89' lang='lat' dir='ltr'><strong>non</strong></span> <span class='ocrx_word' id='word_1_72' title='bbox 1561 1308 1860 1372; x_wconf 76' lang='lat' dir='ltr'><strong>evanescit,</strong></span> <span class='ocrx_word' id='word_1_73' title='bbox 1901 1307 2034 1361; x_wconf 76' lang='lat' dir='ltr'><strong>falsa</strong></span> 
     </span>
    </p>
   </div>
   <div class='ocr_carea' id='block_1_15' title="bbox 449 1401 2032 1475">
    <p class='ocr_par' dir='ltr' id='par_1_15' title="bbox 449 1401 2032 1475">
     <span class='ocr_line' id='line_1_15' title="bbox 449 1401 2032 1475; baseline -0.005 -13"><span class='ocrx_word' id='word_1_74' title='bbox 449 1416 640 1464; x_wconf 89' lang='lat' dir='ltr'><strong>nostra</strong></span> <span class='ocrx_word' id='word_1_75' title='bbox 692 1407 760 1462; x_wconf 86' lang='lat' dir='ltr'><strong>de</strong></span> <span class='ocrx_word' id='word_1_76' title='bbox 799 1407 946 1462; x_wconf 88' lang='lat' dir='ltr'><strong>bono</strong></span> <span class='ocrx_word' id='word_1_77' title='bbox 985 1405 1242 1475; x_wconf 85' lang='lat' dir='ltr'><strong>opinione</strong></span> <span class='ocrx_word' id='word_1_78' title='bbox 1290 1404 1608 1475; x_wconf 81' lang='lat' dir='ltr'><strong>expeditum</strong></span> <span class='ocrx_word' id='word_1_79' title='bbox 1647 1403 1748 1457; x_wconf 85' lang='lat' dir='ltr'><strong>iter</strong></span> <span class='ocrx_word' id='word_1_80' title='bbox 1777 1401 1984 1456; x_wconf 84' lang='lat' dir='ltr'><strong>habens</strong></span> <span class='ocrx_word' id='word_1_81' title='bbox 2017 1417 2032 1466; x_wconf 89' lang='lat'><strong>;</strong></span> 
     </span>
    </p>
   </div>
   <div class='ocr_carea' id='block_1_16' title="bbox 447 1490 2036 1568">
    <p class='ocr_par' dir='ltr' id='par_1_16' title="bbox 447 1490 2036 1568">
     <span class='ocr_line' id='line_1_16' title="bbox 447 1490 2036 1568; baseline -0.006 -14"><span class='ocrx_word' id='word_1_82' title='bbox 447 1515 516 1554; x_wconf 79' lang='lat' dir='ltr'><strong>ex</strong></span> <span class='ocrx_word' id='word_1_83' title='bbox 564 1515 630 1555; x_wconf 87' lang='lat' dir='ltr'><strong>eo</strong></span> <span class='ocrx_word' id='word_1_84' title='bbox 665 1507 850 1553; x_wconf 88' lang='lat' dir='ltr'><strong>autem</strong></span> <span class='ocrx_word' id='word_1_85' title='bbox 892 1497 1039 1568; x_wconf 89' lang='lat' dir='ltr'><strong>quod</strong></span> <span class='ocrx_word' id='word_1_86' title='bbox 1089 1497 1377 1551; x_wconf 86' lang='lat' dir='ltr'><strong>inveniunt</strong></span> <span class='ocrx_word' id='word_1_87' title='bbox 1413 1496 1504 1565; x_wconf 90' lang='lat' dir='ltr'><strong>qui</strong></span> <span class='ocrx_word' id='word_1_88' title='bbox 1540 1494 1618 1550; x_wconf 88' lang='lat' dir='ltr'><strong>illi</strong></span> <span class='ocrx_word' id='word_1_89' title='bbox 1661 1493 1928 1548; x_wconf 88' lang='lat' dir='ltr'><strong>obediunt</strong></span> <span class='ocrx_word' id='word_1_90' title='bbox 1976 1490 2036 1545; x_wconf 88' lang='lat' dir='ltr'><strong>li-</strong></span> 
     </span>
    </p>
   </div>
   <div class='ocr_carea' id='block_1_17' title="bbox 451 1584 2038 1658">
    <p class='ocr_par' dir='ltr' id='par_1_17' title="bbox 451 1584 2038 1658">
     <span class='ocr_line' id='line_1_17' title="bbox 451 1584 2038 1658; baseline -0.004 -13"><span class='ocrx_word' id='word_1_91' title='bbox 451 1607 574 1647; x_wconf 89' lang='lat' dir='ltr'><strong>nem</strong></span> <span class='ocrx_word' id='word_1_92' title='bbox 617 1591 818 1646; x_wconf 72' lang='lat' dir='ltr'><strong>la-titia:</strong></span> <span class='ocrx_word' id='word_1_93' title='bbox 844 1590 1146 1645; x_wconf 89' lang='lat' dir='ltr'><strong>secundum</strong></span> <span class='ocrx_word' id='word_1_94' title='bbox 1172 1605 1372 1644; x_wconf 86' lang='lat' dir='ltr'><strong>sensus</strong></span> <span class='ocrx_word' id='word_1_95' title='bbox 1405 1589 1674 1652; x_wconf 91' lang='lat' dir='ltr'><strong>dolorem,</strong></span> <span class='ocrx_word' id='word_1_96' title='bbox 1701 1594 1756 1642; x_wconf 90' lang='lat' dir='ltr'><strong>et</strong></span> <span class='ocrx_word' id='word_1_97' title='bbox 1796 1584 2038 1658; x_wconf 68' lang='lat' dir='ltr'><strong>fugitiva:</strong></span> 
     </span>
    </p>
   </div>
   <div class='ocr_carea' id='block_1_18' title="bbox 450 1679 2039 1756">
    <p class='ocr_par' dir='ltr' id='par_1_18' title="bbox 450 1679 2039 1756">
     <span class='ocr_line' id='line_1_18' title="bbox 450 1679 2039 1756; baseline -0.003 -17"><span class='ocrx_word' id='word_1_98' title='bbox 450 1687 638 1756; x_wconf 66' lang='lat' dir='ltr'><strong>gloria:</strong></span> <span class='ocrx_word' id='word_1_99' title='bbox 669 1686 950 1752; x_wconf 84' lang='lat' dir='ltr'><strong>dedecus;</strong></span> <span class='ocrx_word' id='word_1_100' title='bbox 997 1693 1049 1741; x_wconf 88' lang='lat' dir='ltr'><strong>et</strong></span> <span class='ocrx_word' id='word_1_101' title='bbox 1075 1687 1199 1756; x_wconf 82' lang='lat' dir='ltr'><strong>quia</strong></span> <span class='ocrx_word' id='word_1_102' title='bbox 1232 1694 1458 1756; x_wconf 83' lang='lat' dir='ltr'><strong>propter</strong></span> <span class='ocrx_word' id='word_1_103' title='bbox 1501 1683 1612 1737; x_wconf 88' lang='lat' dir='ltr'><strong>veri</strong></span> <span class='ocrx_word' id='word_1_104' title='bbox 1659 1681 1786 1736; x_wconf 90' lang='lat' dir='ltr'><strong>boni</strong></span> <span class='ocrx_word' id='word_1_105' title='bbox 1839 1679 2039 1736; x_wconf 77' lang='lat' dir='ltr'><strong>exinde</strong></span> 
     </span>
    </p>
   </div>
   <div class='ocr_carea' id='block_1_19' title="bbox 451 1773 2040 1848">
    <p class='ocr_par' dir='ltr' id='par_1_19' title="bbox 451 1773 2040 1848">
     <span class='ocr_line' id='line_1_19' title="bbox 451 1773 2040 1848; baseline -0.003 -17"><span class='ocrx_word' id='word_1_106' title='bbox 451 1781 806 1834; x_wconf 88' lang='lat' dir='ltr'><strong>amissionem</strong></span> <span class='ocrx_word' id='word_1_107' title='bbox 864 1793 975 1833; x_wconf 92' lang='lat' dir='ltr'><strong>non</strong></span> <span class='ocrx_word' id='word_1_108' title='bbox 1029 1777 1143 1848; x_wconf 89' lang='lat' dir='ltr'><strong>jam</strong></span> <span class='ocrx_word' id='word_1_109' title='bbox 1211 1777 1345 1845; x_wconf 88' lang='lat' dir='ltr'><strong>illud</strong></span> <span class='ocrx_word' id='word_1_110' title='bbox 1409 1775 1704 1845; x_wconf 84' lang='lat' dir='ltr'><strong>recipiunt,</strong></span> <span class='ocrx_word' id='word_1_111' title='bbox 1758 1773 2040 1829; x_wconf 83' lang='lat' dir='ltr'><strong>evanescit</strong></span> 
     </span>
    </p>
   </div>
   <div class='ocr_carea' id='block_1_20' title="bbox 452 1865 2036 1933">
    <p class='ocr_par' dir='ltr' id='par_1_20' title="bbox 452 1865 2036 1933">
     <span class='ocr_line' id='line_1_20' title="bbox 452 1865 2036 1933; baseline -0.003 -11"><span class='ocrx_word' id='word_1_112' title='bbox 452 1869 560 1924; x_wconf 85' lang='lat' dir='ltr'><strong>tale</strong></span> <span class='ocrx_word' id='word_1_113' title='bbox 591 1869 908 1933; x_wconf 89' lang='lat' dir='ltr'><strong>consilium,</strong></span> <span class='ocrx_word' id='word_1_114' title='bbox 947 1884 1049 1923; x_wconf 89' lang='lat' dir='ltr'><strong>non</strong></span> <span class='ocrx_word' id='word_1_115' title='bbox 1085 1869 1294 1923; x_wconf 84' lang='lat' dir='ltr'><strong>habens</strong></span> <span class='ocrx_word' id='word_1_116' title='bbox 1329 1868 1396 1921; x_wconf 88' lang='lat' dir='ltr'><strong>de</strong></span> <span class='ocrx_word' id='word_1_117' title='bbox 1425 1878 1622 1922; x_wconf 55' lang='grc' dir='ltr'>(κατίετο</span> <span class='ocrx_word' id='word_1_118' title='bbox 1648 1865 1948 1921; x_wconf 79' lang='lat' dir='ltr'><strong>ellicaciam</strong></span> <span class='ocrx_word' id='word_1_119' title='bbox 1983 1865 2036 1919; x_wconf 90' lang='lat' dir='ltr'><strong>in</strong></span> 
     </span>
    </p>
   </div>
   <div class='ocr_carea' id='block_1_21' title="bbox 453 1961 1452 2034">
    <p class='ocr_par' dir='ltr' id='par_1_21' title="bbox 453 1961 1452 2034">
     <span class='ocr_line' id='line_1_21' title="bbox 453 1961 1452 2034; baseline -0.004 -16"><span class='ocrx_word' id='word_1_120' title='bbox 453 1964 542 2030; x_wconf 87' lang='lat' dir='ltr'><strong>iis,</strong></span> <span class='ocrx_word' id='word_1_121' title='bbox 572 1965 662 2034; x_wconf 89' lang='lat' dir='ltr'><strong>qui</strong></span> <span class='ocrx_word' id='word_1_122' title='bbox 695 1962 824 2018; x_wconf 88' lang='lat' dir='ltr'><strong>illud</strong></span> <span class='ocrx_word' id='word_1_123' title='bbox 851 1963 964 2033; x_wconf 83' lang='lat' dir='ltr'><strong>jam</strong></span> <span class='ocrx_word' id='word_1_124' title='bbox 1001 1977 1109 2016; x_wconf 90' lang='lat' dir='ltr'><strong>non</strong></span> <span class='ocrx_word' id='word_1_125' title='bbox 1139 1961 1452 2016; x_wconf 86' lang='lat' dir='ltr'><strong>admittunt.</strong></span> 
     </span>
    </p>
   </div>
   <div class='ocr_carea' id='block_1_22' title="bbox 529 2143 2038 2216">
    <p class='ocr_par' dir='ltr' id='par_1_22' title="bbox 529 2143 2038 2216">
     <span class='ocr_line' id='line_1_22' title="bbox 529 2143 2038 2216; baseline -0.001 -2"><span class='ocrx_word' id='word_1_126' title='bbox 529 2160 690 2216; x_wconf 70' lang='lat' dir='ltr'><strong>Vitas.</strong></span> <span class='ocrx_word' id='word_1_127' title='bbox 743 2160 828 2214; x_wconf 69' lang='lat' dir='ltr'><strong>l2.</strong></span> <span class='ocrx_word' id='word_1_128' title='bbox 867 2143 1061 2215; x_wconf 80' lang='lat' dir='ltr'><strong>Odium</strong></span> <span class='ocrx_word' id='word_1_129' title='bbox 1109 2161 1334 2214; x_wconf 76' lang='lat' dir='ltr'><strong>suscitat</strong></span> <span class='ocrx_word' id='word_1_130' title='bbox 1393 2161 1562 2213; x_wconf 74' lang='lat' dir='ltr'><strong>rixas.</strong></span> <span class='ocrx_word' id='word_1_131' title='bbox 1598 2157 1662 2211; x_wconf 88' lang='lat' dir='ltr'><strong>Et</strong></span> <span class='ocrx_word' id='word_1_132' title='bbox 1710 2157 2038 2212; x_wconf 81' lang='lat' dir='ltr'><strong>inimicitias</strong></span> 
     </span>
    </p>
   </div>
   <div class='ocr_carea' id='block_1_23' title="bbox 451 2251 2036 2324">
    <p class='ocr_par' dir='ltr' id='par_1_23' title="bbox 451 2251 2036 2324">
     <span class='ocr_line' id='line_1_23' title="bbox 451 2251 2036 2324; baseline 0 -18"><span class='ocrx_word' id='word_1_133' title='bbox 451 2254 670 2324; x_wconf 83' lang='lat' dir='ltr'><strong>quidem</strong></span> <span class='ocrx_word' id='word_1_134' title='bbox 720 2255 916 2307; x_wconf 72' lang='lat' dir='ltr'><strong>animae</strong></span> <span class='ocrx_word' id='word_1_135' title='bbox 971 2255 1023 2307; x_wconf 88' lang='lat' dir='ltr'><strong>in</strong></span> <span class='ocrx_word' id='word_1_136' title='bbox 1060 2269 1279 2307; x_wconf 79' lang='lat' dir='ltr'><strong>carnem</strong></span> <span class='ocrx_word' id='word_1_137' title='bbox 1323 2263 1382 2305; x_wconf 90' lang='lat' dir='ltr'><strong>ut</strong></span> <span class='ocrx_word' id='word_1_138' title='bbox 1433 2251 1795 2316; x_wconf 84' lang='lat' dir='ltr'><strong>insidiosam,</strong></span> <span class='ocrx_word' id='word_1_139' title='bbox 1856 2267 2036 2320; x_wconf 76' lang='lat' dir='ltr'><strong>pugna</strong></span> 
     </span>
    </p>
   </div>
   <div class='ocr_carea' id='block_1_24' title="bbox 454 2343 2036 2412">
    <p class='ocr_par' dir='ltr' id='par_1_24' title="bbox 454 2343 2036 2412">
     <span class='ocr_line' id='line_1_24' title="bbox 454 2343 2036 2412; baseline -0.001 -15"><span class='ocrx_word' id='word_1_140' title='bbox 454 2344 588 2412; x_wconf 81' lang='lat' dir='ltr'><strong>legis</strong></span> <span class='ocrx_word' id='word_1_141' title='bbox 648 2343 830 2396; x_wconf 88' lang='lat' dir='ltr'><strong>carnis</strong></span> <span class='ocrx_word' id='word_1_142' title='bbox 883 2343 1147 2397; x_wconf 82' lang='lat' dir='ltr'><strong>adversus</strong></span> <span class='ocrx_word' id='word_1_143' title='bbox 1203 2343 1375 2410; x_wconf 68' lang='lat' dir='ltr'><strong>legem</strong></span> <span class='ocrx_word' id='word_1_144' title='bbox 1431 2343 1680 2412; x_wconf 84' lang='lat' dir='ltr'><strong>spiritus,</strong></span> <span class='ocrx_word' id='word_1_145' title='bbox 1730 2343 2036 2396; x_wconf 86' lang='lat' dir='ltr'><strong>secundum</strong></span> 
     </span>
    </p>
   </div>
   <div class='ocr_carea' id='block_1_25' title="bbox 452 2435 1372 2498">
    <p class='ocr_par' dir='ltr' id='par_1_25' title="bbox 452 2435 1372 2498">
     <span class='ocr_line' id='line_1_25' title="bbox 452 2435 1372 2498; baseline -0.002 -8"><span class='ocrx_word' id='word_1_146' title='bbox 452 2437 695 2491; x_wconf 76' lang='lat' dir='ltr'><strong>laetitiam</strong></span> <span class='ocrx_word' id='word_1_147' title='bbox 725 2446 780 2490; x_wconf 87' lang='lat' dir='ltr'><strong>et</strong></span> <span class='ocrx_word' id='word_1_148' title='bbox 813 2435 1084 2498; x_wconf 86' lang='lat' dir='ltr'><strong>dolorem,</strong></span> <span class='ocrx_word' id='word_1_149' title='bbox 1117 2435 1372 2490; x_wconf 84' lang='lat' dir='ltr'><strong>suscitat.</strong></span> 
     </span>
    </p>
   </div>
   <div class='ocr_carea' id='block_1_26' title="bbox 525 2548 2034 2618">
    <p class='ocr_par' dir='ltr' id='par_1_26' title="bbox 525 2548 2034 2618">
     <span class='ocr_line' id='line_1_26' title="bbox 525 2548 2034 2618; baseline -0.001 -14"><span class='ocrx_word' id='word_1_150' title='bbox 525 2551 722 2606; x_wconf 83' lang='lat' dir='ltr'><strong>Omnes</strong></span> <span class='ocrx_word' id='word_1_151' title='bbox 774 2557 948 2604; x_wconf 80' lang='lat' dir='ltr'><strong>autem</strong></span> <span class='ocrx_word' id='word_1_152' title='bbox 997 2565 1102 2603; x_wconf 84' lang='lat' dir='ltr'><strong>non</strong></span> <span class='ocrx_word' id='word_1_153' title='bbox 1155 2551 1390 2604; x_wconf 78' lang='lat' dir='ltr'><strong>rixantes</strong></span> <span class='ocrx_word' id='word_1_154' title='bbox 1446 2550 1643 2617; x_wconf 84' lang='lat' dir='ltr'><strong>aperiet</strong></span> <span class='ocrx_word' id='word_1_155' title='bbox 1685 2548 2034 2618; x_wconf 87' lang='lat' dir='ltr'><strong>(amicitia).</strong></span> 
     </span>
    </p>
   </div>
   <div class='ocr_carea' id='block_1_27' title="bbox 448 2641 2039 2712">
    <p class='ocr_par' dir='ltr' id='par_1_27' title="bbox 448 2641 2039 2712">
     <span class='ocr_line' id='line_1_27' title="bbox 448 2641 2039 2712; baseline 0 -16"><span class='ocrx_word' id='word_1_156' title='bbox 448 2643 660 2698; x_wconf 87' lang='lat' dir='ltr'><strong>Omnes</strong></span> <span class='ocrx_word' id='word_1_157' title='bbox 692 2652 875 2697; x_wconf 84' lang='lat' dir='ltr'><strong>autem</strong></span> <span class='ocrx_word' id='word_1_158' title='bbox 909 2641 1002 2712; x_wconf 84' lang='lat' dir='ltr'><strong>qui</strong></span> <span class='ocrx_word' id='word_1_159' title='bbox 1051 2641 1353 2696; x_wconf 83' lang='lat' dir='ltr'><strong>secundum</strong></span> <span class='ocrx_word' id='word_1_160' title='bbox 1391 2642 1658 2694; x_wconf 84' lang='lat' dir='ltr'><strong>rationem</strong></span> <span class='ocrx_word' id='word_1_161' title='bbox 1690 2642 1885 2696; x_wconf 72' lang='lat' dir='ltr'><strong>animae</strong></span> <span class='ocrx_word' id='word_1_162' title='bbox 1914 2657 2039 2696; x_wconf 83' lang='lat' dir='ltr'><strong>car—</strong></span> 
     </span>
    </p>
   </div>
   <div class='ocr_carea' id='block_1_28' title="bbox 453 2733 2040 2805">
    <p class='ocr_par' dir='ltr' id='par_1_28' title="bbox 453 2733 2040 2805">
     <span class='ocr_line' id='line_1_28' title="bbox 453 2733 2040 2805; baseline -0.002 -14"><span class='ocrx_word' id='word_1_163' title='bbox 453 2753 575 2791; x_wconf 81' lang='lat' dir='ltr'><strong>nem</strong></span> <span class='ocrx_word' id='word_1_164' title='bbox 611 2735 912 2805; x_wconf 83' lang='lat' dir='ltr'><strong>subjiciunt</strong></span> <span class='ocrx_word' id='word_1_165' title='bbox 942 2742 995 2789; x_wconf 89' lang='lat' dir='ltr'><strong>et</strong></span> <span class='ocrx_word' id='word_1_166' title='bbox 1034 2735 1114 2790; x_wconf 86' lang='lat' dir='ltr'><strong>eis</strong></span> <span class='ocrx_word' id='word_1_167' title='bbox 1165 2733 1370 2803; x_wconf 79' lang='lat' dir='ltr'><strong>aliquid</strong></span> <span class='ocrx_word' id='word_1_168' title='bbox 1424 2749 1530 2786; x_wconf 87' lang='lat' dir='ltr'><strong>non</strong></span> <span class='ocrx_word' id='word_1_169' title='bbox 1571 2733 1792 2802; x_wconf 71' lang='lat' dir='ltr'><strong>litigiosi</strong></span> <span class='ocrx_word' id='word_1_170' title='bbox 1846 2734 2040 2802; x_wconf 86' lang='lat' dir='ltr'><strong>acqui-</strong></span> 
     </span>
    </p>
   </div>
   <div class='ocr_carea' id='block_1_29' title="bbox 453 2827 2036 2900">
    <p class='ocr_par' dir='ltr' id='par_1_29' title="bbox 453 2827 2036 2900">
     <span class='ocr_line' id='line_1_29' title="bbox 453 2827 2036 2900; baseline -0.002 -15"><span class='ocrx_word' id='word_1_171' title='bbox 453 2839 614 2891; x_wconf 86' lang='lat' dir='ltr'><strong>runt.</strong></span> <span class='ocrx_word' id='word_1_172' title='bbox 669 2829 798 2886; x_wconf 88' lang='lat' dir='ltr'><strong>dum</strong></span> <span class='ocrx_word' id='word_1_173' title='bbox 853 2828 1124 2900; x_wconf 79' lang='lat' dir='ltr'><strong>cujusque</strong></span> <span class='ocrx_word' id='word_1_174' title='bbox 1183 2830 1363 2882; x_wconf 90' lang='lat' dir='ltr'><strong>anima</strong></span> <span class='ocrx_word' id='word_1_175' title='bbox 1419 2843 1450 2882; x_wconf 91' lang='lat' dir='ltr'><strong>a</strong></span> <span class='ocrx_word' id='word_1_176' title='bbox 1504 2835 1672 2882; x_wconf 71' lang='lat' dir='ltr'><strong>Carne</strong></span> <span class='ocrx_word' id='word_1_177' title='bbox 1719 2827 1786 2881; x_wconf 85' lang='lat' dir='ltr'><strong>ad</strong></span> <span class='ocrx_word' id='word_1_178' title='bbox 1827 2832 2036 2900; x_wconf 77' lang='lat' dir='ltr'><strong>optima</strong></span> 
     </span>
    </p>
   </div>
   <div class='ocr_carea' id='block_1_30' title="bbox 333 2919 2038 2991">
    <p class='ocr_par' dir='ltr' id='par_1_30' title="bbox 333 2919 2038 2991">
     <span class='ocr_line' id='line_1_30' title="bbox 333 2919 2038 2991; baseline -0.002 -13"><span class='ocrx_word' id='word_1_179' title='bbox 333 2951 350 2966; x_wconf 77' lang='grc' dir='ltr'><strong>ο</strong></span> <span class='ocrx_word' id='word_1_180' title='bbox 449 2921 770 2991; x_wconf 73' lang='lat' dir='ltr'><strong>adiuvatur.</strong></span> <span class='ocrx_word' id='word_1_181' title='bbox 810 2935 940 2974; x_wconf 89' lang='lat' dir='ltr'><strong>caro</strong></span> <span class='ocrx_word' id='word_1_182' title='bbox 968 2927 1151 2973; x_wconf 78' lang='lat' dir='ltr'><strong>autem</strong></span> <span class='ocrx_word' id='word_1_183' title='bbox 1188 2919 1551 2974; x_wconf 81' lang='lat' dir='ltr'><strong>conveniente</strong></span> <span class='ocrx_word' id='word_1_184' title='bbox 1591 2933 1722 2974; x_wconf 90' lang='lat' dir='ltr'><strong>cura</strong></span> <span class='ocrx_word' id='word_1_185' title='bbox 1757 2920 1826 2972; x_wconf 85' lang='lat' dir='ltr'><strong>ah</strong></span> <span class='ocrx_word' id='word_1_186' title='bbox 1857 2919 2038 2974; x_wconf 87' lang='lat' dir='ltr'><strong>anima</strong></span> 
     </span>
    </p>
   </div>
   <div class='ocr_carea' id='block_1_31' title="bbox 454 3011 2039 3082">
    <p class='ocr_par' dir='ltr' id='par_1_31' title="bbox 454 3011 2039 3082">
     <span class='ocr_line' id='line_1_31' title="bbox 454 3011 2039 3082; baseline 0 -15"><span class='ocrx_word' id='word_1_187' title='bbox 454 3013 850 3079; x_wconf 70' lang='lat' dir='ltr'><strong>circumdatur,</strong></span> <span class='ocrx_word' id='word_1_188' title='bbox 888 3011 1071 3066; x_wconf 86' lang='lat' dir='ltr'><strong>divina</strong></span> <span class='ocrx_word' id='word_1_189' title='bbox 1115 3013 1326 3082; x_wconf 88' lang='lat' dir='ltr'><strong>operiet</strong></span> <span class='ocrx_word' id='word_1_190' title='bbox 1362 3011 1624 3075; x_wconf 86' lang='lat' dir='ltr'><strong>charitas,</strong></span> <span class='ocrx_word' id='word_1_191' title='bbox 1659 3017 1714 3066; x_wconf 88' lang='lat' dir='ltr'><strong>et</strong></span> <span class='ocrx_word' id='word_1_192' title='bbox 1749 3011 2039 3067; x_wconf 82' lang='lat' dir='ltr'><strong>abscondi-</strong></span> 
     </span>
    </p>
   </div>
   <div class='ocr_carea' id='block_1_32' title="bbox 454 3104 1348 3160">
    <p class='ocr_par' dir='ltr' id='par_1_32' title="bbox 454 3104 1348 3160">
     <span class='ocr_line' id='line_1_32' title="bbox 454 3104 1348 3160; baseline -0.001 -3"><span class='ocrx_word' id='word_1_193' title='bbox 454 3116 562 3158; x_wconf 87' lang='lat' dir='ltr'><strong>tam</strong></span> <span class='ocrx_word' id='word_1_194' title='bbox 606 3105 660 3158; x_wconf 92' lang='lat' dir='ltr'><strong>in</strong></span> <span class='ocrx_word' id='word_1_195' title='bbox 687 3104 909 3160; x_wconf 86' lang='lat' dir='ltr'><strong>Christo</strong></span> <span class='ocrx_word' id='word_1_196' title='bbox 941 3105 1128 3158; x_wconf 83' lang='lat' dir='ltr'><strong>vivent</strong></span> <span class='ocrx_word' id='word_1_197' title='bbox 1157 3104 1348 3157; x_wconf 87' lang='lat' dir='ltr'><strong>vitam.</strong></span> 
     </span>
    </p>
   </div>
   <div class='ocr_carea' id='block_1_33' title="bbox 529 3295 2042 3370">
    <p class='ocr_par' dir='ltr' id='par_1_33' title="bbox 529 3295 2042 3370">
     <span class='ocr_line' id='line_1_33' title="bbox 529 3295 2042 3370; baseline 0 -18"><span class='ocrx_word' id='word_1_198' title='bbox 529 3297 698 3352; x_wconf 72' lang='lat' dir='ltr'><strong>Vens.</strong></span> <span class='ocrx_word' id='word_1_199' title='bbox 734 3297 820 3351; x_wconf 78' lang='lat' dir='ltr'><strong>l5.</strong></span> <span class='ocrx_word' id='word_1_200' title='bbox 861 3295 966 3364; x_wconf 79' lang='lat' dir='ltr'><strong>Qui</strong></span> <span class='ocrx_word' id='word_1_201' title='bbox 996 3312 1061 3351; x_wconf 77' lang='lat' dir='ltr'><strong>ea:</strong></span> <span class='ocrx_word' id='word_1_202' title='bbox 1090 3295 1244 3350; x_wconf 87' lang='lat' dir='ltr'><strong>labiis</strong></span> <span class='ocrx_word' id='word_1_203' title='bbox 1269 3295 1499 3363; x_wconf 72' lang='lat' dir='ltr'><strong>proferet</strong></span> <span class='ocrx_word' id='word_1_204' title='bbox 1528 3296 1868 3366; x_wconf 80' lang='lat' dir='ltr'><strong>sapientiam,</strong></span> <span class='ocrx_word' id='word_1_205' title='bbox 1896 3299 2042 3370; x_wconf 83' lang='lat' dir='ltr'><strong>virga</strong></span> 
     </span>
    </p>
   </div>
   <div class='ocr_carea' id='block_1_34' title="bbox 455 3387 2044 3462">
    <p class='ocr_par' dir='ltr' id='par_1_34' title="bbox 455 3387 2044 3462">
     <span class='ocr_line' id='line_1_34' title="bbox 455 3387 2044 3462; baseline 0.003 -18"><span class='ocrx_word' id='word_1_206' title='bbox 455 3393 710 3460; x_wconf 79' lang='lat' dir='ltr'><strong>percutiet</strong></span> <span class='ocrx_word' id='word_1_207' title='bbox 763 3388 1020 3442; x_wconf 82' lang='lat' dir='ltr'><strong>hominem</strong></span> <span class='ocrx_word' id='word_1_208' title='bbox 1048 3387 1204 3443; x_wconf 82' lang='lat' dir='ltr'><strong>corde</strong></span> <span class='ocrx_word' id='word_1_209' title='bbox 1247 3387 1583 3459; x_wconf 83' lang='lat' dir='ltr'><strong>indigentem.</strong></span> <span class='ocrx_word' id='word_1_210' title='bbox 1621 3387 1674 3444; x_wconf 83' lang='lat' dir='ltr'><strong>Is</strong></span> <span class='ocrx_word' id='word_1_211' title='bbox 1726 3405 1922 3461; x_wconf 87' lang='lat' dir='ltr'><strong>nempe</strong></span> <span class='ocrx_word' id='word_1_212' title='bbox 1949 3393 2044 3462; x_wconf 89' lang='lat' dir='ltr'><strong>qui</strong></span> 
     </span>
    </p>
   </div>
   <div class='ocr_carea' id='block_1_35' title="bbox 455 3483 2043 3554">
    <p class='ocr_par' dir='ltr' id='par_1_35' title="bbox 455 3483 2043 3554">
     <span class='ocr_line' id='line_1_35' title="bbox 455 3483 2043 3554; baseline 0.001 -16"><span class='ocrx_word' id='word_1_213' title='bbox 455 3499 552 3540; x_wconf 91' lang='lat' dir='ltr'><strong>ore</strong></span> <span class='ocrx_word' id='word_1_214' title='bbox 603 3484 848 3540; x_wconf 89' lang='lat' dir='ltr'><strong>divinum</strong></span> <span class='ocrx_word' id='word_1_215' title='bbox 899 3483 1124 3538; x_wconf 88' lang='lat' dir='ltr'><strong>verbum</strong></span> <span class='ocrx_word' id='word_1_216' title='bbox 1173 3484 1484 3548; x_wconf 87' lang='lat' dir='ltr'><strong>annuntiat,</strong></span> <span class='ocrx_word' id='word_1_217' title='bbox 1545 3498 1631 3546; x_wconf 85' lang='lat' dir='ltr'><strong>eo,</strong></span> <span class='ocrx_word' id='word_1_218' title='bbox 1692 3493 1752 3540; x_wconf 90' lang='lat' dir='ltr'><strong>ut</strong></span> <span class='ocrx_word' id='word_1_219' title='bbox 1808 3485 2043 3554; x_wconf 87' lang='lat' dir='ltr'><strong>quadam</strong></span> 
     </span>
    </p>
   </div>
   <div class='ocr_carea' id='block_1_36' title="bbox 456 3575 2044 3650">
    <p class='ocr_par' dir='ltr' id='par_1_36' title="bbox 456 3575 2044 3650">
     <span class='ocr_line' id='line_1_36' title="bbox 456 3575 2044 3650; baseline 0.003 -22"><span class='ocrx_word' id='word_1_220' title='bbox 456 3577 634 3648; x_wconf 77' lang='lat' dir='ltr'><strong>virga,</strong></span> <span class='ocrx_word' id='word_1_221' title='bbox 682 3575 939 3632; x_wconf 86' lang='lat' dir='ltr'><strong>verberat</strong></span> <span class='ocrx_word' id='word_1_222' title='bbox 971 3576 1270 3631; x_wconf 85' lang='lat' dir='ltr'><strong>secundum</strong></span> <span class='ocrx_word' id='word_1_223' title='bbox 1303 3576 1701 3632; x_wconf 86' lang='lat' dir='ltr'><strong>conscientiam</strong></span> <span class='ocrx_word' id='word_1_224' title='bbox 1748 3577 1900 3632; x_wconf 91' lang='lat' dir='ltr'><strong>illum</strong></span> <span class='ocrx_word' id='word_1_225' title='bbox 1951 3579 2044 3650; x_wconf 88' lang='lat' dir='ltr'><strong>qui</strong></span> 
     </span>
    </p>
   </div>
   <div class='ocr_carea' id='block_1_37' title="bbox 455 3665 1720 3738">
    <p class='ocr_par' dir='ltr' id='par_1_37' title="bbox 455 3665 1720 3738">
     <span class='ocr_line' id='line_1_37' title="bbox 455 3665 1720 3738; baseline 0.002 -18"><span class='ocrx_word' id='word_1_226' title='bbox 455 3667 523 3723; x_wconf 89' lang='lat' dir='ltr'><strong>ad</strong></span> <span class='ocrx_word' id='word_1_227' title='bbox 549 3667 754 3722; x_wconf 91' lang='lat' dir='ltr'><strong>bonum</strong></span> <span class='ocrx_word' id='word_1_228' title='bbox 783 3681 888 3722; x_wconf 92' lang='lat' dir='ltr'><strong>non</strong></span> <span class='ocrx_word' id='word_1_229' title='bbox 925 3665 1171 3738; x_wconf 87' lang='lat' dir='ltr'><strong>possidet</strong></span> <span class='ocrx_word' id='word_1_230' title='bbox 1211 3668 1408 3722; x_wconf 86' lang='lat' dir='ltr'><strong>animae</strong></span> <span class='ocrx_word' id='word_1_231' title='bbox 1447 3668 1720 3723; x_wconf 87' lang='lat' dir='ltr'><strong>ardorem.</strong></span> 
     </span>
    </p>
   </div>
   <div class='ocr_carea' id='block_1_38' title="bbox 525 3779 2044 3854">
    <p class='ocr_par' dir='ltr' id='par_1_38' title="bbox 525 3779 2044 3854">
     <span class='ocr_line' id='line_1_38' title="bbox 525 3779 2044 3854; baseline 0.001 -18"><span class='ocrx_word' id='word_1_232' title='bbox 525 3779 694 3838; x_wconf 65' lang='lat' dir='ltr'><strong>Vens.</strong></span> <span class='ocrx_word' id='word_1_233' title='bbox 733 3781 820 3836; x_wconf 74' lang='lat' dir='ltr'><strong>H.</strong></span> <span class='ocrx_word' id='word_1_234' title='bbox 848 3779 1122 3850; x_wconf 79' lang='lat' dir='ltr'><strong>Sapientes</strong></span> <span class='ocrx_word' id='word_1_235' title='bbox 1154 3780 1475 3836; x_wconf 78' lang='lat' dir='ltr'><strong>abscondent</strong></span> <span class='ocrx_word' id='word_1_236' title='bbox 1510 3782 1814 3838; x_wconf 79' lang='lat' dir='ltr'><strong>scientiam.</strong></span> <span class='ocrx_word' id='word_1_237' title='bbox 1859 3781 1924 3848; x_wconf 78' lang='lat' dir='ltr'><strong>Et</strong></span> <span class='ocrx_word' id='word_1_238' title='bbox 1951 3783 2044 3854; x_wconf 89' lang='lat' dir='ltr'><strong>qui</strong></span> 
     </span>
    </p>
   </div>
   <div class='ocr_carea' id='block_1_39' title="bbox 453 3862 2042 3942">
    <p class='ocr_par' dir='ltr' id='par_1_39' title="bbox 453 3862 2042 3942">
     <span class='ocr_line' id='line_1_39' title="bbox 453 3862 2042 3942; baseline 0.003 -16"><span class='ocrx_word' id='word_1_239' title='bbox 453 3871 551 3928; x_wconf 86' lang='lat' dir='ltr'><strong>Dei</strong></span> <span class='ocrx_word' id='word_1_240' title='bbox 600 3862 830 3928; x_wconf 83' lang='lat' dir='ltr'><strong>verbum</strong></span> <span class='ocrx_word' id='word_1_241' title='bbox 865 3873 918 3926; x_wconf 93' lang='lat' dir='ltr'><strong>in</strong></span> <span class='ocrx_word' id='word_1_242' title='bbox 951 3881 1147 3928; x_wconf 78' lang='lat' dir='ltr'><strong>sancto</strong></span> <span class='ocrx_word' id='word_1_243' title='bbox 1185 3870 1398 3941; x_wconf 89' lang='lat' dir='ltr'><strong>Spiritu</strong></span> <span class='ocrx_word' id='word_1_244' title='bbox 1449 3871 1754 3928; x_wconf 88' lang='lat' dir='ltr'><strong>secundum</strong></span> <span class='ocrx_word' id='word_1_245' title='bbox 1809 3874 2042 3942; x_wconf 77' lang='lat' dir='ltr'><strong>gratiam</strong></span> 
     </span>
    </p>
   </div>
   <div class='ocr_carea' id='block_1_40' title="bbox 455 3964 2041 4035">
    <p class='ocr_par' dir='ltr' id='par_1_40' title="bbox 455 3964 2041 4035">
     <span class='ocr_line' id='line_1_40' title="bbox 455 3964 2041 4035; baseline -0.003 -12"><span class='ocrx_word' id='word_1_246' title='bbox 455 3968 510 4023; x_wconf 90' lang='lat' dir='ltr'><strong>in</strong></span> <span class='ocrx_word' id='word_1_247' title='bbox 546 3983 608 4022; x_wconf 87' lang='lat' dir='ltr'><strong>se</strong></span> <span class='ocrx_word' id='word_1_248' title='bbox 638 3973 987 4035; x_wconf 85' lang='lat' dir='ltr'><strong>receperunt,</strong></span> <span class='ocrx_word' id='word_1_249' title='bbox 1021 3964 1297 4034; x_wconf 85' lang='lat' dir='ltr'><strong>repellunt</strong></span> <span class='ocrx_word' id='word_1_250' title='bbox 1337 3964 1681 4020; x_wconf 89' lang='lat' dir='ltr'><strong>sensibilium</strong></span> <span class='ocrx_word' id='word_1_251' title='bbox 1717 3967 2041 4031; x_wconf 87' lang='lat' dir='ltr'><strong>scientiam;</strong></span> 
     </span>
    </p>
   </div>
   <div class='ocr_carea' id='block_1_41' title="bbox 453 4052 2046 4129">
    <p class='ocr_par' dir='ltr' id='par_1_41' title="bbox 453 4052 2046 4129">
     <span class='ocr_line' id='line_1_41' title="bbox 453 4052 2046 4129; baseline 0 -16"><span class='ocrx_word' id='word_1_252' title='bbox 453 4052 787 4129; x_wconf 64' lang='lat' dir='ltr'><strong>co‘gitatione</strong></span> <span class='ocrx_word' id='word_1_253' title='bbox 815 4065 999 4111; x_wconf 89' lang='lat' dir='ltr'><strong>autem</strong></span> <span class='ocrx_word' id='word_1_254' title='bbox 1037 4055 1106 4110; x_wconf 88' lang='lat' dir='ltr'><strong>iis</strong></span> <span class='ocrx_word' id='word_1_255' title='bbox 1136 4069 1258 4125; x_wconf 66' lang='lat' dir='ltr'><strong>quae</strong></span> <span class='ocrx_word' id='word_1_256' title='bbox 1281 4063 1412 4113; x_wconf 90' lang='lat' dir='ltr'><strong>sunt</strong></span> <span class='ocrx_word' id='word_1_257' title='bbox 1443 4071 1608 4126; x_wconf 84' lang='lat' dir='ltr'><strong>supra</strong></span> <span class='ocrx_word' id='word_1_258' title='bbox 1647 4072 1844 4112; x_wconf 89' lang='lat' dir='ltr'><strong>sensus</strong></span> <span class='ocrx_word' id='word_1_259' title='bbox 1864 4073 2046 4114; x_wconf 88' lang='lat' dir='ltr'><strong>assue-</strong></span> 
     </span>
    </p>
   </div>
   <div class='ocr_carea' id='block_1_42' title="bbox 453 4147 2044 4222">
    <p class='ocr_par' dir='ltr' id='par_1_42' title="bbox 453 4147 2044 4222">
     <span class='ocr_line' id='line_1_42' title="bbox 453 4147 2044 4222; baseline -0.002 -17"><span class='ocrx_word' id='word_1_260' title='bbox 453 4151 607 4217; x_wconf 80' lang='lat' dir='ltr'><strong>facti,</strong></span> <span class='ocrx_word' id='word_1_261' title='bbox 633 4150 976 4222; x_wconf 85' lang='lat' dir='ltr'><strong>spiritualem</strong></span> <span class='ocrx_word' id='word_1_262' title='bbox 1005 4163 1196 4204; x_wconf 89' lang='lat' dir='ltr'><strong>eorum</strong></span> <span class='ocrx_word' id='word_1_263' title='bbox 1222 4149 1524 4204; x_wconf 86' lang='lat' dir='ltr'><strong>secundum</strong></span> <span class='ocrx_word' id='word_1_264' title='bbox 1555 4147 1830 4204; x_wconf 80' lang='lat' dir='ltr'><strong>eﬂicacem</strong></span> <span class='ocrx_word' id='word_1_265' title='bbox 1857 4151 2044 4220; x_wconf 81' lang='lat' dir='ltr'><strong>cogni-</strong></span> 
     </span>
    </p>
   </div>
   <div class='ocr_carea' id='block_1_43' title="bbox 453 4242 1326 4318">
    <p class='ocr_par' dir='ltr' id='par_1_43' title="bbox 453 4242 1326 4318">
     <span class='ocr_line' id='line_1_43' title="bbox 453 4242 1326 4318; baseline -0.002 -21"><span class='ocrx_word' id='word_1_266' title='bbox 453 4243 656 4318; x_wconf 81' lang='lat' dir='ltr'><strong>tiopem</strong></span> <span class='ocrx_word' id='word_1_267' title='bbox 700 4244 978 4314; x_wconf 83' lang='lat' dir='ltr'><strong>accipiunt</strong></span> <span class='ocrx_word' id='word_1_268' title='bbox 1017 4242 1326 4300; x_wconf 87' lang='lat' dir='ltr'><strong>scientiam.</strong></span> 
     </span>
    </p>
   </div>
   <div class='ocr_carea' id='block_1_44' title="bbox 525 4351 2042 4426">
    <p class='ocr_par' dir='ltr' id='par_1_44' title="bbox 525 4351 2042 4426">
     <span class='ocr_line' id='line_1_44' title="bbox 525 4351 2042 4426; baseline -0.005 -15"><span class='ocrx_word' id='word_1_269' title='bbox 525 4355 598 4411; x_wconf 84' lang='lat' dir='ltr'><strong>Os</strong></span> <span class='ocrx_word' id='word_1_270' title='bbox 630 4366 806 4412; x_wconf 86' lang='lat' dir='ltr'><strong>autem</strong></span> <span class='ocrx_word' id='word_1_271' title='bbox 829 4357 982 4410; x_wconf 81' lang='lat' dir='ltr'><strong>stulti</strong></span> <span class='ocrx_word' id='word_1_272' title='bbox 1010 4355 1314 4426; x_wconf 71' lang='lat' dir='ltr'><strong>proximum</strong></span> <span class='ocrx_word' id='word_1_273' title='bbox 1355 4365 1432 4408; x_wconf 86' lang='lat' dir='ltr'><strong>est</strong></span> <span class='ocrx_word' id='word_1_274' title='bbox 1465 4352 1786 4422; x_wconf 77' lang='lat' dir='ltr'><strong>confusioni.</strong></span> <span class='ocrx_word' id='word_1_275' title='bbox 1823 4351 2042 4406; x_wconf 86' lang='lat' dir='ltr'><strong>Doctri-</strong></span> 
     </span>
    </p>
   </div>
   <div class='ocr_carea' id='block_1_45' title="bbox 453 4443 2040 4516">
    <p class='ocr_par' dir='ltr' id='par_1_45' title="bbox 453 4443 2040 4516">
     <span class='ocr_line' id='line_1_45' title="bbox 453 4443 2040 4516; baseline -0.001 -15"><span class='ocrx_word' id='word_1_276' title='bbox 453 4461 522 4501; x_wconf 86' lang='lat' dir='ltr'><strong>na</strong></span> <span class='ocrx_word' id='word_1_277' title='bbox 554 4457 737 4502; x_wconf 88' lang='lat' dir='ltr'><strong>autem</strong></span> <span class='ocrx_word' id='word_1_278' title='bbox 775 4448 924 4512; x_wconf 90' lang='lat' dir='ltr'><strong>boni,</strong></span> <span class='ocrx_word' id='word_1_279' title='bbox 981 4461 1081 4514; x_wconf 87' lang='lat' dir='ltr'><strong>pro</strong></span> <span class='ocrx_word' id='word_1_280' title='bbox 1119 4447 1241 4516; x_wconf 89' lang='lat' dir='ltr'><strong>ejus</strong></span> <span class='ocrx_word' id='word_1_281' title='bbox 1275 4445 1687 4514; x_wconf 83' lang='lat' dir='ltr'><strong>adimpletionc,</strong></span> <span class='ocrx_word' id='word_1_282' title='bbox 1745 4443 2040 4514; x_wconf 87' lang='lat' dir='ltr'><strong>perditioni</strong></span> 
     </span>
    </p>
   </div>
   <div class='ocr_carea' id='block_1_46' title="bbox 2128 572 3806 649">
    <p class='ocr_par' dir='ltr' id='par_1_46' title="bbox 2128 572 3806 649">
     <span class='ocr_line' id='line_1_46' title="bbox 2128 572 3806 649; baseline 0.005 -23"><span class='ocrx_word' id='word_1_283' title='bbox 2128 572 2544 646; x_wconf 72' lang='grc' dir='ltr'><strong>ἀναπαυόμενον</strong></span> <span class='ocrx_word' id='word_1_284' title='bbox 2577 575 2638 628; x_wconf 73' lang='grc' dir='ltr'>τὸ</span> <span class='ocrx_word' id='word_1_285' title='bbox 2656 574 2802 646; x_wconf 77' lang='grc' dir='ltr'>ζωῆς</span> <span class='ocrx_word' id='word_1_286' title='bbox 2832 577 3070 649; x_wconf 65' lang='grc' dir='ltr'>χορηγὸν</span> <span class='ocrx_word' id='word_1_287' title='bbox 3104 579 3333 649; x_wconf 85' lang='grc' dir='ltr'>Πνεῦμα</span> <span class='ocrx_word' id='word_1_288' title='bbox 3377 580 3532 648; x_wconf 71' lang='grc' dir='ltr'>ἅγιον</span> <span class='ocrx_word' id='word_1_289' title='bbox 3589 580 3744 645; x_wconf 73' lang='grc' dir='ltr'>Θεὸς</span> <span class='ocrx_word' id='word_1_290' title='bbox 3801 619 3806 622; x_wconf 51' lang='grc' dir='ltr'><strong>ι</strong></span> 
     </span>
    </p>
   </div>
   <div class='ocr_carea' id='block_1_47' title="bbox 2131 665 3746 741">
    <p class='ocr_par' dir='ltr' id='par_1_47' title="bbox 2131 665 3746 741">
     <span class='ocr_line' id='line_1_47' title="bbox 2131 665 3746 741; baseline 0.004 -23"><span class='ocrx_word' id='word_1_291' title='bbox 2131 665 2326 732; x_wconf 76' lang='grc' dir='ltr'>Λόγος,</span> <span class='ocrx_word' id='word_1_292' title='bbox 2395 667 2542 738; x_wconf 72' lang='grc' dir='ltr'><strong>ζωὴν</strong></span> <span class='ocrx_word' id='word_1_293' title='bbox 2600 666 2818 721; x_wconf 78' lang='grc' dir='ltr'>αἰώνιον</span> <span class='ocrx_word' id='word_1_294' title='bbox 2877 669 3134 741; x_wconf 81' lang='grc' dir='ltr'>δωρεῖται</span> <span class='ocrx_word' id='word_1_295' title='bbox 3197 673 3311 734; x_wconf 82' lang='grc' dir='ltr'>τοῖς</span> <span class='ocrx_word' id='word_1_296' title='bbox 3378 671 3746 726; x_wconf 75' lang='grc' dir='ltr'>πιστεύουσιν</span> 
     </span>
    </p>
   </div>
   <div class='ocr_carea' id='block_1_48' title="bbox 2131 755 3254 826">
    <p class='ocr_par' dir='ltr' id='par_1_48' title="bbox 2131 755 3254 826">
     <span class='ocr_line' id='line_1_48' title="bbox 2131 755 3254 826; baseline -0.001 -17"><span class='ocrx_word' id='word_1_297' title='bbox 2131 757 2303 826; x_wconf 76' lang='grc' dir='ltr'>αὐτῷ.</span> <span class='ocrx_word' id='word_1_298' title='bbox 2427 799 2434 806; x_wconf 93' lang='grc'>.</span> <span class='ocrx_word' id='word_1_299' title='bbox 3244 755 3254 766; x_wconf 89' lang='grc'><strong>’</strong></span> 
     </span>
    </p>
   </div>
   <div class='ocr_carea' id='block_1_49' title="bbox 2201 837 3746 930">
    <p class='ocr_par' dir='ltr' id='par_1_49' title="bbox 2201 837 3746 930">
     <span class='ocr_line' id='line_1_49' title="bbox 2201 837 3746 930; baseline 0.005 -29"><span class='ocrx_word' id='word_1_300' title='bbox 2201 851 2398 918; x_wconf 79' lang='grc' dir='ltr'>Στόμα</span> <span class='ocrx_word' id='word_1_301' title='bbox 2427 848 2494 902; x_wconf 82' lang='grc' dir='ltr'>δὲ</span> <span class='ocrx_word' id='word_1_302' title='bbox 2559 850 2820 917; x_wconf 77' lang='grc' dir='ltr'>ἀσεϐοῦς</span> <span class='ocrx_word' id='word_1_303' title='bbox 2891 853 3151 930; x_wconf 63' lang='grc' dir='ltr'>καλύψει</span> <span class='ocrx_word' id='word_1_304' title='bbox 3193 852 3517 909; x_wconf 75' lang='grc' dir='ltr'>ἀπώλειαν.</span> <span class='ocrx_word' id='word_1_305' title='bbox 3547 855 3662 926; x_wconf 77' lang='grc' dir='ltr'><strong>Τὴν</strong></span> <span class='ocrx_word' id='word_1_306' title='bbox 3691 837 3746 908; x_wconf 77' lang='grc' dir='ltr'>δ’</span> 
     </span>
    </p>
   </div>
   <div class='ocr_carea' id='block_1_50' title="bbox 2141 943 3741 1016">
    <p class='ocr_par' dir='ltr' id='par_1_50' title="bbox 2141 943 3741 1016">
     <span class='ocr_line' id='line_1_50' title="bbox 2141 943 3741 1016; baseline 0.002 -19"><span class='ocrx_word' id='word_1_307' title='bbox 2141 943 2362 1014; x_wconf 76' lang='grc' dir='ltr'>ὄλεθρον</span> <span class='ocrx_word' id='word_1_308' title='bbox 2395 943 2681 1014; x_wconf 76' lang='grc' dir='ltr'><strong>ὑποθήκην</strong></span> <span class='ocrx_word' id='word_1_309' title='bbox 2703 944 2798 998; x_wconf 88' lang='grc' dir='ltr'><strong>τοῦ</strong></span> <span class='ocrx_word' id='word_1_310' title='bbox 2821 945 2895 1016; x_wconf 82' lang='grc' dir='ltr'>μὴ</span> <span class='ocrx_word' id='word_1_311' title='bbox 2919 945 3189 1016; x_wconf 77' lang='grc' dir='ltr'><strong>τιμῶντος</strong></span> <span class='ocrx_word' id='word_1_312' title='bbox 3215 946 3348 1000; x_wconf 80' lang='grc' dir='ltr'>θεὸν</span> <span class='ocrx_word' id='word_1_313' title='bbox 3379 946 3606 1015; x_wconf 77' lang='grc' dir='ltr'>εὑρετοῦ</span> <span class='ocrx_word' id='word_1_314' title='bbox 3625 947 3702 1016; x_wconf 75' lang='grc' dir='ltr'>τῆ</span> <span class='ocrx_word' id='word_1_315' title='bbox 3721 967 3741 1000; x_wconf 93' lang='lat'><em>:</em></span> 
     </span>
    </p>
   </div>
   <div class='ocr_carea' id='block_1_51' title="bbox 2133 1034 3746 1106">
    <p class='ocr_par' dir='ltr' id='par_1_51' title="bbox 2133 1034 3746 1106">
     <span class='ocr_line' id='line_1_51' title="bbox 2133 1034 3746 1106; baseline 0.002 -19"><span class='ocrx_word' id='word_1_316' title='bbox 2133 1035 2354 1098; x_wconf 82' lang='grc' dir='ltr'>κακίας,</span> <span class='ocrx_word' id='word_1_317' title='bbox 2405 1034 2659 1102; x_wconf 71' lang='grc' dir='ltr'>ἀφανίσει</span> <span class='ocrx_word' id='word_1_318' title='bbox 2707 1037 2741 1104; x_wconf 80' lang='grc' dir='ltr'>ἠ</span> <span class='ocrx_word' id='word_1_319' title='bbox 2799 1035 2909 1088; x_wconf 75' lang='grc' dir='ltr'><strong>ἀπὸ</strong></span> <span class='ocrx_word' id='word_1_320' title='bbox 2954 1034 3050 1087; x_wconf 90' lang='grc' dir='ltr'><strong>τοῦ</strong></span> <span class='ocrx_word' id='word_1_321' title='bbox 3107 1035 3276 1098; x_wconf 78' lang='grc' dir='ltr'>δντως</span> <span class='ocrx_word' id='word_1_322' title='bbox 3345 1035 3509 1089; x_wconf 78' lang='grc' dir='ltr'>καλοῦ</span> <span class='ocrx_word' id='word_1_323' title='bbox 3566 1037 3746 1106; x_wconf 77' lang='grc' dir='ltr'>ἡμῶν</span> 
     </span>
    </p>
   </div>
   <div class='ocr_carea' id='block_1_52' title="bbox 2135 1125 3746 1200">
    <p class='ocr_par' dir='ltr' id='par_1_52' title="bbox 2135 1125 3746 1200">
     <span class='ocr_line' id='line_1_52' title="bbox 2135 1125 3746 1200; baseline 0.003 -22"><span class='ocrx_word' id='word_1_324' title='bbox 2135 1125 2430 1190; x_wconf 76' lang='grc' dir='ltr'>ἔκπτωσις,</span> <span class='ocrx_word' id='word_1_325' title='bbox 2459 1125 2538 1196; x_wconf 88' lang='grc' dir='ltr'>τῷ</span> <span class='ocrx_word' id='word_1_326' title='bbox 2578 1127 2786 1199; x_wconf 77' lang='grc' dir='ltr'><strong>ἐλέγχῳ</strong></span> <span class='ocrx_word' id='word_1_327' title='bbox 2827 1127 2923 1182; x_wconf 87' lang='grc' dir='ltr'><strong>τοῦ</strong></span> <span class='ocrx_word' id='word_1_328' title='bbox 2981 1127 3318 1190; x_wconf 82' lang='grc' dir='ltr'><strong>συνειδότος·</strong></span> <span class='ocrx_word' id='word_1_329' title='bbox 3371 1129 3475 1192; x_wconf 71' lang='grc' dir='ltr'>ἓως</span> <span class='ocrx_word' id='word_1_330' title='bbox 3522 1130 3640 1200; x_wconf 84' lang='grc' dir='ltr'><strong>γὰρ</strong></span> <span class='ocrx_word' id='word_1_331' title='bbox 3671 1130 3746 1183; x_wconf 80' lang='grc' dir='ltr'>ἂν</span> 
     </span>
    </p>
   </div>
   <div class='ocr_carea' id='block_1_53' title="bbox 2136 1215 3745 1290">
    <p class='ocr_par' dir='ltr' id='par_1_53' title="bbox 2136 1215 3745 1290">
     <span class='ocr_line' id='line_1_53' title="bbox 2136 1215 3745 1290; baseline 0.001 -22"><span class='ocrx_word' id='word_1_332' title='bbox 2136 1218 2300 1286; x_wconf 80' lang='grc' dir='ltr'>ἡμεῖς</span> <span class='ocrx_word' id='word_1_333' title='bbox 2360 1215 2459 1287; x_wconf 79' lang='grc' dir='ltr'>τὴν</span> <span class='ocrx_word' id='word_1_334' title='bbox 2507 1218 2847 1288; x_wconf 81' lang='grc' dir='ltr'>πρόσκαιρον</span> <span class='ocrx_word' id='word_1_335' title='bbox 2900 1216 3096 1288; x_wconf 79' lang='grc' dir='ltr'>ἡδονὴν</span> <span class='ocrx_word' id='word_1_336' title='bbox 3155 1217 3251 1271; x_wconf 81' lang='grc' dir='ltr'>καὶ</span> <span class='ocrx_word' id='word_1_337' title='bbox 3305 1217 3404 1288; x_wconf 73' lang='grc' dir='ltr'>τὴν</span> <span class='ocrx_word' id='word_1_338' title='bbox 3459 1220 3745 1290; x_wconf 71' lang='grc' dir='ltr'>ἐπίκηρον</span> 
     </span>
    </p>
   </div>
   <div class='ocr_carea' id='block_1_54' title="bbox 2136 1305 3744 1379">
    <p class='ocr_par' dir='ltr' id='par_1_54' title="bbox 2136 1305 3744 1379">
     <span class='ocr_line' id='line_1_54' title="bbox 2136 1305 3744 1379; baseline 0.002 -21"><span class='ocrx_word' id='word_1_339' title='bbox 2136 1305 2314 1372; x_wconf 78' lang='grc' dir='ltr'>δόξαν,</span> <span class='ocrx_word' id='word_1_340' title='bbox 2341 1305 2545 1373; x_wconf 73' lang='grc' dir='ltr'>ἀγαθὸν</span> <span class='ocrx_word' id='word_1_341' title='bbox 2571 1306 2925 1376; x_wconf 75' lang='grc' dir='ltr'><strong>λογιζόμεθα,</strong></span> <span class='ocrx_word' id='word_1_342' title='bbox 2967 1309 3002 1378; x_wconf 80' lang='grc' dir='ltr'>ἠ</span> <span class='ocrx_word' id='word_1_343' title='bbox 3042 1308 3311 1379; x_wconf 78' lang='grc' dir='ltr'><strong>εἰρημένη</strong></span> <span class='ocrx_word' id='word_1_344' title='bbox 3352 1310 3604 1378; x_wconf 74' lang='grc' dir='ltr'>ὑποθήκη</span> <span class='ocrx_word' id='word_1_345' title='bbox 3633 1310 3744 1362; x_wconf 79' lang='grc' dir='ltr'><strong>ούκ</strong></span> 
     </span>
    </p>
   </div>
   <div class='ocr_carea' id='block_1_55' title="bbox 2137 1396 3739 1472">
    <p class='ocr_par' dir='ltr' id='par_1_55' title="bbox 2137 1396 3739 1472">
     <span class='ocr_line' id='line_1_55' title="bbox 2137 1396 3739 1472; baseline 0.004 -24"><span class='ocrx_word' id='word_1_346' title='bbox 2137 1396 2483 1468; x_wconf 75' lang='grc' dir='ltr'>ἀμαυροῦται</span> <span class='ocrx_word' id='word_1_347' title='bbox 2505 1413 2518 1426; x_wconf 85' lang='grc'><strong>·</strong></span> <span class='ocrx_word' id='word_1_348' title='bbox 2550 1399 2616 1468; x_wconf 79' lang='grc' dir='ltr'><strong>τῇ</strong></span> <span class='ocrx_word' id='word_1_349' title='bbox 2637 1397 2826 1468; x_wconf 66' lang='grc' dir='ltr'>ψευδεῖ</span> <span class='ocrx_word' id='word_1_350' title='bbox 2859 1399 3020 1470; x_wconf 77' lang='grc' dir='ltr'>ἡμῶν</span> <span class='ocrx_word' id='word_1_351' title='bbox 3056 1403 3181 1470; x_wconf 67' lang='grc' dir='ltr'>περὶ</span> <span class='ocrx_word' id='word_1_352' title='bbox 3211 1401 3304 1455; x_wconf 86' lang='grc' dir='ltr'><strong>τοῦ</strong></span> <span class='ocrx_word' id='word_1_353' title='bbox 3332 1401 3541 1469; x_wconf 83' lang='grc' dir='ltr'>ἀγαθοῦ</span> <span class='ocrx_word' id='word_1_354' title='bbox 3576 1402 3739 1472; x_wconf 73' lang='grc' dir='ltr'>δόξῃ.</span> 
     </span>
    </p>
   </div>
   <div class='ocr_carea' id='block_1_56' title="bbox 2135 1487 3741 1563">
    <p class='ocr_par' dir='ltr' id='par_1_56' title="bbox 2135 1487 3741 1563">
     <span class='ocr_line' id='line_1_56' title="bbox 2135 1487 3741 1563; baseline 0.003 -24"><span class='ocrx_word' id='word_1_355' title='bbox 2135 1487 2197 1540; x_wconf 80' lang='grc' dir='ltr'><strong>τὸ</strong></span> <span class='ocrx_word' id='word_1_356' title='bbox 2224 1487 2450 1556; x_wconf 73' lang='grc' dir='ltr'>εὐεργὸν</span> <span class='ocrx_word' id='word_1_357' title='bbox 2480 1489 2678 1559; x_wconf 76' lang='grc' dir='ltr'>ἔχουσα</span> <span class='ocrx_word' id='word_1_358' title='bbox 2699 1506 2710 1520; x_wconf 87' lang='grc'>·</span> <span class='ocrx_word' id='word_1_359' title='bbox 2749 1492 2812 1543; x_wconf 86' lang='grc' dir='ltr'>ὲκ</span> <span class='ocrx_word' id='word_1_360' title='bbox 2841 1491 2897 1543; x_wconf 77' lang='grc' dir='ltr'>δὲ</span> <span class='ocrx_word' id='word_1_361' title='bbox 2940 1491 3035 1545; x_wconf 86' lang='grc' dir='ltr'><strong>τοῦ</strong></span> <span class='ocrx_word' id='word_1_362' title='bbox 3080 1493 3357 1563; x_wconf 78' lang='grc' dir='ltr'>εὑρίσκειν</span> <span class='ocrx_word' id='word_1_363' title='bbox 3383 1495 3509 1556; x_wconf 79' lang='grc' dir='ltr'>τοὺς</span> <span class='ocrx_word' id='word_1_364' title='bbox 3541 1493 3741 1545; x_wconf 82' lang='grc' dir='ltr'>πειθο-</span> 
     </span>
    </p>
   </div>
   <div class='ocr_carea' id='block_1_57' title="bbox 2141 1581 3721 1656">
    <p class='ocr_par' dir='ltr' id='par_1_57' title="bbox 2141 1581 3721 1656">
     <span class='ocr_line' id='line_1_57' title="bbox 2141 1581 3721 1656; baseline 0.004 -23"><span class='ocrx_word' id='word_1_365' title='bbox 2141 1581 2334 1653; x_wconf 78' lang='grc' dir='ltr'><strong>μένους</strong></span> <span class='ocrx_word' id='word_1_366' title='bbox 2367 1583 2505 1654; x_wconf 57' lang='lat' dir='ltr'><strong>eam</strong></span> <span class='ocrx_word' id='word_1_367' title='bbox 2537 1583 2690 1647; x_wconf 85' lang='grc' dir='ltr'>τέλος</span> <span class='ocrx_word' id='word_1_368' title='bbox 2712 1583 2815 1654; x_wconf 79' lang='grc' dir='ltr'>τῆς</span> <span class='ocrx_word' id='word_1_369' title='bbox 2845 1585 2944 1654; x_wconf 79' lang='grc' dir='ltr'><strong>μὲν</strong></span> <span class='ocrx_word' id='word_1_370' title='bbox 2976 1587 3097 1638; x_wconf 76' lang='grc' dir='ltr'>κατ’</span> <span class='ocrx_word' id='word_1_371' title='bbox 3131 1585 3386 1655; x_wconf 73' lang='grc' dir='ltr'>αἴσθησιν</span> <span class='ocrx_word' id='word_1_372' title='bbox 3415 1587 3614 1654; x_wconf 74' lang='grc' dir='ltr'>ἡδονῆς</span> <span class='ocrx_word' id='word_1_373' title='bbox 3635 1586 3721 1656; x_wconf 78' lang='grc' dir='ltr'><strong>τὴ·</strong></span> 
     </span>
    </p>
   </div>
   <div class='ocr_carea' id='block_1_58' title="bbox 2139 1669 3740 1746">
    <p class='ocr_par' dir='ltr' id='par_1_58' title="bbox 2139 1669 3740 1746">
     <span class='ocr_line' id='line_1_58' title="bbox 2139 1669 3740 1746; baseline 0.002 -22"><span class='ocrx_word' id='word_1_374' title='bbox 2139 1669 2354 1742; x_wconf 79' lang='grc' dir='ltr'>ὀδύνην,</span> <span class='ocrx_word' id='word_1_375' title='bbox 2388 1672 2487 1741; x_wconf 83' lang='grc' dir='ltr'>τῆς</span> <span class='ocrx_word' id='word_1_376' title='bbox 2515 1671 2560 1725; x_wconf 83' lang='grc' dir='ltr'>δ’</span> <span class='ocrx_word' id='word_1_377' title='bbox 2607 1674 2877 1744; x_wconf 83' lang='grc' dir='ltr'>ὲπικήρου</span> <span class='ocrx_word' id='word_1_378' title='bbox 2907 1675 3066 1746; x_wconf 77' lang='grc' dir='ltr'>δόξης</span> <span class='ocrx_word' id='word_1_379' title='bbox 3103 1675 3201 1746; x_wconf 84' lang='grc' dir='ltr'><strong>τὴν</strong></span> <span class='ocrx_word' id='word_1_380' title='bbox 3230 1676 3454 1744; x_wconf 72' lang='grc' dir='ltr'>ἀτιμίαν</span> <span class='ocrx_word' id='word_1_381' title='bbox 3473 1687 3488 1702; x_wconf 80' lang='lat'>&#39;</span> <span class='ocrx_word' id='word_1_382' title='bbox 3527 1677 3626 1728; x_wconf 73' lang='grc' dir='ltr'>καὶ</span> <span class='ocrx_word' id='word_1_383' title='bbox 3649 1676 3740 1728; x_wconf 62' lang='grc' dir='ltr'>διὰ</span> 
     </span>
    </p>
   </div>
   <div class='ocr_carea' id='block_1_59' title="bbox 2140 1763 3739 1838">
    <p class='ocr_par' dir='ltr' id='par_1_59' title="bbox 2140 1763 3739 1838">
     <span class='ocr_line' id='line_1_59' title="bbox 2140 1763 3739 1838; baseline 0.001 -19"><span class='ocrx_word' id='word_1_384' title='bbox 2140 1765 2200 1819; x_wconf 84' lang='grc' dir='ltr'><strong>τὸ</strong></span> <span class='ocrx_word' id='word_1_385' title='bbox 2233 1763 2486 1818; x_wconf 78' lang='grc' dir='ltr'>ἐντεῦθεν</span> <span class='ocrx_word' id='word_1_386' title='bbox 2539 1765 2634 1818; x_wconf 87' lang='grc' dir='ltr'><strong>τοῦ</strong></span> <span class='ocrx_word' id='word_1_387' title='bbox 2682 1765 2854 1830; x_wconf 76' lang='grc' dir='ltr'>ὅντως</span> <span class='ocrx_word' id='word_1_388' title='bbox 2895 1766 3064 1820; x_wconf 83' lang='grc' dir='ltr'>καλοῦ</span> <span class='ocrx_word' id='word_1_389' title='bbox 3108 1767 3477 1838; x_wconf 84' lang='grc' dir='ltr'>ἁμαρτάνειν,</span> <span class='ocrx_word' id='word_1_390' title='bbox 3530 1769 3739 1836; x_wconf 82' lang='grc' dir='ltr'>μηκέτι</span> 
     </span>
    </p>
   </div>
   <div class='ocr_carea' id='block_1_60' title="bbox 2141 1857 3735 1930">
    <p class='ocr_par' dir='ltr' id='par_1_60' title="bbox 2141 1857 3735 1930">
     <span class='ocr_line' id='line_1_60' title="bbox 2141 1857 3735 1930; baseline 0.004 -22"><span class='ocrx_word' id='word_1_391' title='bbox 2141 1857 2543 1926; x_wconf 81' lang='grc' dir='ltr'>παραδέχεσθαι</span> <span class='ocrx_word' id='word_1_392' title='bbox 2567 1857 2760 1928; x_wconf 78' lang='grc' dir='ltr'>αὐτὴν,</span> <span class='ocrx_word' id='word_1_393' title='bbox 2791 1858 3119 1927; x_wconf 78' lang='grc' dir='ltr'>ἀφανίζεται</span> <span class='ocrx_word' id='word_1_394' title='bbox 3145 1861 3180 1930; x_wconf 82' lang='grc' dir='ltr'>ἠ</span> <span class='ocrx_word' id='word_1_395' title='bbox 3205 1859 3430 1929; x_wconf 82' lang='grc' dir='ltr'>τοιαύτη</span> <span class='ocrx_word' id='word_1_396' title='bbox 3455 1861 3735 1930; x_wconf 76' lang='grc' dir='ltr'>ὑποθήκη,</span> 
     </span>
    </p>
   </div>
   <div class='ocr_carea' id='block_1_61' title="bbox 2141 1947 3736 2024">
    <p class='ocr_par' dir='ltr' id='par_1_61' title="bbox 2141 1947 3736 2024">
     <span class='ocr_line' id='line_1_61' title="bbox 2141 1947 3736 2024; baseline 0.004 -25"><span class='ocrx_word' id='word_1_397' title='bbox 2141 1948 2218 2018; x_wconf 80' lang='grc' dir='ltr'>μὴ</span> <span class='ocrx_word' id='word_1_398' title='bbox 2247 1947 2445 2019; x_wconf 78' lang='grc' dir='ltr'>ἔχουσα</span> <span class='ocrx_word' id='word_1_399' title='bbox 2481 1949 2575 2002; x_wconf 87' lang='grc' dir='ltr'><strong>τοῦ</strong></span> <span class='ocrx_word' id='word_1_400' title='bbox 2607 1950 2799 2005; x_wconf 88' lang='grc' dir='ltr'>λοιποῦ</span> <span class='ocrx_word' id='word_1_401' title='bbox 2841 1951 2900 2004; x_wconf 82' lang='grc' dir='ltr'><strong>τὸ</strong></span> <span class='ocrx_word' id='word_1_402' title='bbox 2934 1952 3183 2024; x_wconf 68' lang='grc' dir='ltr'>ἐνεργὸν,</span> <span class='ocrx_word' id='word_1_403' title='bbox 3217 1951 3276 2004; x_wconf 77' lang='grc' dir='ltr'>ὲν</span> <span class='ocrx_word' id='word_1_404' title='bbox 3306 1954 3420 2016; x_wconf 85' lang='grc' dir='ltr'>τοῖς</span> <span class='ocrx_word' id='word_1_405' title='bbox 3451 1953 3528 2022; x_wconf 77' lang='grc' dir='ltr'>μὴ</span> <span class='ocrx_word' id='word_1_406' title='bbox 3553 1967 3736 2023; x_wconf 79' lang='grc' dir='ltr'>παρα-</span> 
     </span>
    </p>
   </div>
   <div class='ocr_carea' id='block_1_62' title="bbox 2138 2038 2668 2113">
    <p class='ocr_par' dir='ltr' id='par_1_62' title="bbox 2138 2038 2668 2113">
     <span class='ocr_line' id='line_1_62' title="bbox 2138 2038 2668 2113; baseline 0.002 -19"><span class='ocrx_word' id='word_1_407' title='bbox 2138 2038 2449 2110; x_wconf 86' lang='grc' dir='ltr'>δεχομένοις</span> <span class='ocrx_word' id='word_1_408' title='bbox 2476 2041 2668 2113; x_wconf 81' lang='grc' dir='ltr'>αὐτήν.</span> 
     </span>
    </p>
   </div>
   <div class='ocr_carea' id='block_1_63' title="bbox 2213 2153 3727 2230">
    <p class='ocr_par' dir='ltr' id='par_1_63' title="bbox 2213 2153 3727 2230">
     <span class='ocr_line' id='line_1_63' title="bbox 2213 2153 3727 2230; baseline 0.004 -24"><span class='ocrx_word' id='word_1_409' title='bbox 2213 2153 2298 2223; x_wconf 83' lang='grc' dir='ltr'><strong>ιβ’.</strong></span> <span class='ocrx_word' id='word_1_410' title='bbox 2325 2154 2516 2222; x_wconf 84' lang='grc' dir='ltr'>Μῖσος</span> <span class='ocrx_word' id='word_1_411' title='bbox 2543 2157 2755 2226; x_wconf 69' lang='grc' dir='ltr'>ἐγείρει</span> <span class='ocrx_word' id='word_1_412' title='bbox 2792 2157 3014 2224; x_wconf 80' lang='grc' dir='ltr'>νεῖκος.</span> <span class='ocrx_word' id='word_1_413' title='bbox 3071 2157 3440 2230; x_wconf 71' lang='grc' dir='ltr'>Καὶ,έχθραν</span> <span class='ocrx_word' id='word_1_414' title='bbox 3483 2159 3584 2228; x_wconf 79' lang='grc' dir='ltr'>μὲν</span> <span class='ocrx_word' id='word_1_415' title='bbox 3621 2159 3727 2228; x_wconf 75' lang='grc' dir='ltr'>τῆς</span> 
     </span>
    </p>
   </div>
   <div class='ocr_carea' id='block_1_64' title="bbox 2137 2243 3732 2320">
    <p class='ocr_par' dir='ltr' id='par_1_64' title="bbox 2137 2243 3732 2320">
     <span class='ocr_line' id='line_1_64' title="bbox 2137 2243 3732 2320; baseline 0.005 -24"><span class='ocrx_word' id='word_1_416' title='bbox 2137 2243 2317 2315; x_wconf 78' lang='grc' dir='ltr'>ψυχῆς</span> <span class='ocrx_word' id='word_1_417' title='bbox 2337 2245 2478 2300; x_wconf 82' lang='grc' dir='ltr'>κατὰ</span> <span class='ocrx_word' id='word_1_418' title='bbox 2505 2247 2605 2314; x_wconf 82' lang='grc' dir='ltr'>τῆς</span> <span class='ocrx_word' id='word_1_419' title='bbox 2640 2247 2864 2317; x_wconf 78' lang='grc' dir='ltr'>σαρκὸς,</span> <span class='ocrx_word' id='word_1_420' title='bbox 2883 2247 3288 2316; x_wconf 79' lang='grc' dir='ltr'>ὡςὲπιὸούλου,</span> <span class='ocrx_word' id='word_1_421' title='bbox 3323 2249 3635 2320; x_wconf 79' lang='grc' dir='ltr'>διανξστησι</span> <span class='ocrx_word' id='word_1_422' title='bbox 3669 2253 3732 2304; x_wconf 76' lang='grc' dir='ltr'>το</span> 
     </span>
    </p>
   </div>
   <div class='ocr_carea' id='block_1_65' title="bbox 2139 2336 3735 2412">
    <p class='ocr_par' dir='ltr' id='par_1_65' title="bbox 2139 2336 3735 2412">
     <span class='ocr_line' id='line_1_65' title="bbox 2139 2336 3735 2412; baseline 0.002 -22"><span class='ocrx_word' id='word_1_423' title='bbox 2139 2336 2652 2406; x_wconf 81' lang='grc' dir='ltr'>ἀντιστρατεύεσθαι</span> <span class='ocrx_word' id='word_1_424' title='bbox 2676 2339 2753 2406; x_wconf 83' lang='grc' dir='ltr'>τῷ</span> <span class='ocrx_word' id='word_1_425' title='bbox 2784 2340 2934 2410; x_wconf 65' lang='grc' dir='ltr'>νόμῳ</span> <span class='ocrx_word' id='word_1_426' title='bbox 2959 2339 3053 2393; x_wconf 86' lang='grc' dir='ltr'><strong>τοῦ</strong></span> <span class='ocrx_word' id='word_1_427' title='bbox 3089 2341 3230 2405; x_wconf 82' lang='grc' dir='ltr'>νοὸς,</span> <span class='ocrx_word' id='word_1_428' title='bbox 3263 2340 3384 2395; x_wconf 86' lang='grc' dir='ltr'>καθ’</span> <span class='ocrx_word' id='word_1_429' title='bbox 3411 2340 3606 2412; x_wconf 74' lang='grc' dir='ltr'>ἡδονὴν</span> <span class='ocrx_word' id='word_1_430' title='bbox 3639 2341 3735 2395; x_wconf 75' lang='grc' dir='ltr'><strong>καὶ</strong></span> 
     </span>
    </p>
   </div>
   <div class='ocr_carea' id='block_1_66' title="bbox 2138 2425 3117 2506">
    <p class='ocr_par' dir='ltr' id='par_1_66' title="bbox 2138 2425 3117 2506">
     <span class='ocr_line' id='line_1_66' title="bbox 2138 2425 3117 2506; baseline 0.008 -28"><span class='ocrx_word' id='word_1_431' title='bbox 2138 2425 2354 2496; x_wconf 82' lang='grc' dir='ltr'>ὀδύνην,</span> <span class='ocrx_word' id='word_1_432' title='bbox 2390 2427 2481 2481; x_wconf 77' lang='grc' dir='ltr'><strong>τὸν</strong></span> <span class='ocrx_word' id='word_1_433' title='bbox 2510 2429 2608 2498; x_wconf 76' lang='grc' dir='ltr'>τῆς</span> <span class='ocrx_word' id='word_1_434' title='bbox 2638 2430 2840 2502; x_wconf 76' lang='grc' dir='ltr'>σαρκὸς</span> <span class='ocrx_word' id='word_1_435' title='bbox 2872 2431 3057 2501; x_wconf 86' lang='grc' dir='ltr'>νόμον.</span> <span class='ocrx_word' id='word_1_436' title='bbox 3113 2501 3117 2506; x_wconf 86' lang='lat'>_</span> 
     </span>
    </p>
   </div>
   <div class='ocr_carea' id='block_1_67' title="bbox 2209 2538 3737 2615">
    <p class='ocr_par' dir='ltr' id='par_1_67' title="bbox 2209 2538 3737 2615">
     <span class='ocr_line' id='line_1_67' title="bbox 2209 2538 3737 2615; baseline 0.004 -21"><span class='ocrx_word' id='word_1_437' title='bbox 2209 2538 2448 2606; x_wconf 77' lang='grc' dir='ltr'>Πάντας</span> <span class='ocrx_word' id='word_1_438' title='bbox 2479 2539 2547 2592; x_wconf 81' lang='grc' dir='ltr'>δὲ</span> <span class='ocrx_word' id='word_1_439' title='bbox 2589 2541 2731 2608; x_wconf 84' lang='grc' dir='ltr'>τοὺς</span> <span class='ocrx_word' id='word_1_440' title='bbox 2775 2541 2862 2612; x_wconf 72' lang='grc' dir='ltr'><strong>μὴ</strong></span> <span class='ocrx_word' id='word_1_441' title='bbox 2915 2545 3423 2612; x_wconf 70' lang='grc' dir='ltr'><strong>φιλονεικοῦντας</strong></span> <span class='ocrx_word' id='word_1_442' title='bbox 3469 2547 3737 2615; x_wconf 59' lang='grc' dir='ltr'>καλύψει</span> 
     </span>
    </p>
   </div>
   <div class='ocr_carea' id='block_1_68' title="bbox 2142 2633 3739 2708">
    <p class='ocr_par' dir='ltr' id='par_1_68' title="bbox 2142 2633 3739 2708">
     <span class='ocr_line' id='line_1_68' title="bbox 2142 2633 3739 2708; baseline 0.004 -22"><span class='ocrx_word' id='word_1_443' title='bbox 2142 2633 2381 2706; x_wconf 64' lang='grc' dir='ltr'><strong>(φιλία).</strong></span> <span class='ocrx_word' id='word_1_444' title='bbox 2417 2636 2698 2700; x_wconf 76' lang='grc' dir='ltr'>Ἀπαντας</span> <span class='ocrx_word' id='word_1_445' title='bbox 2717 2637 2773 2690; x_wconf 77' lang='grc' dir='ltr'>δὲ</span> <span class='ocrx_word' id='word_1_446' title='bbox 2795 2638 2921 2701; x_wconf 75' lang='grc' dir='ltr'>τοὺς</span> <span class='ocrx_word' id='word_1_447' title='bbox 2955 2638 3097 2691; x_wconf 82' lang='grc' dir='ltr'><strong>κατά</strong></span> <span class='ocrx_word' id='word_1_448' title='bbox 3132 2639 3292 2708; x_wconf 72' lang='grc' dir='ltr'>λόγον</span> <span class='ocrx_word' id='word_1_449' title='bbox 3326 2641 3739 2704; x_wconf 69' lang='grc' dir='ltr'>ὑποτάσσοντας</span> 
     </span>
    </p>
   </div>
   <div class='ocr_carea' id='block_1_69' title="bbox 2137 2715 3740 2804">
    <p class='ocr_par' dir='ltr' id='par_1_69' title="bbox 2137 2725 3740 2804">
     <span class='ocr_line' id='line_1_69' title="bbox 2137 2725 3740 2804; baseline 0.002 -21"><span class='ocrx_word' id='word_1_450' title='bbox 2137 2729 2205 2796; x_wconf 82' lang='grc' dir='ltr'>τῇ</span> <span class='ocrx_word' id='word_1_451' title='bbox 2233 2725 2377 2798; x_wconf 71' lang='grc' dir='ltr'>ψυχῇ</span> <span class='ocrx_word' id='word_1_452' title='bbox 2411 2727 2511 2796; x_wconf 80' lang='grc' dir='ltr'><strong>τὴν</strong></span> <span class='ocrx_word' id='word_1_453' title='bbox 2545 2729 2746 2798; x_wconf 71' lang='grc' dir='ltr'>σάρκα,</span> <span class='ocrx_word' id='word_1_454' title='bbox 2772 2732 2866 2783; x_wconf 71' lang='grc' dir='ltr'><strong>καὶ</strong></span> <span class='ocrx_word' id='word_1_455' title='bbox 2895 2734 3388 2804; x_wconf 83' lang='grc' dir='ltr'>περιποιουμένους</span> <span class='ocrx_word' id='word_1_456' title='bbox 3418 2733 3656 2794; x_wconf 80' lang='grc' dir='ltr'>ταύταις</span> <span class='ocrx_word' id='word_1_457' title='bbox 3685 2733 3740 2786; x_wconf 70' lang='grc' dir='ltr'>τὸ</span> 
     </span>
    </p>
   </div>
   <div class='ocr_carea' id='block_1_70' title="bbox 2138 2818 3739 2896">
    <p class='ocr_par' dir='ltr' id='par_1_70' title="bbox 2138 2818 3739 2896">
     <span class='ocr_line' id='line_1_70' title="bbox 2138 2818 3739 2896; baseline 0.004 -24"><span class='ocrx_word' id='word_1_458' title='bbox 2138 2818 2372 2889; x_wconf 77' lang='grc' dir='ltr'>ἄμαχον,</span> <span class='ocrx_word' id='word_1_459' title='bbox 2413 2819 2472 2871; x_wconf 86' lang='grc' dir='ltr'>ὲν</span> <span class='ocrx_word' id='word_1_460' title='bbox 2495 2821 2574 2890; x_wconf 80' lang='grc' dir='ltr'>τῷ</span> <span class='ocrx_word' id='word_1_461' title='bbox 2611 2821 2846 2875; x_wconf 80' lang='grc' dir='ltr'>ἑκάστου</span> <span class='ocrx_word' id='word_1_462' title='bbox 2879 2823 2979 2894; x_wconf 77' lang='grc' dir='ltr'>τὴν</span> <span class='ocrx_word' id='word_1_463' title='bbox 3008 2825 3108 2894; x_wconf 84' lang='grc' dir='ltr'>μὲν</span> <span class='ocrx_word' id='word_1_464' title='bbox 3133 2825 3312 2896; x_wconf 70' lang='grc' dir='ltr'>ψυχὴν</span> <span class='ocrx_word' id='word_1_465' title='bbox 3339 2825 3739 2894; x_wconf 79' lang='grc' dir='ltr'>συνεργεῖσθαι</span> 
     </span>
    </p>
   </div>
   <div class='ocr_carea' id='block_1_71' title="bbox 2141 2912 3743 2988">
    <p class='ocr_par' dir='ltr' id='par_1_71' title="bbox 2141 2912 3743 2988">
     <span class='ocr_line' id='line_1_71' title="bbox 2141 2912 3743 2988; baseline 0.004 -24"><span class='ocrx_word' id='word_1_466' title='bbox 2141 2912 2292 2981; x_wconf 83' lang='grc' dir='ltr'><strong>παρά</strong></span> <span class='ocrx_word' id='word_1_467' title='bbox 2354 2912 2456 2982; x_wconf 78' lang='grc' dir='ltr'>τῆς</span> <span class='ocrx_word' id='word_1_468' title='bbox 2512 2913 2716 2983; x_wconf 74' lang='grc' dir='ltr'>σαρκὸς</span> <span class='ocrx_word' id='word_1_469' title='bbox 2748 2915 2884 2986; x_wconf 73' lang='grc' dir='ltr'>πρὸς</span> <span class='ocrx_word' id='word_1_470' title='bbox 2913 2917 2985 2970; x_wconf 84' lang='grc' dir='ltr'>τὰ</span> <span class='ocrx_word' id='word_1_471' title='bbox 3011 2918 3296 2978; x_wconf 82' lang='grc' dir='ltr'>κάλλιστα,</span> <span class='ocrx_word' id='word_1_472' title='bbox 3333 2919 3432 2988; x_wconf 81' lang='grc' dir='ltr'><strong>τὴν</strong></span> <span class='ocrx_word' id='word_1_473' title='bbox 3462 2917 3521 2970; x_wconf 83' lang='grc' dir='ltr'><strong>δὲ</strong></span> <span class='ocrx_word' id='word_1_474' title='bbox 3555 2918 3743 2985; x_wconf 69' lang='grc' dir='ltr'>σάρκα</span> 
     </span>
    </p>
   </div>
   <div class='ocr_carea' id='block_1_72' title="bbox 2137 3003 3739 3080">
    <p class='ocr_par' dir='ltr' id='par_1_72' title="bbox 2137 3003 3739 3080">
     <span class='ocr_line' id='line_1_72' title="bbox 2137 3003 3739 3080; baseline 0.004 -26"><span class='ocrx_word' id='word_1_475' title='bbox 2137 3003 2238 3072; x_wconf 78' lang='grc' dir='ltr'>τῆς</span> <span class='ocrx_word' id='word_1_476' title='bbox 2253 3003 2636 3077; x_wconf 78' lang='grc' dir='ltr'>προσηκούσης</span> <span class='ocrx_word' id='word_1_477' title='bbox 2651 3006 2932 3072; x_wconf 78' lang='grc' dir='ltr'>ἀξιοῦσθαι</span> <span class='ocrx_word' id='word_1_478' title='bbox 2955 3025 3031 3061; x_wconf 88' lang='grc' dir='ltr'><strong>πα</strong></span> <span class='ocrx_word' id='word_1_479' title='bbox 3043 3009 3110 3080; x_wconf 85' lang='grc' dir='ltr'><strong>ρά</strong></span> <span class='ocrx_word' id='word_1_480' title='bbox 3129 3009 3228 3079; x_wconf 78' lang='grc' dir='ltr'>τῆς</span> <span class='ocrx_word' id='word_1_481' title='bbox 3249 3009 3429 3080; x_wconf 81' lang='grc' dir='ltr'>ψυχῆς</span> <span class='ocrx_word' id='word_1_482' title='bbox 3447 3008 3684 3080; x_wconf 79' lang='grc' dir='ltr'>προνοῖα</span> <span class='ocrx_word' id='word_1_483' title='bbox 3695 3027 3739 3072; x_wconf 75' lang='grc' dir='ltr'><strong>ς,</strong></span> 
     </span>
    </p>
   </div>
   <div class='ocr_carea' id='block_1_73' title="bbox 2141 3092 3746 3170">
    <p class='ocr_par' dir='ltr' id='par_1_73' title="bbox 2141 3092 3746 3170">
     <span class='ocr_line' id='line_1_73' title="bbox 2141 3092 3746 3170; baseline 0.005 -26"><span class='ocrx_word' id='word_1_484' title='bbox 2141 3092 2260 3145; x_wconf 84' lang='grc' dir='ltr'>θεία</span> <span class='ocrx_word' id='word_1_485' title='bbox 2283 3095 2482 3162; x_wconf 70' lang='grc' dir='ltr'>κρύψει</span> <span class='ocrx_word' id='word_1_486' title='bbox 2509 3096 2718 3165; x_wconf 80' lang='grc' dir='ltr'>ἀγάπη,</span> <span class='ocrx_word' id='word_1_487' title='bbox 2752 3099 2892 3150; x_wconf 81' lang='grc' dir='ltr'><strong>κατά</strong></span> <span class='ocrx_word' id='word_1_488' title='bbox 2937 3098 3001 3152; x_wconf 75' lang='grc' dir='ltr'>τὸ</span> <span class='ocrx_word' id='word_1_489' title='bbox 3040 3097 3140 3170; x_wconf 76' lang='grc' dir='ltr'><strong>ζῇν</strong></span> <span class='ocrx_word' id='word_1_490' title='bbox 3167 3099 3364 3160; x_wconf 69' lang='grc' dir='ltr'>αὐτοὺς</span> <span class='ocrx_word' id='word_1_491' title='bbox 3386 3099 3484 3168; x_wconf 74' lang='grc' dir='ltr'><strong>τὴν</strong></span> <span class='ocrx_word' id='word_1_492' title='bbox 3507 3099 3566 3151; x_wconf 83' lang='grc' dir='ltr'>ὲν</span> <span class='ocrx_word' id='word_1_493' title='bbox 3595 3099 3746 3170; x_wconf 81' lang='grc' dir='ltr'>Χρι-</span> 
     </span>
    </p>
   </div>
   <div class='ocr_carea' id='block_1_74' title="bbox 2073 3167 2882 3258">
    <p class='ocr_par' dir='ltr' id='par_1_74' title="bbox 2073 3167 2882 3258">
     <span class='ocr_line' id='line_1_74' title="bbox 2073 3167 2882 3258; baseline 0.006 -23"><span class='ocrx_word' id='word_1_494' title='bbox 2073 3167 2115 3224; x_wconf 77' lang='lat' dir='ltr'><strong><em>C</em></strong></span> <span class='ocrx_word' id='word_1_495' title='bbox 2151 3183 2262 3254; x_wconf 84' lang='grc' dir='ltr'>στῴ</span> <span class='ocrx_word' id='word_1_496' title='bbox 2285 3187 2683 3256; x_wconf 78' lang='grc' dir='ltr'>κεκρυμμένην</span> <span class='ocrx_word' id='word_1_497' title='bbox 2714 3187 2882 3258; x_wconf 80' lang='grc' dir='ltr'>ζωήν.</span> 
     </span>
    </p>
   </div>
   <div class='ocr_carea' id='block_1_75' title="bbox 2223 3293 3744 3370">
    <p class='ocr_par' dir='ltr' id='par_1_75' title="bbox 2223 3293 3744 3370">
     <span class='ocr_line' id='line_1_75' title="bbox 2223 3293 3744 3370; baseline 0.006 -23"><span class='ocrx_word' id='word_1_498' title='bbox 2223 3293 2310 3363; x_wconf 74' lang='grc' dir='ltr'>ιγ’.</span> <span class='ocrx_word' id='word_1_499' title='bbox 2351 3297 2456 3361; x_wconf 82' lang='grc' dir='ltr'>Ὃς</span> <span class='ocrx_word' id='word_1_500' title='bbox 2507 3296 2575 3349; x_wconf 84' lang='grc' dir='ltr'>ὲκ</span> <span class='ocrx_word' id='word_1_501' title='bbox 2621 3298 2873 3366; x_wconf 75' lang='grc' dir='ltr'>χειλέων</span> <span class='ocrx_word' id='word_1_502' title='bbox 2926 3299 3206 3369; x_wconf 66' lang='grc' dir='ltr'>προφέρει</span> <span class='ocrx_word' id='word_1_503' title='bbox 3263 3303 3508 3370; x_wconf 65' lang='grc' dir='ltr'>σοφίαν.</span> <span class='ocrx_word' id='word_1_504' title='bbox 3535 3301 3744 3370; x_wconf 71' lang='grc' dir='ltr'><strong>ῥάϐδῳ</strong></span> 
     </span>
    </p>
   </div>
   <div class='ocr_carea' id='block_1_76' title="bbox 2148 3387 3744 3465">
    <p class='ocr_par' dir='ltr' id='par_1_76' title="bbox 2148 3387 3744 3465">
     <span class='ocr_line' id='line_1_76' title="bbox 2148 3387 3744 3465; baseline 0.004 -24"><span class='ocrx_word' id='word_1_505' title='bbox 2148 3388 2354 3442; x_wconf 80' lang='grc' dir='ltr'>τύπτει</span> <span class='ocrx_word' id='word_1_506' title='bbox 2385 3389 2573 3457; x_wconf 76' lang='grc' dir='ltr'>ἄνδρα</span> <span class='ocrx_word' id='word_1_507' title='bbox 2600 3391 2906 3460; x_wconf 74' lang='grc' dir='ltr'>ἀκάρδιον.</span> <span class='ocrx_word' id='word_1_508' title='bbox 2925 3394 3058 3462; x_wconf 77' lang='grc' dir='ltr'>·Ἀιρ’</span> <span class='ocrx_word' id='word_1_509' title='bbox 3084 3387 3159 3447; x_wconf 84' lang='grc' dir='ltr'>ὧν</span> <span class='ocrx_word' id='word_1_510' title='bbox 3178 3397 3207 3448; x_wconf 84' lang='grc' dir='ltr'><strong>ὁ</strong></span> <span class='ocrx_word' id='word_1_511' title='bbox 3228 3394 3314 3447; x_wconf 77' lang='grc' dir='ltr'><strong>διὰ</strong></span> <span class='ocrx_word' id='word_1_512' title='bbox 3344 3395 3620 3465; x_wconf 82' lang='grc' dir='ltr'>στόματος</span> <span class='ocrx_word' id='word_1_513' title='bbox 3654 3395 3744 3450; x_wconf 73' lang='grc' dir='ltr'>τὸν</span> 
     </span>
    </p>
   </div>
   <div class='ocr_carea' id='block_1_77' title="bbox 2151 3477 3742 3556">
    <p class='ocr_par' dir='ltr' id='par_1_77' title="bbox 2151 3477 3742 3556">
     <span class='ocr_line' id='line_1_77' title="bbox 2151 3477 3742 3556; baseline 0.006 -25"><span class='ocrx_word' id='word_1_514' title='bbox 2151 3477 2294 3532; x_wconf 86' lang='grc' dir='ltr'>θεῖον</span> <span class='ocrx_word' id='word_1_515' title='bbox 2323 3479 2484 3550; x_wconf 76' lang='grc' dir='ltr'>λόγον</span> <span class='ocrx_word' id='word_1_516' title='bbox 2506 3483 2915 3551; x_wconf 78' lang='grc' dir='ltr'>καταγγέλλων,</span> <span class='ocrx_word' id='word_1_517' title='bbox 2941 3485 3164 3556; x_wconf 83' lang='grc' dir='ltr'>πλήττει</span> <span class='ocrx_word' id='word_1_518' title='bbox 3195 3486 3240 3540; x_wconf 78' lang='grc' dir='ltr'>δ’</span> <span class='ocrx_word' id='word_1_519' title='bbox 3277 3486 3444 3547; x_wconf 71' lang='grc' dir='ltr'>αὐτοῦ</span> <span class='ocrx_word' id='word_1_520' title='bbox 3477 3487 3572 3540; x_wconf 84' lang='grc' dir='ltr'><strong>διά</strong></span> <span class='ocrx_word' id='word_1_521' title='bbox 3598 3504 3742 3550; x_wconf 77' lang='grc' dir='ltr'>τινος</span> 
     </span>
    </p>
   </div>
   <div class='ocr_carea' id='block_1_78' title="bbox 2151 3561 3741 3649">
    <p class='ocr_par' dir='ltr' id='par_1_78' title="bbox 2151 3561 3741 3649">
     <span class='ocr_line' id='line_1_78' title="bbox 2151 3561 3741 3649; baseline 0.007 -28"><span class='ocrx_word' id='word_1_522' title='bbox 2151 3569 2348 3640; x_wconf 75' lang='grc' dir='ltr'>ῥάϐδου</span> <span class='ocrx_word' id='word_1_523' title='bbox 2383 3570 2528 3624; x_wconf 76' lang='grc' dir='ltr'>κατὰ</span> <span class='ocrx_word' id='word_1_524' title='bbox 2560 3572 2624 3624; x_wconf 79' lang='grc' dir='ltr'>τὺ</span> <span class='ocrx_word' id='word_1_525' title='bbox 2645 3561 2903 3640; x_wconf 69' lang='grc' dir='ltr'>συνειδὸς,</span> <span class='ocrx_word' id='word_1_526' title='bbox 2931 3576 3023 3629; x_wconf 73' lang='grc' dir='ltr'>τὸν</span> <span class='ocrx_word' id='word_1_527' title='bbox 3041 3575 3117 3648; x_wconf 84' lang='grc' dir='ltr'>μὴ</span> <span class='ocrx_word' id='word_1_528' title='bbox 3147 3577 3276 3649; x_wconf 80' lang='grc' dir='ltr'>περὶ</span> <span class='ocrx_word' id='word_1_529' title='bbox 3303 3578 3361 3632; x_wconf 74' lang='grc' dir='ltr'>τὸ</span> <span class='ocrx_word' id='word_1_530' title='bbox 3386 3577 3596 3646; x_wconf 70' lang='grc' dir='ltr'>ἀγαθὸν</span> <span class='ocrx_word' id='word_1_531' title='bbox 3617 3579 3741 3646; x_wconf 74' lang='grc' dir='ltr'>θέρ-</span> 
     </span>
    </p>
   </div>
   <div class='ocr_carea' id='block_1_79' title="bbox 2151 3661 2844 3738">
    <p class='ocr_par' dir='ltr' id='par_1_79' title="bbox 2151 3661 2844 3738">
     <span class='ocr_line' id='line_1_79' title="bbox 2151 3661 2844 3738; baseline 0.009 -25"><span class='ocrx_word' id='word_1_532' title='bbox 2151 3679 2260 3733; x_wconf 84' lang='grc' dir='ltr'><strong>μην</strong></span> <span class='ocrx_word' id='word_1_533' title='bbox 2285 3661 2466 3734; x_wconf 72' lang='grc' dir='ltr'>ψυχῆς</span> <span class='ocrx_word' id='word_1_534' title='bbox 2483 3667 2844 3738; x_wconf 80' lang='grc' dir='ltr'>κεκτημένον.</span> 
     </span>
    </p>
   </div>
   <div class='ocr_carea' id='block_1_80' title="bbox 2225 3773 3740 3853">
    <p class='ocr_par' dir='ltr' id='par_1_80' title="bbox 2225 3773 3740 3853">
     <span class='ocr_line' id='line_1_80' title="bbox 2225 3773 3740 3853; baseline 0.005 -25"><span class='ocrx_word' id='word_1_535' title='bbox 2225 3773 2304 3830; x_wconf 86' lang='grc' dir='ltr'>ιδ’.</span> <span class='ocrx_word' id='word_1_536' title='bbox 2336 3777 2520 3846; x_wconf 70' lang='grc' dir='ltr'>Σοφοὶ</span> <span class='ocrx_word' id='word_1_537' title='bbox 2563 3781 2913 3847; x_wconf 67' lang='grc' dir='ltr'>κρύψουσιν</span> <span class='ocrx_word' id='word_1_538' title='bbox 2947 3781 3260 3849; x_wconf 79' lang='grc' dir='ltr'>αῖσθησιν.</span> <span class='ocrx_word' id='word_1_539' title='bbox 3299 3783 3409 3836; x_wconf 67' lang='grc' dir='ltr'><strong>Καὶ</strong></span> <span class='ocrx_word' id='word_1_540' title='bbox 3439 3785 3488 3836; x_wconf 75' lang='grc' dir='ltr'>οἱ</span> <span class='ocrx_word' id='word_1_541' title='bbox 3525 3785 3628 3853; x_wconf 78' lang='grc' dir='ltr'><strong>μὲν</strong></span> <span class='ocrx_word' id='word_1_542' title='bbox 3654 3784 3740 3837; x_wconf 70' lang='grc' dir='ltr'>τὸν</span> 
     </span>
    </p>
   </div>
   <div class='ocr_carea' id='block_1_81' title="bbox 2146 3865 3738 3946">
    <p class='ocr_par' dir='ltr' id='par_1_81' title="bbox 2146 3865 3738 3946">
     <span class='ocr_line' id='line_1_81' title="bbox 2146 3865 3738 3946; baseline 0.006 -26"><span class='ocrx_word' id='word_1_543' title='bbox 2146 3865 2241 3920; x_wconf 85' lang='grc' dir='ltr'><strong>τοῦ</strong></span> <span class='ocrx_word' id='word_1_544' title='bbox 2258 3867 2392 3920; x_wconf 85' lang='grc' dir='ltr'>Θεοῦ</span> <span class='ocrx_word' id='word_1_545' title='bbox 2415 3868 2576 3937; x_wconf 89' lang='grc' dir='ltr'>λόγον</span> <span class='ocrx_word' id='word_1_546' title='bbox 2607 3871 2664 3922; x_wconf 78' lang='grc' dir='ltr'>ὲν</span> <span class='ocrx_word' id='word_1_547' title='bbox 2690 3871 2832 3940; x_wconf 79' lang='grc' dir='ltr'>ἁγίῳ</span> <span class='ocrx_word' id='word_1_548' title='bbox 2857 3873 3135 3942; x_wconf 83' lang='grc' dir='ltr'>Πνεύμοιτι</span> <span class='ocrx_word' id='word_1_549' title='bbox 3183 3876 3326 3926; x_wconf 83' lang='grc' dir='ltr'>κατὰ</span> <span class='ocrx_word' id='word_1_550' title='bbox 3348 3877 3510 3946; x_wconf 83' lang='grc' dir='ltr'>χάριν</span> <span class='ocrx_word' id='word_1_551' title='bbox 3534 3879 3738 3946; x_wconf 74' lang='grc' dir='ltr'>κτησά-</span> 
     </span>
    </p>
   </div>
   <div class='ocr_carea' id='block_1_82' title="bbox 2149 3959 3738 4036">
    <p class='ocr_par' dir='ltr' id='par_1_82' title="bbox 2149 3959 3738 4036">
     <span class='ocr_line' id='line_1_82' title="bbox 2149 3959 3738 4036; baseline 0.002 -24"><span class='ocrx_word' id='word_1_552' title='bbox 2149 3976 2300 4028; x_wconf 84' lang='grc' dir='ltr'>μενοι</span> <span class='ocrx_word' id='word_1_553' title='bbox 2339 3959 2572 4024; x_wconf 83' lang='grc' dir='ltr'>ένοικον,</span> <span class='ocrx_word' id='word_1_554' title='bbox 2600 3962 2984 4016; x_wconf 81' lang='grc' dir='ltr'>συστέλλουσιν</span> <span class='ocrx_word' id='word_1_555' title='bbox 3037 3965 3146 4018; x_wconf 73' lang='grc' dir='ltr'>ἀπὸ</span> <span class='ocrx_word' id='word_1_556' title='bbox 3173 3965 3282 4019; x_wconf 88' lang='grc' dir='ltr'><strong>τῶν</strong></span> <span class='ocrx_word' id='word_1_557' title='bbox 3313 3966 3595 4034; x_wconf 80' lang='grc' dir='ltr'>αἰσθητῶν</span> <span class='ocrx_word' id='word_1_558' title='bbox 3647 3969 3738 4036; x_wconf 74' lang='grc' dir='ltr'>τὴν</span> 
     </span>
    </p>
   </div>
   <div class='ocr_carea' id='block_1_83' title="bbox 2144 4051 3740 4130">
    <p class='ocr_par' dir='ltr' id='par_1_83' title="bbox 2144 4051 3740 4130">
     <span class='ocr_line' id='line_1_83' title="bbox 2144 4051 3740 4130; baseline 0.004 -25"><span class='ocrx_word' id='word_1_559' title='bbox 2144 4051 2433 4123; x_wconf 80' lang='grc' dir='ltr'>αἴσθησιν·</span> <span class='ocrx_word' id='word_1_560' title='bbox 2486 4055 2628 4108; x_wconf 77' lang='grc' dir='ltr'><strong>κατά</strong></span> <span class='ocrx_word' id='word_1_561' title='bbox 2660 4055 2900 4110; x_wconf 77' lang='grc' dir='ltr'>διάνοιάν</span> <span class='ocrx_word' id='word_1_562' title='bbox 2955 4075 3014 4128; x_wconf 84' lang='grc' dir='ltr'><strong>τε</strong></span> <span class='ocrx_word' id='word_1_563' title='bbox 3071 4058 3599 4130; x_wconf 76' lang='grc' dir='ltr'>ὲμφυλοχωροῦντες</span> <span class='ocrx_word' id='word_1_564' title='bbox 3633 4063 3740 4119; x_wconf 79' lang='grc' dir='ltr'>τοῖς</span> 
     </span>
    </p>
   </div>
   <div class='ocr_carea' id='block_1_84' title="bbox 2145 4144 3742 4222">
    <p class='ocr_par' dir='ltr' id='par_1_84' title="bbox 2145 4144 3742 4222">
     <span class='ocr_line' id='line_1_84' title="bbox 2145 4144 3742 4222; baseline 0.004 -25"><span class='ocrx_word' id='word_1_565' title='bbox 2145 4144 2286 4215; x_wconf 76' lang='grc' dir='ltr'>ὑπὲρ</span> <span class='ocrx_word' id='word_1_566' title='bbox 2327 4145 2602 4215; x_wconf 76' lang='grc' dir='ltr'>αἴσθησιν,</span> <span class='ocrx_word' id='word_1_567' title='bbox 2666 4148 2760 4202; x_wconf 78' lang='grc' dir='ltr'>καὶ</span> <span class='ocrx_word' id='word_1_568' title='bbox 2804 4151 3000 4220; x_wconf 77' lang='grc' dir='ltr'>νοεράν</span> <span class='ocrx_word' id='word_1_569' title='bbox 3023 4149 3230 4204; x_wconf 84' lang='grc' dir='ltr'>τούτων</span> <span class='ocrx_word' id='word_1_570' title='bbox 3262 4153 3382 4204; x_wconf 83' lang='grc' dir='ltr'>κατ’</span> <span class='ocrx_word' id='word_1_571' title='bbox 3418 4150 3742 4222; x_wconf 75' lang='grc' dir='ltr'>ἔμπρακτον</span> 
     </span>
    </p>
   </div>
   <div class='ocr_carea' id='block_1_85' title="bbox 2144 4236 3034 4312">
    <p class='ocr_par' dir='ltr' id='par_1_85' title="bbox 2144 4236 3034 4312">
     <span class='ocr_line' id='line_1_85' title="bbox 2144 4236 3034 4312; baseline 0.01 -25"><span class='ocrx_word' id='word_1_572' title='bbox 2144 4236 2346 4303; x_wconf 91' lang='grc' dir='ltr'>γνῶσιν</span> <span class='ocrx_word' id='word_1_573' title='bbox 2377 4237 2742 4310; x_wconf 80' lang='grc' dir='ltr'>λαμϐάνοντες</span> <span class='ocrx_word' id='word_1_574' title='bbox 2764 4240 3034 4312; x_wconf 80' lang='grc' dir='ltr'>αἴσθησιν.</span> 
     </span>
    </p>
   </div>
   <div class='ocr_carea' id='block_1_86' title="bbox 2213 4350 3734 4425">
    <p class='ocr_par' dir='ltr' id='par_1_86' title="bbox 2213 4350 3734 4425">
     <span class='ocr_line' id='line_1_86' title="bbox 2213 4350 3734 4425; baseline 0.003 -21"><span class='ocrx_word' id='word_1_575' title='bbox 2213 4351 2409 4419; x_wconf 83' lang='grc' dir='ltr'>Στόμα</span> <span class='ocrx_word' id='word_1_576' title='bbox 2437 4350 2506 4404; x_wconf 78' lang='grc' dir='ltr'>δὲ</span> <span class='ocrx_word' id='word_1_577' title='bbox 2555 4354 2894 4420; x_wconf 79' lang='grc' dir='ltr'>προπετοῦς</span> <span class='ocrx_word' id='word_1_578' title='bbox 2923 4353 3133 4425; x_wconf 72' lang='grc' dir='ltr'>ἐγγίζει</span> <span class='ocrx_word' id='word_1_579' title='bbox 3207 4352 3522 4422; x_wconf 39' lang='grc' dir='ltr'>συντριϐῇ.</span> <span class='ocrx_word' id='word_1_580' title='bbox 3583 4357 3734 4410; x_wconf 72' lang='grc' dir='ltr'>Διδα-</span> 
     </span>
    </p>
   </div>
   <div class='ocr_carea' id='block_1_87' title="bbox 2145 4441 3739 4518">
    <p class='ocr_par' dir='ltr' id='par_1_87' title="bbox 2145 4441 3739 4518">
     <span class='ocr_line' id='line_1_87' title="bbox 2145 4441 3739 4518; baseline 0.005 -26"><span class='ocrx_word' id='word_1_581' title='bbox 2145 4441 2339 4494; x_wconf 83' lang='grc' dir='ltr'>σκαλία</span> <span class='ocrx_word' id='word_1_582' title='bbox 2379 4441 2437 4494; x_wconf 81' lang='grc' dir='ltr'>δὲ</span> <span class='ocrx_word' id='word_1_583' title='bbox 2496 4442 2590 4494; x_wconf 88' lang='grc' dir='ltr'><strong>τοῦ</strong></span> <span class='ocrx_word' id='word_1_584' title='bbox 2641 4443 2872 4512; x_wconf 84' lang='grc' dir='ltr'>ἀγαθοῦ,</span> <span class='ocrx_word' id='word_1_585' title='bbox 2916 4446 3024 4515; x_wconf 67' lang='grc' dir='ltr'>πρὸ</span> <span class='ocrx_word' id='word_1_586' title='bbox 3072 4449 3172 4516; x_wconf 83' lang='grc' dir='ltr'><strong>τῆς</strong></span> <span class='ocrx_word' id='word_1_587' title='bbox 3226 4446 3418 4499; x_wconf 88' lang='grc' dir='ltr'>τούτου</span> <span class='ocrx_word' id='word_1_588' title='bbox 3461 4447 3739 4518; x_wconf 78' lang='grc' dir='ltr'>πράξεως,</span> 
     </span>
    </p>
   </div>
   <div class='ocr_carea' id='block_1_88' title="bbox 455 4527 2038 4618">
    <p class='ocr_par' dir='ltr' id='par_1_88' title="bbox 455 4535 2038 4610">
     <span class='ocr_line' id='line_1_88' title="bbox 455 4535 2038 4610; baseline -0.001 -18"><span class='ocrx_word' id='word_1_589' title='bbox 455 4542 702 4610; x_wconf 80' lang='lat' dir='ltr'><strong>proxima</strong></span> <span class='ocrx_word' id='word_1_590' title='bbox 747 4548 864 4603; x_wconf 90' lang='lat' dir='ltr'><strong>est;</strong></span> <span class='ocrx_word' id='word_1_591' title='bbox 896 4547 1065 4605; x_wconf 89' lang='lat' dir='ltr'><strong>opera</strong></span> <span class='ocrx_word' id='word_1_592' title='bbox 1110 4536 1256 4590; x_wconf 88' lang='lat' dir='ltr'><strong>enim</strong></span> <span class='ocrx_word' id='word_1_593' title='bbox 1284 4535 1469 4590; x_wconf 81' lang='lat' dir='ltr'><strong>verbis</strong></span> <span class='ocrx_word' id='word_1_594' title='bbox 1499 4535 1750 4605; x_wconf 89' lang='lat' dir='ltr'><strong>opposita</strong></span> <span class='ocrx_word' id='word_1_595' title='bbox 1812 4549 1876 4590; x_wconf 86' lang='lat' dir='ltr'><strong>ea</strong></span> <span class='ocrx_word' id='word_1_596' title='bbox 1905 4535 2038 4590; x_wconf 86' lang='lat' dir='ltr'><strong>sub-</strong></span> 
     </span>
    </p>
   </div>
   <div class='ocr_carea' id='block_1_89' title="bbox 2156 4527 3742 4618">
    <p class='ocr_par' dir='ltr' id='par_1_89' title="bbox 2156 4532 3742 4609">
     <span class='ocr_line' id='line_1_89' title="bbox 2156 4532 3742 4609; baseline 0.006 -25"><span class='ocrx_word' id='word_1_597' title='bbox 2156 4533 2438 4602; x_wconf 71' lang='grc' dir='ltr'>πλησιάζει</span> <span class='ocrx_word' id='word_1_598' title='bbox 2469 4534 2742 4608; x_wconf 60' lang='grc' dir='ltr'>διαφθορᾷ</span> <span class='ocrx_word' id='word_1_599' title='bbox 2761 4553 2776 4567; x_wconf 89' lang='grc'><strong>·</strong></span> <span class='ocrx_word' id='word_1_600' title='bbox 2810 4532 2901 4590; x_wconf 72' lang='grc' dir='ltr'><strong>οἷα</strong></span> <span class='ocrx_word' id='word_1_601' title='bbox 2931 4538 3039 4591; x_wconf 88' lang='grc' dir='ltr'><strong>τῶν</strong></span> <span class='ocrx_word' id='word_1_602' title='bbox 3080 4537 3258 4608; x_wconf 76' lang='grc' dir='ltr'>ἔργων</span> <span class='ocrx_word' id='word_1_603' title='bbox 3278 4539 3742 4609; x_wconf 78' lang='grc' dir='ltr'>ἀντικαθισταμέ-</span> 
     </span>
    </p>
   </div>
   <div class='ocr_carea' id='block_1_90' title="bbox 453 4633 986 4684">
    <p class='ocr_par' dir='ltr' id='par_1_90' title="bbox 453 4633 986 4684">
     <span class='ocr_line' id='line_1_90' title="bbox 453 4633 986 4684; baseline -0.006 -2"><span class='ocrx_word' id='word_1_604' title='bbox 453 4639 666 4684; x_wconf 86' lang='lat' dir='ltr'><strong>vertere</strong></span> <span class='ocrx_word' id='word_1_605' title='bbox 695 4633 986 4684; x_wconf 83' lang='lat' dir='ltr'><strong>conantur.</strong></span> 
     </span>
    </p>
   </div>
   <div class='ocr_carea' id='block_1_91' title="bbox 530 4736 2042 4806">
    <p class='ocr_par' dir='ltr' id='par_1_91' title="bbox 530 4736 2042 4806">
     <span class='ocr_line' id='line_1_91' title="bbox 530 4736 2042 4806; baseline 0.001 -14"><span class='ocrx_word' id='word_1_606' title='bbox 530 4739 691 4795; x_wconf 69' lang='lat' dir='ltr'><strong>Vens.</strong></span> <span class='ocrx_word' id='word_1_607' title='bbox 741 4739 830 4794; x_wconf 79' lang='grc'><strong>15.</strong></span> <span class='ocrx_word' id='word_1_608' title='bbox 863 4737 1183 4794; x_wconf 84' lang='lat' dir='ltr'><strong>Substantia</strong></span> <span class='ocrx_word' id='word_1_609' title='bbox 1232 4737 1454 4792; x_wconf 81' lang='lat' dir='ltr'><strong>divitum</strong></span> <span class='ocrx_word' id='word_1_610' title='bbox 1510 4737 1632 4792; x_wconf 84' lang='lat' dir='ltr'><strong>urbs</strong></span> <span class='ocrx_word' id='word_1_611' title='bbox 1688 4736 1843 4806; x_wconf 81' lang='lat' dir='ltr'><strong>[ortis</strong></span> <span class='ocrx_word' id='word_1_612' title='bbox 1900 4736 2042 4793; x_wconf 82' lang='lat' dir='ltr'><strong>Sub-</strong></span> 
     </span>
    </p>
   </div>
   <div class='ocr_carea' id='block_1_92' title="bbox 452 4831 2040 4904">
    <p class='ocr_par' dir='ltr' id='par_1_92' title="bbox 452 4831 2040 4904">
     <span class='ocr_line' id='line_1_92' title="bbox 452 4831 2040 4904; baseline 0 -18"><span class='ocrx_word' id='word_1_613' title='bbox 452 4832 658 4886; x_wconf 87' lang='lat' dir='ltr'><strong>stantia</strong></span> <span class='ocrx_word' id='word_1_614' title='bbox 698 4832 843 4888; x_wconf 90' lang='lat' dir='ltr'><strong>enim</strong></span> <span class='ocrx_word' id='word_1_615' title='bbox 877 4847 1069 4886; x_wconf 90' lang='lat' dir='ltr'><strong>eorum</strong></span> <span class='ocrx_word' id='word_1_616' title='bbox 1105 4833 1198 4902; x_wconf 84' lang='lat' dir='ltr'><strong>qui</strong></span> <span class='ocrx_word' id='word_1_617' title='bbox 1229 4846 1326 4904; x_wconf 76' lang='lat' dir='ltr'><strong>per</strong></span> <span class='ocrx_word' id='word_1_618' title='bbox 1383 4831 1796 4903; x_wconf 79' lang='lat' dir='ltr'><strong>intelligentiam</strong></span> <span class='ocrx_word' id='word_1_619' title='bbox 1863 4833 2040 4904; x_wconf 89' lang='lat' dir='ltr'><strong>possi-</strong></span> 
     </span>
    </p>
   </div>
   <div class='ocr_carea' id='block_1_93' title="bbox 454 4921 2038 4993">
    <p class='ocr_par' dir='ltr' id='par_1_93' title="bbox 454 4921 2038 4993">
     <span class='ocr_line' id='line_1_93' title="bbox 454 4921 2038 4993; baseline 0.001 -18"><span class='ocrx_word' id='word_1_620' title='bbox 454 4924 583 4976; x_wconf 86' lang='lat' dir='ltr'><strong>dent</strong></span> <span class='ocrx_word' id='word_1_621' title='bbox 624 4921 940 4990; x_wconf 89' lang='lat' dir='ltr'><strong>spirituales</strong></span> <span class='ocrx_word' id='word_1_622' title='bbox 993 4922 1234 4990; x_wconf 81' lang='lat' dir='ltr'><strong>divitias,</strong></span> <span class='ocrx_word' id='word_1_623' title='bbox 1269 4923 1451 4980; x_wconf 78' lang='lat' dir='ltr'><strong>anima</strong></span> <span class='ocrx_word' id='word_1_624' title='bbox 1507 4929 1594 4980; x_wconf 77' lang='lat' dir='ltr'><strong>est</strong></span> <span class='ocrx_word' id='word_1_625' title='bbox 1626 4939 1768 4993; x_wconf 85' lang='lat' dir='ltr'><strong>pane</strong></span> <span class='ocrx_word' id='word_1_626' title='bbox 1825 4923 2038 4979; x_wconf 83' lang='lat' dir='ltr'><strong>caelesti</strong></span> 
     </span>
    </p>
   </div>
   <div class='ocr_carea' id='block_1_94' title="bbox 452 5013 2040 5088">
    <p class='ocr_par' dir='ltr' id='par_1_94' title="bbox 452 5013 2040 5088">
     <span class='ocr_line' id='line_1_94' title="bbox 452 5013 2040 5088; baseline 0.003 -20"><span class='ocrx_word' id='word_1_627' title='bbox 452 5030 571 5068; x_wconf 88' lang='lat' dir='ltr'><strong>eam</strong></span> <span class='ocrx_word' id='word_1_628' title='bbox 592 5013 880 5070; x_wconf 88' lang='lat' dir='ltr'><strong>roborante</strong></span> <span class='ocrx_word' id='word_1_629' title='bbox 907 5031 1015 5070; x_wconf 90' lang='lat' dir='ltr'><strong>non</strong></span> <span class='ocrx_word' id='word_1_630' title='bbox 1049 5015 1322 5088; x_wconf 81' lang='lat' dir='ltr'><strong>indigens,</strong></span> <span class='ocrx_word' id='word_1_631' title='bbox 1347 5027 1401 5071; x_wconf 90' lang='lat' dir='ltr'><strong>et</strong></span> <span class='ocrx_word' id='word_1_632' title='bbox 1429 5016 1813 5072; x_wconf 85' lang='lat' dir='ltr'><strong>mandatorum</strong></span> <span class='ocrx_word' id='word_1_633' title='bbox 1837 5019 2040 5072; x_wconf 86' lang='lat' dir='ltr'><strong>cultrix</strong></span> 
     </span>
    </p>
   </div>
   <div class='ocr_carea' id='block_1_95' title="bbox 455 5105 2040 5176">
    <p class='ocr_par' dir='ltr' id='par_1_95' title="bbox 455 5105 2040 5176">
     <span class='ocr_line' id='line_1_95' title="bbox 455 5105 2040 5176; baseline 0.003 -19"><span class='ocrx_word' id='word_1_634' title='bbox 455 5120 577 5175; x_wconf 69' lang='lat' dir='ltr'><strong>quae</strong></span> <span class='ocrx_word' id='word_1_635' title='bbox 618 5105 792 5174; x_wconf 87' lang='lat' dir='ltr'><strong>ipsam</strong></span> <span class='ocrx_word' id='word_1_636' title='bbox 828 5113 1070 5174; x_wconf 86' lang='lat' dir='ltr'><strong>servant,</strong></span> <span class='ocrx_word' id='word_1_637' title='bbox 1112 5106 1553 5176; x_wconf 81' lang='lat' dir='ltr'><strong>intelligibilibus</strong></span> <span class='ocrx_word' id='word_1_638' title='bbox 1593 5107 1846 5162; x_wconf 89' lang='lat' dir='ltr'><strong>hostibus</strong></span> <span class='ocrx_word' id='word_1_639' title='bbox 1884 5107 2040 5162; x_wconf 84' lang='lat' dir='ltr'><strong>inex-</strong></span> 
     </span>
    </p>
   </div>
   <div class='ocr_carea' id='block_1_96' title="bbox 454 5199 1558 5269">
    <p class='ocr_par' dir='ltr' id='par_1_96' title="bbox 454 5199 1558 5269">
     <span class='ocr_line' id='line_1_96' title="bbox 454 5199 1558 5269; baseline 0 -17"><span class='ocrx_word' id='word_1_640' title='bbox 454 5199 829 5269; x_wconf 82' lang='lat' dir='ltr'><strong>pugnabilem.</strong></span> <span class='ocrx_word' id='word_1_641' title='bbox 853 5208 906 5254; x_wconf 90' lang='lat' dir='ltr'><strong>et</strong></span> <span class='ocrx_word' id='word_1_642' title='bbox 937 5200 1237 5255; x_wconf 81' lang='lat' dir='ltr'><strong>virtutibus</strong></span> <span class='ocrx_word' id='word_1_643' title='bbox 1268 5200 1558 5254; x_wconf 87' lang='lat' dir='ltr'><strong>munitam.</strong></span> 
     </span>
    </p>
   </div>
   <div class='ocr_carea' id='block_1_97' title="bbox 525 5305 2040 5382">
    <p class='ocr_par' dir='ltr' id='par_1_97' title="bbox 525 5305 2040 5382">
     <span class='ocr_line' id='line_1_97' title="bbox 525 5305 2040 5382; baseline 0.003 -20"><span class='ocrx_word' id='word_1_644' title='bbox 525 5305 784 5378; x_wconf 76' lang='lat' dir='ltr'><strong>Confusio</strong></span> <span class='ocrx_word' id='word_1_645' title='bbox 834 5318 1008 5362; x_wconf 81' lang='lat' dir='ltr'><strong>autent</strong></span> <span class='ocrx_word' id='word_1_646' title='bbox 1057 5309 1339 5378; x_wconf 87' lang='lat' dir='ltr'><strong>impiorum</strong></span> <span class='ocrx_word' id='word_1_647' title='bbox 1387 5319 1610 5382; x_wconf 84' lang='lat' dir='ltr'><strong>egestas.</strong></span> <span class='ocrx_word' id='word_1_648' title='bbox 1655 5309 1821 5368; x_wconf 67' lang='lat' dir='ltr'><strong>Pinna</strong></span> <span class='ocrx_word' id='word_1_649' title='bbox 1859 5323 2040 5368; x_wconf 86' lang='lat' dir='ltr'><strong>autem</strong></span> 
     </span>
    </p>
   </div>
   <div class='ocr_carea' id='block_1_98' title="bbox 456 5402 2041 5477">
    <p class='ocr_par' dir='ltr' id='par_1_98' title="bbox 456 5402 2041 5477">
     <span class='ocr_line' id='line_1_98' title="bbox 456 5402 2041 5477; baseline 0.004 -23"><span class='ocrx_word' id='word_1_650' title='bbox 456 5410 538 5456; x_wconf 86' lang='lat' dir='ltr'><strong>est</strong></span> <span class='ocrx_word' id='word_1_651' title='bbox 577 5416 766 5458; x_wconf 86' lang='lat' dir='ltr'><strong>eorum</strong></span> <span class='ocrx_word' id='word_1_652' title='bbox 809 5403 900 5472; x_wconf 88' lang='lat' dir='ltr'><strong>qui</strong></span> <span class='ocrx_word' id='word_1_653' title='bbox 932 5402 1103 5456; x_wconf 91' lang='lat' dir='ltr'><strong>Deum</strong></span> <span class='ocrx_word' id='word_1_654' title='bbox 1144 5419 1251 5459; x_wconf 90' lang='lat' dir='ltr'><strong>non</strong></span> <span class='ocrx_word' id='word_1_655' title='bbox 1287 5405 1477 5461; x_wconf 91' lang='lat' dir='ltr'><strong>colunt</strong></span> <span class='ocrx_word' id='word_1_656' title='bbox 1508 5407 1742 5477; x_wconf 85' lang='lat' dir='ltr'><strong>privatio</strong></span> <span class='ocrx_word' id='word_1_657' title='bbox 1787 5406 2041 5462; x_wconf 85' lang='lat' dir='ltr'><strong>absoluta</strong></span> 
     </span>
    </p>
   </div>
   <div class='ocr_carea' id='block_1_99' title="bbox 457 5496 2044 5569">
    <p class='ocr_par' dir='ltr' id='par_1_99' title="bbox 457 5496 2044 5569">
     <span class='ocr_line' id='line_1_99' title="bbox 457 5496 2044 5569; baseline 0.004 -19"><span class='ocrx_word' id='word_1_658' title='bbox 457 5496 762 5567; x_wconf 88' lang='lat' dir='ltr'><strong>spiritualis</strong></span> <span class='ocrx_word' id='word_1_659' title='bbox 790 5511 886 5568; x_wconf 88' lang='lat' dir='ltr'><strong>per</strong></span> <span class='ocrx_word' id='word_1_660' title='bbox 927 5499 1450 5569; x_wconf 86' lang='lat' dir='ltr'><strong>contemplationem</strong></span> <span class='ocrx_word' id='word_1_661' title='bbox 1483 5500 1634 5555; x_wconf 84' lang='lat' dir='ltr'><strong>verbi</strong></span> <span class='ocrx_word' id='word_1_662' title='bbox 1680 5515 1829 5569; x_wconf 85' lang='lat' dir='ltr'><strong>csus,</strong></span> <span class='ocrx_word' id='word_1_663' title='bbox 1852 5511 1906 5556; x_wconf 87' lang='lat' dir='ltr'><strong>et</strong></span> <span class='ocrx_word' id='word_1_664' title='bbox 1933 5501 2044 5556; x_wconf 91' lang='lat' dir='ltr'><strong>vir-</strong></span> 
     </span>
    </p>
   </div>
   <div class='ocr_carea' id='block_1_100' title="bbox 458 5587 2044 5658">
    <p class='ocr_par' dir='ltr' id='par_1_100' title="bbox 458 5587 2044 5658">
     <span class='ocr_line' id='line_1_100' title="bbox 458 5587 2044 5658; baseline 0.004 -19"><span class='ocrx_word' id='word_1_665' title='bbox 458 5596 637 5642; x_wconf 81' lang='lat' dir='ltr'><strong>tutum</strong></span> <span class='ocrx_word' id='word_1_666' title='bbox 668 5587 1117 5642; x_wconf 87' lang='lat' dir='ltr'><strong>vestimentorum</strong></span> <span class='ocrx_word' id='word_1_667' title='bbox 1147 5605 1160 5652; x_wconf 92' lang='lat'><strong>;</strong></span> <span class='ocrx_word' id='word_1_668' title='bbox 1191 5603 1312 5658; x_wconf 70' lang='lat' dir='ltr'><strong>qua:</strong></span> <span class='ocrx_word' id='word_1_669' title='bbox 1367 5589 1602 5642; x_wconf 79' lang='lat' dir='ltr'><strong>vestium</strong></span> <span class='ocrx_word' id='word_1_670' title='bbox 1647 5606 1798 5646; x_wconf 89' lang='lat' dir='ltr'><strong>more</strong></span> <span class='ocrx_word' id='word_1_671' title='bbox 1831 5593 2044 5646; x_wconf 89' lang='lat' dir='ltr'><strong>animas</strong></span> 
     </span>
    </p>
   </div>
   <div class='ocr_carea' id='block_1_101' title="bbox 463 5677 1598 5748">
    <p class='ocr_par' dir='ltr' id='par_1_101' title="bbox 463 5677 1598 5748">
     <span class='ocr_line' id='line_1_101' title="bbox 463 5677 1598 5748; baseline 0.006 -21"><span class='ocrx_word' id='word_1_672' title='bbox 463 5691 491 5727; x_wconf 92' lang='lat' dir='ltr'><strong>a</strong></span> <span class='ocrx_word' id='word_1_673' title='bbox 518 5677 880 5746; x_wconf 85' lang='lat' dir='ltr'><strong>cupiditatum</strong></span> <span class='ocrx_word' id='word_1_674' title='bbox 921 5684 1244 5748; x_wconf 83' lang='lat' dir='ltr'><strong>tempestate</strong></span> <span class='ocrx_word' id='word_1_675' title='bbox 1274 5678 1598 5734; x_wconf 78' lang='lat' dir='ltr'><strong>defendunt.</strong></span> 
     </span>
    </p>
   </div>
   <div class='ocr_carea' id='block_1_102' title="bbox 537 5787 2039 5860">
    <p class='ocr_par' dir='ltr' id='par_1_102' title="bbox 537 5787 2039 5860">
     <span class='ocr_line' id='line_1_102' title="bbox 537 5787 2039 5860; baseline 0.007 -24"><span class='ocrx_word' id='word_1_676' title='bbox 537 5787 677 5841; x_wconf 70' lang='lat' dir='ltr'><strong>Vnus</strong></span> <span class='ocrx_word' id='word_1_677' title='bbox 741 5790 822 5845; x_wconf 85' lang='lat' dir='ltr'><strong>l6.</strong></span> <span class='ocrx_word' id='word_1_678' title='bbox 882 5790 1055 5858; x_wconf 81' lang='lat' dir='ltr'><strong>Opera</strong></span> <span class='ocrx_word' id='word_1_679' title='bbox 1091 5791 1362 5860; x_wconf 85' lang='lat' dir='ltr'><strong>justorum</strong></span> <span class='ocrx_word' id='word_1_680' title='bbox 1417 5791 1574 5844; x_wconf 84' lang='lat' dir='ltr'><strong>vitam</strong></span> <span class='ocrx_word' id='word_1_681' title='bbox 1629 5791 1856 5858; x_wconf 67' lang='lat' dir='ltr'><strong>(licium.</strong></span> <span class='ocrx_word' id='word_1_682' title='bbox 1903 5793 2039 5858; x_wconf 79' lang='lat' dir='ltr'><strong>Quia</strong></span> 
     </span>
    </p>
   </div>
   <div class='ocr_carea' id='block_1_103' title="bbox 2147 4627 3739 4702">
    <p class='ocr_par' dir='ltr' id='par_1_103' title="bbox 2147 4627 3739 4702">
     <span class='ocr_line' id='line_1_103' title="bbox 2147 4627 3739 4702; baseline 0.006 -25"><span class='ocrx_word' id='word_1_683' title='bbox 2147 4643 2252 4679; x_wconf 84' lang='grc' dir='ltr'><strong>νων</strong></span> <span class='ocrx_word' id='word_1_684' title='bbox 2277 4630 2387 4689; x_wconf 84' lang='grc' dir='ltr'>τοῖς</span> <span class='ocrx_word' id='word_1_685' title='bbox 2420 4627 2622 4696; x_wconf 81' lang='grc' dir='ltr'>λόγοις,</span> <span class='ocrx_word' id='word_1_686' title='bbox 2644 4629 2866 4693; x_wconf 78' lang='grc' dir='ltr'>τούτους</span> <span class='ocrx_word' id='word_1_687' title='bbox 2907 4630 3238 4701; x_wconf 84' lang='grc' dir='ltr'>ἀνατρέπειν</span> <span class='ocrx_word' id='word_1_688' title='bbox 3285 4631 3739 4702; x_wconf 69' lang='grc' dir='ltr'>ἐπιχειρούντων.</span> 
     </span>
    </p>
   </div>
   <div class='ocr_carea' id='block_1_104' title="bbox 2227 4743 3740 4819">
    <p class='ocr_par' dir='ltr' id='par_1_104' title="bbox 2227 4743 3740 4819">
     <span class='ocr_line' id='line_1_104' title="bbox 2227 4743 3740 4819; baseline 0.003 -22"><span class='ocrx_word' id='word_1_689' title='bbox 2227 4743 2308 4798; x_wconf 82' lang='grc' dir='ltr'>ιε’.</span> <span class='ocrx_word' id='word_1_690' title='bbox 2344 4743 2567 4810; x_wconf 75' lang='grc' dir='ltr'><strong>κτῆσις</strong></span> <span class='ocrx_word' id='word_1_691' title='bbox 2591 4746 2928 4812; x_wconf 72' lang='grc' dir='ltr'>πλουσίων,</span> <span class='ocrx_word' id='word_1_692' title='bbox 2953 4749 3133 4812; x_wconf 64' lang='grc' dir='ltr'>πόλις</span> <span class='ocrx_word' id='word_1_693' title='bbox 3151 4745 3361 4816; x_wconf 68' lang='grc' dir='ltr'>ὀχιφὰ.</span> <span class='ocrx_word' id='word_1_694' title='bbox 3388 4747 3496 4802; x_wconf 74' lang='grc' dir='ltr'><strong>Καὶ</strong></span> <span class='ocrx_word' id='word_1_695' title='bbox 3515 4766 3740 4819; x_wconf 80' lang='grc' dir='ltr'>περιου-</span> 
     </span>
    </p>
   </div>
   <div class='ocr_carea' id='block_1_105' title="bbox 2148 4835 3741 4910">
    <p class='ocr_par' dir='ltr' id='par_1_105' title="bbox 2148 4835 3741 4910">
     <span class='ocr_line' id='line_1_105' title="bbox 2148 4835 3741 4910; baseline 0.003 -21"><span class='ocrx_word' id='word_1_696' title='bbox 2148 4839 2238 4890; x_wconf 82' lang='grc' dir='ltr'><strong>σία</strong></span> <span class='ocrx_word' id='word_1_697' title='bbox 2267 4835 2366 4907; x_wconf 81' lang='grc' dir='ltr'><strong>μὲν</strong></span> <span class='ocrx_word' id='word_1_698' title='bbox 2391 4837 2501 4889; x_wconf 86' lang='grc' dir='ltr'><strong>τῶν</strong></span> <span class='ocrx_word' id='word_1_699' title='bbox 2525 4837 2888 4908; x_wconf 73' lang='grc' dir='ltr'>κτησαμένων</span> <span class='ocrx_word' id='word_1_700' title='bbox 2938 4837 3167 4892; x_wconf 78' lang='grc' dir='ltr'>πλοῦτον</span> <span class='ocrx_word' id='word_1_701' title='bbox 3198 4839 3582 4910; x_wconf 73' lang='grc' dir='ltr'>πνευματικὸν</span> <span class='ocrx_word' id='word_1_702' title='bbox 3605 4841 3741 4895; x_wconf 71' lang='grc' dir='ltr'>κιτὶ</span> 
     </span>
    </p>
   </div>
   <div class='ocr_carea' id='block_1_106' title="bbox 2145 4921 3737 5005">
    <p class='ocr_par' dir='ltr' id='par_1_106' title="bbox 2145 4921 3737 5005">
     <span class='ocr_line' id='line_1_106' title="bbox 2145 4921 3737 5005; baseline 0.003 -25"><span class='ocrx_word' id='word_1_703' title='bbox 2145 4927 2368 4997; x_wconf 90' lang='grc' dir='ltr'>γνῶσιν,</span> <span class='ocrx_word' id='word_1_704' title='bbox 2395 4927 2542 5000; x_wconf 77' lang='grc' dir='ltr'><strong>ψυχή</strong></span> <span class='ocrx_word' id='word_1_705' title='bbox 2586 4930 2737 4983; x_wconf 77' lang='grc' dir='ltr'>ἐστιν</span> <span class='ocrx_word' id='word_1_706' title='bbox 2787 4929 3045 5001; x_wconf 71' lang='grc' dir='ltr'>ἀνενδεὴς</span> <span class='ocrx_word' id='word_1_707' title='bbox 3077 4947 3134 4984; x_wconf 87' lang='grc' dir='ltr'><strong>τε</strong></span> <span class='ocrx_word' id='word_1_708' title='bbox 3169 4929 3263 4984; x_wconf 89' lang='grc' dir='ltr'><strong>τοῦ</strong></span> <span class='ocrx_word' id='word_1_709' title='bbox 3305 4930 3514 5002; x_wconf 80' lang='grc' dir='ltr'>ταύτης</span> <span class='ocrx_word' id='word_1_710' title='bbox 3551 4921 3737 5005; x_wconf 75' lang='grc' dir='ltr'>στηρι-</span> 
     </span>
    </p>
   </div>
   <div class='ocr_carea' id='block_1_107' title="bbox 2145 5015 3738 5096">
    <p class='ocr_par' dir='ltr' id='par_1_107' title="bbox 2145 5015 3738 5096">
     <span class='ocr_line' id='line_1_107' title="bbox 2145 5015 3738 5096; baseline 0.001 -24"><span class='ocrx_word' id='word_1_711' title='bbox 2145 5015 2330 5082; x_wconf 80' lang='grc' dir='ltr'>ζοντος</span> <span class='ocrx_word' id='word_1_712' title='bbox 2377 5019 2632 5088; x_wconf 77' lang='grc' dir='ltr'>οὐρανίου</span> <span class='ocrx_word' id='word_1_713' title='bbox 2689 5021 2879 5090; x_wconf 80' lang='grc' dir='ltr'>ἄρτου,</span> <span class='ocrx_word' id='word_1_714' title='bbox 2919 5026 3010 5074; x_wconf 76' lang='grc' dir='ltr'><strong>καὶ</strong></span> <span class='ocrx_word' id='word_1_715' title='bbox 3076 5020 3254 5090; x_wconf 82' lang='grc' dir='ltr'>φύλαξ</span> <span class='ocrx_word' id='word_1_716' title='bbox 3303 5023 3413 5074; x_wconf 89' lang='grc' dir='ltr'><strong>τῶν</strong></span> <span class='ocrx_word' id='word_1_717' title='bbox 3457 5026 3738 5096; x_wconf 77' lang='grc' dir='ltr'>τηρουσῶν</span> 
     </span>
    </p>
   </div>
   <div class='ocr_carea' id='block_1_108' title="bbox 2145 5110 3735 5190">
    <p class='ocr_par' dir='ltr' id='par_1_108' title="bbox 2145 5110 3735 5190">
     <span class='ocr_line' id='line_1_108' title="bbox 2145 5110 3735 5190; baseline 0.003 -26"><span class='ocrx_word' id='word_1_718' title='bbox 2145 5110 2314 5182; x_wconf 81' lang='grc' dir='ltr'>αὐτὴν</span> <span class='ocrx_word' id='word_1_719' title='bbox 2346 5110 2575 5165; x_wconf 75' lang='grc' dir='ltr'>ἐντολῶν</span> <span class='ocrx_word' id='word_1_720' title='bbox 2605 5111 2792 5176; x_wconf 78' lang='grc' dir='ltr'>αὐτοῦ,</span> <span class='ocrx_word' id='word_1_721' title='bbox 2825 5114 3103 5168; x_wconf 78' lang='grc' dir='ltr'>ἀνάλωτον</span> <span class='ocrx_word' id='word_1_722' title='bbox 3129 5116 3240 5180; x_wconf 83' lang='grc' dir='ltr'>τοῖς</span> <span class='ocrx_word' id='word_1_723' title='bbox 3262 5120 3480 5187; x_wconf 83' lang='grc' dir='ltr'>νοητοῖς</span> <span class='ocrx_word' id='word_1_724' title='bbox 3499 5117 3735 5190; x_wconf 76' lang='grc' dir='ltr'>ἐχθροῖς,</span> 
     </span>
    </p>
   </div>
   <div class='ocr_carea' id='block_1_109' title="bbox 2145 5203 3188 5274">
    <p class='ocr_par' dir='ltr' id='par_1_109' title="bbox 2145 5203 3188 5274">
     <span class='ocr_line' id='line_1_109' title="bbox 2145 5203 3188 5274; baseline 0.003 -18"><span class='ocrx_word' id='word_1_725' title='bbox 2145 5203 2240 5256; x_wconf 72' lang='grc' dir='ltr'>καὶ</span> <span class='ocrx_word' id='word_1_726' title='bbox 2275 5205 2772 5274; x_wconf 74' lang='grc' dir='ltr'>περιπεφραγμένη</span> <span class='ocrx_word' id='word_1_727' title='bbox 2801 5207 2920 5266; x_wconf 87' lang='grc' dir='ltr'>ταῖς</span> <span class='ocrx_word' id='word_1_728' title='bbox 2944 5205 3188 5273; x_wconf 81' lang='grc' dir='ltr'>ἀρεταῖς.</span> 
     </span>
    </p>
   </div>
   <div class='ocr_carea' id='block_1_110' title="bbox 2217 5315 3730 5390">
    <p class='ocr_par' dir='ltr' id='par_1_110' title="bbox 2217 5315 3730 5390">
     <span class='ocr_line' id='line_1_110' title="bbox 2217 5315 3730 5390; baseline -0.001 -20"><span class='ocrx_word' id='word_1_729' title='bbox 2217 5315 2508 5385; x_wconf 73' lang='grc' dir='ltr'>Συντριὸὴ</span> <span class='ocrx_word' id='word_1_730' title='bbox 2539 5315 2608 5368; x_wconf 82' lang='grc' dir='ltr'>δὲ</span> <span class='ocrx_word' id='word_1_731' title='bbox 2667 5315 2925 5382; x_wconf 75' lang='grc' dir='ltr'>ἀσεϐῶν,</span> <span class='ocrx_word' id='word_1_732' title='bbox 2983 5317 3182 5372; x_wconf 76' lang='grc' dir='ltr'>πενία.</span> <span class='ocrx_word' id='word_1_733' title='bbox 3212 5317 3468 5390; x_wconf 76' lang='grc' dir='ltr'>Τιμωρέα</span> <span class='ocrx_word' id='word_1_734' title='bbox 3525 5319 3588 5372; x_wconf 75' lang='grc' dir='ltr'><strong>δέ</strong></span> <span class='ocrx_word' id='word_1_735' title='bbox 3623 5321 3730 5372; x_wconf 76' lang='grc' dir='ltr'>ἐστι</span> 
     </span>
    </p>
   </div>
   <div class='ocr_carea' id='block_1_111' title="bbox 2145 5407 3734 5482">
    <p class='ocr_par' dir='ltr' id='par_1_111' title="bbox 2145 5407 3734 5482">
     <span class='ocr_line' id='line_1_111' title="bbox 2145 5407 3734 5482; baseline -0.001 -20"><span class='ocrx_word' id='word_1_736' title='bbox 2145 5408 2254 5462; x_wconf 85' lang='grc' dir='ltr'><strong>τῶν</strong></span> <span class='ocrx_word' id='word_1_737' title='bbox 2291 5407 2364 5479; x_wconf 84' lang='grc' dir='ltr'>μὴ</span> <span class='ocrx_word' id='word_1_738' title='bbox 2389 5407 2676 5477; x_wconf 83' lang='grc' dir='ltr'>τιμώντων</span> <span class='ocrx_word' id='word_1_739' title='bbox 2699 5409 2856 5472; x_wconf 84' lang='grc' dir='ltr'>Θεὸν,</span> <span class='ocrx_word' id='word_1_740' title='bbox 2891 5411 3151 5482; x_wconf 81' lang='grc' dir='ltr'>στέρησις</span> <span class='ocrx_word' id='word_1_741' title='bbox 3172 5410 3442 5482; x_wconf 80' lang='grc' dir='ltr'>παντελὴς</span> <span class='ocrx_word' id='word_1_742' title='bbox 3471 5412 3575 5480; x_wconf 75' lang='grc' dir='ltr'>τῆς</span> <span class='ocrx_word' id='word_1_743' title='bbox 3601 5410 3734 5465; x_wconf 78' lang='grc' dir='ltr'><strong>κατά</strong></span> 
     </span>
    </p>
   </div>
   <div class='ocr_carea' id='block_1_112' title="bbox 2149 5499 3732 5574">
    <p class='ocr_par' dir='ltr' id='par_1_112' title="bbox 2149 5499 3732 5574">
     <span class='ocr_line' id='line_1_112' title="bbox 2149 5499 3732 5574; baseline 0.004 -22"><span class='ocrx_word' id='word_1_744' title='bbox 2149 5499 2381 5571; x_wconf 80' lang='grc' dir='ltr'>θεωρίαν</span> <span class='ocrx_word' id='word_1_745' title='bbox 2405 5501 2784 5570; x_wconf 83' lang='grc' dir='ltr'>πνευματικῆς</span> <span class='ocrx_word' id='word_1_746' title='bbox 2815 5501 2907 5555; x_wconf 91' lang='grc' dir='ltr'><strong>τοῦ</strong></span> <span class='ocrx_word' id='word_1_747' title='bbox 2958 5502 3119 5571; x_wconf 80' lang='grc' dir='ltr'>λόγου</span> <span class='ocrx_word' id='word_1_748' title='bbox 3177 5501 3461 5574; x_wconf 72' lang='grc' dir='ltr'>βρώσεως,</span> <span class='ocrx_word' id='word_1_749' title='bbox 3501 5505 3604 5558; x_wconf 69' lang='grc' dir='ltr'>καὶ</span> <span class='ocrx_word' id='word_1_750' title='bbox 3643 5503 3732 5572; x_wconf 79' lang='grc' dir='ltr'><strong>τῆς</strong></span> 
     </span>
    </p>
   </div>
   <div class='ocr_carea' id='block_1_113' title="bbox 2149 5591 3731 5667">
    <p class='ocr_par' dir='ltr' id='par_1_113' title="bbox 2149 5591 3731 5667">
     <span class='ocr_line' id='line_1_113' title="bbox 2149 5591 3731 5667; baseline 0.002 -24"><span class='ocrx_word' id='word_1_751' title='bbox 2149 5591 2441 5662; x_wconf 73' lang='grc' dir='ltr'>περιϐολῆς</span> <span class='ocrx_word' id='word_1_752' title='bbox 2471 5592 2580 5646; x_wconf 90' lang='grc' dir='ltr'><strong>τῶν</strong></span> <span class='ocrx_word' id='word_1_753' title='bbox 2619 5592 2830 5664; x_wconf 83' lang='grc' dir='ltr'>ἀρετῶν</span> <span class='ocrx_word' id='word_1_754' title='bbox 2853 5609 2867 5622; x_wconf 77' lang='grc'>⁶</span> <span class='ocrx_word' id='word_1_755' title='bbox 2917 5595 2952 5665; x_wconf 78' lang='grc' dir='ltr'>ἦ</span> <span class='ocrx_word' id='word_1_756' title='bbox 3003 5612 3086 5659; x_wconf 88' lang='grc' dir='ltr'><strong>τις</strong></span> <span class='ocrx_word' id='word_1_757' title='bbox 3116 5594 3274 5666; x_wconf 83' lang='grc' dir='ltr'>δίκην</span> <span class='ocrx_word' id='word_1_758' title='bbox 3325 5596 3561 5664; x_wconf 73' lang='grc' dir='ltr'>ἱματίων</span> <span class='ocrx_word' id='word_1_759' title='bbox 3590 5613 3731 5667; x_wconf 77' lang='grc' dir='ltr'>περιο</span> 
     </span>
    </p>
   </div>
   <div class='ocr_carea' id='block_1_114' title="bbox 2150 5684 3728 5759">
    <p class='ocr_par' dir='ltr' id='par_1_114' title="bbox 2150 5684 3728 5759">
     <span class='ocr_line' id='line_1_114' title="bbox 2150 5684 3728 5759; baseline 0.004 -24"><span class='ocrx_word' id='word_1_760' title='bbox 2150 5684 2407 5752; x_wconf 75' lang='grc' dir='ltr'>φυλάττει</span> <span class='ocrx_word' id='word_1_761' title='bbox 2439 5686 2546 5738; x_wconf 66' lang='grc' dir='ltr'><strong>ἀπὺ</strong></span> <span class='ocrx_word' id='word_1_762' title='bbox 2578 5687 2672 5738; x_wconf 89' lang='grc' dir='ltr'><strong>τοῦ</strong></span> <span class='ocrx_word' id='word_1_763' title='bbox 2725 5687 2995 5758; x_wconf 79' lang='grc' dir='ltr'>χειμῶνος</span> <span class='ocrx_word' id='word_1_764' title='bbox 3027 5688 3134 5742; x_wconf 88' lang='grc' dir='ltr'><strong>τῶν</strong></span> <span class='ocrx_word' id='word_1_765' title='bbox 3171 5688 3361 5742; x_wconf 79' lang='grc' dir='ltr'>παθιῖιν</span> <span class='ocrx_word' id='word_1_766' title='bbox 3387 5691 3486 5754; x_wconf 67' lang='grc' dir='ltr'><strong>τὰς</strong></span> <span class='ocrx_word' id='word_1_767' title='bbox 3537 5690 3728 5759; x_wconf 65' lang='grc' dir='ltr'>ψυχᾶς.</span> 
     </span>
    </p>
   </div>
   <div class='ocr_carea' id='block_1_115' title="bbox 2230 5795 3725 5873">
    <p class='ocr_par' dir='ltr' id='par_1_115' title="bbox 2230 5795 3725 5873">
     <span class='ocr_line' id='line_1_115' title="bbox 2230 5795 3725 5873; baseline 0.002 -27"><span class='ocrx_word' id='word_1_768' title='bbox 2230 5803 2322 5860; x_wconf 70' lang='grc' dir='ltr'>ις’.</span> <span class='ocrx_word' id='word_1_769' title='bbox 2371 5797 2554 5866; x_wconf 75' lang='grc' dir='ltr'>Ἔργα</span> <span class='ocrx_word' id='word_1_770' title='bbox 2609 5798 2878 5860; x_wconf 63' lang='grc' dir='ltr'>δικαίων,</span> <span class='ocrx_word' id='word_1_771' title='bbox 2941 5795 3095 5868; x_wconf 76' lang='grc' dir='ltr'>ζωὴν</span> <span class='ocrx_word' id='word_1_772' title='bbox 3133 5800 3308 5854; x_wconf 77' lang='grc' dir='ltr'>ποιεῖ.</span> <span class='ocrx_word' id='word_1_773' title='bbox 3379 5801 3612 5873; x_wconf 79' lang='grc' dir='ltr'>Ὀτιπερ</span> <span class='ocrx_word' id='word_1_774' title='bbox 3677 5801 3725 5849; x_wconf 71' lang='grc' dir='ltr'>αἱ</span> 
     </span>
    </p>
   </div>
  </div>
