3958 6202
363 327 498 427 13i7

363 478 464 548 μὲν
524 478 749 550 πράξεις
788 481 895 534 τῶν
941 476 1339 550 προκρινῷτων
1400 471 1495 525 τοῦ
1559 469 1839 533 δοκοῦντος
1895 469 1944 550 “cf

2062 483 2259 538 nempe
2303 481 2469 538 opera
2503 479 2693 520 eorum
2742 465 2837 536 qui
2889 480 2990 520 suo
3042 465 3390 540 beneplacito
3435 484 3627 526 Verum
3675 489 3703 504 ι

359 570 528 636 ὅντως
577 574 766 642 καλὸν,
832 575 1273 630 ἀπαλλάττουσαι
1331 569 1433 631 τὰς
1475 567 1656 638 ψυχὰς
1699 567 1795 634 τοῦ
1823 565 1924 620 καθ

359 661 638 734 ἁμαρτίαν
661 665 920 730 θανάτου,
947 665 1046 736 τὴν
1075 663 1133 717 ὲν
1177 663 1451 731 πνεύματι
1483 657 1765 729 μακαρίαν
1799 654 1944 726 ζωὴν

363 754 718 825 προξενοῦσιν
764 758 978 821 αὐταῖς.

431 850 662 918 Καρποὶ
712 850 781 906 δὲ
831 851 1090 918 ἀσεϐῶν,
1143 849 1445 921 ἁμαρτίαι.
1486 847 1569 901 re
1605 846 1651 900 δ’
1679 845 1943 902 ἀποτελέ-

366 953 548 1008 σματα
569 940 678 995 τῶν
711 943 786 1015 μὴ
808 942 1094 1015 τιμώντων
1122 943 1278 1010 Θεὸν,
1305 941 1402 996 τοῦ
1425 941 1599 1004 ὅντως
1615 937 1784 993 καλοῦ
1807 938 1944 993 ἁπο-

367 1030 544 1100 τυχίαι
571 1032 729 1085 εἰσιν.

401 1132 416 1139 ’
442 1121 524 1186 ιζὀ
570 1121 772 1190 Ὁδοὺς
803 1123 949 1190 (tunc
973 1124 1281 1194 φυλάσσει
1307 1123 1564 1180 παιδεία.
1595 1122 1701 1176 Καὶ
1729 1121 1826 1184 τὰς
1846 1122 1945 1191 μὲν

365 1209 634 1278 φερούσας
667 1211 819 1275 θείας
844 1213 1060 1277 ἐντολὰς
1092 1215 1174 1278 είς
1211 1213 1354 1282 ζωὴν
1395 1212 1614 1266 αἰώνιον
1642 1211 1737 1274 τὰς
1766 1210 1944 1282 ψυχὰς

365 1302 523 1372 τηρεῖ
546 1301 804 1366 ἐπίπονος
832 1303 952 1358 κατ’
973 1304 1178 1376 ἀρετὴν
1214 1305 1404 1374 ἀγωγή
1427 1319 1440 1333 ⁸
1477 1303 1618 1374 αὕτη
1650 1303 1706 1358 δὲ
1738 1347 1746 1354 .

435 1475 680 1531 Παιδεία
718 1476 787 1532 δὲ
845 1441 1279 1550 ἀνεξὲελεγικτος
1328 1477 1652 1536 πλανᾶται.
1700 1481 1765 1535 Ἡ
1821 1482 1942 1535 κατ’

365 1565 562 1638 ἀρετὴν
584 1567 838 1633 ὲπίπονος
861 1569 1074 1641 ἀγωγὴ,
1118 1573 1168 1624 εί
1222 1571 1298 1641 μὴ
1326 1571 1637 1643 δοκιμασθῇ
1673 1571 1741 1625 δι’
1777 1573 1942 1627 ἀκου-

367 1655 496 1708 σίων
549 1657 895 1728 πειρασμῶν,
945 1661 1040 1713 καὶ
1075 1661 1198 1714 καθ’
1221 1660 1337 1725 ἕξιν
1381 1663 1448 1731 τῇ
1475 1664 1623 1732 ψυχῇ
1656 1679 1942 1731 πεπαγιω-

367 1746 500 1817 μένη
531 1750 696 1820 φανῇ,
729 1749 1053 1820 ἐκτρέπεται
1068 1751 1168 1821 τῆς
1187 1750 1472 1820 ἀληθείας,
1501 1754 1560 1806 ὲν
1590 1754 1940 1824 προσχήματι

1383 356 1915 422 LUMMENTABII
1955 355 2037 415 IN
2075 353 2528 416 PROVERBIA.

3492 352 3628 421 1318

2051 546 2254 610 benum
2305 559 2662 624 anteponunt,
2715 553 2928 608 animas
2981 567 3012 606 a
3057 561 3233 609 morte
3294 571 3390 626 per
3429 571 3628 628 pecca-

2045 651 2162 698 tum
2183 642 2471 700 liberantia
2490 643 2700 698 beatam
2733 641 2789 697 in
2823 643 3023 714 spiritu
3054 643 3190 714 ipsis
3223 645 3390 700 vitam
3422 649 3628 704 conci-

2045 736 2201 794 liant.

2116 826 2352 881 Fructus
2422 835 2597 880 autem
2671 827 2992 897 impiorum,
3071 838 3308 897 peccata.
3390 829 3628 890 Effectus

2046 930 2231 978 autem
2281 935 2392 976 non
2447 919 2748 975 colentium
2798 919 2996 985 Deum,
3052 921 3168 977 veri
3213 921 3346 978 boni
3393 925 3628 994 privatio

2045 1020 2151 1067 est.

2117 1103 2284 1158 Vens.
2315 1100 2404 1157 17.
2443 1099 2570 1155 Vias
2601 1101 2721 1156 vitta
2755 1100 2982 1154 custodit
3017 1099 3326 1172 disciplina.
3349 1103 3412 1158 Et
3445 1103 3631 1159 divina

2043 1197 2262 1267 quidem
2300 1195 2555 1265 mandata
2592 1207 2714 1263 qum
2747 1193 2960 1247 animas
2993 1193 3060 1247 ad
3083 1199 3247 1250 vitam
3271 1194 3476 1259 ferunt.
3509 1210 3630 1250 ser-

2043 1295 2136 1340 vat
2171 1299 2408 1356 operosa
2447 1285 2750 1340 secundum
2785 1285 3043 1338 virtutem
3077 1287 3276 1355 agendi
3342 1287 3514 1353 ratio;
3563 1303 3624 1341 ea

2043 1383 2224 1432 autem
3367 1370 3371 1373 ’

2117 1465 2411 1534 Disciplina
2433 1481 2549 1536 quia
2585 1465 2968 1532 increpationes
2997 1466 3225 1535 repellit,
3273 1479 3440 1522 errat.
3487 1470 3628 1541 Ope-

2043 1573 2166 1612 rosa
2203 1557 2505 1614 set-nudum
2535 1558 2796 1612 virtutem
2815 1557 3144 1627 disciplina,
3180 1561 3289 1615 nisi
3328 1578 3424 1632 per
3471 1563 3628 1616 inro-
3682 1599 3686 1602 -

2043 1649 2310 1705 luntarias
2340 1649 2675 1703 tentationes
2717 1649 3001 1718 probetur,
3030 1657 3086 1704 et
3118 1652 3423 1707 secundum
3463 1653 3625 1708 habi-

2043 1745 2158 1791 tum
2195 1739 2248 1792 in
2287 1741 2471 1792 anima
2523 1738 2739 1793 ﬁrmata
2785 1750 3069 1810 appareat,
3099 1755 3130 1794 a
3161 1743 3388 1798 veritate
3430 1745 3629 1800 averti-

362 1815 620 1908 ὲναρέτου
647 1815 948 1908 πολιτείας,
975 1843 1055 1907 είς
1084 1815 1392 1909 κενοδοξίαν
1417 1815 1769 1914 ἐμπίπτουσα
1787 1815 1944 1897 final

2060 1836 2167 1893 tur,
2203 1831 2387 1900 specie
2406 1837 2568 1886 rectae
2598 1831 2726 1885 vitae
2768 1835 2820 1884 in
2859 1843 3054 1887 vanam
3075 1834 3304 1902 gloriam
3331 1835 3622 1902 decidens:

361 1929 420 1983 δὲ
467 1930 562 1984 καὶ
607 1930 672 1984 δι’
702 1931 1003 2002 ἀνθρώπων
1055 1937 1106 1987 οἱ
1139 1935 1276 2006 πρὸς
1322 1935 1652 2006 δοκιμασίαν
1700 1935 1946 1990 ἀκούσιοι

363 2024 659 2092 πειρασμοὶ
691 2023 1172 2094 ἐπισυμϐαίνουσι,
1223 2026 1300 2098 μὴ
1359 2027 1739 2096 φυλαττόντων
1781 2027 1946 2082 τινῶν

359 2117 464 2186 την
517 2115 857 2186 ἀκραιότητα
907 2117 1008 2188 τῆς
1044 2115 1245 2188 ψυχῆς,
1301 2115 1398 2170 καὶ
1443 2119 1524 2181 είς
1586 2119 1741 2188 μῖσος
1775 2119 1942 2188 ἐμπι-

364 2221 629 2258 πτοντων.

501 2221 529 2257 τ
581 2221 629 2258 ν.

439 2202 992 2364 ἵζ’.υ;(αλύπ”τοιισιν
1042 2295 1269 2366 ἔχθραν
1320 2296 1496 2367 χείλη
1526 2295 1746 2350 δίκαια.
1793 2296 1944 2368 Κρύ-

258 2445 265 2448 _
365 2401 559 2438 πτουσι
595 2383 693 2453 μὲν
719 2383 779 2436 τὸ
809 2387 988 2453 μῖσος,
1021 2384 1162 2454 ὅπερ
1206 2385 1265 2451 ἐξ
1291 2386 1586 2458 ὀλιγωρίας
1621 2389 1944 2458 παρανομή-

367 2491 510 2528 σασα
557 2474 701 2528 κατὰ
749 2475 990 2528 διάθεσιν
1029 2476 1064 2546 ἡ
1107 2475 1254 2546 ψυχὴ
1299 2477 1588 2547 ἐκτήσατο,
1626 2477 1777 2547 λόγοι
1813 2477 1943 2548 θείῳ

366 2569 516 2640 νόμῳ
565 2565 924 2633 δουλεύοντες,
971 2569 1065 2622 καὶ
1107 2571 1186 2633 είς
1239 2567 1507 2641 λοιδορίας
1564 2571 1640 2640 μὴ
1683 2571 1942 2642 ἐκτρεπό-

413 2677 542 2714 ενοι.

372 2677 542 2804 μεῖιιῗ
565 2749 634 2804 δὲ
697 2749 1057 2820 ἐμφέροντες
1133 2747 1456 2818 λοιδορίας,
1506 2749 1942 2818 ἀφρονέστατοι

369 2845 550 2896 εἰσιν.
602 2843 665 2896 Ol
721 2841 780 2896 δὲ
819 2841 1252 2912 ὲκφανεροῦντες
1299 2841 1362 2896 τὸ
1401 2841 1609 2896 ἑαυτῶν
1640 2843 1796 2913 μῖσος
1823 2843 1941 2907 ταῖς

367 2934 480 2988 τῶν
517 2933 860 3006 μισουμένων
885 2933 1160 2998 διαϐολαῖς
1199 2931 1496 3007 ἄνθρωποι,
1524 2932 1644 2989 λίαν
1664 2933 1940 3007 ὑπάρχου-

371 3041 457 3078 σιν
473 3025 546 3090 ἀφ
556 3024 809 3095 ρονες,ὼς
829 3024 953 3087 τοὺς
976 3023 1405 3087 κακοποιοῦντας
1434 3023 1630 3088 αὐτοὺς
1661 3023 1755 3078 ἐπὶ
1777 3024 1938 3078 πλέον

370 3115 492 3171 καθ’
532 3115 741 3169 ἑαυτῶν
777 3116 1159 3188 διεγείροντες,
1191 3117 1250 3170 ὲν
1286 3115 1364 3188 τῷ
1391 3115 1578 3186 ψόγοις
1607 3115 1822 3187 βάλλειν
1849 3116 1941 3172 αὺ-
1965 3156 2011 3220 C

366 3209 494 3272 τοὺς
526 3208 731 3262 λοιπόν.
1371 3251 1375 3256 .

441 3299 528 3353 ιθ’.
581 3300 684 3354 Ἐκ
754 3302 1125 3370 πολυλογίας
1183 3304 1294 3357 οὐκ
1326 3303 1594 3374 ἐκφεύξῃ
1631 3301 1944 3374 ἁμαρτίαν.

381 3391 514 3444 Ἀπὸ
545 3390 642 3461 μὲν
669 3390 762 3445 τοῦ
795 3395 1170 3464 μακρηγορεῖν
1232 3393 1294 3447 οὐ
1336 3393 1607 3466 διαφύγῃς
1635 3394 1696 3448 τὸ
1721 3395 1947 3448 πταῖσαι

368 3482 504 3551 πρὸς
534 3483 734 3554 Θεὸν,ἢ
760 3484 896 3554 πρὸς
917 3482 1240 3556 ἀνθρώπους
1261 3503 1276 3517 ·
1305 3487 1400 3540 καὶ
1427 3489 1538 3558 γὰρ
1573 3485 1648 3557 μὴ
1679 3485 1948 3557 προμελε-

367 3574 476 3628 τῶν
509 3575 578 3627 τὰ
599 3574 750 3645 παρά
802 3575 898 3628 σοῦ
927 3575 1217 3646 λεγόμενα,
1254 3579 1634 3650 παροργίσεις,
1664 3577 1696 3648 ἢ
1724 3577 1858 3630 Θεὸν
1887 3578 1946 3630 ὲν

368 3661 448 3732 τῷ
477 3662 790 3731 ψεύδεσθαι,
818 3665 851 3733 ἢ
895 3663 1300 3732 ἀνθρώπουςὲν
1339 3666 1416 3736 τῷ
1449 3665 1784 3734 φθέγγεσθαί
1805 3683 1858 3719 τι
1887 3664 1948 3730 ἐξ

372 3750 703 3823 ἀπροσεξίας
731 3752 867 3823 πρὸς
907 3752 1114 3824 βλάσην
1145 3753 1347 3808 αὐτῶν.

443 3862 799 3932 Φειδόμενος
843 3863 912 3918 δὲ
931 3864 1203 3932 χειλέων,
1244 3866 1485 3934 νοήμων
1530 3867 1667 3935 ἔσῃ.
1718 3869 1948 3940 Ἐγκρα-

369 3955 662 4024 τευόμενος
702 3955 759 4008 δὲ
811 3957 868 4008 ἂν
908 3955 1110 4025 λόγοις,
1147 3958 1348 4026 γνῶσιν
1389 3958 1530 4024 ἕξεις
1567 3958 1676 4011 τῶν
1719 3961 1946 4015 δεόντων

369 4045 648 4118 λεχθῆναι,
673 4047 746 4110 ὡς
765 4047 1028 4118 πρότερον
1051 4047 1308 4114 ἐξετάσας
1331 4049 1498 4102 ταῦτα
1517 4051 1657 4104 κατά
1683 4051 1942 4119 διάνοιαν,

371 4143 466 4195 καὶ
500 4140 822 4195 καταλαϐὼν
853 4144 990 4213 μήτε
1035 4143 1170 4214 πρὸς
1227 4144 1358 4198 Θεὸν
1389 4144 1526 4215 μήτε
1571 4145 1708 4216 πρὸς
1731 4145 1944 4219 ἀνθρώ-

370 4247 506 4295 πους
561 4231 1000 4300 προσκρούοντα·
1064 4227 1165 4285 εἶθ’
1192 4232 1368 4293 οὕτως
1397 4233 1780 4303 ἀνεπισφαλῶς
1814 4253 1946 4306 προ.

369 4324 550 4392 φέρων
583 4323 744 4376 αὐτά.

439 4441 506 4487 κ’.
555 4435 848 4503 ’Λργυρος
909 4438 1334 4508 πεπυρωμένος
1388 4439 1637 4510 γλῶσσα
1686 4441 1940 4496 δικαίου.

2049 1927 2337 1989 postquam
2372 1936 2499 1974 vero
2527 1927 2581 1974 et
2611 1936 2706 1990 per
2726 1921 2976 1978 homines
3008 1923 3389 1980 involuntaria:
3415 1926 3480 1980 ad
3507 1942 3630 1996 pro-

2046 2008 2321 2063 bationem
2370 2008 2618 2064 incidunt
2653 2012 3010 2082 tentationes,
3040 2030 3150 2068 non
3187 2017 3626 2074 custodientibus

2045 2099 2371 2168 quibusdam
2399 2101 2596 2156 animae
2623 2104 2994 2158 summitatem
3017 2112 3072 2160 et
3097 2107 3152 2160 in
3171 2107 3356 2162 odium
3378 2108 3624 2164 inciden-

2045 2191 2208 2245 tibus.
3260 2267 3263 2269 _

2115 2279 2280 2336 Vens.
2321 2282 2405 2337 i8.
2430 2282 2772 2338 Abscondunt
2807 2287 2984 2340 odium
3004 2287 3150 2342 labia
3173 2289 3344 2357 justa.
3374 2292 3624 2348 Abscon-

2044 2368 2177 2422 dunt
2206 2369 2426 2439 quidem
2465 2373 2650 2426 odium
2687 2374 2832 2442 quod
2863 2390 2928 2428 ex
2963 2381 3371 2447 εοιιιθιιιριὶοηο
3415 2382 3624 2451 injuste

2043 2472 2208 2529 agens
2231 2477 2326 2530 per
2356 2463 2772 2532 dispositionem
2813 2469 2996 2522 anima
3029 2472 3307 2540 concepit,
3346 2454 3504 2528 verb...
3541 2477 3628 2528 ιΙί-

2046 2549 2183 2604 vinte
2238 2551 2343 2622 legi
2375 2553 2702 2622 obedientia,
2744 2567 2795 2612 et
2845 2560 2899 2612 in
2931 2561 3280 2631 opprobrium
3332 2581 3441 2620 non
3493 2583 3626 2622 con-

2046 2654 2225 2694 versa.

2116 2729 2222 2797 Qui
2256 2744 2431 2788 autem
2462 2735 2696 2806 inferunt
2717 2740 2976 2805 convicia,
3008 2743 3316 2799 stultissimi
3341 2757 3483 2801 sunt.
3521 2749 3626 2815 Qui

2042 2832 2220 2878 autem
2251 2826 2543 2886 calumniis
2577 2829 2632 2885 in
2663 2846 2756 2887 eos
2785 2835 2877 2904 qui
2946 2836 3094 2905 ipsos
3145 2837 3380 2892 oderunt
3435 2842 3623 2896 odium

2041 2929 2203 2971 suum
2237 2917 2614 2984 manifestam,
2641 2921 2808 2978 nimis
2846 2923 3000 2978 stulti
3049 2936 3201 2990 sunt,
3244 2943 3369 2983 cum
3418 2931 3626 3001 injuste

2041 3007 2192 3078 ipsos
2244 3022 2638 3082 persequentes
2679 3017 2852 3088 magis
2887 3033 2950 3072 ac
2974 3022 3145 3090 magis
3177 3030 3367 3078 contra
3398 3040 3456 3080 se
3477 3027 3628 3081 exci-

2041 3105 2179 3165 tent,
2207 3100 2336 3156 dum
2369 3118 2465 3158 eos
2493 3107 2758 3162 conviciis
2797 3107 2865 3163 de
2895 3119 3092 3165 caetero
3118 3121 3338 3168 vexant.

2115 3277 2282 3335 Vens.
2322 3279 2404 3335 l9.
2442 3279 2509 3336 In
2563 3283 2895 3356 multiloquio
2923 3305 3026 3342 non
3072 3291 3290 3362 e/fugies
3330 3308 3625 3360 peccatum.

2045 3369 2106 3424 Si
2131 3373 2274 3425 enim
2301 3373 2532 3428 multum
2567 3373 2832 3446 loqueris,
2871 3393 2980 3432 non
3014 3383 3224 3450 poteris
3274 3385 3406 3454 quin
3452 3387 3626 3444 Deum

2045 3471 2140 3518 aut
2171 3461 2423 3520 homines
2454 3463 2698 3522 offendas
2729 3485 2745 3535 ;
2780 3471 2884 3525 nisi
2923 3472 3068 3527 enim
3101 3489 3224 3545 quae
3242 3476 3394 3534 dices
3421 3495 3628 3548 praea-

2043 3567 2196 3618 veas.
2219 3553 2283 3609 ad
2309 3555 2450 3609 iram
2481 3557 2784 3614 concitahis
2822 3562 2936 3615 sive
2959 3561 3153 3628 Deum,
3189 3571 3521 3636 mentiendo,
3551 3573 3626 3626 si-

2044 3659 2110 3698 ve
2148 3643 2402 3700 homines
2428 3647 2633 3717 aliquid
2671 3664 2733 3702 ea
2766 3653 3099 3723 negligentia
3134 3656 3187 3710 in
3221 3673 3412 3714 eorum
3458 3664 3627 3716 detri-

2046 3739 2291 3788 mentum
2327 3733 2672 3804 proferendo.
2922 3749 2933 3760 ‘

2117 3844 2407 3903 Moderans
2432 3857 2610 3904 autem
2657 3851 2825 3917 labia,
2867 3855 3098 3922 prudens
3134 3860 3261 3913 eris.
3289 3859 3626 3932 Temperans

2045 3945 2227 3993 autem
2257 3939 2484 4008 ,verbis.
2518 3939 2942 4012 intelligentiam
2991 3947 3218 4004 habebis
3263 3966 3454 4007 eorum
3505 3972 3628 4024 quae
3723 3977 3732 3982 ·

2045 4026 2154 4081 dici
2197 4031 2528 4099 conveniat;
2571 4032 2773 4103 quippe
2811 4041 2906 4105 qui
2959 4045 3013 4091 et
3051 4039 3384 4108 cogitatione
3419 4060 3626 4112 pitecu-

2047 4121 2214 4185 veris,
2232 4129 2289 4176 et
2311 4137 2374 4176 ea
2398 4124 2678 4192 acceperis
2702 4141 2823 4194 quia:
2845 4142 3024 4195 neque
3047 4128 3212 4183 Deum
3242 4148 3419 4202 neque
3451 4134 3596 4189 bomi
3612 4165 3628 4176 -

2044 4227 2144 4268 nes
2175 4211 2475 4268 olfendant.
2516 4213 2727 4271 Deinde
2757 4216 2849 4270 illa
2885 4221 3094 4290 absque
3127 4222 3323 4279 timore
3350 4225 3623 4294 proferes.

2116 4427 2285 4486 Vens.
2319 4429 2412 4485 20.
2441 4431 2730 4502 Argentum
2767 4433 2886 4503 igne
2924 4446 3210 4507 purgatum
3262 4437 3444 4510 lingua
3464 4442 3625 4510 justi.

367 4523 478 4576 Καὶ
499 4523 608 4593 γὰρ
629 4519 716 4577 οἷα
755 4525 852 4594 μέν
885 4543 970 4587 τις
1025 4528 1267 4599 ἄργυρος
1300 4533 1433 4602 πυρὶ
1460 4531 1936 4604 δεδοκιμασμένος,

2060 4517 2265 4575 Etenim
2290 4527 2554 4590 tanquam
2597 4531 2884 4592 argentum
2923 4525 3050 4596 igne
3077 4528 3366 4597 probatum
3395 4541 3478 4586 est
3502 4549 3628 4588 ver-

367 4614 516 4666 ὲστὶν
549 4615 575 4666 6
609 4613 766 4682 λόγος
798 4614 892 4667 τοῦ
953 4617 1092 4686 μετά
1140 4618 1374 4688 κρίσεως
1418 4619 1724 4690 ἀμέμπτως
1776 4621 1938 4675 αὑτὸν

367 4705 763 4776 προφέροντος*
793 4704 868 4769 ὡς
900 4707 1167 4779 πρότερον
1199 4713 1264 4780 τῇ
1287 4711 1431 4764 κατὰ
1455 4710 1694 4765 διάνοιαν
1723 4710 1947 4782 βασάνῳκ

366 4795 451 4860 ὲξε
461 4793 772 4865 ταζόμενος,
803 4797 897 4848 καὶ
917 4798 1023 4849 πᾶν
1046 4798 1100 4849 si
1118 4815 1170 4851 τι
1191 4797 1445 4870 κίϐδηλον
1469 4799 1906 4871 ἀποϐαλλόμενος
1923 4841 1938 4865 ,

366 4885 462 4939 καὶ
491 4886 792 4958 εἰλικρινὴς
821 4890 1257 4959 προφερόμενος.

438 4997 659 5066 Καρδία
682 4996 750 5052 δὲ
771 4999 1031 5067 ἀσεϐοῦς
1057 5003 1348 5071 ἐκλείψει.
1385 5005 1548 5076 Ψυχὴ
1574 5005 1650 5071 δὲ,
1682 5007 1741 5071 ἐξ
1766 5002 1832 5078 ἧς
1863 5005 1940 5077 τῷ

369 5087 580 5160 σώματι
609 5092 641 5160 ἡ
673 5089 786 5163 ζωὴ
811 5091 905 5147 τοῦ
953 5093 1026 5164 μὴ
1068 5094 1416 5160 ἀγαθοποιοῖς
1465 5095 1640 5161 λόγοις
1681 5097 1940 5168 ἀληθείας

367 5181 631 5251 τιμῶντος
673 5182 827 5246 Θεὸν,
879 5183 1131 5256 ἀτονήσει
1177 5186 1312 5256 πρὸς
1367 5187 1465 5258 τὴν
1531 5189 1631 5259 τῆς
1680 5189 1940 5262 ἀληθείας

366 5271 692 5342 ἀπάντησιν,
725 5273 1040 5346 ἐλεγχθεῖσα
1080 5277 1170 5331 ὑπ’
1193 5279 1362 5350 αὐτῆς
1395 5279 1722 5351 ψευδομένη.

437 5391 508 5438 κ’.
535 5386 716 5456 Χείλη
767 5387 1014 5442 δικαίων
1077 5389 1398 5446 ἐπίσταται
1444 5392 1676 5462 ὑψηλά.
1733 5395 1843 5448 Καὶ
1890 5396 1940 5449 οἱ

369 5472 469 5542 μὲν
503 5474 873 5530 διδασκαλικοὶ
907 5476 1038 5530 θεῖοι
1065 5478 1213 5546 λόγοι
1242 5478 1352 5531 τῶν
1378 5480 1442 5532 ἐκ
1477 5480 1788 5551 πρακτικῆς
1818 5481 1941 5534 πεί-

368 5580 478 5642 ρας
500 5565 636 5633 μετά
655 5568 888 5636 κρίσεως
907 5569 1286 5640 ἀνεπιλήπτως
1307 5571 1691 5642 προφερόντων
1721 5573 1940 5636 αὐτοὺς,

368 5635 478 5726 τῆν’
503 5635 704 5724 γνῶσιν
763 5635 1133 5730 ὲτιιιριὲρονειτσιι⁷
1169 5659 1278 5714 τῶν
1323 5635 1644 5732 θελημάτων
1676 5663 1769 5717 τοῦ
1807 5635 1942 5717 9εοῦ

381 5745 471 5798 τοῦ
499 5747 912 5820 ὑπερουρανίου.

2043 4611 2171 4668 bum
2210 4611 2334 4681 ejus
2363 4613 2455 4683 qui
2498 4613 2634 4668 illud
2663 4629 2787 4668 cum
2835 4615 3046 4685 judicio
3094 4628 3148 4673 et
3179 4621 3386 4690 absque
3442 4639 3630 4694 repre~

2043 4705 2311 4761 hensione
2339 4706 2544 4762 emittit
2584 4724 2598 4760 :
2639 4707 2794 4778 prius
2852 4709 2996 4762 enim
3027 4711 3381 4780 cogitationis
3414 4717 3630 4785 experi-

2043 4809 2228 4856 mento
2253 4803 2677 4873 perfectumest,
2707 4804 2851 4858 etab
2881 4805 3033 4859 omni
3061 4809 3241 4864 scoria
3279 4813 3626 4878 Inundalum,

2043 4902 2090 4946 et
2113 4894 2328 4946 sincere
2367 4893 2654 4948 emissum.

2088 4987 2219 5057 ’σοι’
2240 5014 2418 5057 autem
2465 5004 2615 5071 impii
2664 4996 2889 5070 deficiet.
2926 5006 3119 5060 Anima
3157 5017 3358 5077 autem,
3398 5029 3460 5067 ex
3519 5031 3624 5082 qua

2043 5103 2123 5151 est
2148 5095 2256 5148 vita
2283 5093 2524 5164 corpori,
2544 5094 2665 5163 ejus
2681 5095 2776 5164 qui
2815 5094 2984 5150 Deum
3015 5113 3124 5154 non
3167 5100 3305 5158 bene
3334 5107 3626 5175 agentibus

2042 5188 2227 5242 verbis
2255 5186 2409 5250 colit,
2444 5186 2512 5240 ad
2556 5200 2854 5240 occursum
2912 5190 3161 5246 veritatis
3220 5209 3330 5250 non
3401 5197 3627 5267 vigebit,

2042 5278 2293 5333 convicta
2317 5275 2385 5329 ab
2411 5275 2527 5345 ipsa
2551 5275 2846 5330 mendacii.

2114 5387 2283 5443 Vsus.
2307 5387 2398 5465 ‘21.
2427 5385 2600 5440 Labia
2635 5387 2912 5456 justorum
2933 5389 3106 5443 sciunt
3140 5393 3368 5446 excelsa.
3403 5393 3468 5446 Et
3499 5411 3625 5465 qut-

2042 5483 2163 5538 dem
2203 5482 2388 5536 divina
2423 5480 2490 5535 ad
2522 5481 2833 5535 doctrinam
2865 5483 3198 5551 pertinentia
3239 5487 3402 5540 verba
3432 5502 3623 5544 eorum

2044 5577 2136 5646 qui
2169 5575 2262 5628 illa
2299 5591 2365 5630 ex
2407 5573 2590 5630 activo
2619 5583 2821 5628 conatu
2876 5590 3002 5628 cum
3031 5575 3243 5644 judicio
3273 5577 3624 5647 irrepreben-

2045 5667 2277 5720 sibiliter
2316 5666 2622 5736 proferunt,
2657 5667 3075 5734 intelligentiam
3111 5665 3350 5726 aﬂ'cruttt
3383 5669 3478 5728 Dei
3506 5687 3622 5730 ca:-

2048 5761 2198 5811 lcsts
2240 5761 2606 5812 voluntatum.

3639 5855 3670 5866 σ-
