3958 6202
347 316 527 383 ‘1319~

1695 305 2045 368 PROCOPII
2090 302 2329 364 GAZAﬂI

3470 302 3600 365 1320

431 430 535 499 Qui
552 437 728 485 autem
753 428 905 485 stulti
918 438 1063 497 sunt,
1084 430 1137 483 in
1158 438 1382 501 egestate
1408 427 1727 483 moriuntur.
1752 424 1932 479 Homi-

2109 418 2256 474 Οίδὲ
2286 417 2546 487 ἄφρονες
2573 415 2643 470 ἐν
2694 412 2893 482 ἐνδείᾳ
2955 412 3341 469 τελευτῶσιν.
3374 410 3438 468 Οἱ
3466 402 3527 468 δί
3546 415 3604 466 ἐν

359 536 457 577 nes
480 528 675 575 autem'
697 520 790 591 qui
825 519 993 576 Deum
1024 535 1134 579 non
1179 518 1362 576 ferunt
1396 522 1449 576 in
1501 518 1667 575 corde
1718 532 1838 580 suo,
1871 516 1925 570 in

356 612 671 686 privatione
712 628 900 668 earnm
931 629 1053 682 quae
1076 614 1376 668 secundum
1411 613 1668 667 virtutem
1693 618 1743 664 ct
1769 607 1930 662 intel-

358 704 644 775 ligentiam
698 710 824 757 sunt
853 702 1166 757 divitiarum
1207 703 1481 773 propriam
1510 701 1678 755 vitam
1711 697 1926 753 ﬁniunt.

429 794 593 850 Vens.
615 793 708 847 22.
732 791 1032 847 Benedictio
1079 791 1294 845 Domini
1350 806 1507 861 super
1557 798 1744 861 caput.
1771 787 1923 853 iusti.

355 884 575 954 Optima
634 885 779 940 enim
832 883 1081 938 doctrina
1129 882 1343 937 Domini
1396 883 1641 938 omnium
1695 879 1791 935 Dei
1862 878 1928 931 ad

357 977 555 1031 ducem
608 983 845 1028 mentem
883 971 1130 1043 procedit
1159 973 1299 1042 apud
1326 987 1449 1026 eum
1475 971 1569 1041 qui
1604 984 1700 1039 per
1756 966 1929 1021 adim-

355 1066 652 1135 pletionem
708 1062 1023 1118 divinorum
1092 1061 1470 1116 mandatorum
1527 1057 1929 1129 irrcprehcnsi-

356 1157 543 1211 biliter
580 1156 736 1224 agit;
789 1152 918 1222 quia
967 1151 1443 1222 contemplationis
1507 1148 1927 1202 fundamentum

357 1249 629 1302 actionem
662 1245 876 1300 Statuit.

428 1339 533 1392 Illa
555 1336 745 1391 divites
788 1338 941 1407 facit.
978 1333 1305 1406 Huiusmodi
1339 1333 1593 1387 doctrina
1643 1330 1932 1386 abundan-

353 1434 463 1480 tem
501 1427 631 1479 facit
662 1423 1051 1494 spiritualibus
1088 1422 1395 1478 secundum
1448 1422 1708 1476 virtutem
1748 1432 1801 1476 et
1846 1421 1932 1475 in-

354 1516 713 1588 telligentiam
746 1517 976 1580 divitiis,
1004 1530 1129 1571 eum
1158 1514 1252 1583 qui
1289 1514 1395 1583 ipsi
1427 1513 1635 1568 obedit.

431 1608 611 1680 Neque
634 1608 862 1664 addetur
893 1609 979 1662 illi
1003 1609 1056 1661 in
1088 1609 1244 1661 corde
1271 1606 1515 1660 tristitia.
1548 1603 1611 1659 Et
1652 1604 1697 1659 si
1739 1604 1933 1674 hujus-

355 1701 502 1756 modi
550 1702 762 1756 laborat
813 1700 1229 1781 corpore‘circa
1279 1698 1554 1761 virtutem,
1592 1704 1774 1750 tamen
1824 1711 1931 1751 non

2031 511 2230 583 καρδίᾳ
2249 509 2383 564 Θεὸν
2410 509 2484 581 μὴ
2520 506 2907 580 περιφέροντες
2933 508 3231 578 ἂνθρωποι,
3268 509 3326 561 ὲν
3354 506 3603 577 στερήσει

2028 601 2125 657 τοῦ
2142 602 2262 656 κατ’
2290 601 2490 672 ἀρετὴν
2519 601 2616 654 καὶ
2633 602 2835 670 γνῶσιν
2861 599 3232 671 πνευματικοῦ
3248 598 3477 653 πλούτου
3506 598 3605 669 τὴν

2033 691 2170 746 ἰδίαν
2192 691 2337 761 ζωὴν
2364 690 2748 745 καταλύουσιν.

2101 782 2205 853 κβ⁹.
2233 783 2496 852 Εὑλογία
2518 782 2740 850 Κυρίου
2783 780 2883 835 ἐπί
2922 780 3203 847 κεφαλὴν
3237 779 3497 835 δικαίου.
3535 780 3607 833 Ἦ

2031 870 2141 941 γὰρ
2170 871 2480 940 πανάγαθος
2510 871 2828 925 διδασκαλία
2876 869 2973 924 τοῦ
3021 870 3294 923 Δεσπότου
3325 871 3432 923 τῶν
3467 871 3604 923 ὅλων

2032 962 2190 1029 Θεοῦ,
2245 963 2493 1035 πρόεισιν
2552 963 2646 1017 ἐπὶ
2699 964 2792 1015 τὸν
2841 963 3087 1032 ἡγεμόνα
3154 960 3280 1014 νοῦν
3327 960 3421 1014 τοῦ
3468 963 3611 1014 κατὰ

2034 1052 2233 1124 πρᾶξιν
2261 1053 2368 1108 τῶν
2394 1054 2552 1108 θείων
2580 1053 2810 1107 ἐντολῶν
2832 1054 3138 1123 ἀμέμπτως
3164 1051 3611 1121 πολιτευομένου,

2037 1145 2114 1210 ὡς
2141 1145 2241 1215 τὴν
2270 1144 2471 1216 πρᾶξιν
2506 1144 2832 1214 ποιουμένου
2861 1143 3093 1214 θεωρίας
3119 1141 3396 1195 ἐπίϐασιν.

2104 1318 2264 1384 Αὕτη
2300 1315 2620 1377 πλουτίζει.
2662 1315 2727 1367 Ἦ
2755 1312 2977 1383 τοιαύτη
3008 1310 3331 1366 διδασκαλία
3386 1312 3614 1382 ἀνενδεῆ

2035 1413 2179 1462 ποιεῖ
2200 1407 2293 1461 τοῦ
2317 1409 2438 1461 κατ’
2475 1407 2676 1478 ἀρετὴν
2701 1410 2793 1459 καὶ
2818 1405 3021 1473 γνῶσιν
3048 1404 3420 1473 πνευματικοῦ
3445 1405 3613 1458 πλού-

2031 1517 2125 1552 του
2153 1499 2246 1552 τὺν
2268 1499 2438 1570 ταύτῃ
2472 1499 2815 1568 πειθόμενον.

2105 1590 2214 1645 Καὶ
2256 1592 2327 1645 οὺ
2363 1590 2451 1660 μὴ
2503 1586 2808 1658 προστεθῇ
2851 1585 3008 1654 αὐτῇ
3071 1587 3237 1654 λύπη
3272 1585 3345 1640 ἐν
3375 1586 3613 1655 καρδίᾳ.

2035 1684 2147 1737 Kal
2190 1683 2239 1735 εί
2265 1684 2294 1736 6
2322 1682 2562 1745 τοιοῦτος
2585 1683 2739 1733 πονεῖ
2768 1681 2910 1732 κατὰ
2933 1678 3093 1747 σῶμα
3121 1678 3252 1750 περὶ
3264 1677 3362 1749 τὴν
3389 1677 3613 1748 ἀρετὴν,

356 1793 558 1869 sentiet
584 1806 681 1862 per
714 1791 1020 1845 doctrinam
1058 1772 1113 1844 in
1144 1803 1246 1845 sua
1281 1788 1462 1842 anima
1504 1787 1745 1843 tristitiae
1778 1787 1932 1842 addi-

2054 1776 2149 1829 ὶλλ’
2187 1777 2247 1829 οὐ
2277 1775 2491 1840 δέξεται
2517 1774 2837 1844 προσθήκην
2873 1770 3053 1840 λύπης
3080 1770 3429 1835 διδασκαλίας
3464 1773 3523 1824 ἐν
3547 1774 3614 1841 τῇ

353 1887 579 1952 tionem,
613 1899 709 1956 spe
744 1883 940 1938 futurae
962 1882 1231 1938 mercedis
1253 1881 1575 1936 delectatus.

426 2068 596 2125 Vens.
623 2068 715 2123 25.
740 2067 807 2123 1η
832 2067 945 2122 risu
969 2064 1163 2121 stultus
1181 2064 1315 2134 facit
1339 2063 1505 2118 mala.
1536 2063 1603 2118 Et
1633 2077 1758 2118 cum
1790 2062 1933 2117 laeti-

354 2163 430 2217 tia
468 2162 688 2230 quidem
716 2161 811 2232 qui
861 2176 970 2215 non
1002 2159 1174 2214 Deum
1206 2156 1309 2213 fert
1339 2158 1394 2210 in
1447 2155 1615 2211 corde
1653 2170 1776 2219 suo,
1804 2155 1935 2209 facit

357 2263 603 2327 peccata,
638 2255 765 2325 quia
796 2268 904 2308 non
935 2252 1108 2307 tristis
1139 2249 1366 2327 effectus
1404 2258 1489 2304 est
1518 2248 1790 2303 minarum
1813 2246 1932 2317 ejus

356 2324 580 2409 timore.
603 2324 671 2401 in,
693 2345 761 2401 iis
795 2346 850 2399 in
877 2344 1081 2415 quibus
1105 2324 1396 2411 del-inquit.

427 2438 702 2508 Sapientia
770 2447 946 2491 autem
978 2436 1089 2490 viro
1144 2441 1357 2504 generat
1381 2431 1738 2500 prudentiam.
1782 2429 1933 2485 Divi-

358 2546 486 2585 num
513 2539 694 2584 autem
747 2528 973 2583 verbum
1014 2526 1093 2581 illi
1128 2527 1219 2597 qui
1255 2528 1308 2577 in
1335 2538 1468 2578 suos
1513 2521 1740 2576 affectus
1770 2537 1935 2592 gene-

358 2638 484 2676 rose
513 2627 734 2692 pugnat,
766 2620 819 2674 in
845 2619 1072 2691 agendis
1096 2614 1645 2686 circumspcctionem
1671 2621 1931 2685 general:

360 2715 569 2768 litt-nim
586 2755 601 2780 ,

432 2802 702 2859 Vsnsﬂl.
741 2800 807 2856 In
852 2801 1069 2856 interitu
1106 2799 1298 2869 impius
1342 2795 1785 2868 perturbatur.ln
1819 2795 1933 2867 pri-

357 2897 578 2952 vatione
601 2895 698 2950 Dei
730 2913 744 2962 ;
778 2894 871 2965 qui
902 2908 1027 2948 eum
1054 2906 1165 2947 non
1199 2891 1330 2946 colit
1361 2890 1661 2944 secundum
1694 2899 1939 2944 eontem-

359 2988 653 3061 plationem
685 2986 905 3056 quidem
955 2990 1017 3037 ut
1066 2983 1377 3045 veritatem,
1418 2979 1721 3035 secundum
1773 2978 1940 3031 actio-

357 3098 483 3138 ncm
538 3088 721 3136 autem
780 3087 838 3132 ut
895 3078 1121 3140 bonum,
1178 3075 1532 3146 perturbatur
1593 3072 1649 3127 in
1696 3072 1765 3129 iis
1815 3086 1938 3142 quae

361 3172 664 3231 secundum
706 3170 977 3225 defectum
1008 3168 1234 3245 virtutis
1288 3174 1384 3221 aut
1433 3180 1721 3221 excessum
1781 3173 1933 3229 sunt,

342 3262 775 3333 'cupiditatibus.

436 3353 765 3409 Desiderium
808 3362 984 3406 autem
1042 3352 1183 3421 justi
1242 3359 1540 3421 acceptum.
1595 3349 1936 3407 Desiderium

358 3457 539 3504 autem
574 3446 718 3501 illius
747 3445 840 3516 qui
874 3460 969 3515 per
996 3455 1201 3499 rectam
1246 3444 1415 3501 vitam
1461 3444 1632 3500 Deum
1673 3444 1830 3509 colit,
1865 3444 1939 3498 vi-

357 3540 556 3595 delicet
582 3539 649 3593 ad
678 3553 799 3592 eum
838 3551 949 3605 prae
1002 3538 1217 3593 caeteris
1257 3537 1515 3593 omnibus
1544 3537 1733 3602 ardor,
1774 3552 1935 3593 acce-

358 3632 671 3705 ptissimum
698 3630 810 3686 Dco
841 3639 949 3686 est.

430 3723 596 3780 Vens.
619 3724 711 3779 25.
760 3723 1004 3779 Procella
1037 3731 1367 3784 transeunte,
1402 3721 1663 3776 evanescit
1694 3720 1936 3786 impius.

356 3815 424 3870 Et
450 3818 676 3871 minima
713 3816 933 3887 quidem
972 3816 1285 3871 tentatione
1323 3814 1444 3869 sive
1476 3812 1785 3868 voluntaria
1820 3812 1937 3866 sive

356 3907 731 3961 involuntaria
759 3921 827 3961 ex
870 3906 1169 3977 improviso
1199 3904 1630 3975 superveniente
1654 3917 1684 3956 a
1704 3900 1932 3956 malitiae

356 4000 581 4069 spiritu,
634 3998 904 4070 perditur,
939 3999 1034 4069 qui
1086 4013 1197 4053 non
1237 4010 1336 4068 per
1412 3994 1831 4065 temperantiam
1883 4000 1938 4047 et

356 4091 678 4162 patientiam
719 4093 886 4145 Deum
919 4090 1071 4144 colit.

411 4177 596 4249 Justus
650 4188 824 4233 autem
860 4178 1134 4233 declinans
1172 4176 1413 4232 solvatur
1442 4177 1495 4228 in
1527 4181 1801 4227 wternum.
1832 4169 1937 4237 Qui

358 4278 542 4325 autem
574 4277 898 4340 temperata
929 4268 1257 4324 voluntariis
1287 4282 1385 4335 per
1415 4265 1751 4334 voluptatem
1778 4261 1937 4331 cupi-

356 4360 645 4421 ditatibus.
688 4360 929 4415 sustinet
989 4366 1173 4411 autem
1215 4354 1520 4411 secundum
1576 4351 1821 4407 dolorem
1854 4349 1938 4403 in-

358 4454 695 4518 voluutaria,
721 4451 939 4523 fugiens
974 4449 1108 4503 illud
1143 4448 1290 4518 quod
1346 4446 1649 4501 secundum
1697 4443 1933 4496 animam

357 4556 442 4603 est
478 4547 811 4616 periculum,
842 4546 911 4599 ab
950 4549 1159 4598 aiterno
1194 4540 1472 4610 supplicio
1497 4539 1788 4594 liberatur.

432 4636 597 4691 Vens.
633 4637 724 4691 26.
759 4636 913 4691 Sicut
946 4642 1156 4688 acetum
1208 4631 1447 4686 dentibus
1473 4631 1735 4697 nocivum,
1767 4638 1815 4684 et
1846 4630 1935 4697 [u-

358 4745 473 4782 mus
511 4727 793 4792 oculis,ita
830 4723 1179 4794 transgressio
1197 4720 1458 4775 utentibus
1490 4720 1623 4788 ipsa.
1657 4719 1722 4774 Et
1741 4734 1933 4786 quem-

358 4816 650 4871 admodum
690 4816 903 4869 fructus
934 4814 1263 4868 immaturus
1279 4809 1523 4866 dentium
1546 4808 1799 4864 efﬁcaciae
1819 4806 1935 4863 oili-

358 4907 453 4972 cit,
479 4905 763 4961 oculorum
792 4903 1250 4959 autctuellicacia:
1285 4900 1491 4967 fumus,
1524 4900 1596 4954 ita
1627 4900 1931 4954 activarum

358 5007 452 5053 aut
480 4995 1029 5065 contemplativarum
1067 4997 1265 5048 anima:
1314 4993 1579 5045 virtutum
1634 4989 1929 5043 irrationa-

359 5089 487 5145 bilis
520 5087 663 5143 circa
724 5084 951 5156 fugitiva
988 5101 1122 5141 usus
1175 5086 1228 5139 in
1260 5099 1325 5139 eo
1379 5098 1482 5137 usu
1530 5079 1934 5151 perseveranti-

359 5180 630 5249 bus;qui
661 5177 884 5249 quidem
932 5178 1140 5231 activas
1173 5190 1364 5230 eorum
1416 5175 1564 5228 vires
1623 5186 1720 5241 per
1769 5171 1928 5239 in'op-

362 5279 647 5343 portunam
683 5266 1013 5336 beneplaciti
1043 5263 1359 5321 fruitionem
1390 5263 1455 5317 ad
1499 5263 1611 5318 veri
1662 5262 1788 5317 boni
1836 5276 1933 5331 op-

361 5380 668 5437 portunam,
703 5372 762 5420 ut
789 5361 1057 5433 quosdam
1124 5359 1318 5415 dentes
1374 5359 1645 5414 inhabiles
1704 5355 1928 5415 reddit:

360 5455 805 5528 «cntemplativis
843 5459 1236 5514 autemymore
1271 5447 1426 5511 fumi,
1451 5448 1709 5502 tenebras
1756 5445 1932 5501 obdu-

361 5546 436 5597 t-it
469 5563 485 5609 ;
518 5556 570 5600 et
602 5562 726 5600 cum
759 5541 1064 5614 abigcuzlus
1088 5546 1231 5593 esset
1272 5554 1369 5607 per
1401 5539 1813 5607 intelligentiam
1875 5537 1930 5588 in

363 5638 579 5699 baiz‘itu,
622 5650 726 5689 non
779 5641 1128 5703 possuntcos
1162 5628 1409 5680 veritatis
1444 5626 1624 5678 radios
1661 5626 1929 5693 aspicere.

2038 1867 2204 1920 αὐτοῦ
2233 1867 2403 1938 ψυχῇ,
2432 1868 2500 1937 τῇ
2524 1864 2696 1919 tmte;
2717 1864 2816 1933 τῆς
2844 1861 3146 1933 μελλούσης
3194 1861 3619 1934 μισθαποδοσιας

2036 1960 2555 2031 ὲπευφραινόμενος.

2106 2057 2210 2119 κγ’.
2249 2051 2346 2103 Ἐν
2385 2049 2596 2119 γέλωτι
2621 2047 2825 2116 ἄφρων
2858 2047 3121 2119 πράσσει
3153 2046 3330 2103 κακά.
3355 2045 3463 2100 Καὶ
3497 2045 3619 2115 μετ’

2036 2142 2373 2214 εὐφροσύνης
2438 2142 2559 2211 μὲν,
2617 2142 2644 2195 6
2672 2141 2805 2194 Θεὸν
2833 2141 2892 2192 ὲν
2932 2140 3133 2210 καρδία
3168 2141 3243 2211 μὴ
3272 2139 3615 2212 περιφέρων,

2036 2237 2186 2287 ποιεῖ
2247 2233 2649 2305 ἁμαρτίας,ὄτι
2695 2233 2829 2304 μηδὲ
2874 2233 3165 2303 στυγνάζει
3213 2232 3292 2304 τῷ
3331 2232 3480 2302 φόὸῳ
3506 2231 3620 2283 τῶν

2035 2326 2202 2380 αὑτοῦ
2236 2325 2498 2389 ἀπειλῶν,
2532 2327 2614 2395 ἐφ’
2646 2320 2729 2389 οἷς
2756 2326 3093 2398 πλημμελεῖ.

2118 2417 2180 2473 Ἠ
2209 2416 2278 2470 δὲ
2305 2416 2493 2486 σοφία
2549 2416 2724 2485 ἀνδρί
2744 2419 2929 2471 τίκτει
2956 2417 3275 2488 φρόνησιν.
3307 2414 3365 2469 '0
3391 2413 3449 2469 δὲ
3477 2414 3623 2478 θεῖος

2035 2509 2211 2579 λόγος,
2233 2509 2311 2580 τῷ
2368 2508 2511 2562 κατὰ
2554 2508 2663 2562 τῶν
2694 2507 2883 2562 παθῶν
2932 2508 3302 2582 ἀνδριζομένῳ
3331 2509 3622 2563 ἀποτίκτει

2034 2603 2135 2675 τὴν
2156 2604 2214 2657 ἐν
2236 2604 2348 2667 τοῖς
2381 2600 2678 2675 πρακτέοις
2711 2601 2994 2655 εὐϐουλίαν
3014 2617 3029 2632 ο
3064 2602 3156 2655 καὶ
3187 2600 3296 2673 γὰρ
3315 2641 3329 2665 ,

2109 2786 2209 2839 κδ’.
2257 2785 2362 2840 Ἐν
2388 2782 2657 2850 ἀπωλείᾳ
2697 2781 2929 2849 ἀσεϐὴς
2963 2780 3364 2851 περιφέρεται,
3390 2780 3449 2834 ἐν
3475 2779 3621 2833 ἀπο.

2040 2876 2205 2946 auxia
2227 2874 2388 2929 Θεοῦο
2422 2875 2450 2927 ὀ
2474 2874 2548 2946 μὴ
2575 2872 2752 2943 τιμῶν
2782 2871 2965 2937 αὑτὸν,
2994 2874 3134 2927 κατὰ
3163 2872 3392 2945 θεωρίαν
3420 2871 3517 2941 μὲν
3545 2872 3623 2934 ὡς

2039 2967 2320 3038 ἀλήθειαν,
2365 2968 2506 3021 κατὰ
2561 2965 2760 3037 πρᾶξιν
2809 2965 2866 3018 δὲ
2928 2964 3006 3028 ὡς
3061 2963 3284 3031 ἀγαθὸν,
3326 2966 3441 3028 τοῖς
3496 2965 3623 3016 κατ’

2042 3059 2280 3129 ἔλλειψιν
2316 3060 2414 3132 τῆς
2436 3059 2637 3131 ἀρετῆς
2666 3059 2760 3112 καὶ
2792 3055 3100 3128 ὑπερϐολὴν
3140 3056 3336 3110 πάθεσι
3362 3055 3621 3127 περιτρέ-

2043 3170 2225 3210 πεται.

2123 3334 2440 3403 Ἔπιθυιιία
2487 3331 2556 3386 δὲ
2583 3331 2820 3386 δικαίου
2862 3329 3068 3396 δεκτή.
3114 3329 3176 3383 Ἦ
3212 3327 3401 3397 ἔφεσις
3439 3327 3493 3380 δὲ
3520 3327 3621 3381 τοῦ

2039 3430 2107 3484 δι’
2133 3428 2388 3501 ἐναρέτου
2419 3425 2695 3487 πολιτείας
2717 3423 2988 3495 τιμῶντος
3017 3422 3171 3485 Θεὸν,
3223 3418 3423 3492 δηλαδὴ
3447 3423 3474 3473 ὀ
3510 3422 3625 3492 πρὸ

2037 3519 2148 3572 τῶν
2172 3518 2375 3571 λοιπῶν
2415 3516 2632 3571 πάντων
2664 3515 2798 3586 πρὸς
2823 3515 2985 3568 αὑτὸν
3010 3512 3193 3578 πόθος,
3224 3510 3625 3582 εὐπρόσδεκτος

2039 3608 2214 3679 τούτῳ
2247 3607 2417 3662 ἐστίν.
2744 3636 2747 3637 ν

2112 3707 2210 3756 κε’.
2244 3698 2841 3769 Παραπορευομένης-
2857 3693 3199 3767 καταιγίδος
3216 3735 3231 3757 ,
3279 3691 3624 3763 ἀφανίζεται

2035 3791 2284 3860 ἀσεϐής.
2309 3791 2420 3845 Kal
2473 3788 2702 3860 μερικοῦ
2760 3787 2860 3857 τῆς
2892 3782 3210 3856 πειρασμοῦ
3243 3782 3341 3836 εἴθ’
3364 3783 3623 3837 ἑκουσίου

2040 3885 2140 3937 εἴτ’
2172 3881 2454 3945 ἀκουσίου,
2512 3878 2939 3951 ἀπροσδοκήτως
2984 3873 3353 3945 ἐπερχομένου
3399 3872 3506 3926 ὑπὸ
3528 3873 3623 3925 τοῦ

2040 3976 2140 4046 τῆς
2180 3972 2446 4046 πονηρίας
2472 3970 2817 4043 πνεύματος,
2851 3967 3148 4022 ἀπόλλυται
3175 3967 3205 4019 ὀ
3236 3964 3311 4036 μὴ
3327 3963 3393 4017 δι’
3424 3965 3627 4034 ἐγκρα-

2040 4068 2189 4130 τείας
2222 4066 2319 4120 καὶ
2341 4064 2622 4135 ὑπομονῆς
2652 4061 2827 4131 τιμῶν
2848 4060 2939 4114 τὸν
2961 4058 3115 4112 Θεόν.

2110 4158 2347 4220 Δίκαιος
2378 4153 2449 4207 δὲ
2502 4153 2812 4216 ἐκκλίνας,
2852 4145 3096 4209 σώζεται
3138 4150 3227 4213 είς
3270 4148 3380 4201 τὸν
3411 4146 3620 4202 ultima.

2056 4249 2114 4303 Ὀ
2176 4247 2233 4301 δὲ
2290 4230 2761 4316 ἐγκρατευόμενος
2797 4242 2895 4312 μὲν
2937 4240 3044 4294 τῶν
3077 4239 3200 4293 καθ’
3230 4238 3422 4309 ἡδονὴν
3464 4239 3625 4292 Exon-

2043 4335 2174 4389 σίων
2197 4332 2405 4399 παθῶν,
2438 4332 2726 4402 ὑπομένων
2778 4330 2836 4384 δὲ
2886 4329 2955 4383 τὰ
2992 4327 3114 4382 κατ’
3143 4328 3337 4397 ὀδύνην
3367 4327 3623 4391 ἀκούσια,

2043 4424 2131 4478 τὸν
2157 4423 2297 4477 κατὰ
2318 4422 2495 4494 ψυχὴν
2524 4418 2802 4490 διαφυγὼν
2834 4417 3098 4488 κίνδυνον,
3145 4418 3335 4491 ῥύεται
3362 4418 3460 4489 τῆς
3483 4420 3625 4471 alus-

1960 4493 2015 4554 Ῐ)
2040 4514 2155 4569 νίου
2189 4493 2481 4575 κολάσεως.

2115 4613 2229 4671 κς’.
2255 4606 2486 4674 Ὥσπερ
2522 4603 2719 4674 δμφαξ
2757 4602 2970 4658 ὀδοῦσι
3006 4600 3337 4669 βλαϐερὸν,
3383 4598 3479 4654 καί
3513 4617 3625 4653 κα·

2040 4699 2194 4763 πνός
2235 4697 2518 4766 ὄμμασιν,
2574 4696 2730 4751 οὕτω
2758 4695 3100 4763 παρανομία
3129 4692 3255 4760 τοῖς
3295 4689 3625 4761 χρωμένοις

2038 4786 2215 4857 αὐτῇ.
2249 4787 2357 4841 Kal
2384 4785 2572 4858 ὥσπερ
2602 4784 2813 4857 καρπὸς
2836 4784 2934 4853 μὲν
2960 4784 3136 4851 ἄωρος
3161 4783 3228 4853 τῇ
3257 4780 3365 4834 τῶν
3392 4779 3624 4834 ὀδόντων

2040 4877 2295 4950 ἐνεργείᾳ
2343 4876 2684 4947 λυμαίνεται,
2723 4876 2930 4939 καπνὸς
2962 4874 3018 4927 δὲ
3046 4875 3110 4945 τῇ
3140 4872 3251 4926 τῶν
3301 4869 3621 4942 ὀφθαλμῶν,

2039 4970 2183 5022 οὕτω
2232 4968 2341 5020 τῶν
2389 4969 2489 5038 τῆς
2538 4966 2719 5037 ψυχῆς
2767 4964 3092 5037 πρακτικῶν
3127 4963 3226 5018 καὶ
3267 4959 3623 5032 θεωρητικῶν

2039 5059 2340 5130 δυνάμεων,
2374 5060 2406 5129 ἡ
2445 5057 2758 5129 παράλογος
2784 5056 2914 5126 περὶ
2959 5054 3027 5108 τὰ
3056 5053 3374 5125 πρόσκαιρα
3393 5049 3619 5122 χρῆσις,

2038 5151 2154 5214 τοῖς
2178 5151 2307 5221 περὶ
2339 5149 2545 5218 ταύτην
2599 5147 3052 5216 καταγινομένοις
3077 5161 3090 5174 ’
3115 5145 3191 5210 ὼς
3213 5143 3308 5207 τὰς
3335 5141 3437 5213 μὲν
3471 5157 3618 5208 πραο

2040 5237 2233 5300 κτικὰς
2265 5237 2472 5291 τούτων
2501 5237 2783 5305 δυνάμεις,
2804 5229 2893 5303 οἷά
2914 5235 3019 5304 πέρ
3036 5251 3188 5297 τινας
3208 5232 3427 5294 ὀδόντας
3443 5231 3623 5298 αἱμω-

2038 5329 2158 5400 διᾷν
2188 5328 2438 5392 ποιοῦσα,
2462 5328 2599 5398 πρὸς
2637 5326 2728 5398 τὴν
2757 5327 2900 5380 κατὰ
2921 5326 3114 5398 καιρὸν
3136 5324 3231 5379 τοῦ
3251 5324 3420 5388 ὅντως
3451 5320 3621 5377 καλοῦ

2041 5421 2360 5483 ἀπόλαυσιν,
2391 5420 2478 5473 διὰ
2509 5419 2607 5489 τὴν
2637 5418 2786 5491 παρὰ
2825 5420 3019 5489 καιρὸν
3042 5416 3134 5471 τοῦ
3152 5414 3432 5477 δοκοῦντος
3452 5430 3468 5444 ο
3498 5415 3622 5475 ταῖς

2041 5512 2096 5565 δὲ
2124 5513 2510 5582 θεωρητικαῖς,
2530 5511 2688 5581 δίκην
2722 5510 2953 5575 καπνοῦ,
2976 5507 3362 5570 ὲπισκοτοῦσα,
3388 5504 3484 5559 καὶ
3515 5503 3626 5573 πρὸ

2042 5603 2133 5654 τοῦ
2169 5604 2505 5672 ἀπελαθῆναι
2527 5603 2696 5671 αὐτὴν
2719 5603 2806 5655 διὰ
2838 5603 2937 5671 τῆς
2958 5601 3015 5654 ὲν
3043 5599 3315 5669 πνεύματι
3341 5596 3620 5665 γνώσεως,

2050 5691 2123 5758 μὴ
2154 5693 2527 5764 συγχωροῦσιν
2570 5695 2795 5757 ταύταις
2836 5692 3076 5764 καθορᾷν
3111 5692 3206 5753 τὰς
3237 5690 3334 5758 τῆς
3364 5686 3625 5759 ἀληθείας

2047 5805 2241 5853 α’λγαε.
