3964 6194
450 310 585 377 1329

1478 316 2017 378 COMMENTARII
2065 315 2144 374 ΙΝ
2179 315 2626 376 PROVERBIA.

3542 304 3675 369 1330

517 430 599 494 ιζ’.
647 426 726 494 Τῇ
755 424 929 495 ψυχῇ
965 427 1149 481 αὑτοῦ
1176 428 1524 498 ἁγαθοποιεῖ
1551 431 1705 497 ἀνὴρ
1729 433 2016 500 ἐλεήμων.

2196 432 2359 486 Vens.
2395 430 2481 484 Π.
2519 429 2720 483 Anima
2747 443 2856 480 sua:
2881 425 3135 494 benefarit
3166 425 3239 478 vir
3267 422 3582 477 misericors.
3611 421 3678 476 Et

448 521 557 576 Καὶ
583 521 680 587 τὴν
715 519 812 586 μὲν
841 517 978 570 ἰδίαν
1007 517 1184 588 ψυχὴν
1217 521 1516 590 εὐεργετεῖ,
1550 521 1916 584 ὲπανασώζων
1942 521 2020 573 δι’

447 607 812 678 ἀγαθοεργίας
841 607 979 677 αὐτῇ
1013 606 1086 669 ὡς
1119 607 1253 660 Θεοῦ
1298 610 1466 664 εἰκόνι
1497 610 1556 662 τδ
1590 611 1710 664 καθ’
1735 609 2018 680 ὁμοίωσιν,

447 703 475 754 ὁ
502 699 644 752 κατά
675 697 784 750 τῶν
815 695 1000 750 παθῶν
1031 697 1411 768 ἀνδριζόμενος
1431 742 1444 764 ,
1494 703 1586 754 καὶ
1629 703 1754 764 τοὺς
1801 701 2021 769 περιπί-

449 807 682 851 πτοντας
704 787 968 851 ποικίλοις
990 793 1320 860 πειρασμοῖς
1345 794 1436 844 καὶ
1456 793 1745 862 δεομένους
1762 792 2022 854 παντοίας

450 879 814 950 χειραγωγίας
859 880 1164 950 οἰκτείρων,
1192 882 1284 934 καὶ
1333 885 1492 952 χεῖρα
1539 883 1789 953 βοηθείας
1839 883 2020 947 αὐτοῖς

451 971 594 1025 κατά
627 971 686 1022 τὺ
715 970 939 1024 δυνατὸν
972 970 1200 1039 ὀρέγων.

536 1059 865 1122 Ἐξόλλυσι
896 1057 966 1111 δὲ
996 1057 1062 1110 τὸ
1095 1058 1312 1113 ἑαυτοῦ
1348 1057 1523 1130 σῶμα
1572 1061 1604 1114 ὁ
1651 1059 2017 1128 ἀνελεήμων.

453 1146 767 1218 Διαῴθείρει
812 1148 869 1202 δὲ
915 1148 976 1202 τὸ
1009 1148 1137 1202 ἴδιον
1174 1149 1356 1218 σῶμα,
1386 1151 1519 1204 ῐδιον
1547 1152 1655 1222 γὰρ
1689 1152 1784 1204 καὶ
1810 1151 1869 1203 τὸ
1897 1151 2026 1204 ἐκά-

456 1257 602 1301 στου,
631 1239 712 1292 ὅτι
739 1239 802 1290 ὲκ
829 1237 922 1290 τοῦ
953 1237 1116 1290 αὑτοῦ
1163 1240 1330 1308 ὲσμεν
1374 1239 1572 1304 πάντες
1617 1239 1788 1310 πηλοῦ
1830 1256 1889 1292 τε
1933 1239 2025 1292 καὶ

456 1331 758 1400 κράματος,
799 1330 828 1382 ὁ
855 1327 927 1398 μὴ
953 1326 1022 1380 δι’
1048 1325 1225 1382 οἶκτόν
1256 1347 1360 1382 τινι
1388 1331 1868 1401 ὲπικαμπτόμενος
1889 1368 1902 1391 ,
1932 1330 2026 1384 καί.

455 1421 528 1482 ὡς
558 1420 783 1474 δυνατὸν
819 1418 1047 1490 βοηθῶν,
1077 1419 1191 1472 ἀλλ’
1225 1419 1328 1472 ἐῶν
1357 1420 1546 1474 τοῦτον
1572 1425 1683 1484 τοῖς
1716 1421 2028 1490 συνέχουσιν

458 1510 618 1564 αὑτὸν
653 1513 842 1574 κακοῖς
875 1509 1228 1578 φθείρεσθαιο
1257 1511 1336 1564 ὃτι
1369 1511 1538 1564 κλείει
1577 1512 1612 1564 ὁ
1651 1511 1908 1573 τοιοῦτος,
1935 1509 2026 1563 τοῦ

458 1619 516 1654 τε
563 1601 697 1654 Θεοῦ
745 1603 838 1655 τὸν
886 1603 1011 1671 περὶ
1061 1601 1223 1656 αὑτὸν
1270 1602 1420 1656 ἔλεον
1463 1603 1558 1655 καὶ
1585 1601 1653 1654 τά
1681 1601 1788 1654 τῶν
1821 1599 2028 1655 πολλῶν

462 1690 742 1760 σπλάγχνα
761 1709 776 1724 ·
807 1691 898 1744 καὶ
920 1691 1242 1762 κατακρίνει
1270 1691 1431 1755 αὐτὸς
1461 1690 1640 1762 ἐαυτῷ
1667 1693 1732 1744 ὲκ
1774 1691 1876 1759 τῆς
1904 1691 2030 1761 περὶ

458 1781 550 1832 τὸν
607 1780 830 1849 πλησίον
885 1779 1258 1850 ἀσπλαγχνίας
1307 1781 1398 1834 τὸν
1459 1779 1858 1850 ἁνεπιμέλητον
1885 1822 1897 1842 ,
1956 1779 2028 1848 μὴ
2063 1763 2102 1821 Β

461 1871 807 1941 ἐλεούμενος,
836 1871 1022 1942 ἐπειδὴ
1055 1873 1128 1942 μὴ
1154 1871 1394 1940 ἐλέησεν.

535 2043 905 2114 ιη’..Ἀσεϐὴς
935 2047 1091 2100 ποιεῖ
1119 2047 1264 2116 ἔργα
1293 2047 1487 2102 ἄδικα.
1518 2049 1627 2102 Καὶ
1648 2053 1676 2103 ὁ
1708 2050 1804 2120 μὲν
1841 2051 1914 2120 μὴ
1947 2069 2030 2103 τι-

465 2139 579 2208 μῶν
620 2139 716 2192 τὸν
767 2138 897 2192 Θεὸν
937 2140 1014 2202 ὡς
1061 2139 1451 2209 αὑτοαλήθειαν
1475 2181 1491 2206 ,
1533 2142 1919 2213 διαπράττεται
1967 2145 2034 2198 τὰ

464 2248 534 2283 πα
546 2231 614 2302 ρά
639 2231 729 2284 τὸν
759 2231 922 2302 νόμον
947 2229 1057 2287 τῶν
1089 2231 1262 2301 ἁγίων
1292 2233 1454 2287 αὐτοῦ
1491 2235 1720 2288 ἐντολῶν
1756 2234 1910 2306 ἔργα.

535 2407 776 2479 Σπέρμα
809 2409 878 2464 δὲ
905 2410 1168 2476 δικαίων,
1197 2414 1413 2481 μισθὸς
1443 2413 1748 2480 ἀληθείας.
1785 2415 1844 2467 'O
1877 2413 1933 2467 δὲ
1961 2413 2036 2466 δί-

468 2514 570 2567 κην
601 2500 936 2569 σπέρματος,
977 2503 1056 2564 εἰς
1103 2502 1200 2564 τὰς
1251 2487 1442 2572 ψυχὰς
1481 2503 1588 2556 τῶν
1640 2505 2038 2574 προκρινόντων

469 2589 536 2641 τά
567 2590 759 2643 αἰώνια
791 2591 898 2644 τῶν
924 2592 1293 2662 προσκαίρων,
1322 2593 1533 2647 πίπτων
1561 2596 1656 2647 καὶ
1678 2594 2038 2666 καρποφορῶν

475 2678 532 2728 τὸ
559 2679 783 2743 ἀγαθὸν,
819 2681 899 2743 εἰς
929 2682 1228 2750 τριάκοντα
1260 2683 1354 2734 καὶ
1383 2685 1462 2742 εἰς
1494 2681 1753 2752 ἐξήκοντα
1789 2683 1882 2736 καὶ
1907 2685 2036 2736 ἑκα-

473 2767 585 2826 τὸν.
610 2767 748 2831 θεῖος
779 2768 954 2837 λόγος,
983 2772 1372 2840 μισθαποδοσία
1403 2773 1639 2844 ὑπάρχει
1660 2775 1752 2827 τοῦ
1781 2775 1890 2828 τῶν
1913 2791 2042 2842 γνω-

481 2859 618 2912 στῶν
650 2860 880 2930 πέρατος
919 2862 1017 2932 τῆς
1049 2863 1306 2932 ἀληθείας
1350 2867 1744 2935 πιστευομένης
1791 2865 2038 2936 βεϐαίως.

491 2947 552 3000 '0
581 2950 688 3020 γὰρ
717 2951 1005 3020 προσάγων
1037 2953 1154 3024 Θεῷ
1180 2955 1398 3024 βεϐαίαν
1423 2955 1518 3027 τὴν
1546 2959 1623 3020 εἰς
1653 2957 1812 3010 αὑτὸν
1843 2958 2039 3023 πίστιν,

2123 525 2355 594 propriae
2402 521 2622 592 quidem
2666 519 2862 572 anima:
2903 518 3040 572 bene
3099 515 3244 577 facit,
3301 528 3528 568 servans
3582 527 3679 582 per

2120 618 2261 671 bona
2299 628 2464 682 opera
2497 613 2575 666 illi
2610 619 2667 664 ιιι
2705 609 2796 664 Dei
2843 606 3064 676 imagini
3096 600 3539 666 similitudidem,
3582 601 3677 672 qui

2121 715 2312 761 contra
2345 703 2676 772 cupiditates
2736 713 3004 770 generose
3042 703 3270 766 pugnat,
3303 694 3470 748 variis
3496 701 3680 747 tenta-

2122 791 2363 844 tionibus
2391 789 2704 844 cadentium
2737 795 2790 841 et
2843 783 3156 840 omnimodo
3191 781 3497 836 directione
3547 778 3682 832 indi-

2121 880 2362 950 gentium
2388 879 2702 936 miseretur.
2733 883 2786 931 et
2822 874 3013 929 auxilii
3043 887 3262 928 manum
3297 870 3428 935 illis,
3476 875 3536 922 ut
3586 883 3680 937 po-

2121 981 2246 1036 test,
2279 969 2470 1024 tendit.

2196 1063 2431 1116 Destruit
2467 1070 2641 1114 autent
2669 1074 2852 1127 corpus
2899 1073 3052 1111 suum
3102 1054 3495 1110 immisericors.
3549 1051 3682 1106 Cor-

2125 1153 2330 1223 rumpit
2363 1161 2542 1206 autem
2591 1150 2869 1220 proprium
2908 1163 3150 1217 corpus;
3197 1145 3479 1215 proprium
3537 1142 3682 1196 enim

2125 1253 2178 1298 et
2233 1243 2528 1314 cujuslibet
2579 1255 2801 1311 corpus.
2847 1237 3106 1306 quoniam
3144 1250 3336 1289 omnes
3385 1248 3450 1288 ex
3493 1232 3682 1286 eodem

2129 1336 2242 1390 luto
2273 1341 2328 1388 et
2362 1334 2592 1387 mistura
2639 1345 2854 1394 smnus,
2889 1327 2981 1398 qui
3007 1325 3211 1381 nemini
3252 1339 3347 1392 per
3383 1323 3689 1378 misericor-

2129 1425 2274 1480 diam
2304 1424 2600 1478 inllectitur
2639 1435 2739 1476 nec
2775 1427 2836 1474 ut
2867 1427 3066 1487 potest,
3116 1415 3394 1480 subvenit,
3437 1413 3531 1468 sed
3564 1426 3686 1466 eum

2131 1513 2719 1585 compreltendentibus
2777 1509 2934 1564 malis
2999 1505 3276 1575 corrumpi
3327 1503 3506 1566 sinit;
3558 1501 3686 1570 quia

2131 1622 2322 1678 nempe
2351 1603 2660 1675 bujusmodi
2692 1601 2901 1657 claudit
2931 1608 2986 1652 et
3017 1598 3110 1653 Dei
3147 1599 3200 1650 in
3239 1597 3418 1665 ipsum
3474 1595 3688 1649 miseri-

2131 1699 2375 1753 cordiam
2407 1707 2459 1750 et
2490 1695 2672 1764 populi
2703 1693 2952 1756 viscera;
2995 1697 3048 1744 et
3076 1703 3134 1742 se
3166 1687 3342 1756 ipsum
3371 1685 3593 1738 damnat
3623 1699 3688 1737 ex

2133 1803 2230 1844 sua
2269 1788 2322 1841 in
2351 1787 2659 1856 proximum
2691 1799 2852 1852 quem
2885 1796 2992 1834 non
3023 1785 3180 1833 curat
3223 1776 3546 1840 acerbitate,
3572 1774 3686 1842 jam

2134 1894 2244 1932 non
2277 1874 2708 1931 misericorditer
2738 1872 2979 1934 habitus,
3013 1867 3142 1938 quia
3178 1866 3296 1936 ipse
3326 1880 3434 1920 non
3486 1863 3685 1918 miscr-

2133 1979 2220 2024 tus
2243 1977 2348 2023 est.

2201 2055 2369 2113 Vens.
2405 2057 2488 2112 18.
2525 2054 2722 2125 impius
2751 2054 2882 2124 facit
2915 2070 3073 2122 opera
3095 2054 3318 2122 injuste.
3354 2051 3420 2105 Et
3449 2048 3538 2104 ille
3569 2045 3688 2116 qni-

2135 2150 2256 2205 dem
2286 2151 2377 2220 qui
2411 2163 2516 2202 non
2551 2147 2718 2202 Deum
2741 2154 2800 2201 ut
2825 2147 2996 2216 ipsam
3028 2145 3309 2200 veritatem
3335 2142 3486 2204 colit,
3529 2152 3692 2194 exse-

2137 2240 2324 2310 quitur
2361 2246 2550 2292 contra
2581 2234 2900 2290 divinorum
2938 2233 3059 2303 ejus
3096 2231 3478 2286 mandatorum
3516 2227 3688 2296 legem

2137 2345 2319 2400 Opera.

2211 2421 2395 2476 Semen
2428 2428 2617 2498 autem‘
2651 2417 2940 2486 justorum,
2993 2429 3188 2470 merces
3240 2411 3494 2468 veritatis.
3552 2405 3698 2461 Mure

2141 2511 2386 2576 seminis,
2421 2510 2475 2563 in
2497 2523 2689 2564 eorum
2722 2507 2932 2562 animas
2965 2507 3060 2575 qui
3087 2511 3294 2559 aeterna
3318 2499 3697 2558 nomentaneis

2144 2608 2497 2672 anteponunt,
2536 2597 2739 2654 cadens
2773 2606 2828 2652 et
2852 2597 3054 2651 bonum
3090 2593 3462 2655 iructilicans,
3495 2589 3560 2644 ad
3595 2587 3695 2642 tri-

2140 2693 2286 2763 ginta
2335 2697 2388 2744 et
2449 2689 2732 2757 sexaginta
2775 2694 2830 2742 et
2869 2693 3109 2749 centum,
3147 2685 3392 2738 divinum
3441 2680 3691 2740 verbum,

2143 2781 2412 2837 mercedis
2474 2779 2707 2834 redditio
2757 2784 2842 2832 cst
2896 2792 3009 2846 prae
3060 2791 3242 2829 rerum
3300 2771 3700 2828 nuscendarum

2144 2873 2398 2936 termino,
2445 2871 2672 2926 veritate
2703 2871 2933 2924 lirmiter
2959 2867 3192 2923 credita.
3249 2864 3352 2930 Qui
3405 2863 3550 2918 enim
3600 2862 3706 2914 lico

2145 2963 2353 3016 firmam
2395 2962 2446 3014 in
2489 2976 2610 3015 eum
2649 2959 2804 3014 (idem
2831 2963 3082 3027 praestat,
3109 2953 3176 3006 ab
3202 2967 3268 3004 eo
3301 2950 3420 3004 vice
3455 2962 3551 3002 sua
3586 2961 3709 3000 vcr-

482 3039 864 3144 ἀντιλαμϐάνει
885 3046 1012 3114 παρ’
1028 3045 1191 3099 αὑτοῦ
1213 3046 1305 3100 τὸν
1321 3047 1476 3116 λόγον
1496 3049 1592 3117 τῆς
1607 3049 1884 3119 ἀληθείας,
1909 3051 2042 3103 καθ-

2151 3054 2273 3106 bum
2307 3053 2551 3107 veritatis
2582 3050 2800 3118 accipit,
2845 3049 3025 3118 ipsum
3078 3043 3350 3098 mundans
3413 3048 3468 3096 et
3503 3053 3706 3094 scrun-
3772 3063 3776 3068 ·

485 3133 704 3198 αἱροντα
753 3133 912 3186 αὐτὸν
956 3135 1052 3188 καὶ
1099 3135 1407 3192 τελειοῦντα
1449 3138 1588 3192 κατὰ
1624 3141 1804 3210 χάριν,
1841 3143 1904 3213 τῇ
1937 3141 2042 3196 τῶν

2151 3143 2275 3198 dmn
2307 3143 2534 3212 gratiam
2567 3139 2856 3211 perticicns
2907 3137 3172 3190 bonorum
3222 3149 3344 3204 qua:
3403 3145 3567 3200 supra
3617 3144 3713 3183 na-

485 3221 624 3293 ὑπὲρ
651 3223 812 3292 φύσιν
839 3225 1060 3292 ἀγαθῶν
1097 3227 1330 3298 μεθέξει.

554 3313 638 3366 ιϐ’,
690 3315 820 3380 Υἱὸς
847 3316 1078 3383 δίκαιος
1112 3319 1387 3389 γεννᾶται
1419 3324 1506 3388 είς
1548 3321 1716 3388 ζωήν.
1758 3324 1865 3376 Καὶ
1893 3322 2049 3394 γάρό

486 3403 582 3473 μὲν
611 3401 729 3473 Θεῷ
753 3404 1083 3476 υίοθετηθείς
1108 3407 1196 3462 διὰ
1223 3410 1478 3475 πίστεως,
1507 3411 1601 3464 καὶ
1619 3411 1920 3481 ἀμέμπτως
1949 3428 2050 3464 πο-

482 3495 846 3566 λιτευόμενος,
883 3499 1020 3566 πρὸς
1049 3497 1147 3569 τὴν
1187 3503 1566 3570 πνευματικὴν
1613 3503 1710 3554 xa‘t
1750 3501 2049 3573 ἀνώλεθρον

480 3587 722 3642 τίκτεται
750 3587 892 3656 ζωὴν
912 3627 925 3648 ,
955 3585 1248 3656 λαμσάνων
1273 3590 1448 3660 ἀρχὴν
1481 3593 1581 3660 μὲν
1607 3591 1808 3662 ταύτης
1838 3593 1936 3662 τὴν
1965 3593 2052 3645 διὰ

481 3678 718 3837 ganea);
751 3677 1079 3747 θεογνωσίαν
1100 3695 1112 3710 °
1161 3681 1448 3750 προκοπὴν
1477 3681 1532 3734 δὲ
1555 3719 1572 3746 ,
1601 3682 1663 3734 τὸ
1698 3682 1816 3735 κατ’
1851 3682 2052 3754 ἀρετὴν

555 3785 632 3830 ος.

555 3785 632 3830 ος.

553 3857 811 3926 Διωηιὸς
857 3858 926 3913 δὲ
957 3860 1214 3926 ἀσεϐοῦς
1261 3863 1350 3926 εἰς
1396 3861 1673 3917 θάνατον.
1721 3862 1785 3916 Ἦ
1819 3864 1966 3916 πᾶσα
1996 3863 2052 3916 δὲ

487 3949 688 4019 σπουδὴ
709 3949 801 4002 τοῦ
819 3951 894 4020 μὴ
915 3950 981 4003 δι’
1000 3951 1318 4020 ὲμπρὰκτου
1335 3951 1589 4019 γνώσεως
1613 3953 1875 4023 τιμῶντος
1899 3955 2051 4017 Θεὸν,

483 4038 709 4112 τελευτᾷ
737 4042 814 4105 εἰς
841 4041 1066 4112 φθορὰν,
1093 4043 1169 4106 ὡς
1204 4044 1604 4114 καταγινομένη
1634 4045 1760 4114 περὶ
1786 4045 1855 4098 τὰ
1890 4045 2054 4116 πρόσ-

485 4145 672 4198 καιρα.

552 4227 622 4274 κ’.
663 4221 978 4292 Βδέλυγμα
999 4224 1226 4292 Κυρίῳ,
1261 4224 1386 4278 ὁδοί
1425 4224 1902 4294 διεστραμμέναι.
1932 4227 2051 4278 Ὅτι

489 4325 553 4375 με
563 4326 692 4378 μιση
703 4311 835 4378 μένα
854 4312 958 4364 εἰσὶ
982 4311 1131 4382 ποιρά
1153 4311 1270 4382 Θεῷ
1298 4311 1432 4380 ἔργα
1456 4312 1936 4380 παρεγκεκλιμένα
1955 4315 2051 4382 τῆς

2151 3247 2324 3290 turam
2360 3245 2486 3290 sunt
2519 3232 2961 3302 participatione.

2221 3326 2388 3382 Vsus.
2447 3326 2531 3380 l9.
2612 3322 2784 3377 Filius
2835 3322 3020 3390 justus
3077 3325 3356 3390 generatur
3409 3315 3464 3368 in
3529 3313 3709 3367 vitam.

2155 3417 2360 3473 Etenim
2389 3417 2482 3486 qui
2518 3430 2546 3468 a
2582 3415 2692 3468 Deo
2721 3427 2818 3484 per
2843 3410 3002 3466 ﬁdem
3040 3411 3336 3478 adoptatur
3377 3413 3432 3459 et
3485 3405 3714 3472 irreprc-

2155 3508 2498 3564 bensibiliter
2529 3504 2664 3573 agit,
2690 3502 2756 3557 ad
2791 3500 3134 3570 spiritualem
3155 3507 3206 3552 et
3229 3495 3711 3564 incorruptibilcm

2152 3601 2396 3670 gignitur
2423 3597 2611 3659 vitam,
2642 3592 2973 3662 principium
3009 3589 3132 3659 ejus
3165 3587 3444 3656 accipiens
3483 3583 3574 3640 Dei
3619 3598 3716 3652 per

2157 3687 2280 3744 lidei
2308 3685 2596 3749 notitiam;
2630 3695 2979 3754 progressum
3031 3686 3237 3742 autem,
3276 3676 3578 3731 secundum
3605 3675 3714 3726 vir-

2157 3785 2324 3831 tutem
2357 3790 2562 3829 mores.

2226 3867 2528 3922 Persecutio
2561 3873 2736 3918 autem
2771 3861 2916 3930 impii
2939 3861 2994 3914 in
3031 3867 3273 3912 mortem.
3308 3853 3497 3911 Omnis
3534 3865 3711 3906 au'em

2156 3960 2320 4013 ardor
2374 3957 2498 4024 ejus
2545 3956 2634 4024 qui
2694 3968 2804 4009 non
2865 3967 2962 4022 per
3023 3951 3254 4004 activam
3303 3944 3712 4012 intelligentiam

2156 4053 2324 4104 Deum
2369 4049 2523 4111 colit,
2557 4049 2612 4100 in
2657 4045 3061 4113 corruptionem
3101 4041 3370 4110 pervenit.
3406 4045 3591 4106 utpote
3621 4035 3710 4103 qui

2154 4144 2301 4197 circa
2334 4150 2713 4195 momentanea
2745 4143 3018 4189 versatur.

2225 4231 2390 4286 Vens.
2415 4231 2506 4284 20.
2532 4225 2863 4282 Abominatio
2886 4223 3128 4285 Domino,
3154 4221 3252 4274 vim
3283 4231 3556 4289 perversa).
3578 4215 3714 4282 Quia

2156 4339 2348 4392 nempe
2377 4321 2505 4376 odio
2539 4328 2668 4374 sunt
2713 4315 2854 4386 apud
2905 4314 3072 4368 Deum
3121 4326 3281 4382 opera
3325 4323 3444 4378 quat
3486 4325 3512 4358 a
3571 4316 3714 4360 recta

487 4398 606 4448 κατ’
626 4397 824 4468 ἀρετὴν
849 4400 1062 4462 εὐθείας
1089 4401 1228 4462 ὀδοῦ,
1265 4402 1400 4472 πρὸς
1427 4401 1494 4456 τὰ
1520 4401 1637 4455 κατ’
1661 4401 1894 4470 ἔλλειψιν
1925 4404 2042 4454 ταύ-

2157 4414 2456 4472 secnndum
2485 4412 2742 4465 virtutem
2775 4408 2861 4462 via
2909 4404 3172 4460 recedunt
3215 4403 3280 4455 ad
3311 4416 3404 4454 cas
3453 4414 3572 4467 qure
3629 4415 3712 4451 se-
3756 4419 3761 4423 τ

489 4501 584 4553 της
619 4487 714 4539 καὶ
742 4489 1043 4562 ὑπερϐολὴν
1073 4492 1242 4560 πάθη.

557 4662 919 4728 Προσδεκτοί
965 4665 1034 4718 δὲ
1075 4665 1234 4731 αὐτῷ
1280 4666 1499 4732 πάντες
1547 4665 1768 4736 ἄμωμοι
1815 4669 1884 4720 ἐν
1917 4667 2048 4732 ὀδῷ.

503 4752 812 4806 Ἀποδεκτοὶ
837 4754 893 4808 δὲ
915 4755 1084 4825 αὐτῷ,
1117 4757 1232 4809 ὅσοι
1258 4758 1457 4820 παντὸς
1488 4757 1678 4827 μώμου
1700 4757 2052 4826 ἀπηλλαγμέ-

485 4862 584 4912 νην
617 4846 716 4916 τὴν
743 4846 861 4899 ὁδὸν
891 4847 989 4917 τῆς
1017 4849 1294 4918 παρούσης
1331 4848 1475 4917 ζωῆς
1499 4848 1880 4918 διεξέρχονται.

555 4942 662 4988 κα’.
701 4937 856 5006 Χειρί
892 4936 1092 5006 χεῷας
1121 4937 1392 5005 ἐμϐαλὼν
1427 4938 1646 5005 ἀδίκως
1687 4942 1797 4994 οὐκ
1845 4941 2055 5008 ἀτιμώ-

481 5046 667 5098 ρητος
695 5031 866 5086 ἔσται
899 5030 1119 5086 κακῶν.
1161 5032 1270 5084 Καὶ
1295 5034 1323 5084 ὁ
1359 5032 1460 5102 μὲν
1486 5035 1598 5097 τοῖς
1645 5033 1824 5096 πόνοις
1852 5033 1948 5101 τῆς
1976 5034 2056 5086 ol-

489 5122 641 5184 κείας
669 5123 872 5193 χειρὸς,
905 5127 1032 5188 τοὺς
1081 5125 1190 5176 τῶν
1241 5124 1537 5195 ἀλλοτρίων
1583 5127 1782 5195 χειρῶν
1838 5127 2052 5189 πόνους,

489 5213 641 5283 παρὰ
668 5215 845 5267 πάντα
870 5215 1075 5268 δίκαιον
1100 5214 1258 5282 λόγον
1288 5215 1614 5286 προσμίξας,
1643 5217 1741 5270 οὐκ
1774 5217 1932 5279 ἐκτὸς
1964 5233 2054 5270 κο-

487 5301 921 5370 λάσεωςέσεται,
951 5305 1088 5375 ὑπὲρ
1113 5300 1186 5358 ὦν
1216 5306 1514 5371 ἐνεδείξατο
1543 5306 1800 5378 λυπηρῶν
1833 5308 1913 5369 εἰς
1931 5308 2054 5370 τοὺς

490 5393 982 5463 πλεονεκτηθέντας
1013 5396 1142 5466 παρ’
1159 5397 1348 5450 αὑτοῦ.

571 5483 632 5535 ὐ
660 5482 728 5536 δὲ
774 5486 1039 5552 excipe»-
1080 5486 1509 5555 δικαιοσύνην,
1546 5487 1803 5556 ,λήψεται
1837 5489 2057 5556 μισθὸν

493 5574 728 5626 πιστόν.
766 5573 826 5626 ’0
864 5575 922 5626 δὲ
958 5574 1268 5644 σκορπίζων
1299 5577 1378 5638 είς
1401 5574 1498 5637 τάς
1529 5575 1634 5626 τῶν
1659 5577 1928 5645 δεομένων
1953 5594 2054 5644 γα-

493 5663 680 5728 στέρας
718 5665 809 5718 καὶ
844 5665 949 5718 τῶν
998 5665 1190 5718 ἑαυτοῦ
1223 5665 1421 5734 χειρῶν
1450 5666 1660 5729 πόνους,
1694 5667 1965 5734 ἀναλόγως
1990 5671 2050 5738 τῇ

2157 4503 2396 4560 cundum
2433 4497 2676 4569 ejusdem
2709 4496 2983 4552 deiectum
3013 4503 3104 4546 aut
3127 4505 3416 4546 excessum
3463 4496 3592 4542 sunt
3623 4503 3716 4539 ru-

2156 4592 2428 4662 piditates.
3011 4571 3024 4582 ί

2229 4681 2440 4745 Accepti
2461 4689 2635 4732 autem
2677 4675 2758 4730 illi
2781 4689 2956 4728 omnes
3000 4667 3482 4739 irreprehensibiles
3517 4667 3570 4718 in
3611 4668 3713 4718 ria.

2159 4771 2374 4839 Λαερτιιί
2407 4778 2588 4823 autem
2622 4768 2698 4822 illi
2733 4768 3052 4836 quicunque
3101 4761 3249 4814 omni
3293 4759 3719 4828 reprehensione

2157 4857 2389 4911 solutam
2425 4854 2707 4922 praesentis
2740 4853 2863 4905 vitae
2881 4851 3021 4903 viam
3048 4856 3400 4918 percurrunt.

2225 4945 2392 5001 Vsus.
2425 4946 2515 4998 2t.
2551 4943 2658 5008 Qui
2700 4945 2754 4996 in
2786 4958 2948 4994 manu
2995 4940 3184 4994 m'anus
3226 4941 3448 5009 imponit
3502 4941 3715 5008 injuste,

2158 5054 2260 5092 non
2288 5043 2536 5090 innocens
2569 5033 2832 5088 malorum
2860 5033 2982 5086 erit.
3020 5031 3121 5097 Qui
3157 5027 3301 5086 enim
3331 5035 3566 5102 proprizr
3609 5047 3714 5082 ma.

2157 5145 2260 5182 nus
2285 5127 2559 5180 laboribus
2589 5125 2814 5177 aliarum
2843 5137 3098 5176 manuum
3135 5123 3350 5176 labores
3376 5132 3562 5176 contra
3603 5138 3718 5171 Olli-

2158 5235 2278 5272 nem
2303 5219 2504 5287 justam
2589 5214 2856 5270 rationem
2888 5214 3186 5274 miscuerit,
3227 5229 3332 5266 non
3367 5223 3516 5265 extra
3555 5213 3717 5263 uitiu-

2157 5325 2274 5362 nem
2305 5309 2432 5372 erit,
2465 5323 2562 5375 pro
2593 5297 2808 5372 injuriis
2839 5320 2975 5374 quas
3024 5305 3080 5360 in
3117 5321 3211 5358 eos
3262 5304 3574 5358 «titulun-rit
3627 5305 3714 5371 qui

2156 5399 2225 5455 ab
2254 5400 2372 5468 ipso
2396 5397 2607 5468 decepti
2643 5406 2790 5453 sunt.

2237 5489 2342 5554 Qui
2368 5499 2546 5541 autem
2581 5490 2808 5542 semth
2851 5490 3141 5557 justitiam.
3171 5488 3378 5552 recipiet
3436 5483 3716 5536 mercedem

2157 5577 2382 5643 ﬁdelem.
2415 5575 2686 5644 δραι-κρῆς
2725 5588 2904 5630 autem
2961 5578 3014 5629 in
3061 5574 3411 5642 indigentium
3472 5583 3715 5626 Vt-ntru-n

2157 5679 2208 5722 ct
2265 5687 2487 5725 sttatutn
2526 5686 2782 5723 manuum
2837 5669 3072 5734 labores,
3134 5682 3232 5736 pro
3285 5665 3726 5733 ttttiusutjusqtte
