3958 6202
154 268 286 335 1313

1204 259 1613 322 COMMENTA
1626 259 1742 319 ΒΗ
1783 258 1866 320 IN
1907 258 2360 319 PROVERBIA.

3270 249 3409 314 me

151 377 310 438 ξατο·
359 373 431 437 ὡς
468 371 720 426 ἐντεῦθεν
755 369 1150 441 περιπεσοῦσα.
1185 368 1450 432 ἑκουσίως
1487 368 1586 439 μὲν
1617 369 1722 430 τοῖς

1848 377 2016 420 nosset
2050 382 2064 418 :
2109 365 2239 421 inde
2273 365 2417 420 enim
2466 362 2648 428 cadet,
2692 362 2872 418 libens
2911 361 3131 433 quidem
3170 365 3223 417 in
3249 365 3408 419 iude-

147 469 487 536 ἀτιμοπο·οῖς
554 467 808 530 πάθεσιν,
863 461 1136 526 ἀκουσίως
1171 461 1226 516 δὲ
1260 464 1372 524 τοῖς
1423 476 1728 533 τιμωρητι-

148 577 280 612 κοις.

217 651 314 704 κδ’.
343 650 481 718 Χεὶρ
511 645 815 702 ἐκλεκτῶν
845 644 1134 714 κρατήσει
1181 644 1464 714 εὐχερῶς.
1489 644 1600 696 Καὶ
1619 643 1725 714 γάρ

147 745 179 811 ἡ
221 743 317 812 μὲν
349 741 607 811 ποιητικὴ
645 740 876 806 δύναμις
901 739 1013 791 τῶν
1041 737 1420 808 ἐκλεγομένων
1451 736 1512 788 τὸ
1539 739 1724 805 κρεῖτ-

147 850 238 886 τον
275 835 369 887 τοῦ
421 834 686 904 χείρονος,
719 833 752 903 ἦ
784 832 900 884 ἐστι
924 831 986 884 τὸ
1012 831 1253 899 λογικὸν,
1286 829 1547 894 ὑποτάξει
1570 828 1724 882 εὐκό-

143 927 251 987 λως
284 925 382 987 τὰς
404 925 584 978 αὐτῶν
606 923 824 984 πάντως
853 921 1165 991 παθητικὰς
1189 920 1282 974 καὶ
1307 920 1536 988 ἀλόγους
1560 919 1724 973 δυνά-

150 1033 295 1086 μετς,
348 1015 447 1086 τὴν
485 1014 780 1086 ἐπιθυμίαν
812 1014 906 1066 καὶ
931 1012 1022 1067 τὸν
1043 1013 1239 1084 θυμὸν,
1271 1014 1366 1065 καὶ
1390 1013 1606 1081 ποιήσει
1629 1012 1726 1074 τάς

144 1106 367 1176 ἀρετάς.

214 1197 410 1251 Δόλιοι
441 1196 508 1251 δὲ
567 1198 814 1252 ἔσονται
845 1199 932 1264 εις
964 1196 1294 1268 προνομήν.
1329 1198 1391 1250 οι
1425 1197 1480 1250 δὲ
1512 1193 1727 1250 δολοῦν-

144 1301 236 1347 τες
282 1287 383 1354 τὴν
417 1287 702 1340 εὐσέϐειαν
727 1290 792 1359 τῇ
835 1289 975 1359 πρὸς
1011 1290 1080 1342 τὰ
1122 1288 1455 1360 φθειρόμενα
1517 1287 1722 1357 σχέσει.

143 1376 450 1448 ὑπάρξουσι
484 1379 835 1450 προκείμενοι
859 1381 1004 1434 κατά
1040 1379 1267 1451 γνώμην
1289 1383 1370 1444 είς
1399 1379 1728 1451 διάρπαγμσ.

141 1468 223 1538 τῷ
243 1471 540 1540 ἀρχεκάκῳ
564 1471 762 1542 ἐχθρῷ.

214 1567 312 1614 κε’.
346 1561 600 1629 Φοϐερὸς
646 1565 829 1630 λόγος
867 1563 1121 1632 καρδίαν
1159 1565 1449 1635 ταράσσει
1505 1566 1728 1634 ἀνδρὸς

141 1653 402 1708 δικαίου.
435 1653 696 1726 Ἐπείπερ
795 1654 893 1724 μὲν
922 1656 1085 1724 φόϐον
1115 1659 1420 1726 ἐμποιοῦσα
1469 1659 1588 1711 Θεία
1617 1660 1726 1711 τῶν

1831 471 2014 521 coras,
2051 458 2214 510 invita
2253 472 2382 512 vero
2409 455 2464 510 in
2511 455 2732 509 ultrices
2767 469 3069 522 passiones.

1907 641 2068 700 Vens.
2103 643 2194 698 24.
2247 642 2443 694 Manus
2496 639 2777 693 electorum
2823 636 3189 690 dominabitur
3226 637 3406 704 facile.

1829 731 2043 790 Etenim
2091 739 2264 788 activa
2296 733 2534 802 potcntia
2567 745 2754 784 eorum
2803 731 2894 798 qui
2947 738 3241 784 secernunt
3271 730 3412 797 opti-

1831 839 1979 876 nmm
2036 838 2064 877 a
2102 824 2358 894 pessimo,
2397 837 2517 890 quae
2572 831 2652 873 est
2701 820 2764 873 τὸ
2820 821 3108 883 rationale,
3155 819 3412 887 subiiciet

1828 905 1990 966 facile
2027 911 2318 965 scnsihiles
2357 909 2582 963 omnino
2614 922 2800 960 eorum
2834 918 2886 962 et
2918 909 3268 962 irr..tiouuics
3311 924 3410 977 po-

1831 1005 2050 1066 tentias,
2093 1000 2601 1070 concupiscentiam
2645 1000 2854 1056 scilicet
2891 1009 2943 1055 et
2981 999 3140 1061 iram.
3167 1009 3221 1056 ct
3246 1016 3310 1055 cx
3347 1002 3414 1057 iis

1830 1096 2066 1150 virtutes
2091 1091 2306 1148 elﬁciet.

1901 1185 2088 1240 Dolosi
2139 1194 2316 1236 autem
2364 1189 2518 1238 erunt
2567 1181 2622 1235 in
2669 1181 3038 1251 direptionem.
3083 1179 3186 1247 Qui
3231 1189 3412 1236 autem

1831 1282 2040 1350 lingunt
2095 1277 2347 1346 pietatem
2413 1276 2768 1330 inclinatione
2827 1274 2894 1327 ad
2958 1281 3245 1341 corruptas
3301 1288 3410 1338 res,

1830 1371 2062 1441 subjecti
2116 1377 2278 1424 erunt
2331 1368 2398 1422 ad
2457 1378 2650 1422 nutum
2715 1367 3014 1420 archiman
3087 1367 3310 1420 inimico
3359 1366 3412 1418 in

1830 1465 2044 1518 actibus
2077 1461 2214 1514 suis.

1907 1554 2065 1608 Vens.
2117 1553 2206 1606 ‘25.
2249 1549 2516 1605 Terribilis
2559 1566 2730 1605 sermo
2781 1566 2870 1602 cor
2914 1547 3088 1600 turbat
3120 1547 3219 1600 εἰνὶ
3252 1546 3412 1617 justi.

1833 1645 2022 1698 Divina
2061 1643 2456 1713 suppliciorum
2507 1642 2864 1695 comminatio
2903 1656 3024 1710 qua:
3065 1650 3266 1693 metum
3329 1640 3412 1692 in-

2846 1462 2876 1476 κ

141 1744 421 1797 κολάσεων
455 1744 676 1815 ἀπειλὴ,
705 1745 804 1815 τὴν
858 1745 1035 1818 ψυχὴν
1084 1747 1302 1818 ὲκθροεῖ
1326 1750 1419 1800 τοῦ
1448 1751 1590 1802 κατὰ
1615 1749 1722 1801 τῶν

1849 1738 1966 1801 icit,
2017 1736 2254 1790 animam
2303 1736 2596 1790 conturbat
2643 1735 2762 1803 ejus
2815 1735 2906 1811 qui
2953 1746 2983 1786 a
3024 1731 3416 1802 cupiditatibus

141 1833 336 1886 παθῶν
401 1835 499 1904 μὲν
553 1835 966 1904 ἀνδριζομένου,
1021 1840 1140 1900 ταῖς
1181 1837 1237 1890 δὲ
1265 1838 1440 1900 θείαις
1481 1840 1722 1904 ἐντολαῖς

139 1924 590 1995 πειθαρχοῦντος,
647 1925 754 1976 ἀπὸ
784 1924 966 1996 πάσης
1021 1925 1222 1988 κακίας
1275 1927 1478 1996 ταύτην
1502 1927 1726 1980 συστέλ-

138 2013 328 2067 λουσα.

226 2105 490 2176 Ἀγτε.11α
511 2107 580 2160 δὲ
609 2106 804 2176 ἀγαθὴ
831 2109 1140 2178 εὐφραίνει
1161 2109 1370 2163 αὐτόν.
1389 2109 1452 2161 Ἦ
1480 2109 1525 2162 δ’
1554 2110 1726 2179 ἐπαγ-

140 2197 302 2265 γελία
354 2199 465 2250 τῶν
527 2199 822 2270 ἀκηράτων
884 2201 1106 2268 ἀγαθῶν
1137 2203 1425 2272 χαροποιεί
1471 2201 1635 2254 αὑτὸν
1655 2205 1722 2273 τῇ

138 2291 320 2344 ἑλπίδι
347 2291 442 2360 τῆς
475 2292 764 2362 ὲπιτυχίας
793 2293 993 2346 αὐτῶν.

213 2389 328 2447 κς’.
362 2382 740 2452 Ἑπιγνώμων
759 2381 1013 2448 δίκαιος,
1044 2381 1265 2437 ἑαυτοῦ
1319 2385 1500 2454 φίλος
1529 2385 1722 2439 ἔσται.

142 2468 252 2520 Καὶ
278 2470 387 2538 γὰρ
409 2471 436 2522 ὁ
466 2471 562 2538 μὲν
595 2470 955 2538 ὲπιγνώσκων
990 2470 1141 2541 φόϐῳ
1173 2473 1268 2524 καὶ
1303 2473 1453 2542 πόθῳ
1481 2473 1570 2526 τὸν
1591 2474 1726 2527 Θεὸν

139 2559 218 2622 ὡς
259 2560 474 2630 κριτὴν,
501 2559 596 2613 καὶ
620 2561 678 2612 ἐν
707 2560 786 2630 τῷ
821 2562 1099 2631 προτιμᾷν
1132 2561 1232 2631 τὴν
1287 2563 1488 2626 παντὸς
1513 2563 1726 2634 ἀνθρώ-

141 2670 248 2705 που
281 2652 526 2720 ἀγάπην,
565 2653 664 2722 τὴν
688 2651 839 2704 θείαν
871 2653 1053 2723 τηρῶν
1084 2651 1324 2724 ἐντολὴν,
1368 2655 1560 2707 ἑαυτὸν
1585 2658 1724 2724 ἀγα-

145 2740 263 2793 πῶν
297 2741 354 2806 ἐξ
380 2740 823 2808 ἀποτελέσματος
882 2740 1066 2792 ἔσεται
1092 2739 1202 2804 ’ὡς
1253 2741 1558 2810 ἀγαπηθεὶς
1621 2742 1726 2794 ὑπὸ

141 2830 238 2886 τοῦ
295 2829 478 2896 Θεοῦ,
529 2831 652 2885 καθ’
709 2831 832 2884 ὅσον
879 2831 1042 2894 αὐτὸς
1095 2831 1355 2904 ἠγάπησε
1412 2833 1539 2895 τοὺς
1595 2835 1724 2903 ὁμο-

143 2939 323 2988 cruat;

214 3015 286 3066 At
309 3010 532 3082 γνῶμαι
564 3011 684 3066 τῶν
723 3013 962 3068 ἀσεϐῶν
1016 3013 1395 3081 ἀνεπιεικεῖς.
1430 3015 1496 3067 Al
1529 3013 1586 3067 δὲ
1628 3014 1724 3084 ψυ-

142 3103 300 3172 χικαὶ
333 3104 605 3168 διαθέσεις
631 3105 740 3158 τῶν
770 3107 845 3175 μὴ
880 3105 1030 3176 φόϐῳ
1063 3107 1160 3160 καὶ
1195 3107 1345 3178 πόθῳ
1377 3107 1467 3160 τὸν
1497 3107 1629 3160 Θεὸν
1667 3109 1724 3160 ὲν

142 3193 343 3264 καρδίᾳ
407 3195 835 3264 περιφερόντων,
877 3197 1144 3266 ἀνήμεροι
1175 3195 1263 3249 διὰ
1294 3198 1358 3250 τά
1387 3196 1721 3268 πρόσκαιρα,

142 3285 242 3337 καὶ
265 3285 617 3355 ἀσυμπαθεῖς
673 3287 810 3356 πρδς
861 3287 985 3351 τοὺς
1043 3288 1304 3358 ὁμοφυεῖς
1334 3289 1672 3360 ’ὑπάρχουσι
1703 3305 1719 3320 ο

139 3376 382 3430 τοιοῦτον
417 3377 472 3430 δὲ
511 3377 730 3441 πάντως
757 3378 966 3431 καὶτὸν
993 3379 1204 3433 δίκαιον
1253 3379 1448 3450 κριτὴν
1505 3381 1723 3444 ἑαυτοῖς

141 3467 202 3520 ὲν
231 3467 415 3538 ἡμέρᾳ
448 3467 858 3532 ἀνταποδόσεως
884 3469 1068 3534 ἕξουσι
1089 3485 1101 3500 ·
1139 3469 1212 3539 μὴ
1241 3469 1556 3539 ὲλεούμενοι
1589 3470 1724 3542 παρ’

140 3554 335 3619 αὐτοῦ,
367 3557 488 3607 ἐπεὶ
516 3558 640 3626 μηδ’
673 3557 829 3609 αὐτοὶ
853 3558 1074 3625 ὲτέρους
1099 3557 1345 3627 ἐλέησαν.

229 3643 701 3712 Ἅμαρτάνοντας
743 3645 1160 3714 καταλήψεται
1222 3648 1399 3702 κακά.
1454 3648 1566 3702 Καὶ
1597 3650 1724 3713 τοὺς

142 3734 624 3803 ἀποτυγχάνοντας
678 3735 780 3804 τῆς
823 3739 902 3800 εις
953 3737 1229 3808 σωτηρίαν
1255 3739 1497 3812 ἀγούσης
1529 3745 1724 3812 στενῆς

144 3826 240 3878 καὶ
297 3825 668 3894 τεθλιμμένης
693 3825 815 3878 ὀδοῦ
839 3826 948 3878 τῶν
975 3827 1206 3880 ἐντολῶν
1243 3828 1337 3882 τοῦ
1361 3829 1519 3892 Θεοῦ,
1551 3849 1724 3886 κατα-

141 3916 354 3970 λάϐωσι
407 3917 750 3990 κολάσειςοῆ
790 3917 928 3989 πρὸς
981 3917 1253 3989 κάθαρσιν
1309 3922 1722 3995 πρόσκαιροι,ῆ

144 4009 284 4079 πρὸς
301 4008 571 4080 τιμωρίαν
599 4009 887 4079 διηνεκεῖς.

228 4099 294 4155 Ἠ
315 4099 383 4153 δὲ
404 4099 546 4166 ὁδὸς
589 4099 710 4155 τῶν
737 4101 977 4156 ἀσεϐῶν
1018 4102 1322 4172 πλανήσει
1380 4106 1622 4172 αὐτούς.
1657 4107 1724 4160 Ἥ

141 4188 201 4240 δὲ
223 4192 304 4253 εἰς
355 4189 633 4244 ἀπώλειαν
675 4193 918 4262 φέρουσα
949 4192 1206 4260 πλατεῖα,
1255 4197 1352 4248 καὶ
1409 4195 1724 4267 εὐρύχωρος

143 4279 302 4353 βιοτὴ
323 4283 433 4336 τῶν
475 4285 550 4354 μὴ
571 4283 640 4337 δι’
663 4284 842 4354 ἔργων
883 4284 1230 4357 δικαιοσύνης
1258 4288 1544 4358 τιμώντων
1565 4289 1721 4356 Θεὸν,

1829 1805 1946 1880 Suis
2013 1829 2367 1889 convalescit,
2411 1834 2466 1880 et
2521 1825 2722 1880 divinis
2761 1805 2945 1879 obedit
2989 1826 3302 1895 prmceptis,
3344 1823 3413 1878 ab

1829 1919 1976 1973 omni
2014 1918 2216 1972 malitia
2249 1919 2533 1972 retrahens
2565 1917 2734 1970 illam.

1903 2100 2186 2156 Nuntiatio
2221 2110 2399 2154 autem
2437 2101 2574 2154 bona
2606 2099 2846 2169 lwtiﬁcat
2884 2115 3023 2154 eum.
3053 2098 3418 2153 Annuntiatio

1832 2191 2102 2245 bonorum
2136 2191 2257 2246 sine
2285 2191 2674 2246 commistione
2721 2191 2960 2245 laetiﬁcat
2991 2207 3112 2245 eum
3160 2206 3256 2260 spe
3287 2205 3415 2261 pos-

1829 2281 2098 2335 sessiunis
2135 2295 2348 2334 eorum.

1901 2371 2067 2426 Vens.
2095 2371 2187 2424 26.
2234 2371 2488 2440 Cognitor
2515 2369 2717 2440 justus,
2755 2371 2840 2423 sui
2870 2371 3034 2439 ipsius
3063 2371 3263 2425 amicus
3285 2373 3414 2426 erit.

1827 2464 2038 2518 Etenim
2073 2463 2165 2533 qui
2202 2462 2396 2516 timore
2433 2468 2486 2516 et
2539 2461 2814 2516 desiderio
2857 2461 3106 2532 agnoscit
3157 2461 3321 2517 Deum
3355 2470 3410 2516 nt

1823 2555 2083 2623 iudicem,
2118 2559 2171 2608 et
2206 2553 2258 2606 in
2308 2551 2580 2606 studendo
2615 2553 2787 2606 amori
2833 2553 3076 2606 oumium
3107 2551 3412 2616 hominum,

1828 2646 2064 2699 divinam
2091 2651 2269 2698 servat
2300 2643 2664 2710 voluntatem,
2691 2645 2931 2714 seipsqu
2957 2643 3134 2714 reipsa
3161 2642 3365 2697 amabit
3398 2661 3413 2707 ;

1828 2753 1952 2790 nam
2009 2735 2282 2788 amabitur
2325 2749 2355 2788 a
2384 2733 2494 2790 Deo
2533 2735 2588 2789 in
2633 2743 2896 2806 quantum
2935 2735 3052 2806 ipse
3092 2737 3297 2789 amavit
3336 2737 3408 2790 si-

1830 2828 1985 2882 miles
2013 2827 2144 2884 sibi.

1903 3024 2190 3080 Sententia:
2248 3026 2532 3094 impiorum
2593 3027 2704 3080 sine
2768 3025 3153 3080 misericordia.
3207 3027 3413 3080 Anime

1829 3135 1956 3173 vero
1985 3119 2378 3186 diSpositiones
2421 3133 2615 3171 eorum
2652 3117 2743 3186 qui
2779 3133 2875 3171 nec
2908 3119 3100 3172 timore
3134 3135 3234 3172 nec
3270 3117 3410 3172 desi-

1827 3211 1981 3264 derio
2033 3209 2198 3264 Deum
2250 3211 2303 3263 in
2353 3210 2515 3264 corde
2551 3209 2753 3272 ferunt,
2790 3209 2908 3263 sine
2957 3209 3330 3264 misericordia
3360 3211 3411 3262 in

1825 3308 2068 3371 tempore
2108 3311 2161 3355 et
2212 3300 2330 3355 sine
2365 3299 2562 3354 aﬂectu
2617 3315 2743 3369 erga
2781 3300 2988 3355 similes
3021 3311 3151 3356 sunt
3183 3319 3195 3354 :
3249 3301 3410 3356 luletu

1826 3409 1990 3462 porro
2019 3393 2227 3461 justum
2261 3391 2502 3461 jndicem
2538 3390 2638 3444 sibi
2692 3391 2974 3444 habebunt
3021 3391 3074 3445 in
3111 3392 3200 3446 die
3257 3391 3410 3446 retri-.

1825 3483 2066 3538 butionis
2101 3501 2114 3536 :
2169 3499 2274 3536 non
2332 3482 2767 3538 miscricordiam
2815 3485 2883 3537 ab
2919 3485 3036 3553 ipso
3071 3499 3415 3555 consequen-

1826 3587 1936 3635 tur,
1963 3575 2093 3642 quia
2125 3587 2225 3626 nec
2257 3573 2358 3641 ipsi
2394 3575 2610 3627 caeteris
2640 3575 3022 3628 misericordes
3058 3574 3303 3628 fuerunt.

1901 3663 2004 3717 Eos
2024 3663 2112 3734 qui
2132 3673 2346 3731 peccant
2363 3675 2735 3732 persequentur
2754 3665 2915 3719 mala.
2933 3664 2997 3718 Et
3021 3667 3110 3735 qui
3134 3683 3239 3721 non
3259 3667 3410 3722 inve-

1827 3755 2199 3809 niuntarctam
2216 3768 2260 3808 et
2283 3764 2571 3824 angustam
2593 3756 2732 3808 viam
2767 3773 2886 3826 qua:
2907 3757 3056 3812 ducit
3075 3759 3140 3812 ad
3157 3760 3406 3822 salutem,

1824 3848 1965 3900 viam
2008 3847 2217 3900 scilicet
2247 3846 2626 3899 mandatorum
2654 3845 2765 3910 Dei,
2795 3850 2990 3903 cailcnt
3024 3850 3076 3902 in
3111 3851 3403 3917 supplicia,

1825 3949 1920 3994 aut
1968 3941 2034 3994 ad
2077 3941 2450 4011 purgationem
2505 3943 2862 4011 tempuraria,
2907 3956 2994 3998 aut
3032 3943 3098 3998 ad
3143 3944 3406 3998 ultionem

1826 4043 2052 4086 anerna.

1897 4121 1965 4174 Et
2000 4123 2078 4174 rio
2109 4123 2390 4192 impiorum
2437 4125 2645 4177 seducet
2693 4140 2799 4178 eos.
2833 4122 2964 4190 Qum
3003 4123 3100 4177 fert
3126 4126 3191 4178 ad
3221 4125 3404 4194 perdi-

1826 4211 2027 4264 tionem
2062 4214 2167 4264 lata
2211 4221 2264 4267 et
2311 4215 2549 4281 spatiosa
2592 4221 2700 4266 vita
2753 4230 2942 4268 eorum
3003 4216 3093 4284 qui
3149 4205 3271 4287 non
3316 4232 3402 4271 co-

1826 4301 1945 4355 lunt
1977 4303 2142 4356 {lenm
2207 4319 2302 4374 per
2330 4319 2494 4373 opera
2522 4305 2774 4372 Ῑιιδιὶῑὶιε,
2804 4304 2951 4358 fallet
2985 4322 3102 4374 eos,
3139 4321 3278 4376 quas
3310 4324 3407 4363 νοα

141 4373 422 4444 ἀπατήσει
463 4375 682 4440 αὐτοὺς,
714 4377 1032 4448 ἑκστήσασα
1059 4377 1137 4449 τῷ
1166 4379 1263 4451 τῆς
1315 4380 1512 4452 ἡδονῆς
1541 4382 1722 4437 δελεά-

1848 4397 2050 4466 uptatis
2091 4395 2384 4460 illecebris,
2406 4411 2437 4451 e
2459 4397 2651 4452 salutis
2685 4397 2771 4451 via
2803 4399 3018 4453 educet.

144 4479 300 4532 ματι,
325 4466 422 4534 τῆς
447 4465 526 4529 εις
563 4470 838 4538 σωτηρίαν
859 4470 1103 4540 ἀγούσης
1133 4471 1278 4526 ὀδοῦ.

213 4559 316 4626 κζ’.
346 4563 468 4616 Οὐκ
497 4561 870 4626 ἐπιτεύεεται
901 4563 1111 4632 δόλιος
1133 4566 1342 4634 θήρας.
1363 4568 1472 4620 Καὶ
1487 4568 1587 4620 οὐκ
1610 4570 1725 4622 ἑπι-

139 4633 282 4725 τῦχῃ
317 4654 414 4724 μὲν
449 4655 478 4706 ὁ
507 4655 936 4726 ὑποκρινόμενος
966 4655 1066 4728 τὴν
1113 4659 1337 4729 ἀρετὴν,
1363 4659 1462 4730 τῆς
1494 4661 1724 4732 θηρευο-

141 4741 319 4813 μένης
344 4745 438 4796 ὑπ’
463 4743 630 4798 αὐτοῦ
666 4745 800 4816 παρ’
828 4746 1132 4817 ἀνθρώπων
1154 4749 1340 4819 τιμῆς.

212 4834 423 4903 Κτῆμα
443 4835 509 4890 δὲ
536 4838 752 4906 τίμιον,
774 4837 931 4906 ἀνὴρ
955 4842 1236 4907 καθαρός.
1273 4842 1513 4914 Πρᾶγμα
1530 4843 1586 4896 δὲ
1623 4844 1720 4914 τῆς

139 4927 296 4998 παρά
314 4927 434 5000 Θεῴ
458 4929 556 4982 καὶ
585 4926 891 5001 ἀνθρώποις
911 4932 1076 5000 τιμῆς
1091 4931 1262 4998 ἄξιον,
1276 4933 1372 4988 ἄνθ
1381 4951 1561 5004 ρωπος
1583 4953 1720 4991 παν-

136 5016 230 5082 τὸς
257 5021 432 5088 ῥύπου
467 5023 884 5094 ἁμαρτημάτων
918 5022 1363 5094 ἀπηλλαγμένος.

211 5109 321 5182 κη’.
371 5111 466 5164 Ἕν
510 5113 675 5179 ὁδοῖς
725 5113 1145 5196 δικαιοσύνης,
1203 5116 1338 5188 ζωή.
1388 5121 1500 5174 Καὶ
1529 5123 1588 5176 ἐν
1618 5125 1718 5194 μὲν

134 5202 260 5264 ταῖς
304 5205 592 5274 ἐργασίαις
619 5207 729 5259 τῶν
757 5207 852 5260 τοῦ
886 5208 1022 5262 Θεοῦ
1057 5210 1308 5276 ἐντολῶν,
1337 5205 1414 5266 ὧν
1439 5215 1718 5287 πλήρωμα

135 5290 170 5359 ἡ
197 5291 392 5366 ἀγάπη
433 5297 602 5362 ἐστὶν,
633 5299 664 5349 ὁ
714 5299 777 5351 ὲκ
817 5298 1024 5371 ταύτης
1055 5303 1374 5372 τικτόμενος
1434 5310 1716 5378 φωτισμδς

133 5380 237 5452 τῆς
269 5385 543 5454 γνώσεως,
571 5389 686 5461 ζωὴ
717 5391 953 5461 ὑπάρχει
982 5393 1076 5446 τοῦ
1106 5395 1220 5448 νοῦ.

231 5479 372 5533 060i
395 5479 466 5532 δὲ
485 5483 902 5549 μνησικάκων,
930 5486 1013 5550 είς
1072 5486 1353 5540 θάνατον.
1385 5489 1464 5543 Td:
1501 5491 1555 5544 δὲ
1577 5492 1711 5562 ἔργα

135 5565 250 5656 τῶν
276 5572 338 5626 τὸ
369 5577 526 5643 μῖσος
551 5577 688 5647 πρὸς
723 5577 1045 5649 ἀνθρώπους
1079 5581 1383 5651 ἀνεχόντων
1429 5588 1520 5638 ὲπξ
1527 5605 1709 5656 μονον,

139 5653 206 5708 δι’
227 5663 587 5740 ἀνεπίληστον
638 5671 861 5741 μνήμην
913 5673 1224 5742 συμϐάντος
1265 5676 1408 5740 τινὸς
1464 5653 1710 5753 λυπηροῦ

1901 4597 2072 4652 Vens.
2120 4595 2212 4649 27.
2264 4592 2388 4650 Non
2435 4608 2778 4665 consequetur
2827 4596 3041 4653 dolosus
3077 4602 3409 4655 venationes.

1829 4689 1938 4745 Nec
1969 4699 2338 4760 consequetur
2367 4689 2532 4747 homo
2581 4693 2855 4747 tnentiens
2898 4695 3176 4761 virtutem,
3231 4695 3403 4750 hono-

1830 4795 1942 4835 rem
1981 4780 2132 4833 illum
2163 4796 2324 4850 quem
2360 4782 2502 4852 apud
2548 4783 2798 4838 homines
2833 4792 3082 4839 venatur.

1900 4869 2172 4926 Possessio
2193 4885 2368 4927 autem
2433 4874 2688 4942 pretiosa,
2748 4875 2827 4928 vir
2856 4890 3045 4939 purus.
3101 4878 3205 4934 Res
3257 4878 3405 4951 apud

1826 4957 1994 5014 Deum
2012 4969 2065 5014 et
2089 4959 2336 5016 homines
2366 4960 2523 5015 laude
2551 4961 2734 5032 digna,
2761 4963 2922 5018 homo
2938 4967 3083 5020 omni
3115 4969 3400 5040 culparum

1827 5051 2040 5105 macula
2091 5053 2405 5108 mundatus.

1894 5139 2059 5195 Vens.
2085 5142 2176 5196 28.
2207 5139 2272 5194 In
2301 5144 2490 5197 semita
2509 5144 2766 5214 justitia',
2795 5149 2925 5203 vita.
2965 5149 3020 5204 In
3051 5151 3398 5208 observantia

1825 5230 1917 5286 Dei
1965 5233 2370 5295 mandatorum,
2417 5236 2469 5288 in
2521 5241 2719 5304 quibus
2769 5245 3104 5314 complendis
3158 5247 3398 5304 charitas

1822 5333 2057 5390 constat,
2104 5325 2192 5380 lux
2259 5328 2502 5382 scientia:
2551 5347 2712 5400 quam
2754 5334 2845 5388 illa
2901 5339 3173 5407 producit,
3227 5341 3395 5393 vitam

1824 5425 2044 5486 praestat
2078 5418 2294 5472 anima‘.

1903 5504 2011 5559 Via:
2037 5518 2211 5562 autem
2258 5526 2543 5563 memorum
2576 5514 2805 5583 injuriw,
2846 5519 2898 5571 in
2949 5535 3187 5575 monent.
3219 5524 3392 5590 Opera

1821 5606 1999 5652 autem
2031 5617 2220 5654 eorum
2262 5605 2354 5672 qui
2395 5607 2579 5658 odium
2613 5609 2665 5661 in
2709 5610 2954 5666 homines
2988 5624 3209 5667 servant
3241 5619 3397 5672 dura-

1822 5688 1948 5755 bile,
1991 5689 2058 5744 ob
2092 5693 2438 5752 imlelcbilem
2487 5701 2804 5754 memoriam
2860 5703 3097 5775 alicujus
3134 5710 3398 5766 molestia:
