3958 6202
250 233 383 310 1349

319 357 466 422 Τοὺς
497 356 562 411 δὲ
589 356 850 424 ἀσεϐεῖς,
877 354 1153 426 φαύλους
1187 355 1348 409 ποιεῖ
1375 355 1649 426 ἁμαρτία.
1679 354 1819 416 Τοὺς
1850 357 1890 411 Α

242 447 298 500 δὲ
331 447 406 516 μὴ
429 446 496 498 δι’
519 447 782 516 ἐργασίας
813 446 920 496 τῶν
952 445 1114 497 θείων
1175 444 1404 497 ἐντολῶν
1429 444 1704 512 τιμῶντας
1729 446 1821 495 τον

243 534 616 602 ἐντειλάμενον
677 532 885 596 ταύτας
914 531 1075 596 Θεὸν,
1125 533 1332 594 κακοὺς
1379 530 1754 602 ἀπεργάζεται
1786 530 1821 600 ἡ

243 623 384 676 κατά
413 623 730 693 προαίρεσιν
757 622 1028 691 ἁποτυχῖα
1057 621 1151 674 τοῦ
1174 621 1402 686 ἀγαθοῦ.

313 711 378 776 ζ’.
407 713 578 766 Εἰσὶν
600 715 653 766 οὶ
683 713 1108 779 πλουτίζοντες
1133 709 1408 777 ἑαυτοὺς,
1432 711 1630 782 μηδὲν
1651 712 1824 780 ἕχον-

244 821 361 872 τες.
430 805 539 858 Καὶ
594 805 900 875 ὑπάρχουσι
961 805 1062 875 μὲν
1131 805 1330 868 οἵτινες
1407 803 1820 872 περιποιοῦνται

245 898 460 960 ἑαυτοῖς
487 897 578 948 τὸν
607 896 731 949 κατ’
761 895 963 968 ἀρετὴν
1013 895 1385 966 πνευματικὸν
1424 895 1654 949 πλοῦτον
1679 911 1694 926 ’
1725 893 1825 946 εἴτ’

247 990 304 1038 ἐν
339 987 648 1056 ὑποκρίσει,
681 984 757 1048 ὡς
786 985 930 1038 κατὰ
961 985 1205 1039 διάθεσιν
1243 986 1603 1056 ἐστερημένοι
1635 984 1822 1040 αὑτοῦ·

247 1078 347 1129 εἴτ’
375 1075 719 1140 ὲνδιαθέτως,
759 1077 834 1140 ὡς
861 1075 956 1129 τοῦ
991 1077 1304 1145 σωματικοῦ
1348 1077 1700 1147 ἀποροῦντες,
1733 1079 1827 1130 καὶ

245 1172 314 1222 τὰ
345 1169 591 1222 ἐντεῦθεν
635 1169 1046 1238 προσπίπτοντα
1073 1169 1299 1242 θλισερά
1331 1169 1670 1241 εὐχαρίστως
1698 1171 1829 1225 ὑποε-

249 1261 524 1328 μένοντες.

326 1352 431 1404 Καὶ
471 1352 630 1406 εισὶν
673 1355 730 1406 οἱ
776 1353 1202 1419 ταπεινοῦντες
1244 1352 1496 1420 ἑαυτοὺς
1525 1354 1594 1407 ἐν
1621 1346 1828 1418 πολ.ἲῷ

246 1445 506 1510 πλούτῳ.
543 1443 709 1508 Αὖθις
754 1445 810 1498 δὲ
849 1446 1207 1516 ὑπάρχουσιν,
1254 1447 1450 1510 οἵτινες
1499 1447 1828 1515 κατάγουσιν

246 1538 494 1600 ἑαυτοὺς,
555 1537 664 1590 εἴτε
717 1541 1028 1608 πράγματι,
1083 1542 1147 1592 ὲκ
1192 1540 1290 1609 τῆς
1333 1539 1482 1602 θείας
1524 1542 1689 1608 τιμῆς
1733 1537 1828 1592 τοῦ

246 1627 366 1679 κατ’
410 1627 594 1680 εἰκόνα
627 1629 686 1681 ἐν
715 1629 793 1697 τῷ
849 1628 1118 1682 ἀπολέσαι
1167 1629 1228 1682 τὸ
1271 1629 1392 1682 καθ’
1435 1629 1711 1698 ὁμοίωσιν,
1739 1629 1832 1682 διὰ

1288 241 1828 306 COMMENTARII
1876 239 1958 300 ΙΝ
1999 241 2455 304 PROVERBIA.

3366 243 3501 309 13.50

1997 351 2197 420 Impias
2229 362 2402 406 autem
2423 367 2614 419 pravos
2639 349 2768 418 facit
2792 362 3084 419 peccatum.
3106 349 3209 416 Qul
3239 365 3368 406 vero
3392 368 3498 404 non

1930 457 2027 512 per
2044 445 2457 497 observantiam
2479 442 2787 496 divinorum
2824 441 3204 496 mandatorum
3231 442 3502 495 honorant

1929 544 2208 587 auctorem
2242 534 2466 586 illorum
2497 531 2684 594 Deum,
2717 531 2817 584 hos
2841 531 3014 586 malos
3041 530 3203 586 cﬂicit
3231 532 3321 585 illa
3338 545 3500 602 quam

1867 683 1878 690 ,
1929 623 2223 677 intendunt
2251 626 2521 692 neglet'tio
2551 623 2701 677 boni.

1999 713 2166 769 Vsus.
2212 716 2260 768 7.
2299 712 2434 768 Sunt
2472 712 2562 781 qui
2602 713 2781 764 ditant
2810 713 3033 780 seipsos,
3060 711 3194 765 nihil
3233 712 3501 768 habentes.

1932 803 2070 860 Sunt
2104 806 2196 875 qui
2225 805 2330 858 sibi
2358 811 2618 872 arrogant
2641 803 2972 872 spirituales,
3005 803 3306 857 secundum
3333 805 3505 858 virtu-

1935 910 2038 954 tem
2067 895 2328 960 divitias;
2355 896 2471 948 sive
2499 895 2778 958 simulate,
2817 895 2970 962 quasi
2996 894 3192 950 aﬂ'ectu
3219 895 3303 948 his
3323 895 3502 963 priva-

1932 987 2008 1052 ti;
2052 987 2166 1040 sive
2201 987 2436 1046 sincere,
2477 984 2568 1052 qui
2597 984 2724 1036 dum
2752 983 3131 1052 corporalibus
3170 982 3380 1037 divitiis
3413 996 3506 1036 ca-

1932 1080 2092 1128 reant
2141 1073 2267 1124 inde
2300 1071 2683 1139 contingentes
2736 1082 3012 1123 aerumnas
3039 1084 3166 1122 cum
3203 1070 3506 1139 gratiarum

1920 1149 2150 1220 actione
2180 1169 2302 1218 sust
2317 1164 2490 1216 ineut.

2009 1343 2074 1398 Et
2106 1353 2232 1398 sunt
2273 1343 2614 1396 humiliuntes
2646 1359 2697 1397 se
2729 1344 2783 1396 in
2817 1343 2998 1396 multis
3033 1341 3265 1396 divitiis.
3300 1339 3502 1396 lterum

1935 1449 2084 1500 sunt,
2129 1435 2223 1505 qui
2276 1450 2337 1488 se
2385 1435 2715 1500 humiliaut;
2765 1434 2881 1488 sive
2905 1449 2986 1499 re,
3026 1432 3194 1487 Deum
3233 1433 3506 1488 exteriore

1935 1537 2145 1582 tantum
2202 1528 2410 1579 honore
2443 1528 2708 1590 colentes,
2750 1525 3028 1594 perdenth
3055 1523 3198 1594 quod
3226 1525 3360 1577 nihil
3397 1525 3502 1580 nisi

1937 1621 2176 1689 Speciem
2212 1620 2406 1680 habet,
2436 1635 2531 1688 per
2579 1621 2811 1670 aLusum
2845 1617 3296 1685 supeillueutium
3326 1625 3378 1671 et
3411 1631 3507 1670 su-

244 1719 344 1785 τῆς
368 1720 772 1790 παραχρήσεως
795 1719 890 1774 τοῦ
922 1721 1179 1788 περιττοῦ
1211 1723 1306 1774 καὶ
1339 1721 1479 1791 ὑπὲρ
1507 1721 1605 1789 τὴν
1628 1722 1819 1792 χρείαν

1948 1729 2022 1766 ira
2051 1713 2431 1766 necessitatem
2464 1711 2848 1764 exsistcutiuzn
2888 1709 3250 1776 corporalium
3277 1707 3509 1761 divitia-

249 1809 562 1879 σωματικοῦ
601 1809 856 1874 πλούτου,
909 1811 1003 1864 καὶ
1047 1813 1159 1873 τοῖς
1201 1812 1420 1878 ἀλόγοις
1470 1809 1820 1881 συμφυρῆναι

1792 1895 1894 1912 -a—

247 1900 518 1953 πάθεσινο
569 1900 682 1952 εἴτε
733 1903 1063 1970 φρονήματι,
1113 1904 1172 1954 ὲν
1229 1901 1306 1971 τῷ
1353 1900 1678 1970 πληρώματι
1725 1900 1818 1952 τοῦ

247 1991 386 2045 κατά
407 1991 607 2059 γνῶσιν
639 1993 733 2044 καὶ
768 1993 969 2062 ἀρετὴν
1001 1993 1377 2062 πνευματικοῦ
1409 1992 1668 2063 πλούτου,
1698 1992 1822 2044 ἐαυ-

245 2083 371 2145 toi);
397 2083 650 2148 ἀναξίους
676 2082 812 2136 Θεοῦ
843 2083 1204 2154 λογιζόμενοι.

315 2180 384 2241 η’.
419 2174 654 2242 Λύτρον
687 2173 912 2242 "duxti;
969 2173 1210 2241 ἀνδρὸς,
1261 2176 1298 2228 ό
1339 2173 1488 2239 ἴδιος
1535 2173 1817 2238 πλοῦτος.

246 2264 358 2317 Καὶ
408 2263 692 2334 ἐλευθερία
729 2264 828 2332 μέν
880 2265 995 2316 ἐστι
1045 2265 1144 2333 τῆς
1189 2263 1368 2333 ψυχῆς
1417 2262 1514 2316 τοῦ
1560 2263 1823 2330 γενναίως

247 2355 387 2407 κατά
422 2353 534 2406 τῶν
584 2355 774 2406 παθῶν
807 2354 1220 2424 ἀνδριζομένου,
1254 2354 1354 2404 εἴθ’
1390 2355 1417 2406 ὁ
1454 2351 1824 2421 γνησιώτατος

245 2447 312 2515 τῇ
345 2443 510 2496 αὑτοῦ
543 2444 689 2513 ψυχῇ
737 2444 880 2495 κατὰ
915 2443 1117 2511 γνῶσιν
1153 2444 1247 2495 καὶ
1289 2443 1492 2512 ἀρετὴν
1530 2458 1822 2508 πνευματι-

249 2533 341 2596 κὸς
372 2532 619 2595 πλοῦτος,
652 2532 728 2594 ὡς
759 2533 936 2600 πάσης
965 2532 1186 2598 ἀγνοίας
1217 2533 1309 2584 καὶ
1331 2532 1526 2592 κακίας
1553 2530 1826 2583 ἀπαλλάτ-

247 2641 356 2677 των
384 2625 555 2694 αὑτήν
581 2640 594 2654 ·
631 2623 733 2676 εἴθ’
773 2625 801 2674 ὁ
851 2623 911 2687 ἐξ
949 2623 1096 2676 ἰδίων
1139 2624 1316 2674 πόνων
1349 2623 1635 2692 συναχθεὶς
1675 2620 1824 2690 αὐτῷ

251 2716 559 2785 σωματικὸς
581 2716 664 2777 είς
692 2715 932 2787 πένητας
975 2715 1424 2785 σκορπιςόμενος,
1468 2712 1602 2782 πρὸς
1631 2711 1824 2780 λύτρον

249 2806 356 2860 τῶν
381 2807 802 2878 ἁμαρτημάτων
824 2806 1012 2860 αὑτοῦ.

321 2903 562 2970 Πτωχὸς
591 2900 656 2953 δὲ
678 2904 792 2969 οὐχ
821 2901 1146 2969 ὑφίσταται
1192 2898 1470 2965 ἀπειλήν.
1516 2899 1571 2953 ’0
1601 2901 1826 2974 ἐστερη-

253 2991 415 3060 μένος
444 2992 501 3046 δὲ
532 2992 782 3057 πλούτου,
828 2992 940 3044 εἴτε
983 2991 1320 3060 σωματικοῦ,
1367 2993 1476 3044 είτε
1527 3009 1825 3061 πνευματι-

250 3083 372 3150 κοῦ,
413 3086 473 3137 ού
511 3086 755 3152 φοϐεῖται
798 3082 1030 3153 ἀπειλὴν
1056 3083 1155 3153 τῆς
1193 3082 1492 3154 μελλούσης
1530 3083 1823 3149 κολάσεως,

251 3177 334 3230 ὅτι
363 3176 566 3246 ταύτης
591 3177 655 3230 δι’
686 3175 997 3248 ἀφροσύνην
1027 3179 1381 3247 καταφρονεῖ.

325 3269 384 3322 0'.
419 3267 547 3333 Φῶς
567 3267 818 3333 δικαίοις
840 3266 939 3320 διὰ
961 3268 1208 3334 παντός.
1229 3268 1336 3320 Καὶ
1362 3267 1422 3321 τὺ
1451 3268 1551 3338 μὲν
1574 3270 1673 3339 τῆς
1707 3268 1825 3321 θεο-

250 3357 486 3424 γνωσίας
533 3357 668 3427 φῶς,
698 3359 761 3409 ἐκ
807 3355 902 3408 τοῦ
946 3355 1048 3424 τῆς
1088 3355 1432 3427 δικαιοσύνης
1465 3359 1666 3421 Ἡλίου,
1713 3359 1825 3421 τοῖς

250 3446 389 3501 κατὰ
415 3447 506 3500 τὸν
549 3446 690 3498 θεῖον
723 3445 885 3517 νᾶμον
927 3443 1036 3498 τῶν
1087 3445 1318 3498 ἐντολῶν
1367 3448 1822 3516 πολιτευομένοις,

247 3537 324 3602 ὡς
349 3539 516 3590 ἀΐδιον
565 3537 863 3606 ἐπιλάμπει
909 3536 1155 3597 ἀδύτωςο
1209 3536 1352 3588 κατά
1396 3538 1496 3604 μὲν
1533 3538 1594 3590 τὸ
1626 3539 1822 3607 παρὸν,

249 3628 614 3697 ἀμυδρότερον
640 3643 654 3658 ο
687 3627 828 3680 κατᾶ
853 3626 910 3678 δὲ
941 3627 1003 3678 τὸ
1045 3625 1256 3696 μέλλον,
1290 3627 1617 3699 τρανότερον
1649 3645 1706 3680 τε
1731 3626 1824 3681 καὶ

251 3718 354 3766 καθ
365 3716 535 3784 αρώτε
546 3733 658 3786 ρον.

321 3821 450 3888 Φῶς
482 3823 550 3876 δὲ
583 3822 818 3877 ἀσεϐῶν
869 3823 1214 3878 σϐέννυται.
1256 3825 1329 3877 Τὸ
1370 3824 1428 3878 δὲ
1477 3826 1575 3896 τῆς
1603 3827 1729 3894 περ’.
1757 3826 1824 3879 τὰ

251 3912 468 3983 φθαρτὰ
514 3913 636 3966 κατ’
673 3912 926 3979 αἴσθησιν
976 3912 1230 3980 γνώσεως
1263 3913 1540 3982 ἀπατηλὸν
1571 3915 1685 3982 φῶς
1715 3915 1824 3966 τῶν

253 4003 328 4073 μὴ
355 4003 421 4056 δι’
450 4003 625 4074 ἔργων
667 4003 1012 4073 δικαιοσύνης
1057 4005 1340 4074 τιμώντων
1372 4004 1526 4069 Θεὸν,
1569 4007 1704 4074 ταχὺ
1747 4005 1823 4066 ὡς

253 4096 586 4166 πρόσκαιρον
641 4094 983 4164 ἀφανίζεται.

327 4187 519 4256 Ψυχαὶ
580 4187 771 4240 δόλιοι
828 4187 1172 4240 πλανῶνται
1217 4187 1289 4240 ἐν
1339 4189 1669 4256 ἁμαρτίαις.
1714 4189 1824 4242 Καὶ

252 4278 416 4349 ψυχαὶ
449 4279 570 4348 μὲν,
603 4280 658 4332 ai
687 4279 879 4349 βόθρον
905 4282 1016 4341 τοῖς
1047 4279 1273 4347 πλησίον
1303 4281 1653 4350 ὸρύσσουσαι,
1681 4284 1825 4335 ἁπα-

1930 1818 2090 1866 rum,
2147 1809 2202 1853 et
2242 1799 2722 1854 irrationabilibus
2766 1797 3061 1851 turbantur
3107 1797 3504 1866 passioaibus;

1929 1898 2044 1952 sive
2071 1904 2269 1958 ιιιοιιιο,
2297 1894 2645 1948 cumulantes
2667 1891 2982 1959 spirituales
2997 1889 3297 1966 secundum
3321 1889 3504 1944 scien-

1931 1989 2056 2043 tiam
2101 1995 2156 2042 et
2200 1988 2458 2042 virtutem
2493 1986 2736 2052 divitias,
2794 2000 2854 2040 se
2888 1985 3146 2054 indignos
3198 1983 3304 2038 Deo
3349 1999 3508 2054 repu-

1931 2087 2072 2135 tant.

2001 2169 2171 2224 Vsus.
2197 2169 2250 2222 8.
2294 2167 2603 2236 Redemptio
2633 2167 2831 2220 anima:
2870 2167 2994 2229 viri,
3029 2166 3258 2236 propriae
3281 2163 3502 2220 dicitur.

1931 2261 2187 2315 Libertas
2217 2267 2299 2312 est
2334 2259 2530 2310 animm
2550 2257 2670 2326 ejus
2699 2257 2790 2326 qui
2828 2258 3056 2310 viriliter
3079 2265 3270 2310 contra
3293 2258 3507 2324 passio-

1934 2370 2030 2407 nes
2061 2353 2323 2416 luclatur,
2377 2353 2492 2404 sive
2527 2351 2782 2418 legitimae
2813 2349 2934 2417 ejus
2967 2350 3165 2402 anime
3199 2348 3504 2402 secundum

1934 2443 2219 2496 scientiam
2256 2448 2309 2493 et
2341 2441 2598 2492 virtutem
2643 2438 2959 2506 spiritualcs
2990 2437 3215 2502 divitiae,
3249 2438 3316 2491 ab
3357 2438 3505 2491 omni

1935 2528 2241 2596 ignorantia
2281 2534 2336 2578 et
2391 2512 2598 2578 malitia
2643 2525 2877 2578 liberant
2915 2539 3076 2590 eum;
3128 2528 3242 2579 sive
3272 2526 3506 2594 propriis

1935 2621 2217 2673 laboribus
2253 2618 2502 2672 collecta:
2549 2617 2866 2686 corporales
2905 2615 3112 2669 divitiae
3145 2617 3198 2670 in
3241 2632 3506 2686 pauperes

1933 2711 2336 2773 dillunduntur,
2365 2712 2428 2761 ad
2463 2694 2801 2763 liberandum
2834 2723 2862 2761 a
2896 2710 3014 2764 suis
3043 2711 3454 2780 eum'peccatis.

2003 2890 2281 2945 Hendicus
2301 2908 2404 2944 non
2433 2890 2658 2944 sustinet
2686 2892 3168 2958 contminqtionem.
3193 2891 3294 2959 Qui
3324 2904 3503 2948 autem
3567 2892 3578 2900 ’

1879 3047 1895 3065 ἱ
1935 2985 2182 3052 privatus
2233 2991 2318 3034 est
2361 2981 2594 3046 divitiis,
2641 2982 2757 3035 sive
2809 2984 3082 3051 corporis,
3127 2983 3244 3038 sive
3286 2987 3503 3048 animae,

1935 3089 2042 3128 non
2075 3073 2396 3128 reformidat
2435 3075 2616 3127 minas
2662 3075 2875 3126 venturi
2913 3075 3190 3144 supplicii,
3221 3075 3350 3146 quia
3385 3075 3505 3128 illas

1933 3165 2003 3220 ob
2034 3165 2229 3219 mentis
2254 3163 2627 3232 insipientiam
2657 3162 2912 3233 despicit.

2004 3254 2169 3310 Vens.
2205 3256 2260 3310 9.
2288 3254 2407 3307 Lua:
2424 3255 2592 3324 justis
2622 3270 2845 3320 semper.
2864 3254 2981 3308 Lux
3006 3254 3208 3309 divina!
3238 3253 3502 3320 scientiae,

1931 3363 1961 3402 e
1985 3349 2110 3404 Sole
2138 3348 2368 3418 justitia:
2397 3357 2539 3412 orta,
2566 3347 2650 3401 his
2694 3348 2788 3418 qui
2823 3346 3125 3400 secundum
3162 3347 3332 3416 legem
3368 3347 3506 3400 divi-

1931 3456 2054 3494 nam
2082 3442 2464 3494 inaudatorum
2478 3441 2705 3510 degunt,
2729 3446 2936 3494 mterna
2963 3447 3016 3492 et
3037 3437 3504 3508 inexstinguibilis

1932 3531 2140 3600 fulget;
2187 3533 2240 3585 in
2291 3547 2538 3600 praesens
2579 3532 2912 3598 obscurior;
2958 3529 3014 3584 in
3060 3530 3304 3586 futurum
3351 3547 3504 3598 vero,

1929 3625 2133 3678 clarior
2153 3631 2209 3678 et
2238 3624 2449 3692 purior.

2001 3826 2120 3881 Lua:
2169 3836 2346 3881 autem
2396 3827 2680 3896 impiorum
2717 3829 3096 3899 exstinguitur.
3154 3828 3269 3885 Lux
3321 3837 3500 3886 autem

1931 3919 2164 3974 mendax
2201 3934 2384 3972 rerum
2438 3922 2884 3987 corruptibilium
2926 3921 3228 3975 secundum
3273 3935 3498 3976 sensum

1931 4009 2198 4073 Scientiae,
2233 4009 2287 4062 in
2311 4008 2396 4062 his
2419 4010 2512 4078 qui
2542 4025 2647 4063 non
2673 4026 2768 4079 per
2789 4012 3302 4081 operumjuStitiam
3331 4011 3497 4065 hono-

1934 4111 2053 4154 rant
2095 4100 2282 4164 Deum,
2315 4101 2462 4155 brevi
2498 4101 2726 4170 fugitiva
2761 4104 3058 4158 evanescit.

1985 4195 2206 4246 .Anima:
2244 4193 2444 4247 dolosa:
2494 4203 2678 4246 errant
2724 4196 2775 4246 in
2821 4196 3072 4260 peccatis.
3121 4198 3348 4264 Animae,
3379 4218 3500 4271 qua:

1931 4285 2134 4338 fossam
2168 4286 2418 4352 proximo
2452 4285 2728 4350 foderunt,
2757 4285 3132 4354 decipiuntur,
3165 4291 3383 4346 sibimet
3413 4294 3499 4346 af.

249 4372 470 4434 τῶνται,
502 4372 720 4434 ἑαυταῖς
776 4370 1136 4442 πριξενοῦσαι
1186 4371 1480 4435 ἀπώλειαν,
1515 4375 1575 4426 ἐν
1618 4369 1698 4438 οἷς
1727 4375 1823 4445 τὴν

1948 4376 2168 4430 'ercntes
2186 4377 2574 4446 perditionem,
2603 4376 2658 4430 in
2684 4376 2771 4430 his
2791 4378 2994 4446 quibus
3025 4380 3255 4434 aliorqu
3281 4383 3496 4439 ruinam

248 4461 358 4512 τῶν
391 4460 592 4530 ἑτέρων
631 4460 836 4530 βλάϐην
867 4461 1333 4532 ὲπιτεχνάζονται.

321 4551 540 4604 Δίκαιοι
564 4549 633 4602 δὲ
656 4553 1016 4620 οἰκτείρουσι
1040 4553 1137 4606 καὶ
1167 4554 1466 4608 ἐλεοῦσιν.
1495 4557 1559 4609 Ol
1585 4557 1654 4609 δι’
1683 4558 1820 4626 ἀγά-

249 4660 356 4714 πης
399 4642 457 4694 δὲ
489 4643 580 4696 τδν
621 4642 763 4695 θεῖον
807 4645 970 4713 νόμον
997 4645 1354 4716 πληροῦντες,
1400 4642 1578 4702 οἶκτον
1605 4649 1818 4718 λαμϐά-

248 4751 399 4787 νουσι
425 4734 533 4786 τῶν
576 4733 1014 4799 δυσπαθούντων,
1064 4738 1158 4790 καὶ
1203 4737 1597 4806 θεραπεύουσιν
1621 4743 1819 4803 αὐτοὺς

249 4827 390 4877 κατά
420 4823 646 4894 δύναμιν
665 4841 680 4855 ο
713 4823 812 4894 τὴν
836 4824 1042 4878 ἑαυτῶν
1073 4827 1330 4878 ἐντεῦθεν
1359 4831 1820 4901 πραγματευόμε-

247 4931 328 4966 νοι
363 4917 656 4985 σωτηρίαν.

321 5011 370 5056 ι’.
420 5007 614 5071 Κακὸς
643 5009 771 5074 μεθ’
808 5008 1028 5077 ὕϐρεως
1056 5006 1316 5076 πράσσει
1345 5009 1515 5062 κακά.
1551 5010 1608 5062 Ὁ
1635 5013 1817 5081 πάσης

247 5097 441 5158 κακίας
473 5099 911 5166 μεμεστωμένος,
943 5100 1310 5168 ἀναισχύντως
1351 5099 1578 5169 πράττει
1622 5102 1690 5154 τὰ
1722 5119 1816 5154 no-

249 5187 409 5256 νηράο
861 5251 866 5254 ,

313 5279 380 5331 οι
427 5275 496 5330 δὲ
527 5275 726 5331 αὐτῶν
778 5279 1198 5348 ἐπιγνώμονες.
1247 5283 1444 5349 σοφοί.
1475 5283 1538 5336 Οί
1569 5282 1614 5334 δ’
1640 5283 1697 5332 ὲν
1734 5277 1815 5346 οἷς

248 5366 418 5421 ταῦτα
486 5370 815 5438 πράττουσιν
846 5408 862 5429 .
935 5369 1388 5437 ἐπιγινώσκοντες
1450 5373 1550 5444 τὴν
1611 5373 1816 5425 οἰκείαν

249 5458 556 5523 ἀσθένειαν,
592 5462 683 5513 καὶ
711 5463 1280 5531 ταπεινοφρονοῦντες,
1326 5464 1446 5515 κατ’
1473 5465 1606 5516 αὐτὸ
1635 5465 1812 5528 τοῦτο,

252 5549 466 5620 μέτοχοι
494 5567 646 5614 τινος.
665 5554 855 5621 σοφίας
885 5554 1040 5606 εἰσίν.

322 5640 408 5694 ια’.
447 5643 728 5711 ’Υπαρξις
766 5645 1316 5717 ἐπισπουὸαζομένη
1361 5644 1512 5716 μετὰ
1540 5646 1811 5715 ἀνομίας,

1929 4469 2332 4523 machinantur.

1993 4559 2141 4615 Justi
2171 4572 2346 4616 autem
2380 4562 2697 4614 miserentur
2722 4570 2774 4616 et
2800 4562 3154 4632 opitulantur.
3189 4563 3294 4635 Qui
3317 4574 3496 4622 autem

1927 4669 2021 4722 per
2048 4654 2373 4707 eharitatem
2403 4652 2574 4722 legem
2619 4653 2859 4706 divinam
2905 4653 3222 4721 atlimplent,
3259 4656 3498 4712 infortu-

1927 4757 2178 4795 untorum
2213 4745 2567 4808 miserentur,
2608 4755 2662 4798 et
2689 4745 3033 4813 opitulantur
3065 4746 3173 4799 illis
3196 4763 3294 4816 pro
3324 4750 3499 4806 facul-

1925 4835 2156 4894 tatibus,
2187 4834 2411 4888 sibimet
2443 4836 2572 4888 iude
2609 4843 2972 4903 procurantes
2995 4836 3252 4892 salutem.

1995 5011 2164 5066 Vens.
2199 5017 2288 5069 ιο.
2327 5014 2507 5069 Holus
2540 5033 2657 5069 cum
2677 5019 2998 5072 contumelia
3025 5019 3153 5088 facit
3187 5021 3348 5075 mala.
3392 5022 3493 5090 Qui

1921 5106 2071 5158 omni
2125 5106 2332 5158 malitia
2382 5109 2618 5162 satiatus
2666 5119 2772 5174 est,
2833 5110 2959 5164 sine
3002 5113 3202 5166 rubore
3240 5099 3347 5178 agit
3380 5133 3496 5168 ma-

1923 5195 2089 5266 hgna.

1995 5287 2100 5352 Qui
2126 5296 2303 5341 autem
2335 5289 2416 5340 sui
2454 5290 2690 5356 ipsorum
2713 5292 3009 5361 cognitores
3039 5303 3183 5355 sunt,
3210 5297 3490 5364 sapientes.

1923 5379 2001 5434 illi
2031 5395 2161 5434 vero
2193 5379 2248 5432 in
2272 5381 2473 5448 quibus
2499 5383 2625 5435 talia
2654 5396 2847 5455 agunt,
2880 5395 3176 5441 noscentes
3217 5389 3490 5456 propriam

1923 5468 2319 5534 inﬁrmitatem,
2354 5478 2407 5522 et
2433 5471 2712 5528 humiliter
2741 5481 3064 5562 sentientes,
3095 5481 3164 5532 ob
3198 5479 3250 5532 id
3292 5496 3490 5550 Ipsum,

1922 5561 2217 5628 participes
2257 5562 2492 5631 alicujus
2523 5561 2808 5633 sapientiai
2843 5570 2999 5623 linat.

2002 5647 2170 5705 Vens.
2205 5651 2290 5706 Η.
2332 5653 2620 5722 Opuleutia
2645 5656 2898 5726 festinata
2929 5675 3044 5712 cum
3071 5658 3357 5731 injustitia,
3390 5664 3494 5717 mi-
