3964 6194
250 280 391 349 1353

1314 270 1852 342 COMMENTARII
1892 273 1974 340 IN
2012 278 2471 343 PROVERBIA.

3382 292 3514 356 1354

326 397 380 449 '0
409 370 478 450 δὲ
509 395 695 462 ἄνους
725 395 843 451 ὑπὸ
899 392 1145 466 παγίδος
1173 394 1462 451 θανεῖται.
1497 396 1557 449 ’0
1577 396 1634 451 δὲ
1662 396 1825 467 ἀνόηο

2004 394 2215 451 Stultus
2266 406 2445 453 autent
2487 397 2583 451 sub
2625 396 2812 468 laqueo
2879 399 3155 456 morietur.
3198 399 3515 460 lnsensatns

239 503 333 549 τος
367 484 650 556 συσχεθεὶς
701 485 778 549 ὡς
829 484 936 538 ὑπὸ
985 484 1211 553 παγίδος
1251 485 1418 554 τινὸς,
1457 486 1559 557 τῆς
1596 487 1724 557 περὶ
1764 487 1834 540 τά

241 576 402 631 ὕλικά
423 576 544 630 κατ’
569 574 827 646 αἴσθησιν
853 574 1087 647 πλάνης,
1122 574 1201 647 τῷ
1234 575 1357 631 καθ’
1387 575 1666 648 ἁμαρτίαν
1689 577 1829 630 ὀλεῖ-

240 686 332 724 ται
372 668 612 738 θανάτῳ.

313 788 394 835 ιε’.
431 782 691 847 Σύνεσις
728 780 920 851 ἀγαθὴ
984 779 1198 836 δίδωσι
1245 781 1445 850 χάριν.
1490 778 1554 834 Ἦ
1599 779 1710 835 τῶν
1754 782 1834 836 δι·

239 872 551 928 δασκόντων
582 871 894 945 τελεωτέρα
943 873 1076 943 περὶ
1116 872 1185 926 τὰ
1215 871 1334 926 θεῖα
1379 871 1660 944 ἐπιστήμη
1720 872 1835 935 τοῖς

241 964 648 1026 διδασκομένοις
670 963 824 1029 θείας
855 963 1115 1034 γνώσεως
1146 964 1492 1034 μεταδίδωσι.

319 1076 391 1127 Τό
436 1073 504 1126 δέ
536 1070 760 1135 γνῶναι
785 1074 977 1142 νόμον
1036 1072 1304 1138 διανοίας
1352 1070 1527 1125 ἐστὶν
1579 1069 1829 1140 ἀγαθῆς.

244 1164 319 1218 Τὸ
349 1160 397 1217 δ’
425 1144 625 1227 αὐτὸυς
653 1160 783 1227 τοῦς
839 1162 1322 1233 μαθητευομένους
1352 1160 1679 1215 καταλοΰεῖν
1723 1159 1834 1214 τῶν

243 1256 653 1325 διδασκομένων
684 1255 871 1319 αὐτοῖς
910 1253 1071 1307 θείων
1101 1252 1333 1307 ἐντολῶν
1364 1252 1465 1316 τὰς
1491 1251 1687 1318 αίτίας,
1722 1250 1837 1307 δια-

244 1346 394 1410 νοίας
417 1346 570 1400 ἐστὶν
599 1344 1050 1417 εὐθυδρομούσης
1082 1344 1221 1419 πρὸς
1243 1344 1344 1415 τὴν
1372 1342 1651 1413 ἀλήθειαν.

325 1455 484 1510 ὀδοὶ
514 1454 585 1509 δὲ
612 1455 1176 1525 καταφρονούντων,
1207 1453 1580 1520 ἐπι-ἀπωλείᾳ.
1606 1452 1671 1506 Ai
1699 1451 1837 1523 πρά-

246 1545 357 1612 ξεις
386 1546 446 1600 δὲ
488 1545 597 1599 τῶν
637 1547 772 1620 περὶ⁵
809 1548 911 1611 τὰς
957 1546 1110 1610 θείας
1147 1544 1370 1610 ὲντολάς
1412 1544 1629 1616 ἀμελῶς
1666 1544 1836 1598 διατι-

246 1638 514 1708 θεμένων,
554 1639 685 1712 περὶ
719 1638 782 1691 τὸ
817 1638 986 1710 μηδὲν
1030 1637 1447 1708 καταγίνονται·
1498 1637 1558 1691 ὲν
1583 1635 1693 1706 γὰρ
1722 1637 1836 1699 τοῖς

246 1724 367 1783 οὖσι
395 1728 458 1783 τὸ
489 1728 663 1783 κακὸν
692 1729 794 1783 οὐκ
817 1728 989 1783 ἐστιν.

320 1843 417 1902 ις’.
457 1836 583 1904 Πᾶς
622 1838 963 1910 πανοῦργος
1012 1837 1276 1907 πράσσει
1312 1836 1465 1907 μετὰ
1528 1836 1823 1908 γνώσεως.

248 1928 429 1992 ’Δπας
462 1930 490 1982 ό
513 1927 613 1998 τὴν
650 1929 1011 2000 ὲνεργητικὴν
1033 1928 1226 1983 πασῶν
1250 1928 1359 1982 τῶν
1385 1928 1596 1999 ἀρετῶν
1626 1944 1827 1997 κεκτη·-

250 2021 408 2090 μένος
447 2020 736 2090 φρόνησιν,
799 2019 1030 2089 πράττει
1080 2019 1180 2083 τὰς
1222 2019 1424 2091 ἀρετὰς
1476 2020 1615 2089 μετά
1642 2018 1823 2087 λόγου,

244 2115 539 2182 διακρίνων
562 2113 672 2168 ἀπὸ
704 2113 798 2167 τοῦ
830 2113 1038 2184 ἀγαθοῦ
1070 2115 1132 2170 τὸ
1160 2115 1352 2182 κακὸν,
1381 2116 1475 2170 καὶ
1502 2114 1646 2171 οὕτω
1669 2114 1828 2170 τοῦτο

246 2224 439 2262 ποαυν.

327 2315 390 2369 '0
430 2313 500 2368 es
531 2312 741 2384 ἄφρων
798 2315 1124 2380 ὲξεπέτασε
1173 2316 1287 2386 τὴν
1336 2316 1554 2372 ἑαυτοῦ
1586 2316 1824 2371 κακίαν.

248 2406 318 2486 :0
353 2406 412 2460 at
444 2407 674 2477 ἀνόητος
697 2408 760 2461 τὸ
788 2409 932 2484 κατὰ
959 2408 1199 2463 διάθεσιν
1238 2408 1567 2480 ἑνδομυχοῦν
1598 2412 1657 2464 ὲν
1679 2409 1830 2480 αὐτῷ

247 2495 418 2551 κακὸν
470 2494 784 2566 ὲξήπλωσε,
816 2496 907 2549 διὰ
936 2496 1190 2567 πράξεως
1236 2499 1316 2561 είς
1342 2497 1404 2550 τὸ
1433 2497 1665 2569 φανερὸν
1693 2498 1829 2566 ἀγα,

245 2589 383 2659 γῶν.
866 2657 877 2669 ο

322 2700 407 2764 ιζ’.
460 2698 759 2766 Βασιλεὺς
806 2698 1035 2769 θρασὺς
1100 2700 1377 2771 ἐμπίπτει
1418 2704 1506 2770 εἰς
1548 2701 1723 2757 κακά.
1771 2701 1829 2756 Ὀ

245 2791 340 2846 τοῦ
395 2793 519 2863 ϐλου
576 2790 868 2863 ἀνθρώπου
921 2793 1274 2863 ἡγεμονεύων
1322 2794 1467 2860 νοῦς,
1514 2797 1563 2849 εί
1613 2794 1689 2867 μὴ
1728 2793 1828 2865 τὴν

249 2884 570 2956 σωματικὴν
611 2883 996 2953 ἐπιγινώσκων
1040 2886 1322 2942 ἀσθένειαν
1346 2928 1361 2953 ,
1402 2887 1827 2957 συγκαταϐαίνει

249 2977 411 3047 αὐτῇ,
439 2976 854 3047 διεξερχόμενος
878 2978 981 3047 τὴν
1015 2980 1138 3032 κατ’
1183 2979 1385 3051 ἀρετὴν
1412 2981 1703 3052 μεσότητα,
1751 2978 1827 3043 ὡς

1942 496 2124 542 autem
2178 486 2476 558 impeditus
2520 487 2667 544 velut
2712 488 2765 543 in
2801 489 3133 560 quibusdam
3172 494 3406 558 retibus,
3456 496 3511 548 in

1937 593 2042 634 suo
2075 578 2223 634 circa
2264 581 2512 635 carnalia
2530 581 2838 636 secundum
2871 598 3098 639 sensum
3131 600 3343 653 errore,
3372 601 3514 641 mor-

1938 678 1991 725 te
2031 671 2334 726 secundum
2365 682 2649 743 peccatum
2673 670 2924 745 disperit.

2010 777 2173 837 Vens.
2218 781 2307 836 15.
2345 781 2604 838 Doctrina
2626 782 2763 838 bona
2794 784 2890 839 dat
2918 786 3172 854 gratiam.
3216 784 3520 845 Perfectior

1937 869 2250 926 docentium
2269 871 2421 927 circa
2455 887 2545 929 res
2569 873 2787 953 divinas
2824 874 3100 938 doctrina,
3135 875 3237 932 liOS
3264 877 3362 947 qui
3409 879 3523 935 edi-

1938 968 2101 1015 scunt
2126 959 2325 1015 divina!
2352 961 2596 1017 scientia:
2624 962 2923 1033 participes
2954 962 3104 1019 facit.

2012 1064 2344 1137 Cognoscere
2382 1077 2562 1123 autem
2613 1069 2796 1140 legem,
2832 1072 3196 1145 intelligentia:
3230 1083 3309 1128 est
3344 1075 3516 1131 bona.

1936 1155 2174 1222 Quando
2221 1165 2405 1213 autem
2458 1158 2563 1228 ipsi
2606 1160 2867 1248 discipuli
2903 1163 3383 1232 comprehendunt
3426 1165 3520 1223 Dei

1937 1246 2326 1302 mandatorum
2373 1262 2495 1317 quae
2526 1248 2636 1307 illis
2675 1246 2950 1306 docentur
2991 1266 3210 1316 causas,
3250 1254 3518 1309 indicium

1939 1346 2028 1396 est
2056 1338 2438 1409 intelligentiae
2459 1356 2582 1412 qua:
2612 1350 2764 1398 recta
2790 1344 2968 1399 tendit
2994 1345 3065 1400 ad
3101 1345 3411 1403 veritatem.

2017 1447 2132 1503 Viae
2154 1458 2332 1503 autem
2361 1458 2786 1519 contemptorum
2821 1452 2876 1506 in
2911 1451 3229 1521 perditione.
3256 1453 3518 1510 Actiones

1938 1542 2160 1598 illorum
2193 1543 2289 1614 qui
2339 1544 2492 1599 circa
2548 1542 2731 1598 divina
2782 1542 3044 1599 mandata
3085 1546 3424 1617 negligenter
3459 1561 3521 1603 se

1942 1635 2168 1699 habent,
2210 1635 2362 1691 circa
2403 1633 2635 1691 nihilum
2686 1641 3007 1703 morantur;
3040 1634 3098 1691 in
3132 1636 3337 1693 talibus
3369 1637 3513 1694 enim

1860 1742 1905 1798 Β
1935 1728 2137 1783 malum
2171 1744 2280 1784 non
2310 1735 2417 1784 est.

2008 1836 2179 1893 Vens.
2236 1835 2325 1891 16.
2384 1835 2574 1891 Omnis
2613 1845 2825 1891 astutus
2866 1836 2980 1907 agit
3014 1853 3141 1892 «cum
3185 1836 3517 1909 cognitione.

1931 1929 2126 1986 Omnis
2154 1929 2251 2000 qui
2299 1928 2515 1998 plenam
2559 1928 2809 1984 omnium
2858 1928 3122 1983 virtutum
3175 1928 3407 2001 adeptus
3435 1937 3522 1985 est

1931 2021 2376 2092 intelligentiam.
2428 2018 2663 2075 virtutes
2703 2028 2927 2077 exercet
2960 2036 3085 2076 cum
3159 2022 3396 2089 ratione,
3432 2024 3519 2078 di-

1930 2109 2168 2166 scrimen
2216 2124 2386 2181 agens
2408 2110 2536 2165 boni
2568 2117 2624 2165 et
2663 2110 2813 2177 mali,
2864 2111 3055 2180 sicque
3092 2111 3225 2168 illud
3287 2113 3514 2170 faciens.

2002 2316 2110 2383 Qui
2140 2322 2322 2369 autem
2361 2312 2562 2367 stultus
2594 2321 2699 2377 est,
2731 2312 2981 2381 patefecit
3012 2330 3167 2369 suam
3204 2316 3515 2386 nequitiam.

1929 2405 2248 2463 lnsensatus
2311 2412 2496 2460 autem
2554 2405 2898 2461 reconditum
2961 2405 3015 2460 in
3070 2408 3259 2463 animo
3314 2413 3515 2464 malum

1934 2499 2222 2571 patefacit,
2262 2512 2359 2569 per
2386 2498 2660 2554 actionem
2702 2497 2835 2553 illud
2868 2500 3050 2569 palam
3099 2501 3416 2557 ostendens.

2002 2696 2172 2754 Vens.
2225 2696 2312 2753 i7.
2347 2695 2460 2751 Rea:
2490 2698 2678 2751 audax
2721 2697 2865 2751 cadit
2898 2698 2952 2751 in
2993 2698 3161 2752 mala.
3198 2697 3351 2755 Mens
3395 2716 3516 2772 qua

1930 2793 2106 2843 totum
2163 2787 2436 2844 hominem
2454 2790 2612 2859 regit,
2633 2787 2740 2842 nisi
2772 2789 3021 2858 corporis
3037 2789 3325 2857 debilitati,
3350 2805 3514 2862 quam

1933 2879 2241 2951 cognoscit,
2271 2880 2546 2944 consulat,
2566 2880 2815 2935 mediam‘
2831 2880 2885 2935 in
2919 2881 3128 2938 virtute
3152 2882 3294 2938 viam
3325 2897 3514 2940 recur-

1930 2986 2083 3038 rens,
2130 2986 2195 3027 ex
2247 2970 2420 3026 nimia
2463 2970 2694 3026 audacia
2742 2971 2895 3026 cadit
2935 2973 2989 3027 in
3037 2972 3387 3031 dillicultatcs
3441 2976 3515 3033 ob
3602 3011 3611 3021 ι

253 3068 565 3139 παράϐολος
592 3069 915 3139 περιπίπτει
938 3070 1055 3133 τοῖς
1084 3069 1207 3123 καθ’
1236 3071 1546 3143 ὑπερϐολὴν
1570 3072 1667 3142 τῆς
1693 3072 1824 3142 ἀρε·

1954 3064 2404 3136 :xaggerationem
2425 3064 2643 3120 virtutis
2670 3059 2840 3120 o‘rtas.
2876 3134 2883 3147 ι

250 3157 353 3227 τῆς
390 3157 642 3212 πάθεσιν.

325 3268 608 3337 Ἀγγελος
637 3267 706 3322 δὲ
729 3268 922 3339 σοφὸς
975 3271 1186 3339 ῥύεται
1220 3271 1425 3326 αὐτόν.
1470 3268 1831 3327 Ἀπαλλάττει

250 3360 310 3413 δὲ
337 3361 500 3414 αὑτὸν
524 3361 621 3415 τοῦ
654 3362 903 3417 τοιούτου
939 3362 1214 3428 κινδύνου,
1245 3364 1274 3416 ό
1300 3363 1401 3433 τῆς
1424 3362 1668 3433 μεγάλης
1710 3361 1833 3433 βου-

250 3451 349 3521 λῆς
375 3451 469 3505 τοῦ
503 3452 720 3524 Πατρὸς
753 3452 1022 3520 Ἀγγελος
1054 3468 1070 3485 ο
1100 3455 1129 3506 ό
1148 3452 1309 3522 σοφὸς
1341 3452 1527 3524 ίατρὸς
1549 3452 1660 3506 τῶν
1690 3453 1830 3523 ἡμε-

250 3542 426 3616 τέρων
451 3544 643 3615 ψυχῶν
691 3544 827 3609 Θεὸς
863 3545 1058 3613 Λόγος,
1112 3544 1412 3615 συγχωρῶν
1446 3544 1610 3599 αὐτὸν
1647 3545 1829 3599 ποικί-

251 3634 365 3701 λοις
389 3638 711 3708 περιπεσεῖν
748 3637 1019 3691 πάθεσιν
1061 3637 1149 3691 ἵνα
1180 3636 1327 3708 μάθῃ
1362 3639 1826 3709 ταπεινοφρονεῖν,

258 3728 349 3782 καὶ
388 3727 464 3796 μὴ
488 3730 556 3798 τῇ
595 3728 836 3799 διακένῳ
870 3727 998 3800 δόξῃ
1025 3727 1445 3798 ὲμματαιάζειν.
1511 3761 1515 3765 ~

326 3840 419 3905 ιη’.
474 3837 696 3890 Πενίαν
750 3836 852 3890 καί
907 3837 1147 3907 ἀτιμίαν
1188 3833 1521 3905 ἀφαιρεῖται
1570 3834 1826 3891 παιδεία.

265 3925 328 3979 Ἦ
381 3924 490 3978 τῶν
532 3925 803 3981 ἀκουσίων
855 3926 1033 3980 πόνων
1096 3927 1361 3996 ἐπαγωγὴ
1391 3965 1406 3990 ,
1447 3924 1544 3995 τὴν
1605 3925 1831 3996 σύντρο-

254 4039 353 4091 φον
391 4026 455 4092 τῇ
504 4021 628 4076 καθ’
676 4021 869 4093 ἡδονὴν
915 4019 1173 4074 στενὼσει
1217 4020 1473 4092 στέρησιν
1513 4019 1608 4072 τοῦ
1663 4036 1830 4072 πνευ-

253 4108 485 4180 ματικοῦ
556 4110 829 4174 πλούτου,
906 4109 1004 4163 καῖ
1057 4110 1126 4164 τὰ
1184 4109 1479 4181 ἀτιμοποιά
1530 4108 1678 4180 πάθη
1732 4127 1829 4161 πε-

257 4204 497 4272 ριαιρεῖ’
555 4202 617 4256 τὸ
662 4200 905 4264 συνειδὸς
950 4199 1301 4270 διεγείρουσα
1350 4200 1429 4262 είς
1469 4198 1690 4269 ἔλεγχον
1735 4197 1829 4251 τοῦ

252 4310 423 4347 κακου
432 4332 447 4346 .

2010 3266 2247 3322 Nuntius
2282 3276 2460 3321 autem
2488 3268 2698 3336 sapiens
2734 3267 2919 3323 liberat
2941 3282 3081 3326 eum.
3110 3270 3366 3329 Custodit
3394 3289 3453 3332 se
3479 3291 3508 3329 a

1932 3354 2099 3411 simili
2135 3356 2381 3426 periculo
2415 3357 2601 3426 magni
2632 3357 2850 3413 consilii
2884 3360 3062 3429 patris
3094 3360 3375 3432 Angelus;
3422 3378 3511 3421 sa-

1932 3448 2090 3519 piens
2118 3452 2435 3504 nost’rarum
2471 3449 2783 3505 animarum
2799 3451 3073 3516 medicus,
3098 3452 3243 3509 Deus
3258 3455 3507 3521 verbum,

1936 3537 2262 3606 permittens
2292 3553 2352 3594 se
2381 3538 2555 3594 variis
2598 3539 2836 3596 motibus
2862 3541 3082 3612 agitari,
3110 3553 3168 3598 ut
3187 3543 3383 3602 doceat
3408 3562 3510 3603 nos

1937 3627 2224 3683 humiliter
2264 3628 2496 3692 sentire,
2526 3644 2705 3699 neque
2736 3629 2884 3684 inani
2923 3631 3096 3698 gloria
3127 3633 3326 3689 inﬂari.

2004 3830 2177 3888 Vens.
2214 3832 2301 3887 18.
2341 3827 2730 3901 Paupertatem
2756 3840 2806 3887 et
2836 3833 3183 3904 ignominiam
3223 3834 3399 3905 aufert
3424 3836 3513 3890 di-

1935 3924 2180 3992 sciplina.
2220 3922 2508 3979 Erumnze
2532 3939 2655 3994 qum
2697 3923 2961 3980 invadunt
3003 3925 3223 3994 invitos,
3269 3929 3510 3985 animam

1937 4014 2140 4085 gaudio
2176 4014 2341 4069 simul
2372 4012 2759 4086 spiritualibus
2801 4014 3008 4073 divitiis
3046 4018 3319 4089 privatam
3370 4021 3514 4079 ditc-

1933 4114 2118 4169 scunt;
2173 4104 2486 4175 vilibusque
2533 4115 2771 4175 purgant
2815 4110 3192 4178 passionibus,
3223 4112 3513 4169 conscien-

1932 4196 2066 4249 tiam
2100 4195 2392 4251 excitando
2437 4197 2490 4251 in
2524 4198 3012 4268 reprehensionem
3041 4202 3192 4256 mali.

332 4400 397 4452 Ὀ
445 4399 514 4452 δὲ
573 4399 914 4468 φυλάσσων
971 4399 1261 4470 ἐλέγχους
1282 4440 1297 4465 ,
1360 4398 1823 4465 δοξασθήσεται.

2007 4393 2112 4459 Qui
2136 4403 2313 4449 autem
2344 4395 2771 4465 reprehensiones
2807 4398 3068 4463 observat,
3098 4401 3510 4470 gloriﬁcabitur.

269 4488 328 4541 '0
360 4488 417 4540 δὲ
465 4490 594 4552 τοὺς
643 4489 752 4542 τῶν
788 4489 964 4545 πόνων
1010 4490 1287 4560 ἐλέγχους,
1336 4488 1412 4560 μὴ
1445 4489 1514 4542 δι’
1536 4488 1828 4559 ὀλιγωρίαν

255 4577 527 4641 ἀπόλλων,
575 4578 711 4632 ἀλλὰ
770 4580 1050 4652 συντηρῶν
1094 4580 1315 4641 τούτους
1372 4580 1502 4652 παρ’
1535 4578 1712 4649 ἑαυτῷ
1760 4578 1828 4633 δι’

253 4669 576 4741 εὐχαρίστου
625 4668 923 4741 ὑπομονῆς,
975 4670 1073 4740 τῆς
1124 4671 1275 4743 παρὰ
1316 4670 1438 4741 Θεῷ
1467 4669 1713 4735 τεύξεται
1746 4670 1826 4723 δό·

252 4760 371 4830 ξης-

324 4868 409 4922 ιθ’.
478 4868 819 4938 Ἐπιθυμίαι
891 4867 1174 4937 εὐσεϐῶν,
1233 4869 1527 4937 ἡδύνουσι
1595 4869 1826 4939 ψυχήν.

250 4959 318 5011 Αἰ
353 4957 481 5029 περὶ
528 4959 591 5012 τὸ
642 4959 852 5029 ἀγαθὸν
898 4958 1113 5029 ἐφέσεις
1162 4959 1270 5013 τῶν
1315 4960 1706 5031 ἀγαθοεργίαις
1746 4977 1829 5012 τι-

258 5047 484 5120 μώντων
511 5050 668 5117 Θεὸν,
699 5054 765 5123 τῇ
817 5050 1010 5104 τούτου
1041 5051 1296 5121 ὲπιτυχίᾳ
1330 5052 1685 5123 εὐφραίνουσι
1723 5052 1830 5121 ψυ-

253 5142 374 5213 xiv-

326 5233 517 5306 Ἔργα
578 5235 649 5289 δὲ
719 5235 955 5291 ἀσεϐῶν
978 5277 994 5303 ,
1070 5241 1303 5306 μακρὰν
1358 5236 1478 5291 ἀπὸ
1536 5236 1828 5305 γνώσεως.

252 5328 317 5380 Ai
367 5328 424 5380 δὲ
477 5328 705 5399 πράξεις
779 5328 890 5382 τῶν
949 5329 1024 5400 μὴ
1089 5329 1231 5383 οὕτω
1282 5329 1570 5399 τιμώντων
1635 5330 1826 5392 αὐτὸν,

252 5421 442 5493 πόῤῥω
503 5421 603 5492 τῆς
638 5420 735 5475 τοῦ
784 5421 992 5490 ἀγαθοῦ
1033 5425 1140 5476 είσι
1193 5421 1468 5491 γνώσεως,
1526 5422 1602 5487 ὡς
1647 5423 1831 5490 ἀλογοι

252 5512 347 5565 καὶ
411 5512 629 5583 ἀπάτης
687 5512 924 5583 μεσταί·
981 5514 1273 5567 κάντεῦθεν
1329 5515 1545 5578 πάντως
1602 5515 1689 5569 διὰ
1735 5514 1833 5586 τὴν

250 5600 345 5655 τοῦ
391 5600 564 5655 κακοῦ
615 5601 854 5671 πεῖρανῇ
883 5600 1156 5655 θλίϐουσιν
1214 5601 1279 5653 ὲκ
1333 5600 1693 5671 μεταμελείας
1727 5600 1831 5671 ψυ-

251 5694 373 5766 λήν.
585 5785 861 5846 Ριτιιοι..
909 5778 1026 5846 G'n.
1073 5782 1433 5845 LXXXVII.

1934 4485 2037 4552 Qui
2083 4487 2348 4543 mrumnis
2380 4488 2653 4543 excitatos
2689 4486 3057 4548 conscientia:
3095 4494 3350 4551 stimulos
3399 4512 3512 4552 non

1935 4580 2341 4651 parvipendens
2380 4582 2662 4652 opprimit,
2699 4582 2793 4638 sed
2833 4585 2979 4654 apud
3010 4601 3071 4641 se
3106 4584 3253 4643 fovet
3284 4597 3439 4658 grato
3458 4598 3513 4646 et

1935 4672 2212 4726 constanti
2267 4672 2489 4739 animo,
2549 4673 2653 4728 sibi
2707 4675 2849 4744 apud
2921 4676 3089 4732 Deum
3166 4682 3513 4749 comparabit

1932 4762 2167 4819 laudem.
2233 4801 2239 4805 -

2003 4872 2171 4927 Vens.
2214 4871 2301 4927 i9.
2355 4872 2628 4929 Desideria
2677 4877 2885 4944 piorum
2929 4877 3208 4946 lwtiﬁcant
3250 4884 3510 4939 animam.

1932 4962 2112 5015 Animi
2159 4961 2214 5016 in
2251 4962 2456 5017 bonum
2501 4966 2742 5035 impetus
2787 4967 2841 5019 in
2884 4966 2971 5021 his
3003 4970 3098 5037 qui
3134 4971 3295 5026 bonis
3330 4974 3511 5044 operi-

1934 5054 2040 5108 bus
2092 5054 2367 5109 honorant
2421 5054 2625 5122 Deum,
2680 5058 2825 5113 felici
2877 5059 3026 5114 exitu
3072 5061 3345 5118 delectant
3394 5068 3513 5123 asi-

1934 5160 2098 5200 mam.
2340 5188 2361 5209 ,
2633 5216 2638 5220 ἡ

2007 5234 2180 5306 Opera
2228 5248 2403 5293 autem
2432 5222 2713 5309 impiorum
2752 5241 2904 5314 longe
2924 5261 2956 5297 a
2985 5245 3222 5301 scientia.
3254 5248 3512 5306 Actiones

1934 5342 2063 5382 vero
2111 5328 2329 5384 illorum
2373 5331 2466 5400 qui
2516 5346 2651 5400 non
2689 5331 2763 5387 ita
2803 5334 3074 5388 honorant
3121 5335 3316 5405 Deum,
3351 5339 3513 5407 longe

1935 5426 2068 5470 sunt
2097 5431 2127 5470 a
2159 5417 2469 5487 cognitione
2506 5420 2657 5486 boni,
2708 5429 2969 5493 tanquam
3005 5426 3215 5482 ratione
3261 5438 3514 5482 carentes

1935 5516 1982 5561 et
2016 5521 2203 5562 errore
2234 5509 2406 5577 plenae
2430 5528 2446 5578 ;
2480 5522 2534 5566 et
2566 5512 2687 5567 ideo
2716 5515 2788 5570 ob
2817 5517 3173 5571 tentationem
3195 5516 3345 5583 mali,
3369 5535 3517 5576 sem-

1938 5614 2038 5668 per
2070 5610 2364 5658 conterunt
2393 5604 2633 5659 animam
2672 5608 3011 5677 paenitentia.

3112 5798 3191 5861 43
