3958 6202
412 286 556 365 1355
660 288 667 295 ·

1752 271 2100 334 PROCUPll
2133 272 2378 337 GAZIEI

3546 269 3682 337 i350

482 395 652 451 Vens.
682 392 774 451 20.
820 391 930 460 Qui
971 387 1219 443 ambulat
1257 401 1376 441 cum
1408 384 1754 453 sapientibus,
1790 384 1992 452 sapient

2170 384 2236 442 κ’.
2283 387 2337 440 '0
2365 387 2897 457 συμπορευόμενος
2931 387 3146 457 σοφοῖς
3165 426 3180 451 ,
3228 386 3423 457 σοφὸς
3466 384 3640 442 ἔσται
3666 408 3680 422 ο

407 489 510 542 erit
535 487 658 558 μιαί
684 484 860 539 autem
884 482 1124 535 ambulat
1157 493 1275 532 cum
1297 475 1608 541 intentatis,
1633 483 1993 545 cognoscetur.

410 579 516 644 Qui
546 578 612 633 ad
651 574 1049 647 perfectionem
1078 577 1393 643 prateuntes
1413 564 1991 638 magistrosimitatur,

409 670 704 744 perlectus
733 668 900 723 etiam
930 664 1060 729 erit,
1092 661 1456 719 assimilando
1484 675 1546 717 se
1571 673 1697 716 cum
1728 657 1862 713 illis.
1891 654 1997 724 Qui

402 776 546 819 vero
576 774 703 816 cum
755 757 1058 814 insensatis
1085 764 1258 821 errat,
1308 754 1410 810 etsi
1450 749 1723 821 occultari
1762 750 1994 813 nitatur,

417 868 590 926 opera
628 851 985 908 tenebrarum
1016 845 1248 912 faciens,
1303 855 1610 914 nunquam.
1640 839 1870 895 omnino
1904 852 1999 894 oc-

417 944 609 1000 cultus
635 957 759 999 esse
784 938 1028 1012 poterit;
1055 931 1646 1006 divulgabunturenim
1673 929 1795 1001 ejus
1820 927 1997 984 actio—

418 1051 518 1093 nes
553 1035 611 1090 in
647 1030 942 1089 metuendo
975 1028 1264 1086 tribunali.

478 1238 651 1296 Vsus.
683 1239 777 1293 2|.
801 1234 1118 1292 Peccatores
1144 1230 1480 1303 persequitur
1497 1226 1723 1282 malum.
1750 1223 1863 1280 Hos
1898 1222 1996 1295 qui

405 1330 592 1386 divina
639 1326 897 1383 mandata
940 1322 1509 1397 praetergrediuntur,
1550 1325 1754 1375 πίοι-ηε
1801 1328 1996 1387 perse-

404 1429 652 1493 quentur
686 1418 980 1491 supplicia.

472 1529 649 1584 Justis
673 1537 853 1582 autem
881 1524 1245 1580 retribuentur
1272 1522 1431 1577 bona.
1462 1518 1576 1576 Hos
1608 1532 1743 1575 vero
1766 1517 1863 1590 qui
1897 1514 1994 1571 illa

404 1627 675 1685 servant,
719 1630 926 1675 aeterna
973 1617 1123 1673 bona
1162 1614 1479 1686 excipient;
1536 1612 1755 1683 quando
1806 1610 1994 1682 justus

402 1710 577 1768 Judex
622 1711 926 1769 secundum
952 1710 1149 1766 merita
1182 1709 1384 1779 cuique
1420 1703 1768 1761 retribuerit.

476 1918 652 1976 Vatis.
689 1918 780 1974 22.
823 1917 1011 1973 Bonus
1035 1918 1116 1973 vir
1142 1916 1460 1972 Itwreditare
1490 1914 1648 1985 faciet
1681 1913 1822 1984 [ilius
1851 1912 1999 1982 [ilio-

408 2029 551 2070 rum.
584 2012 689 2079 Qui
730 2022 927 2068 natura
984 2021 1070 2068 est
1103 2013 1302 2077 bonus,
1332 2018 1596 2081 tanquam
1620 2005 2000 2077 Deus,unige-

407 2107 555 2161 nitus
586 2104 763 2162 Filius
793 2114 847 2161 et
870 2103 1109 2161 Verbum
1147 2103 1240 2160 Dei
1279 2111 1332 2159 et
1368 2101 1548 2157 Patris
1578 2108 1797 2165 natura,
1820 2098 1998 2154 lactus

411 2199 597 2257 homo.
628 2197 940 2267 possidebit
964 2195 1109 2250 tilias
1138 2193 1463 2266 spirituales
1488 2192 1690 2248 divinae
1720 2204 1835 2247 suae
1857 2203 1999 2259 prte-

410 2287 729 2352 dicationis,
771 2296 998 2342 sanctos
1034 2284 1247 2339 scilicet
1275 2282 1581 2354 discipulos
1605 2293 1739 2338 suos
1771 2289 1829 2335 et
1862 2292 1997 2349 apo-

414 2379 615 2442 stolos,
655 2385 712 2434 et
753 2376 974 2432 illorum
1007 2369 1175 2440 ﬁlios.
1214 2389 1358 2445 quos
1387 2375 1477 2430 isti
1514 2388 1612 2445 per
1641 2370 1998 2442 Evangelium

409 2480 760 2543 genuerunt;
793 2484 921 2526 cum
954 2471 1029 2523 ita
1054 2468 1444 2523 transmissum
1469 2467 1544 2522 sit
1565 2465 1770 2521 bonum
1789 2477 1856 2518 ex
1876 2462 1998 2531 ipso

410 2578 508 2633 per
536 2563 950 2619 successionem
984 2560 1040 2615 in
1070 2575 1264 2616 omnes
1292 2558 1591 2614 credentes
1617 2556 1673 2612 in
1704 2555 1908 2627 ipsum,
1945 2560 2000 2608 et

408 2656 774 2710 observantes
796 2661 991 2710 sancta
1026 2651 1203 2723 ipsius
1231 2649 1506 2706 mandata.

478 2834 943 2890 Thesaurizanlur
987 2841 1166 2887 autem
1210 2832 1380 2901 justi:
1429 2831 1632 2887 divitia
1686 2834 1995 2904 impiorum.

316 2971 327 2980 .
408 2926 558 2993 Quos
618 2937 678 2984 ut
737 2926 1001 2998 quasdam
1056 2925 1282 2981 divitias
1339 2926 1708 2995 possederunt
1756 2928 1997 2997 pessima

409 3020 581 3075 Deum
619 3036 729 3075 non
777 3018 1019 3074 colentia
1060 3018 1354 3083 daemonia,
1378 3032 1635 3088 quosque
1673 3033 1770 3089 per
1801 3019 1989 3075 dolum

407 3111 514 3167 sibi
548 3095 941 3175 conciliarunt,
973 3120 1027 3165 et
1046 3110 1249 3179 quibus
1283 3116 1513 3164 utuntur
1546 3110 1614 3164 ad
1647 3124 1865 3165 omnem
1895 3127 1985 3167 νο-
2016 3104 2059 3161 C

407 3204 645 3260 luntatis
678 3220 793 3260 sua:
828 3204 1070 3267 libitum,
1095 3203 1147 3258 hi
1186 3201 1396 3257 sanctis
1428 3201 1683 3258 Patribus
1713 3212 1768 3259 et
1798 3204 1994 3260 docto-

407 3297 565 3353 ribus
612 3295 1121 3365 adjudicabuntur,
1155 3294 1230 3348 ita
1272 3300 1332 3348 ut
1379 3292 1779 3349 datmoniorum
1816 3297 1992 3350 servi-

389 3397 524 3443 ~tute
566 3386 618 3441 vi
669 3385 983 3440 eximantur
1021 3384 1090 3439 ab
1117 3384 1251 3452 illis,
1281 3385 1356 3439 ita
1398 3385 1631 3442 ditiores
1664 3385 1994 3444 facientibus

410 3495 546 3535 suos
576 3476 908 3548 discipulos,
934 3483 990 3531 et
1030 3476 1097 3532 ad
1132 3476 1304 3533 Deum
1338 3476 1773 3534 adducentibus.

478 3589 646 3645 Vens.
690 3588 781 3643 23.
814 3585 964 3641 Justi
993 3586 1195 3657 facient
1236 3588 1291 3641 in
1339 3587 1542 3643 divitiis
1577 3606 1743 3645 annos
1773 3591 1990 3647 multos.
2047 3632 2052 3637 .

413 3684 477 3739 lli
509 3684 605 3755 qui
639 3681 945 3738 secundum
995 3680 1217 3739 divinas
1270 3680 1417 3753 leges
1460 3682 1686 3753 degunt,
1738 3686 1993 3740 incorru-

418 3773 640 3844 ptibiles
682 3770 987 3827 sccundttm
1034 3771 1291 3826 virtutem
1322 3778 1378 3825 et
1435 3771 1721 3827 scientiam
1767 3771 1993 3829 divitias

408 3866 617 3939 adepti,
653 3868 707 3920 in
734 3864 951 3920 inﬁnita
978 3864 1180 3920 saecula
1208 3863 1332 3920 illas
1355 3874 1705 3920 conservant.

483 4091 686 4163 1njusti
735 4099 913 4147 autent
948 4089 1168 4160 perdent
1200 4088 1454 4143 celeriter.
1487 4087 1591 4155 Qui
1627 4099 1830 4159 antem’,
1861 4092 1989 4147 dum

408 4186 512 4241 hos
532 4184 881 4249 insimulant,
909 4184 961 4238 in
994 4183 1110 4238 sola
1130 4181 1515 4251 corruptibilis
1541 4189 1716 4237 totum
1738 4186 1990 4241 ardorem

406 4284 700 4338 exercent,
732 4274 895 4329 brevi
930 4288 1029 4344 per
1057 4279 1287 4326 mortent
1338 4268 1579 4326 caducis.
1606 4274 1989 4341 privabuntur,

410 4368 629 4423 divitiis
654 4374 707 4422 et
736 4366 841 4435 ipsi
873 4362 1403 4420 eondemnabuntur
1426 4359 1496 4416 ad
1525 4363 1916 4432 perditionem.

478 4586 647 4641 Vens.
679 4582 771 4636 24.
807 4580 916 4648 Qui
938 4580 1111 4649 parcit
1138 4594 1254 4634 sua:
1274 4579 1458 4650 uirgae,
1484 4577 1596 4633 odit
1624 4578 1795 4647 [ilium
1812 4596 1986 4635 suum.

404 4680 508 4745 Qui
542 4677 714 4731 lilium
760 4688 921 4729 suum
950 4686 1099 4737 cum,
1124 4672 1344 4726 ratione
1386 4685 1497 4726 non
1546 4670 1798 4741 castigat,
1839 4672 1990 4743 virga

406 4768 748 4825 conﬁrmans
780 4779 908 4819 eum
952 4764 1005 4818 in
1027 4764 1196 4830 bono,
1232 4762 1373 4819 male
1397 4778 1458 4820 se
1483 4761 1654 4819 liabet
1687 4779 1814 4835 erga
1836 4781 1988 4834 eum,

404 4861 533 4933 quia
569 4855 809 4928 negliget
841 4854 990 4927 quod
1028 4853 1077 4909 ei
1103 4853 1348 4924 prodest.

442 5050 579 5129 ’ριιὶ
599 5071 778 5117 autem
803 5067 970 5125 amat,
1000 5055 1284 5128 diligenter
1304 5056 1502 5113 erudit.
1526 5054 1629 5125 Qui
1661 5068 1840 5114 autem
1860 5072 1987 5129 erga

404 5157 579 5212 lilium
614 5155 757 5211 bene
798 5168 857 5208 se
885 5152 1076 5219 liabet,
1103 5149 1516 5221 sollieiteangit
1539 5167 1663 5205 eum
1699 5160 1755 5204 ut
1777 5158 1988 5205 avertat

409 5268 438 5307 ιι
479 5249 661 5315 malis,
695 5255 750 5302 ct
788 5247 973 5318 arguit
1012 5252 1073 5300 ut
1094 5242 1341 5299 adducat
1369 5244 1435 5299 ad
1466 5243 1629 5298 bona.

493 5445 654 5502 Vens.
690 5445 784 5502 9.5.
820 5444 1010 5501 Justus
1041 5434 1316 5500 comEdeus
1347 5444 1528 5514 implet
1551 5445 1787 5498 animam
1810 5461 1984 5501 suam.

411 5540 515 5608 Qui
569 5539 872 5595 secundum
919 5538 1067 5606 leges
1116 5536 1332 5599 divinas
1377 5536 1546 5607 degit,
1595 5551 1733 5606 pane
1776 5539 1986 5592 cmlesti

410 5631 671 5698 nutritus,
716 5630 1017 5686 satiabitur
1041 5643 1166 5684 cum
1204 5610 1524 5699 apparuerit
1555 5629 1633 5683 illi
1663 5628 1835 5700 gloria
1869 5628 1983 5686 Dei.

2016 1744 2066 1807 B

2097 482 2132 534 ό
2158 480 2227 534 δὲ
2273 480 2805 551 συμπορευόμενος
2846 479 3091 552 ἄφροσι,
3138 481 3575 551 γνωσθήσεται.
3624 483 3684 537 Ὀ

2097 572 2227 638 τοὺς
2261 574 2343 638 είς
2376 572 2699 644 τελειότητα
2739 573 3057 645 φθάσαντας
3085 572 3438 639 διδασκάλους
3480 575 3684 648 μιμού-

2099 684 2281 738 μενος,
2311 667 2519 731 τέλειος
2548 668 2643 721 καὶ
2667 666 2829 730 αὐτὸς
2865 666 3039 729 ἔσται,
3071 664 3412 738 άφομοιώσει
3451 671 3517 740 τῇ
3546 669 3685 743 πρδς

2097 758 2329 824 αὐτούς’
2360 762 2390 813 ό
2430 758 2489 813 δὲ
2541 760 2657 824 τοῖς
2705 758 2990 823 άσυνιτοις
3040 759 3525 830 συναπατώμενος,
3578 760 3682 816 κᾶν

2095 848 2388 906 λανθάνειν
2432 851 2714 920 ἐπιχειρῇ,
2760 850 2829 903 τὰ
2871 849 3014 921 ἔργα
3060 849 3160 904 τοῦ
3212 849 3440 915 σκότους
3482 851 3678 918 ποιιῖιν,

2095 942 2212 997 ἀλλ’
2237 943 2341 997 οὐκ
2388 943 2470 1007 είς
2520 942 2672 997 άπαν
2713 940 2899 995 λαθεῖν
2951 940 3192 1013 δυνηθῇ·
3225 941 3680 1014 δημοσιευθήσον·

2095 1053 2186 1090 ται
2217 1035 2327 1107 γὰρ
2372 1035 2430 1089 αι
2459 1034 2656 1091 τούτου
2703 1034 2934 1108 πράξεις
2979 1034 3075 1088 ἐπὶ
3104 1033 3201 1088 τοῦ
3238 1034 3476 1108 φοϐεροῦ
3505 1034 3682 1109 βήμα-

2094 1144 2208 1193 τος.

2164 1236 2273 1293 κα’.
2332 1234 2806 1307 Ἀμαρτάνοντας
2853 1234 3281 1301 καταδιώξεται
3326 1236 3504 1292 κακά.
3555 1238 3680 1303 Τοῖς

2094 1327 2192 1390 τὰς
2217 1326 2372 1391 θείας
2412 1327 2636 1392 ἐντολὰς
2681 1325 3118 1399 παραϐαίνουσιν
3146 1328 3203 1382 αἱ
3235 1326 3449 1382 αἰώνιοι
3476 1330 3680 1385 ἐπακο-

2094 1420 2420 1493 λουθήσουσι
2444 1419 2720 1484 κολάσεις.

2169 1530 2318 1598 Τοὺς
2338 1529 2408 1584 δὲ
2434 1530 2709 1597 δικαίους
2744 1526 3160 1597 καταλήψεται
3205 1524 3421 1599 ἀγαθά.
3457 1527 3596 1594 Τοὺς
3621 1529 3679 1584 δὲ

2096 1620 2397 1693 τηροῦντας
2426 1620 2618 1686 αὑτὰς,
2637 1621 2707 1674 τὰ
2748 1620 2947 1677 αἰώνια
2983 1618 3170 1688 ἀγαθά
3205 1618 3515 1691 καταλάϐῃ,
3543 1621 3678 1674 ὅταν

2095 1714 2315 1777 πάντως
2345 1715 2374 1767 ό
2423 1712 2636 1777 δίκαιος
2679 1712 2875 1784 κριτὴς
2918 1712 3040 1765 κατ’
3069 1710 3230 1777 ἀξίαν
3257 1710 3507 1783 ὑπονέμῃ
3549 1710 3681 1764 ἑκά-

2100 1825 2229 1882 στῳ.

2169 1922 2273 1994 κβ’.
2313 1923 2551 1993 Ἀγαθός
2607 1922 2765 1993 ἀνὴρ
2809 1920 3257 1992 κληρονομήσει
3296 1918 3468 1986 υἱοὺς
3516 1916 3678 1973 υιῶν.

2113 2014 2172 2069 '0
2200 2014 2358 2086 φύσει
2380 2015 2609 2085 ἀγαθὸς,
2635 2015 2711 2080 ὡς
2733 2015 2887 2081 Θεὸς,
2913 2014 3210 2086 μονογενὴς
3239 2013 3369 2077 Υίδς
3397 2013 3491 2066 καὶ
3510 2013 3683 2081 Λόγος

2097 2108 2192 2163 τοῦ
2234 2108 2372 2163 Θεοῦ
2407 2109 2502 2164 καὶ
2548 2109 2767 2181 Πατρὸς
2808 2108 2992 2180 φύσει,
3042 2108 3334 2179 γενόμενος
3373 2106 3682 2178 ἄνθρωπος,

2099 2201 2364 2274 κτήσεται.
2416 2201 2583 2255 τέκνα
2626 2218 2687 2255 τε
2721 2200 3070 2272 πνευματικὰ
3100 2200 3202 2270 τῆς
3254 2197 3538 2267 θειοτάτης
3580 2197 3686 2251 αὒ-

2098 2292 2192 2347 τοῦ
2243 2292 2619 2359 διδασκαλίας,
2670 2294 2797 2356 τοὺς
2842 2292 3033 2361 ἁγίους
3079 2288 3248 2346 αὑτοῦ
3301 2289 3553 2361 μαθητὰς
3585 2288 3685 2343 καὶ

2098 2387 2454 2451 ἀποστόλους,
2499 2386 2594 2441 καὶ
2644 2386 2853 2440 τούτων
2897 2387 3086 2450 τέκνα,
3128 2383 3222 2448 οὓς
3269 2383 3490 2448 πάντως
3534 2375 3687 2435 οῦτοι

2098 2476 2187 2533 διὰ
2210 2478 2304 2531 τοῦ
2328 2477 2663 2547 Εὑαγγελίου
2687 2478 2986 2547 ἐγέννησαν
3011 2492 3024 2504 ο
3041 2472 3408 2545 διαδιδομένου
3429 2472 3525 2526 τοῦ
3545 2460 3686 2539 άγαέ

2098 2568 2193 2621 θοῦ
2228 2568 2288 2633 ἐξ
2319 2568 2508 2634 αὐτοῦ,
2559 2567 2702 2622 κατὰ
2751 2567 3004 2637 διαδοχὰς
3042 2566 3125 2629 είς
3171 2564 3382 2627 πάντας
3429 2561 3557 2625 τοὺς
3587 2578 3683 2614 πιο

2100 2661 2392 2726 στεύοντάς
2426 2678 2483 2716 τε
2514 2662 2595 2725 είς
2617 2661 2800 2726 αὑτὸν,
2831 2663 2924 2713 καὶ
2952 2657 3255 2730 τηροῦντας
3278 2655 3379 2720 τὰς
3404 2655 3564 2725 άγίας
3590 2653 3687 2708 αὑο

2099 2754 2193 2811 τοῦ
2219 2755 2459 2818 ἐντολάς.
2558 2809 2563 2813 ι

2171 2862 2597 2933 Θησαυρίζὶται
2646 2862 2716 2916 δὲ
2775 2860 3033 2927 δικαίοις
3082 2859 3353 2925 πλοῦτος
3412 2855 3679 2912 ἀσεϐῶν.

2099 2955 2204 3020 Οὓς
2228 2956 2277 3010 δ’
2304 2956 2380 3019 ὥς
2400 2973 2521 3009 τινα
2549 2953 2779 3008 πλοῦτον
2806 2953 3111 3024 ἐκτήσαντο
3130 2953 3180 3005 οξ
3207 2950 3340 3005 Θεὸν
3376 2949 3451 3021 μὴ
3472 2948 3682 3020 τιμῶν-

2098 3064 2190 3112 τες
2221 3047 2585 3118 πονηρότατοι
2612 3045 2891 3116 δαίμονες,
2910 3041 3325 3114 οίκειωσάμενοί
3363 3057 3423 3094 τε
3450 3040 3517 3093 δι’
3540 3039 3683 3093 ἀπά-

2096 3158 2214 3211 της,
2243 3141 2338 3193 καὶ
2364 3141 2641 3211 χρώμενοι
2678 3136 2892 3200 τούτοις
2929 3137 3065 3208 πρὸς
3094 3137 3202 3189 πᾶν
3235 3134 3297 3188 τὸ
3331 3134 3514 3196 αὐτοῖς
3553 3131 3684 3202 βου·

2097 3233 2279 3304 λητὸν,
2317 3234 2364 3287 οἱ
2392 3232 2623 3287 τοιοῦτοι
2657 3234 2771 3295 τοῖς
2810 3228 2988 3299 ἁγίοις
3020 3228 3267 3299 Πατράσι
3305 3226 3400 3280 καὶ
3423 3224 3683 3279 διδασκά-

2095 3326 2208 3388 λοις
2240 3327 2709 3396 ἀποταμιεύονται
2730 3343 2743 3356 ·
2799 3324 2940 3378 ὥστε
2989 3324 3087 3395 τῆς
3127 3321 3237 3376 τῶν
3267 3318 3540 3390 δαιμόνων
3566 3316 3683 3369 δου-

2096 3419 2246 3483 λείας
2284 3419 2721 3491 άφαρπασθῆναι
2759 3419 2827 3473 δι’
2870 3416 3050 3471 αὐτῶν
3073 3432 3087 3446 ’
3133 3413 3559 3491 πηυτησάντων
3584 3410 3681 3464 αὑ-

2095 3512 2222 3575 τοὺς
2257 3509 2530 3583 μαθητὰς,
2564 3511 2663 3564 καὶ
2695 3508 3164 3581 προσαγαγόντων
3192 3504 3331 3575 Θεῷ.

2164 3630 2272 3693 κγ’.
2303 3623 2527 3679 Δίκαιοι
2556 3622 2926 3689 ποιήσουσιν
2949 3619 3021 3673 ἐν
3046 3617 3290 3681 πλούτῳ
3310 3615 3417 3683 ἐτη
3452 3614 3674 3669 πολλά.

2094 3718 2160 3771 Oi
2205 3716 2347 3770 κατὰ
2402 3717 2531 3779 τοὺς
2582 3714 2762 3777 θείους
2835 3712 3035 3783 νόμους
3091 3708 3535 3779 πολιτευόμενοι,
3588 3707 3675 3760 τὸν

2094 3811 2219 3863 κατ’
2289 3808 2494 3880 ἀρετὴν
2558 3809 2655 3862 καὶ
2717 3806 2921 3875 γνῶσιν
2993 3803 3269 3875 ἄφθαρτον
3339 3801 3676 3870 κτησάμενοι

2094 3902 2348 3963 πλοῦτον,
2380 3904 2462 3963 είς
2493 3900 2832 3972 ἀπεράντους
2877 3898 3081 3961 αίῶνσς
3128 3893 3262 3968 παρ’
3290 3893 3441 3964 αυτῷ
3467 3892 3677 3962 διαμείι

2095 4011 2280 4049 νωσιν.

2168 4101 2394 4157 ’Λδικοι
2437 4099 2507 4153 δὲ
2552 4097 2922 4154 ἀπολοῦνται
2969 4096 3304 4166 συντόμως.
3341 4096 3403 4148 Ol.
3450 4093 3509 4147 δὲ
3558 4092 3677 4146 τοὺ·

2093 4213 2218 4259 τους
2253 4192 2601 4258 ἀθετοῦντες,
2642 4191 2717 4256 ὡς
2756 4190 2885 4262 περὶ
2916 4191 2986 4244 τὰ
3014 4189 3233 4260 φθαρτὰ
3262 4187 3400 4258 μόνα
3430 4185 3535 4256 τὴν
3570 4186 3675 4237 πᾶ-

2096 4303 2194 4341 σαν
2230 4286 2471 4357 σπουδὴν
2503 4285 2842 4355 ποιούμενοι,
2875 4282 3085 4353 ταχέως
3115 4281 3191 4352 τῷ
3215 4279 3454 4350 θανάτῳ,
3493 4277 3590 4331 τοῦ
3619 4295 3677 4330 τε

2094 4380 2363 4451 ὲπικήρου
2397 4377 2823 4449 στερηθήσονται
2867 4372 3126 4440 πλούτου,
3161 4371 3256 4426 καὶ
3297 4368 3451 4425 αὐτοὶ
3490 4385 3672 4438 παρα-

2012 4447 2069 4511 D
2096 4447 2514 4543 πεμφθήσονται
2548 4447 2627 4532 είς
2645 4466 2941 4523 ἀπώλειαν.

2164 4581 2260 4635 κδ’.
2308 4581 2414 4647 ⁸ος
2440 4579 2705 4650 φείδεται
2743 4576 2854 4645 τῆς
2881 4574 3104 4631 ἑαυτοῦ
3134 4572 3489 4641 βακτηρίας,
3510 4569 3681 4641 μισεῖ

2093 4672 2201 4726 τὸν
2224 4669 2443 4725 ἑαυτοῦ
2465 4670 2619 4725 υἱόν.
2665 4669 2762 4731 ⁸ος
2793 4667 2867 4739 μὴ
2900 4665 3191 4734 ὲπιστύφει
3214 4664 3306 4718 τὸν
3338 4662 3536 4716 ἑαυτοῦ
3564 4661 3677 4715 υἱὸν

2091 4764 2178 4817 διὰ
2211 4763 2393 4832 λόγου,
2432 4761 2589 4833 δίκην
2621 4760 2924 4833 βακτηρίας
2950 4758 3223 4829 στηρίζων
3264 4756 3458 4810 τοῦτον
3502 4757 3589 4820 είς
3617 4756 3675 4807 τὸ

2095 4856 2322 4924 ἀγαθὸν,
2360 4854 2547 4917 κακῶς
2580 4854 2848 4908 διάκειται
2900 4852 3035 4923 πρὸς
3076 4850 3258 4918 αὐτὸν,
3292 4849 3368 4913 ὡς
3396 4847 3489 4903 τοῦ
3540 4864 3675 4918 συμ-

2093 4950 2352 5021 φέροντος
2380 4945 2556 5016 τούτῳ
2590 4943 3019 5017 καταρᾳθυμῶν.

2175 5060 2236 5113 '0
2264 5058 2333 5111 δὲ
2384 5055 2654 5127 ἀγαπῶν,
2697 5053 2996 5126 ἐπιμελῶς
3030 5052 3319 5106 παιδεύει.
3355 5051 3415 5104 '0
3442 5050 3498 5104 δὲ
3534 5049 3671 5121 πρὸς

2087 5140 2278 5205 τοῦτον
2326 5148 2505 5211 καλῶς
2552 5147 2917 5218 διακείμενος,
2973 5142 3470 5216 μιαεριμνημὲνως
3499 5155 3669 5211 προσ-

2089 5241 2279 5295 κόπτει
2330 5257 2391 5293 τε
2441 5237 2606 5291 αὑτὸν
2652 5236 2982 5307 ἀποτρέπων
3028 5249 3139 5289 των
3173 5233 3247 5303 μὴ
3293 5231 3545 5297 δεόντων,
3577 5230 3669 5283 καὶ

2086 5333 2330 5388 νουθετεί
2361 5330 2805 5403 προτρεπόμενος
2839 5327 2977 5400 πρὸς
3004 5326 3071 5380 τὰ
3105 5325 3315 5382 δέοντα.

2158 5451 2256 5499 κε’.
2292 5443 2532 5507 Δίκαιος
2568 5440 2789 5495 ἐσθίων
2852 5437 3153 5509 ἐμπλήσει
3200 5435 3416 5507 ψυχὴν
3459 5431 3665 5491 αὐτοῦ.

2078 5539 2158 5611 _'0
2189 5533 2335 5588 κατὰ
2364 5532 2560 5604 νόμους
2611 5529 2791 5593 θείους
2819 5527 3259 5599 πολιτευόμενος,
3287 5522 3497 5596 τροφὴν
3531 5522 3665 5595 ἔχων

2086 5630 2180 5682 τὸν
2209 5627 2461 5698 οὐράνιον
2508 5622 2703 5694 ἄρτον,⁵
2745 5618 3181 5693 χορτασθήσεται
3225 5617 3287 5672 ἐν
3318 5612 3395 5687 τῷ
3437 5611 3662 5685 ὀφθῆναι

2086 5719 2233 5790 αὐτῷ
2260 5719 2358 5787 τὴν
2386 5715 2543 5779 δόξαν
2575 5711 2667 5767 τοῦ
2696 5709 2855 5766 Θεοῦ.
