3958 6202
329 301 462 364 1357

1319 297 1852 360 (ΣΟΜΜΕΝΤΑΒΙΙ
1887 295 1967 356 IN
2007 293 2468 356 PROVERBIA.

397 409 592 478 Ψυχαὶ
623 409 693 464 δὲ
714 409 972 474 ἀσεϐῶν,
1003 408 1250 476 ἐνδεεῖς.
1285 410 1352 462 Αἱ
1383 409 1556 480 ψυχαὶ
1579 407 1637 462 δὲ
1683 405 1792 460 τῶν
1823 404 1894 476 μὴ

2071 405 2280 458 Anima:
2305 413 2480 458 autem
2515 403 2796 472 impiorum
2828 401 3140 473 indigentes.
3163 403 3372 460 Animas
3394 413 3574 460 autem

315 501 384 554 δι’
436 503 802 573 ἀγαθοεργίας
848 505 1136 574 τιμώντων
1189 502 1279 556 τὸν
1327 501 1486 563 Θεὸν,
1542 499 1634 554 τοῦ
1685 498 1894 568 ἀγαθοῦ

316 595 678 664 ἐστερημέναι
711 594 1015 666 ὑπάρχουσι
1041 611 1056 626 ·
1081 595 1172 647 καὶ
1193 593 1300 648 ὑπὸ
1323 593 1422 662 τῆς
1447 592 1639 647 τούτου
1665 589 1894 654 ἐνδείας,

314 682 390 748 ὡς
421 683 528 737 ὑπό
553 701 694 748 τινος
717 683 887 740 δεινοῦ
919 685 1110 757 λοιμοῦ
1144 685 1457 756 τρύχονται.

905 817 1300 900 κΕΦΑΛῘιΔκ

385 977 454 1025 α’.
485 971 670 1040 Σοφαί
699 971 978 1041 γυναῖκες
1007 970 1408 1042 ᾠκοδόμησαν
1467 973 1692 1040 οῖκους.
1717 974 1785 1030 Ai
1809 974 1898 1030 διὰ

315 1063 375 1114 τὸ
421 1065 606 1132 τηρεῖν
635 1063 726 1115 τὸν
775 1062 903 1116 καθ’
942 1062 1009 1116 ’ὃν
1057 1062 1216 1130 λόγον
1246 1063 1531 1132 γεγόνασι,
1574 1065 1766 1133 σοφίας
1818 1065 1896 1135 μὴ

315 1151 642 1226 ἀμοιροῦσαι
673 1152 869 1222 ψυχαὶ,
904 1153 1236 1224 εὐτρέπισαν
1277 1154 1522 1220 ἑαυταῖς,
1570 1155 1712 1210 κατὰ
1761 1159 1897 1229 πρᾶ-

316 1244 419 1309 ξιν,
445 1245 543 1308 τὰς
570 1243 728 1317 δίκην
755 1245 923 1299 οἴκων
951 1245 1061 1299 ἀπὸ
1089 1244 1184 1299 τοῦ
1212 1245 1482 1317 χειμῶνος
1514 1249 1608 1302 καὶ
1643 1249 1736 1303 τοῦ
1763 1249 1898 1304 καύ-

317 1351 484 1399 σωνος
511 1338 618 1388 τῶν
649 1335 840 1390 παθῶν
873 1335 1214 1406 φυλακτικὰς
1253 1339 1473 1409 ἀρετάς.

400 1465 468 1519 ’11
491 1463 560 1516 δὲ
583 1465 790 1533 ἄφρων
818 1466 1134 1536 γενομένη,
1167 1469 1518 1539 κατέσκαψε
1545 1473 1761 1540 χερσὶν
1791 1473 1897 1528 αὐ·

314 1555 443 1624 τῆς.
489 1556 554 1608 Ἢ
578 1555 633 1610 δὲ.
657 1557 798 1628 πρὸς
827 1557 1055 1628 ἀλογίαν
1081 1561 1354 1632 τραφεῖσα
1380 1559 1548 1632 ψυχὴ,
1579 1561 1676 1626 τὰς
1707 1562 1895 1616 τοιαύυ

313 1665 414 1710 τας
478 1647 786 1718 διέφθειρεν
834 1649 1069 1720 ἀρετάς
1125 1651 1450 1722 χρησαμένη
1503 1652 1644 1724 πρὸς
1699 1653 1896 1708 κακίαν

1999 507 2186 548 eorum
2233 494 2326 563 qui
2361 509 2456 564 per
2487 494 2659 548 bonos
2701 500 2857 546 actus
2901 507 3010 546 non
3053 491 3334 547 honorant
3381 493 3572 560 Deum,

2005 581 2148 638 bono
2179 583 2484 653 indigentes
2517 581 2688 645 ﬁunt;
2713 589 2768 636 et
2799 581 2902 636 hac
2925 581 3064 636 boni-
3103 582 3422 652 indigentia,
3455 592 3576 638 tan-

2000 689 2162 744 quam
2201 673 2452 729 horribili
2483 671 2722 743 quadam
2759 671 2902 728 fame
2942 679 3290 743 torquentur.

2625 838 2776 894 CAP.
2821 837 2956 893 XIV.

2084 967 2250 1022 Vnus.
2285 967 2336 1021 1.
2371 965 2647 1036 Sapientes
2685 963 3347 1036 mulieres'tediﬁcaverunt
3370 967 3574 1024 domos.

2010 1053 2140 1122 Quae
2194 1055 2495 1111 observant
2545 1056 2838 1119 rationem,
2880 1070 2987 1125 qua
3021 1055 3151 1125 ipszn
3183 1063 3463 1120 constant,
3492 1071 3578 1112 sa-

2000 1146 2206 1217 pientia
2267 1159 2376 1200 non
2409 1153 2664 1216 expertes
2722 1144 2942 1212 animae,
2997 1143 3102 1198 sibi
3133 1154 3470 1214 paraverunt
3511 1147 3578 1200 ad

2001 1236 2273 1309 agendum
2315 1235 2552 1296 virtutes
2586 1235 2790 1307 quibus
2831 1235 3121 1290 domorum
3171 1234 3344 1290 instar
3389 1243 3578 1306 prote-

2007 1335 2206 1400 gantur
2241 1335 2438 1384 contra
2477 1326 2686 1399 frigora
2713 1335 2768 1382 et
2797 1326 3027 1382 ardores
3055 1326 3399 1398 passionum.

2077 1453 2346 1526 [nsipiens
2391 1429 2778 1525 autem‘facta
2844 1454 3106 1509 destruxit
3155 1454 3267 1508 suis
3311 1453 3575 1507 manibus.

2004 1545 2282 1604 Conversa
2311 1558 2493 1604 autem
2529 1547 2598 1603 ad
2641 1545 2933 1604 stultitiam
2969 1548 3154 1600 anima
3180 1545 3316 1601 tales
3349 1545 3578 1600 virtutes

2002 1643 2272 1712 corrupit,
2325 1655 2391 1696 eo
2443 1639 2591 1710 quod
2636 1653 2736 1694 usa
2775 1645 2860 1693 est
2907 1637 2974 1692 ad
3023 1637 3284 1692 malitiam
3325 1637 3472 1708 aptis
3509 1636 3578 1690 ad

255 1757 258 1760 ’
312 1741 434 1802 ταῖς
469 1738 611 1810 πρὸς
638 1741 904 1810 ἐργασίαν
931 1741 1025 1795 τοῦ
1065 1742 1272 1811 ἀγαθοῦ
1306 1741 1536 1808 οἰκείαις
1564 1745 1858 1815 δυνάμεσιν
1884 1761 1894 1776 ·

2021 1745 2209 1785 tonum
2253 1729 2683 1800 perpetrandum
2733 1727 3112 1791 facultatibus,
3139 1726 3284 1782 unde
3309 1741 3369 1782 se
3400 1725 3581 1780 cinni-

312 1831 438 1882 ὅθεν
501 1830 980 1894 πάντως·πάθεσι
1067 1835 1424 1905 χειμάζεσθαι
1487 1834 1900 1906 παρεσκεύασεν

313 1919 533 1990 ἑαυτήν.

385 2047 448 2118 β’.
504 2050 565 2102 Ὀ
615 2051 1020 2119 πορευόμενος
1069 2051 1274 2119 ὀρθῶς,
1323 2051 1588 2121 φοϐεῖται
1631 2053 1738 2106 τὸν
1789 2056 1900 2106 Κυ-

303 2156 462 2208 ριον.
511 2139 570 2194 '0
633 2140 710 2212 μὴ
759 2141 1160 2213 ἐκτρεπόμενος
1227 2141 1336 2197 ἀπὸ
1376 2143 1474 2212 τῆς
1527 2141 1650 2196 κατ’
1697 2143 1898 2213 ἀρετὴν

313 2231 530 2296 εὐθείας
581 2231 728 2297 ὁδοῦ,
768 2233 862 2286 τὸν
903 2233 1100 2286 ἑαυτοῦ
1141 2233 1418 2304 Δεσπότην
1449 2234 1695 2302 φοσεῖται
1723 2234 1854 2286 Θεόν
1881 2250 1894 2264 ·

313 2323 392 2392 τῷ
420 2323 527 2394 γὰρ
563 2323 716 2394 φόϐῳ
743 2323 951 2396 Κυρίου
986 2325 1230 2378 ἐκκλίνει
1263 2326 1370 2388 πᾶς
1401 2324 1510 2378 ἀπὺ
1537 2323 1734 2378 κακοῦ.

397 2447 462 2500 '0
493 2445 562 2499 δὲ
591 2445 928 2508 σκολιὰζων
955 2447 1087 2513 ταῖς
1116 2447 1280 2514 ὁδοῖς
1328 2449 1536 2512 αὑτοῦ,
1570 2448 1898 2518 ἀτιμασθή-

314 2553 504 2590 σεται.
558 2537 616 2590 '0
659 2537 704 2590 δ’
759 2539 840 2602 εις
885 2538 954 2591 τὰ
987 2539 1108 2592 κατ’
1153 2538 1390 2607 ἔλλειψιν
1431 2540 1530 2608 τῆς
1559 2540 1762 2610 ἀρετῆς
1805 2541 1900 2594 καὶ

315 2627 620 2700 ὑπερϐολὴν
681 2629 826 2700 πάθη
872 2632 1374 2704 περιτρεπόμενος,
1429 2633 1528 2701 τῆς
1567 2627 1730 2702 ’παρὰ
1779 2633 1899 2704 Θεῷ

313 2720 479 2790 τιμῆς
533 2721 966 2792 στερηθήσεται·
1019 2721 1116 2788 τῆς
1167 2721 1319 2785 θείας
1363 2720 1642 2792 βασιλείας
1694 2723 1893 2776 ἀποτυ·

315 2812 450 2882 χὼν,
483 2813 576 2867 καὶ
597 2813 954 2885 κατακριθεὶς
981 2814 1061 2878 είς
1085 2815 1330 2882 γέενναν.

385 2943 454 3012 γ’.
491 2942 592 2996 Ἐκ
615 2943 912 3011 στόματος
932 2941 1210 3010 ἀφρόνων
1247 2942 1548 3010 ,ϐακτηρία
1569 2943 1808 3012 ὕϐρεως.
1841 2943 1897 2996 '0

314 3037 424 3088 τῶν
453 3035 706 3108 ἀφρόνων
735 3033 917 3103 λόγος,
950 3035 1049 3104 οὐχ
1085 3027 1177 3086 οἷα
1225 3033 1421 3102 ῥάϐδος
1444 3033 1544 3104 τὴν
1567 3033 1678 3088 τῶν
1707 3033 1897 3087 παθῶν

2004 1834 2076 1874 no
2106 1819 2460 1889 passionibus
2496 1817 2807 1890 agitandam
2845 1815 3114 1886 permisit.

2075 2033 2238 2090 Vnus.
2279 2032 2334 2087 2.
2371 2033 2476 2098 Qui
2516 2033 2754 2087 ambulat
2792 2041 2926 2087 recte
2958 2031 3106 2084 timet
3133 2031 3441 2086 Dominum.
3475 2031 3580 2098 Qui

2002 2139 2110 2178 non
2137 2123 2406 2178 avertitur
2437 2139 2466 2177 a
2496 2131 2645 2178 recta
2671 2122 2972 2178 secundum
3006 2121 3264 2177 virtutem
3289 2121 3396 2186 via,
3420 2137 3580 2177 suum

2004 2211 2294 2269 Dominum
2339 2215 2493 2270 timet
2521 2213 2729 2280 Deum;
2762 2215 2956 2269 timore
2977 2215 3127 2268 enim
3160 2212 3376 2268 Domini
3409 2215 3580 2280 decli-

2005 2314 2098 2358 nat
2131 2305 2313 2358 omnis
2355 2305 2520 2359 homo
2553 2305 2766 2358 amalo.

2075 2431 2179 2498 Qui
2227 2443 2398 2488 autem
2434 2432 2606 2486 deuiat
2651 2435 2704 2486 in
2749 2434 2862 2486 suis
2895 2433 3013 2496 viis,
3065 2449 3164 2488 non
3207 2432 3576 2488 Itonorabitur.

2001 2524 2106 2590 Qui
2149 2535 2330 2578 autem
2365 2525 2708 2579 convertitur
2747 2526 2813 2578 ad
2845 2527 3134 2596 passiones
3162 2525 3365 2595 quibus
3407 2525 3579 2597 negli-

2003 2616 2152 2686 gitur
2187 2615 2364 2670 virtus
2387 2625 2440 2670 et
2462 2616 2736 2682 tardatur,
2763 2615 2970 2671 honore
2997 2617 3141 2686 apud
3183 2615 3350 2671 Deum
3395 2617 3578 2686 priva-

2013 2707 2184 2770 bitur,
2218 2723 2246 2761 e
2282 2707 2468 2762 divino
2499 2722 2666 2776 regno
2715 2709 2906 2777 pulsus
2941 2716 2994 2762 ct
3033 2707 3324 2762 damnatus
3369 2709 3436 2762 ad
3482 2723 3576 2778 ge-

2003 2801 2262 2854 bennam.

2075 2925 2244 2982 Vens.
2283 2927 2338 2980 3.
2385 2923 2467 2978 Es:
2503 2941 2592 2978 ore
2619 2926 2906 2979 stultorum
2949 2925 3172 2980 baculus
3219 2925 3572 2980 contumeliee.

2009 3017 2311 3074 Stultorum
2339 3031 2542 3079 sermo,
2567 3031 2676 3070 non
2711 3015 2888 3086 qualis
2915 3015 3070 3088 virga
3103 3017 3416 3086 passionum
3441 3031 3575 3072 con-

316 3085 487 3196 εέριᾷ
504 3085 792 3195 litat-7;...
811 3085 930 3177 air
962 3085 1049 3186 ὥς
1059 3141 1142 3186 τις
1175 3085 1894 3196 βακτηρίαστηρίζειμᾶλ-

2027 3111 2282 3168 umcliam
2345 3109 2616 3182 ﬂagellat,
2671 3085 2764 3164 sed
2824 3085 3283 3178 quasiv'baculus
3349 3109 3572 3179 quidam

315 3219 404 3272 λον
437 3219 608 3288 αὐτὴν
639 3235 652 3248 ·
700 3219 774 3282 ὡς
820 3218 947 3280 τοὺς
1001 3216 1302 3280 ἀκούοντας
1357 3215 1432 3288 μὴ
1480 3216 1892 3288 διορθούμενος,

317 3309 430 3362 ἀλλ’
461 3309 705 3381 ἑδράζων
740 3309 798 3362 ὲν
829 3311 942 3371 τοῖς
978 3309 1188 3372 κακοῖς.

387 3435 566 3502 Χείλη
600 3433 668 3488 δὲ
699 3433 908 3502 σοφῶν
944 3433 1252 3502 φυλάσσει
1304 3435 1545 3500 αὐτούς.
1579 3433 1698 3486 Τῶν
1729 3434 1785 3487 δὲ
1813 3451 1898 3486 σο-

319 3526 436 3594 φῶν
482 3525 532 3577 οἱ
579 3523 728 3591 λόγοι
786 3525 846 3576 οὐ
915 3525 1076 3592 μόνον
1133 3524 1470 3594 διορθοῦνται
1517 3526 1643 3588 τοὺς
1691 3525 1895 3579 τούτων

315 3615 722 3685 ἀκροωμένους,
778 3613 915 3666 ἀλλά
953 3614 1047 3666 καὶ
1095 3615 1294 3678 αὐτοὺς
1337 3613 1600 3686 τηροῦσιν
1649 3615 1788 3668 ὥστε
1821 3617 1896 3686 μὴ

319 3705 639 3774 περιπεσεῖν
684 3697 766 3765 οἷς
809 3701 964 3756 αὐτοὶ
992 3703 1436 3772 ἀποτρέπονται·
1487 3706 1546 3758 ὲν
1583 3697 1664 3768 οἷς
1693 3705 1799 3775 γὰρ
1847 3707 1896 3757 ot

320 3796 531 3850 συνετοὶ
561 3793 810 3864 διορθοῦν
853 3793 1075 3865 ἐτέρους
1115 3796 1510 3874 ἐπιχειροῦσινι
1566 3795 1898 3864 κατασφαλί-

317 3887 500 3950 ζονται
532 3883 779 3949 ἑαυτοὺς,
824 3884 899 3954 μὴ
937 3884 1006 3936 τά
1035 3887 1196 3954 ὃμοια
1225 3885 1454 3948 ἐκείνοις
1491 3885 1699 3942 παθεῖν.

389 4021 440 4068 ι’.
480 4007 562 4068 Οὔ
597 4011 676 4082 μή
711 4014 832 4068 εισι
863 4013 1033 4078 βόες,
1063 4013 1280 4082 φάτναι
1305 4013 1575 4082 καθαραί.
1611 4013 1780 4068 Ἔνθα
1799 4015 1896 4084 οὐχ

318 4105 652 4175 ὑπάρχουσιν
682 4105 865 4172 ἄλογοι
895 4103 1184 4175 ἐπιθυμίαι
1216 4105 1324 4157 τῶν
1343 4104 1554 4175 ὁρατῶν
1573 4147 1587 4171 ,
1617 4107 1732 4159 ἐκεῖ
1759 4107 1898 4160 εἰσιν

315 4195 734 4266 ἀπηλλαγμέναι
765 4195 953 4249 παθῶν
991 4196 1285 4265 φαντασίαι
1318 4209 1330 4222 ⁵
1361 4197 1418 4248 ἐν
1459 4190 1547 4260 αἷς
1577 4197 1896 4252 ἀποτίθεται

321 4291 354 4358 ὴ
394 4288 499 4340 τῶν
529 4287 741 4357 ὁρατῶν
772 4289 1084 4358 ἐπιφάνεια,
1121 4287 1196 4350 ὡς
1225 4287 1318 4341 τοῦ
1355 4287 1550 4356 ἀλόγου
1588 4289 1686 4360 τῆς
1718 4289 1896 4360 ψυχῆς

319 4380 518 4449 μέρους
551 4379 745 4450 τροφή.

380 4499 462 4560 Οὗ
500 4503 568 4557 δὲ
600 4503 802 4558 πολλὰ
833 4505 1192 4573 γεννήματα,
1234 4506 1460 4574 φανερὰ
1481 4507 1632 4572 βοὸς
1685 4507 1884 4575 ἰσχύς.

317 4591 490 4649 Ὅπου
546 4593 602 4646 δὲ
633 4595 680 4647 οἱ
713 4593 959 4664 διάφοροι
1011 4595 1160 4662 λόγοι
1191 4595 1302 4648 τῶν
1341 4596 1576 4668 ὁρατῶν,
1621 4591 1764 4650 κατὰ
1792 4597 1888 4669 τὴν

315 4688 373 4740 ἐν
395 4685 665 4756 πνεύματι
689 4685 924 4754 φυσικὴν
954 4685 1211 4755 θεωρίαν,
1234 4687 1550 4756 γνωστικῶς
1583 4687 1890 4758 γεωργοῦν-

315 4794 424 4840 ται,
449 4776 567 4828 ἐκεῖ
601 4775 736 4846 δήλη
769 4777 888 4828 ἐστὶ
907 4775 1006 4845 τῆς
1030 4775 1326 4846 ἐπιθυμίας
1353 4779 1386 4848 ἡ
1419 4778 1560 4832 κατά
1601 4778 1762 4847 λόγον
1802 4779 1890 4832 δύ-

315 4883 476 4934 ναμις
494 4881 506 4895 '
543 4865 664 4919 καθ’
689 4865 748 4918 ὃν
779 4864 1022 4936 ἠδυνήθη
1044 4865 1136 4919 τὸν
1161 4868 1282 4918 κατ’
1303 4866 1554 4938 αἴσθησιν
1587 4869 1890 4938 σκεδασμὸν

313 4957 586 5028 διαϐῆναι,
611 4957 704 5012 καὶ
737 4957 939 5025 φθάσαι
965 4959 1103 5028 πρὸς
1129 4957 1227 5028 τὴν
1255 4961 1393 5013 κατά
1416 4959 1540 5013 νοῦν
1573 4961 1668 5028 τῆς
1697 4964 1753 5014 ὲν
1777 4965 1890 5024 τοῖς

315 5049 455 5112 ὅλοις
481 5049 743 5120 ἀληθείας
779 5049 1028 5120 ἑνότητα.

386 5290 446 5336 ε’.
487 5281 728 5349 Μάρτυς
755 5283 968 5348 πιστὸς
993 5285 1065 5338 οὐ
1094 5286 1402 5352 ψεύσεται.
1457 5285 1514 5340 '0
1537 5287 1672 5350 Θεὸς
1695 5288 1885 5356 Λόγος,

317 5377 348 5446 ἡ
379 5374 762 5444 αὑτοαλήθεια,
787 5375 889 5446 τὴν
924 5377 1056 5446 περὶ
1084 5377 1152 5429 τὰ
1185 5377 1488 5448 φαινόμενα
1516 5379 1702 5449 σχέσιν
1730 5379 1888 5450 ἡμῶν

315 5467 529 5538 ἀπάτης
573 5467 797 5537 μεστὴν,
829 5470 894 5538 τῇ
925 5467 1130 5520 τούτων
1169 5469 1347 5540 φθορᾷ
1379 5469 1690 5540 διελέγχων,
1721 5471 1888 5541 ἀψευ-

314 5558 406 5628 δής
427 5557 594 5613 ἐστιν.

397 5701 644 5756 Ἑκκαιέι
674 5701 742 5754 δὲ
775 5703 990 5772 ψευδῆ,
1020 5701 1250 5772 μάρτυς
1283 5704 1506 5770 ἄδικος.
1547 5707 1884 5763 ’Υπανάπτει

2003 3205 2146 3257 hanc
2184 3202 2359 3273 magis
2389 3203 2667 3264 oblirmat,
2703 3199 2848 3272 quod
2880 3201 3158 3257 auditéres
3185 3217 3292 3256 non
3328 3201 3574 3266 instruit,

2001 3293 2096 3350 sed
2123 3291 2313 3348 statuit
2349 3293 2400 3346 in
2442 3291 2604 3346 malo.

2079 3420 2248 3474 Labia
2279 3419 2598 3489 sapientium
2629 3417 2935 3470 custodiunt
2965 3433 3074 3475 eos.
3108 3415 3454 3486 Sapientiam
3478 3433 3577 3472 au-

2005 3525 2110 3568 tem
2151 3528 2460 3578 sermones,
2495 3526 2604 3566 non
2633 3513 2808 3566 solum
2843 3511 3126 3564 instruunt
3162 3525 3258 3566 eos
3297 3511 3394 3580 qui
3429 3511 3574 3582 ipsos

2003 3605 2256 3670 audiunt,
2299 3605 2392 3659 sed
2417 3603 2582 3658 etiam
2617 3611 2842 3656 servant
2867 3616 2962 3656 eos
2998 3617 3066 3656 ne
3103 3601 3304 3656 cadant
3345 3603 3398 3655 in
3435 3605 3574 3656 mala

2002 3713 2030 3750 a
2070 3683 2269 3766 quibus
2299 3695 2404 3765 ipsi
2436 3701 2782 3748 avertuntur.
2813 3691 2870 3746 In
2898 3692 2983 3746 liis
3012 3693 3162 3745 enim
3197 3693 3402 3762 quibus
3443 3707 3576 3762 pru-

2000 3789 2194 3842 dentes
2239 3787 2514 3842 instruere
2549 3793 2780 3840 caateros
2827 3783 3104 3850 nituntur,
3147 3784 3360 3855 seipsos
3391 3785 3575 3841 defen-

2001 3879 2136 3933 dunt
2167 3893 2232 3932 ne
2263 3877 2450 3934 eadem
2491 3892 2554 3930 ac
2589 3877 2678 3932 isti
2709 3875 3007 3947 patiantur.

2071 4007 2238 4062 Vnus.
2270 4007 2324 4060 ιι.
2367 4003 2466 4058 (Ibi
2505 4022 2605 4058 non
2652 4015 2773 4058 sunt
2831 4005 3000 4068 boves,
3055 4005 3316 4074 prwsepia
3347 4005 3569 4074 munda.

2003 4099 2104 4154 Ubi
2142 4115 2249 4153 non
2277 4107 2404 4154 sunt
2440 4099 2843 4152 irrationabiles
2875 4097 3202 4168 cupiditates
3232 4113 3422 4152 eorum
3455 4115 3576 4168 qttzc

2000 4191 2277 4256 videntur,
2311 4192 2388 4256 ibi
2424 4189 2673 4246 exsulant
2709 4192 3026 4260 passionum
3057 4189 3348 4259 imagines,
3375 4191 3426 4244 in
3457 4191 3575 4260 qni-

2003 4285 2106 4340 bus
2137 4283 2632 4338 invenitur’eorum
2677 4297 2796 4351 qnze
2839 4281 3098 4336 videntur
3135 4281 3369 4350 species,
3409 4282 3572 4352 lmjus

2007 4377 2252 4446 expertis
2277 4377 2492 4430 ratione
2522 4375 2694 4446 partis
2723 4375 2919 4429 annuae
2947 4373 3290 4428 alimentum.

2076 4503 2175 4556 Ubi
2205 4512 2384 4556 autem
2443 4502 2612 4554 multa
2655 4501 2944 4571 genimina,
2979 4499 3264 4568 manifesta
3311 4509 3388 4554 est
3429 4501 3574 4554 boris

2003 4596 2196 4649 virtus.
2231 4593 2460 4659 Quando
2487 4603 2666 4646 autem
2711 4593 2947 4646 diversae
2979 4591 3222 4645 rationes
3247 4605 3429 4645 rerutn
3453 4607 3576 4660 qua:

2002 4687 2279 4750 videntur,
2303 4685 2608 4740 secundum
2635 4685 2938 4738 naturalem
2971 4685 3173 4739 mentis
3199 4684 3377 4739 visum
3403 4685 3576 4756 perite

2001 4785 2336 4838 tractantur.
2373 4787 2504 4831 tunc
2557 4775 2848 4830 manifesta
2876 4783 2958 4829 est
2985 4777 3306 4846 cupiditatis
3341 4776 3424 4831 vis
3454 4793 3576 4846 qua:

1998 4881 2080 4924 est
2115 4867 2421 4922 secundum
2455 4865 2748 4930 rationem,
2780 4867 2941 4934 cujus
2973 4879 3076 4934 ope
3109 4865 3198 4918 illa
3227 4867 3405 4936 potuit
3431 4865 3574 4921 divi-

2003 4961 2216 5014 sionem
2251 4959 2558 5014 secundum
2607 4971 2832 5012 sensum
2881 4958 3218 5028 transgredi,
3267 4967 3322 5012 ct
3355 4959 3576 5013 tendere

1997 5053 2062 5106 ad
2101 5051 2416 5124 generalem
2441 5049 2692 5150 veritatis
2725 5063 2847 5118 qua:
2881 5051 3184 5105 secundum
3215 5051 3470 5122 spiritum
3487 5063 3574 5106 est

1999 5145 2282 5198 unitatem.

2071 5291 2240 5346 Vens.
2286 5291 2336 5344 5.
2379 5289 2546 5342 Testis
2592 5287 2766 5357 ﬁdelis
2803 5302 2904 5340 non
2941 5285 3238 5339 mentietur.
3279 5283 3423 5337 Deus
3451 5283 3573 5338 Ver-

1999 5385 2150 5448 bum,
2183 5383 2387 5437 veritas
2423 5381 2561 5450 ipsa,
2605 5378 2830 5450 quando
2863 5387 3112 5434 nostrum
3145 5378 3290 5432 circa
3312 5389 3584 5446 apparen-

2001 5475 2072 5528 tia
2121 5474 2368 5528 Itabitum
2417 5487 2606 5527 errore
2662 5475 2880 5542 plenum
2939 5469 3154 5524 illorum
3199 5467 3573 5526 destructione

1997 5565 2295 5628 convincit,
2337 5579 2502 5620 verax
2540 5572 2644 5618 est.

2067 5709 2316 5762 Accendit
2345 5718 2516 5763 autent
2557 5707 2836 5762 mendacia
2882 5707 3028 5762 testis
3063 5707 3319 5778 injustas.
3359 5707 3568 5764 Excitat

3429 295 3570 357 13.33
3679 363 3682 366 λ
