3958 6202
444 309 578 371 T359

1742 303 2091 367 PROCOPII
2129 304 2373 368 GAZ/EI

3544 302 3676 366 1360

438 442 566 482 vero
604 428 657 480 in
685 423 843 480 nobis
875 422 1191 479 mendacem
1227 420 1295 479 de
1344 421 1563 477 illorum
1596 420 2010 491 pulchritudine

2126 423 2154 475 i’
2183 424 2243 477 ὲν
2267 425 2401 494 ἡμῖν
2422 422 2520 493 τὴν
2549 422 2680 494 περὶ
2698 421 2870 478 ταῦτα
2887 422 3057 494 ψευδῆ
3087 420 3178 477 τοῦ
3204 417 3370 475 καλοῦ
3390 416 3674 490 ὑπόληψιν,

436 518 751 587 opinionem
779 557 793 582 ,
834 515 922 570 hic
971 516 1062 585 qui
1116 529 1211 585 per
1249 530 1369 570 eam
1414 512 1670 585 decipere
1714 528 1815 569 nos
1864 514 2015 569 omni

436 610 651 665 ratione
682 623 899 679 semper
929 606 1292 661 machinatur.

516 738 683 791 Vens.
714 736 766 789 6.
807 735 1023 802 Quaeres
1054 735 1375 806 sapientiam
1419 733 1561 805 apud
1605 732 1797 799 malos,
1827 741 2005 787 etnon

2111 516 2140 568 ό
2169 514 2258 568 διὰ
2279 514 2488 587 ταύτης
2517 516 2732 588 ἀπατᾷν
2787 517 2937 588 ἡμᾶς
2981 514 3136 586 παρὰ
3180 514 3361 570 πάντα
3404 512 3559 584 λόγον
3588 515 3679 570 ἀεὶ

2114 606 2525 678 μηχανώμενος.

2184 737 2260 797 ς’.
2294 733 2589 802 Ζητήσεις
2609 738 2838 806 σοφίαν
2868 737 3027 808 παρὰ
3058 738 3285 806 κακοῖς,
3314 738 3415 794 καὶ
3439 742 3553 811 οὐχ
3578 744 3681 797 εὑ-

434 828 686 915 invenies.
718 810 1072 882 'Scrutaberis
1111 828 1399 893 rationem,
1427 834 1653 898 propter
1689 839 1857 895 quam
1891 838 2012 879 ma-

2126 822 2339 891 θήσεις.
2372 826 2736 900 Ψηλαφήσεις
2781 830 2962 899 λόγον,
3010 831 3133 886 καθ’
3158 832 3218 886 όν
3243 832 3295 885 οἱ
3328 810 3681 905 ἐργαζόμενοι

437 919 547 971 lum
602 928 772 988 agunt
802 916 895 987 qui
932 917 1074 972 ntale
1134 924 1325 989 agunt,
1363 933 1545 988 neque
1584 916 1861 983 invenies,
1887 932 2012 972 cum

433 1010 582 1063 nulla
633 1010 891 1065 exsistat.
924 1007 1053 1075 Qua:
1097 1009 1242 1066 enim
1273 1008 1366 1067 isti
1412 1016 1601 1082 agunt,
1648 1009 1769 1066 sine
1803 1009 2015 1065 ratione

432 1113 619 1171 agunt.

504 1229 701 1285 Sensus
726 1238 903 1285 autem
928 1230 1365 1302 intelligentibus,
1393 1232 1595 1303 facilis.
1620 1232 1830 1301 Quibus
1855 1246 2011 1289 mens

429 1321 596 1384 inest,
634 1321 918 1378 distinctio
953 1323 1083 1378 boni
1117 1330 1172 1378 et
1209 1323 1337 1379 mali
1374 1323 1521 1379 haud
1558 1325 1755 1387 ardua.
1786 1340 1911 1380 cum
1943 1340 2007 1380 ex

430 1422 630 1466 natura
659 1413 777 1483 ipsa
814 1414 977 1468 talem
1012 1413 1309 1483 impulsum
1344 1414 1604 1470 habeant.
1639 1413 1838 1470 Malum
1863 1415 2008 1470 enim

431 1503 635 1568 sciunt,
680 1511 739 1556 ut
784 1503 1002 1557 caeteris
1045 1502 1411 1558 non'laciant
1451 1503 1601 1573 quod
1641 1503 1712 1559 ab
1752 1504 1860 1560 illis
1897 1503 2012 1576 pati

430 1595 631 1649 nolunt
670 1609 683 1646 :
730 1593 934 1649 bonum
970 1602 1174 1661 autem,
1204 1602 1266 1650 ut
1297 1593 1423 1651 aliis
1461 1594 1666 1651 faciant
1712 1595 1860 1668 quod
1904 1596 2012 1654 sibi

426 1687 496 1741 ab
531 1686 723 1742 iisdem
759 1687 951 1742 volunt
983 1688 1237 1744 retribui.

2110 914 2170 968 τὸ
2213 916 2386 971 κακὸν
2414 918 2662 973 ποιοῦσιν
2687 921 2839 989 αὐτὸ,
2873 923 2969 978 καὶ
3015 923 3111 994 οὐχ
3161 924 3417 996 εὑρήσεις
3441 940 3459 957 ο
3494 926 3681 997 ἐπειδὴ

2111 1007 2236 1079 μηδ’
2262 1009 2500 1082 ὑπάρχει
2523 1029 2538 1045 ι
2566 1010 2603 1066 ἃ
2631 1010 2741 1083 γὰρ
2765 1008 2909 1069 οὗτοι
2940 1015 3213 1085 ποιοῦσιν,
3245 1016 3455 1087 ἀλόγως
3499 1018 3683 1072 ποιοῦ-

2111 1117 2216 1158 σιν.

2182 1230 2484 1301 Αἴσθησις
2520 1232 2588 1288 δὲ
2619 1233 2777 1303 παρὰ
2806 1235 3135 1305 φρονίμοις,
3170 1233 3449 1307 εὐχερής.
3486 1236 3608 1303 Tot;
3635 1239 3683 1294 δ’

2109 1324 2398 1397 ἑχέφροσιν
2424 1330 2457 1399 ἡ
2485 1327 2581 1381 τοῦ
2617 1328 2783 1382 καλοῦ
2813 1328 3026 1383 καὶτοῦ
3055 1330 3227 1385 κακοῦ
3270 1330 3543 1403 διάκρισις
3574 1335 3678 1403 ρᾳ-

2107 1417 2194 1472 δία
2217 1420 2386 1485 ἐστὶν,
2411 1419 2470 1487 ἑξ
2499 1420 2670 1493 αὐτῆς
2699 1421 2800 1492 τῆς
2827 1419 3041 1491 φύσεως
3068 1422 3170 1487 τὰς
3196 1424 3449 1495 ἀφορμάς
3470 1426 3680 1495 ἔχουσι,

2109 1512 2204 1565 καὶ
2228 1511 2394 1567 είδόσι
2414 1512 2580 1567 κακὸν
2615 1513 2713 1585 μὲν
2740 1513 2802 1567 τὸ
2829 1516 3003 1568 ποιεῖν
3033 1517 3113 1580 είς
3140 1516 3439 1597 ἑτέρους]
3471 1517 3546 1590 μὴ
3574 1518 3679 1572 πά-

2112 1621 2263 1676 σχειν
2291 1605 2446 1659 αὐτοὶ
2467 1606 2598 1678 παρ’
2619 1606 2801 1660 αὑτῶν
2829 1605 3106 1678 βούλονται
3125 1623 3142 1639 '
3166 1608 3329 1663 καλὸν
3349 1608 3407 1662 δὲ
3427 1609 3488 1663 τὸ
3509 1612 3684 1664 ποιεῖν

2113 1699 2193 1761 είς
2218 1697 2460 1762 ἐκείνους
2516 1697 2545 1751 δ
2579 1698 2676 1753 καὶ
2705 1699 2862 1754 αὑτοὶ
2890 1700 3119 1772 πάσχειν
3148 1701 3301 1772 παρά
3330 1701 3535 1755 τούτων
3564 1699 3684 1755 ἐθέ-

2028 1759 2074 1817 B
2110 1789 2316 1845 λουσιν.
2412 1820 2415 1831 ι

499 1900 670 1959 Vsus.
713 1901 765 1957 7.
811 1900 1007 1958 Omnia
1055 1903 1285 1959 adversa
1320 1902 1519 1958 homini
1549 1902 1767 1959 stolido.
1812 1899 2010 1958 Omnia

427 1994 574 2050 enim
620 2002 676 2050 et
720 1995 963 2065 jucunda
1014 2004 1069 2051 et
1123 1995 1409 2050 amaraiin
1447 1995 1842 2051 detrimentum
1881 2008 2009 2050 eve-

427 2088 588 2141 niunt
640 2087 851 2141 homini
901 2087 1112 2158 absque
1162 2087 1418 2158 ingenio,
1467 2088 1563 2157 qui
1602 2088 1655 2142 in
1694 2086 1902 2141 talibus
1951 2101 2012 2142 se

429 2178 571 2233 male
601 2177 787 2233 habet.
822 2174 1095 2232 iucundis
1147 2178 1430 2246 sapienter
1463 2189 1573 2230 non
1611 2175 1806 2241 utitur,
1838 2173 2008 2245 quod,
2040 2226 2043 2227 ,

428 2270 570 2325 belle
619 2270 909 2340 navigans,
949 2266 1295 2338 tempestatis
1334 2267 1716 2331 obliviscitur;
1752 2264 2010 2321 dolorosa

430 2379 538 2418 non
578 2361 792 2426 suﬂert,
825 2363 957 2431 quia
1000 2360 1068 2415 e‘x
1116 2360 1205 2416 his
1253 2360 1640 2415 liberationem
1681 2372 1791 2414 non
1825 2364 2011 2426 sperat

429 2469 609 2525 neque
642 2452 975 2521 mercedem,
1012 2466 1201 2523 quam,
1239 2450 1543 2508 tolerandis
1576 2450 1778 2507 exinde
1805 2448 2009 2521 panis,

430 2544 685 2615 recipiet.

499 2672 667 2726 Arma
699 2686 907 2737 sensus,
942 2670 1088 2725 labia
1119 2671 1408 2741 sapientia.
1436 2667 1508 2726 Ut
1534 2668 1827 2726 stultitiam
1854 2681 2011 2725 suam

429 2763 683 2834 abjiciat,
711 2777 864 2817 arma
905 2762 1153 2819 scientias
1187 2770 1317 2817 sunt
1355 2760 1544 2828 verba,
1575 2776 1697 2831 quae
1722 2760 2012 2815 veritatem

430 2855 715 2927 perlucide
745 2854 1084 2909 annuntiant
1110 2859 1165 2908 et
1196 2852 1557 2909 domesticam
1588 2852 1755 2907 vitam
1785 2849 1854 2905 ad
1882 2864 2012 2905 nor-

438 2963 584 3002 mam
620 2946 852 3003 rationis
887 2944 1163 3017 redigunt.

2181 1899 2247 1966 C'.
2276 1898 2479 1954 Πάντα
2504 1898 2748 1955 ἐναντία
2772 1898 2942 1969 ἀνδρί
2972 1900 3209 1971 ἄφρονι.
3239 1900 3487 1958 ’Δπαντα
3525 1902 3593 1958 τά
3620 1920 3682 1958 τε

2109 1991 2239 2063 ἡδέα
2272 1992 2369 2045 καὶ
2393 1992 2461 2045 τά
2486 1991 2711 2060 ἀλγεινά
2761 1993 2841 2056 είς
2868 1992 3072 2064 βλάϐην
3099 1996 3385 2049 ἀποϐαίνει
3413 1995 3492 2067 τῷ
3520 1997 3684 2069 ἀνοή-

2107 2097 2207 2152 τῳ,
2239 2080 2429 2145 κακῶς
2474 2081 2534 2134 ἐν
2561 2080 2773 2146 τούτοις
2817 2083 3010 2138 ἑαυτὸν
3057 2084 3357 2153 διεξάγοντι
3380 2101 3396 2117 ·
3436 2085 3513 2149 ώς
3542 2089 3684 2157 μήτε

2109 2173 2221 2235 τοῖς
2241 2171 2393 2243 ἡδέσι
2422 2171 2713 2243 σωφρόνως
2735 2173 3025 2244 χρωμένῳ,
3050 2173 3139 2226 διὰ
3162 2174 3225 2227 τὸ
3254 2174 3329 2246 μὴ
3358 2175 3436 2229 ὅτ’
3465 2175 3690 2229 εὐπλοεῖ

2111 2262 2282 2331 ζάλης
2314 2262 2624 2334 μεμνῆσθαι
2647 2301 2663 2327 ,
2713 2264 2840 2335 μήθ’
2863 2264 3191 2335 ὑποφέροντι
3219 2264 3287 2318 τά
3320 2266 3564 2334 ἀλγεινὰ,
3591 2268 3689 2321 διὰ

2109 2357 2171 2410 τὸ
2207 2356 2283 2428 μὴ
2316 2357 2559 2423 ἐλπίζειν
2604 2359 2759 2413 λύσιν
2800 2360 3026 2425 τούτων,
3070 2360 3165 2414 καὶ
3203 2359 3551 2426 ἀντιμισθίαν
3582 2361 3691 2432 τῆς

2109 2444 2218 2503 τῶν
2246 2446 2332 2500 ἐπ’
2363 2448 2547 2512 αὐτοῖς
2572 2449 2749 2505 πόνων
2783 2448 3086 2522 ὑπομονῆς.

2179 2667 2378 2723 Ὅπλα
2422 2668 2493 2723 δὲ
2537 2670 2882 2738 αίσθήσεως
2929 2674 3104 2741 χείλη
3143 2672 3325 2743 σοφά.
3363 2674 3507 2746 Πρὸς
3541 2675 3601 2730 δὲ
3628 2676 3695 2730 τδ

2111 2759 2441 2815 καταϐαλεῖν
2478 2759 2581 2831 τὴν
2603 2760 2795 2814 τούτου
2828 2762 3037 2827 ἄνοιαν,
3063 2760 3317 2829 γνώσεως
3353 2761 3513 2827 ὅπλα,
3536 2761 3695 2831 λόγοι

2110 2850 2173 2903 τὸ
2198 2850 2396 2920 ἀληθὲς
2412 2850 2626 2923 τρανῶς
2653 2850 3111 2921 ἀπαγγέλλοντες,
3139 2852 3281 2906 κατά
3311 2852 3468 2922 λόγον
3491 2852 3592 2925 τὴν
3611 2855 3697 2908 ot-

2112 2942 2265 3000 κείαν
2295 2943 2476 3016 βιοτὴν
2506 2943 2865 3012 διεξάγοντες.

503 3071 672 3126 Vsus.
709 3070 762 3125 8.
801 3068 1080 3139 Sapientia
1111 3067 1427 3122 callidorum
1482 3073 1753 3136 cognoscet
1779 3063 1892 3119 vias
1921 3077 2011 3118 eo-

2183 3070 2254 3143 η’.
2294 3074 2483 3143 Σοφία
2530 3074 2883 3143 πανούργων
2928 3073 3320 3144 ἐπιγνώσεται
3367 3074 3476 3140 τὰς
3506 3074 3699 3142 ὁδοὺς

438 3179 580 3219 rum.
606 3162 709 3227 Qui
742 3156 884 3216 bona
910 3160 1096 3216 indole
1128 3174 1224 3230 per
1252 3159 1435 3215 omnia
1476 3155 1787 3213 evenientia
1828 3163 2014 3209 trans-

434 3253 780 3325 grediuntur,
814 3261 867 3307 et
899 3252 1011 3308 illis
1045 3252 1112 3308 ad
1158 3251 1505 3307 commodum
1547 3257 1797 3317 utuntur,
1831 3250 2016 3304 sciunt

436 3345 714 3416 quomodo
753 3345 1034 3400 ambulent
1066 3362 1079 3399 ι
1116 3345 1313 3401 exinde
1354 3355 1408 3399 et
1451 3344 1751 3415 pendentes
1794 3342 2018 3397 malitia:

436 3438 700 3508 scopulos
730 3445 785 3492 ct
816 3436 1076 3491 barathra
1116 3436 1405 3507 cﬂ‘ugiunt,
1439 3434 1747 3506 inllcxoque
1777 3434 1912 3505 pede
1945 3433 2013 3488 ad

432 3532 696 3587 ultimum
730 3530 1007 3586 tramitem
1037 3529 1322 3586 festinant.

496 3658 761 3716 .Stultitia
796 3658 1161 3728 insipientium
1191 3659 1245 3713 in
1274 3673 1473 3713 errore.
1513 3656 1617 3724 Qui
1650 3656 1772 3712 sine
1801 3656 2015 3711 ratione

438 3750 654 3814 vivunt,
690 3758 880 3805 errant
910 3763 940 3803 a
980 3748 1209 3803 veritate
1240 3755 1295 3804 et
1330 3750 1397 3803 ad
1428 3746 1630 3803 bonum
1663 3761 1771 3802 non
1804 3746 2014 3819 pertin-

435 3850 593 3912 guttt.

514 3965 680 4021 Vsus.
713 3966 768 4021 9.
809 3962 1013 4020 Domus
1063 3965 1364 4036 iniquorum
1401 3966 1770 4036 puriﬁcatione
1812 3965 2014 4036 indige-

440 4058 589 4111 bunt.
659 4057 853 4111 Divina
912 4056 1170 4111 mandata
1227 4055 1680 4128 perfringentium
1742 4070 2011 4128 corpora,

438 4150 554 4213 ubi,
581 4163 681 4204 ceu
710 4148 766 4204 in
794 4148 1121 4220 quibusdam
1153 4148 1429 4213 domibus,
1454 4148 1519 4203 ad
1553 4156 1784 4203 mortem
1814 4163 2009 4219 usque,

392 4230 397 4233 ’
438 4248 787 4309 permanent,
814 4240 941 4310 quia
974 4254 1208 4309 corpora
1239 4240 1332 4294 illa
1357 4238 1514 4309 juxta
1542 4240 1691 4295 viros
1728 4254 1860 4294 suos
1890 4255 2014 4308 pas-

439 4332 694 4387 sionibus
728 4332 1115 4402 inquinantur,
1158 4332 1418 4401 operibus
1457 4332 1539 4387 vel
1587 4340 1779 4402 sponte
1819 4346 2013 4386 susce-

440 4425 549 4495 ptis
584 4424 668 4480 vel
698 4423 975 4494 impositis
1006 4421 1283 4492 purilicari
1318 4422 1538 4478 debent.

506 4573 710 4628 Domus
765 4581 939 4626 autem
1002 4573 1277 4641 justorum
1339 4573 1705 4641 acceptabiles.
1767 4571 2010 4643 Corpora

418 4681 654 4731 .eorum,
688 4665 782 4734 qui
812 4665 931 4719 sine
960 4663 1265 4720 offensione
1291 4674 1708 4737 conversantur,
1750 4682 1847 4738 per
1877 4681 2010 4738 ope-

439 4759 710 4813 rationem
743 4757 1097 4812 dedueuntnr
1125 4756 1192 4811 ad
1244 4756 1412 4811 Deum
1465 4767 1519 4813 et
1561 4758 1637 4812 illi
1679 4768 1807 4813 sunt
1842 4759 2013 4814 sacri-

422 4851 627 4904 .ticium
659 4849 895 4904 multum
925 4849 1283 4919 acceptabile.

516 4976 680 5034 Vsus.
707 4976 797 5032 10.
829 4977 934 5032 Cor
958 4978 1183 5033 hominis
1219 4976 1468 5032 sensibile
1490 4978 1794 5032 dolorosum
1822 4978 2013 5031 animae

424 5069 624 5135 ipsius.
659 5068 767 5125 Cor
799 5069 1062 5135 hominis,
1096 5099 1167 5112 -—
1194 5070 1339 5140 quod
1372 5070 1497 5124 hinc
1526 5070 1791 5125 sensitive
1813 5070 2015 5139 jucun-

436 5163 544 5226 dis,
573 5162 678 5218 sibi
715 5177 744 5216 a
786 5162 985 5233 spiritu
1016 5162 1374 5217 circumfusis
1404 5173 1673 5227 versatur,
1703 5171 1757 5217 et
1788 5162 2015 5216 irratio-

443 5256 680 5311 nubilem
711 5254 919 5311 excitat
950 5254 1297 5326 cupidinem;
1332 5253 1481 5335 illinc
1516 5264 1719 5317 autem,
1751 5253 2016 5323 sanguine

437 5348 498 5401 in
530 5346 860 5416 pectoribus
896 5344 1164 5411 fervente,
1212 5345 1395 5400 denuo
1444 5344 1721 5399 dolorosis
1753 5361 1850 5416 per
1880 5362 2013 5400 sen-

439 5454 563 5494 sum
594 5436 836 5492 adharret
868 5446 922 5492 et
952 5452 1142 5508 parem
1176 5444 1386 5491 motum
1421 5438 1645 5500 excitat,
1678 5462 1747 5476 —-
1775 5436 2017 5491 animam

438 5527 753 5583 istiusmodi
783 5527 1027 5582 hominis
1060 5537 1116 5584 et
1145 5528 1503 5585 conscientiae
1562 5528 1787 5601 probris
1816 5543 2017 5600 angere

435 5618 750 5680 consuevit,
788 5616 1016 5686 insuper
1048 5626 1104 5673 et
1133 5619 1302 5674 variis
1339 5619 1466 5676 inde
1499 5621 1850 5693 surgentibus
1878 5622 2015 5675 irre-

425 5710 503 5763 Qit
529 5708 948 5779 cupiditatibus.

2114 3162 2332 3219 αὐτῶν.
2362 3165 2424 3218 Οί
2454 3164 2632 3219 πάντα
2658 3163 2870 3234 εὐφυῶς
2894 3163 2963 3217 τά
2995 3163 3404 3235 προσπίπτοντα
3429 3167 3703 3237 μετερχόι

2117 3272 2291 3327 μενοι,
2322 3255 2417 3309 καὶ
2464 3256 2671 3321 τούτοις
2712 3255 2848 3327 πρὸς
2882 3256 3150 3326 ὠφέλειαν
3188 3256 3477 3330 χρώμενοι,
3513 3258 3700 3313 οἴδασι

2112 3344 2233 3408 πῶς
2274 3344 2670 3417 περιπατοῦσν
2698 3344 2992 3401 κάντεῦθεν
3025 3346 3125 3417 τῆς
3155 3348 3350 3410 κακίας
3387 3349 3516 3414 τοὺς
3553 3367 3699 3421 inpr;-

2117 3436 2282 3507 μνοὺς
2308 3438 2404 3491 καὶ
2430 3437 2500 3491 τὰ
2539 3436 2787 3509 βάραθρα
2819 3437 3220 3508 διαφεύγοντες,
3253 3441 3696 3512 ἀμετάστρεπτοι

2113 3526 2253 3598 πρὸς
2279 3527 2341 3581 τὸ
2367 3526 2593 3599 ἔσχατον
2622 3528 2931 3598 ἐπείγονται
2951 3530 3193 3595 ὀρεκτόν.

2188 3652 2385 3708 Ἄνοια
2406 3651 2475 3707 δὲ
2494 3652 2773 3722 ἀφρόνων
2790 3652 2860 3707 ἐν
2879 3654 3102 3724 πλάνῃ.
3127 3655 3190 3708 Οί
3219 3655 3264 3709 δ’
3283 3656 3495 3725 ἀλόγως
3519 3658 3699 3728 βιοῦν-

2112 3755 2225 3804 τες,
2257 3740 2673 3797 ἀποπλανῶνται
2703 3741 2801 3813 τῆς
2827 3741 3105 3814 ἀληθείας,
3132 3745 3225 3800 καὶ
3253 3746 3695 3820 ἀποτυγχάνουσι

2111 3832 2206 3885 τοῦ
2229 3832 2457 3901 ἀγαθοῦ.

2183 3954 2249 4009 θ’.
2281 3956 2470 4010 Οικιιιι
2494 3957 2851 4027 παρανόμων
2874 3958 3272 4029 ὀφειλήσουονι
3294 3964 3694 4032 καθορισμόν.

2116 4045 2197 4100 Τά
2228 4045 2339 4099 τῶν
2372 4046 2471 4110 τὰς
2501 4047 2651 4112 θείας
2678 4050 2899 4114 ἐντολάς
2946 4052 3393 4121 παραϐαινόντων
3436 4053 3701 4124 σώματα,

2115 4139 2173 4192 ὲν
2207 4135 2290 4203 οἷς
2320 4138 2378 4193 αί
2401 4138 2606 4194 τούτων
2637 4140 2825 4212 ψυχαὶ,
2851 4142 2958 4207 ἕως
2982 4143 3233 4207 θανάτου,
3258 4146 3334 4208 ὥς
3359 4162 3505 4200 τισιν
3537 4150 3706 4219 οικήο

2117 4248 2251 4300 μασι
2281 4234 2710 4304 παραμένουσιν,
2748 4236 2936 4306 ἐπειδὴ
2978 4239 3092 4301 τοῖς
3124 4237 3245 4292 κατ’
3270 4238 3558 4308 ἐνέργειαν
3594 4259 3702 4311 μο-

2113 4322 2359 4377 λύνονται
2415 4325 2633 4392 πάθεσι,
2687 4326 3045 4398 δεηθήσονται
3092 4329 3191 4400 τῆς
3241 4329 3307 4383 δι’
3335 4330 3607 4386 ἑκουσίων
3666 4334 3705 4405 ἦ

2039 4435 2087 4491 ι)
2114 4415 2387 4471 ἀκουσίων
2417 4418 2596 4472 πόνων
2626 4418 2968 4493 καθάρσεως.

2178 4567 2370 4622 Οίκὶαι
2401 4567 2470 4622 δὲ
2497 4569 2742 4623 δικαίων
2779 4569 3002 4624 δεκταί.
3031 4570 3111 4624 Τὰ
3151 4571 3207 4624 δὲ
3240 4569 3348 4624 τῶν
3381 4571 3709 4642 ἀμέμπτως

2112 4661 2547 4738 πολιτευομένων
2578 4662 2828 4733 σώματα,
2857 4664 2997 4719 κατὰ
3036 4665 3235 4736 πρᾶξιν
3257 4664 3378 4736 Θεῷ
3411 4670 3712 4738 προσαγό-

2116 4772 2276 4824 μενα,
2313 4754 2474 4809 θυσία
2506 4755 2903 4827 εὐπρόσδεκτος
2928 4755 3102 4827 τούτῳ
3126 4755 3489 4828 ὑπάρχουσιν.

2185 4991 2238 5038 ι’.
2263 4984 2486 5054 Καρδία
2506 4986 2726 5054 ἀνδρὸς
2752 4986 3091 5054 αισθητικὴ,
3120 4986 3361 5055 ,λυπηρὰ
3381 4989 3571 5060 ψυχῇ
3599 4995 3713 5047 αὐ-

2113 5076 2242 5134 τοῦ.
2290 5076 2599 5148 Ἀνθρώπου
2636 5077 2853 5149 καρδία,
2885 5078 2979 5131 ἐπὶ
3015 5079 3115 5147 μὲν
3138 5080 3252 5143 τοῖς
3281 5079 3406 5133 κατ’
3437 5083 3712 5154 αἴσθησιν

2113 5166 2264 5237 ἡδέσι
2288 5166 2534 5237 διάχυσιν
2555 5168 2646 5221 τοῦ
2672 5169 2802 5239 περὶ
2824 5168 2994 5237 αὑτὴν
3024 5169 3336 5241 πνεύματος
3363 5177 3712 5246 ποιουμένη,

2114 5257 2209 5310 καὶ
2234 5256 2333 5328 τὴν
2359 5258 2553 5326 ἄλογον
2582 5257 2877 5329 ἐπιθυμίαν
2904 5258 3209 5329 ὑφιστῶσα,
3236 5260 3329 5313 ἐπὶ
3352 5260 3412 5314 δὲ
3433 5265 3555 5326 τοῖς
3586 5268 3714 5320 κατ’

2114 5347 2367 5418 αἴσθησιν
2409 5348 2697 5417 ἀλγεινοῖς,
2749 5349 2897 5415 ζέσιν
2933 5349 3026 5405 τοῦ
3075 5351 3202 5421 περὶ
3239 5349 3408 5423 αὐτὴν
3461 5353 3717 5424 αἵματος

2114 5438 2269 5503 αὖθις
2324 5440 2644 5511 ποιουμένη,
2688 5444 2784 5495 καὶ
2830 5441 2920 5495 τὸν
2963 5443 3149 5512 ὅμοιον
3181 5442 3351 5513 θυμὸν
3385 5442 3713 5510 ὑφιστῶσα,
3818 5488 3827 5505 .

2115 5530 2307 5584 λυπεῖν
2341 5531 2500 5584 εἴωθε
2529 5532 2622 5584 τοῦ
2653 5531 2894 5587 τοιούτου
2927 5532 3119 5603 ἀνδρὸς
3137 5532 3238 5605 τὴν
3264 5534 3467 5603 ψυχὴν,
3500 5536 3596 5605 τῷ
3618 5539 3714 5591 τ·οό

2118 5622 2420 5684 συνειδότος
2454 5623 2680 5695 ἐλέγχῳ,
2731 5623 2815 5693 ιφν
2851 5617 2934 5688 οἷς
2974 5623 3223 5679 ἐντεῦθεν
3262 5622 3554 5691 παντοίοις
3592 5629 3714 5683 ἁλί-

2118 5729 2306 5767 σκεται
2341 5712 2587 5768 πάθεσιν.
