3958 6202
360 347 487 414 1361
567 324 574 332 ’

1288 359 1292 362 '
1356 363 1893 432 COMMENTARII
1933 369 2016 436 1N
2039 356 2498 440 PROVEPIBIA.

3491 373 3628 438 1362

429 464 616 520 Ὅταν
659 465 711 520 δ’
751 467 1166 540 εὐφραίνηται,
1200 477 1313 529 οὐκ
1342 477 1722 548 ἐπιμίγνυται
1759 481 1912 550 ὕϐρει

2113 485 2250 540 Dum
2308 487 2540 557 gaudent
2598 499 2654 540 sc
2699 465 3148 538 noriimmiscunt
3201 483 3440 554 injuriis.
3489 483 3627 538 Cum

354 573 479 612 σιν.
513 559 640 612 Ὅτε
671 559 727 614 δὲ
769 563 804 632 ή
838 563 986 634 ψυχὴ
1015 561 1397 647 πνευματικήν
1431 570 1696 642 κέκτηται
1737 575 1938 646 εὐφρο-

354 649 542 720 σύνην,
573 652 973 726 ἀπηλλαγμένη
1013 657 1110 729 τῆς
1142 659 1252 714 τῶν
1283 661 1472 716 παθῶν
1509 663 1736 733 ἀτιμίας
1769 666 1936 720 ἐστίν.

427 783 516 830 ια’.
552 780 744 833 Οῑκιαι
770 781 1009 836 ἀσεϐῶν
1031 785 1571 854 ἀφανισθήσονται.
1601 792 1685 848 Τά
1711 793 1940 864 σώματα

351 867 462 920 τῶν
503 869 576 940 μὴ
613 871 680 923 δι’
712 872 1080 946 ἀγαθοεργίας
1115 877 1400 948 τιμώντων
1431 881 1586 948 Θεὸν,
1640 885 1734 940 καὶ
1767 888 1795 939 ὁ
1845 887 1940 939 κό-

355 975 490 1026 σμος
540 955 692 1026 οὗτος
740 965 798 1016 ὲν
840 957 884 1032 ᾧ
931 966 1000 1020 δι’
1038 967 1217 1022 αὐτῶν
1259 970 1320 1022 τὸ
1367 971 1673 1046 πολίτευμα
1714 976 1934 1047 ἔχουσι·

353 1049 482 1120 περὶ
509 1050 550 1141 ἀ
575 1052 672 1121 οὐχ
701 1053 777 1116 ὼς
801 1057 1096 1126 παροδικά,
1127 1058 1242 1112 ἀλλ’
1272 1059 1349 1124 ὼς
1375 1063 1571 1118 αίὼνια
1603 1071 1938 1141 κατοικητή-

353 1155 448 1210 ρια
479 1134 626 1196 οὗτοι
656 1144 982 1212 διάκεινται,
1001 1151 1065 1219 τῇ
1099 1149 1276 1223 φθορᾷ
1302 1134 1939 1227 παραδοθήσονταιίσίλν

351 1233 564 1298 τούτοις
585 1235 631 1288 δ’
658 1239 708 1290 οἱ
741 1239 974 1294 τοιοῦτοι
999 1241 1217 1308 πάντως
1242 1247 1334 1300 καὶ
1359 1247 1460 1312 τὰς
1491 1251 1743 1317 αἰωνίους
1770 1255 1938 1325 μονὰς

348 1322 733 1380 ἀπολέσουσιν.

416 1453 640 1518 Σκηναὶ
672 1452 741 1506 δὲ
764 1459 1215 1526 κατορθούντων
1248 1463 1603 1532 στήσονται.
1629 1469 1931 1538 Στήσονται

343 1539 400 1593 δὲ
423 1541 484 1594 τὸ
509 1545 733 1616 σαρκίον
754 1564 814 1600 τε
831 1550 924 1602 καὶ
945 1552 972 1603 ό
995 1551 1199 1623 κόσμος
1240 1559 1352 1620 τοῖς
1371 1557 1448 1621 ὥς
1463 1575 1616 1622 τινας
1633 1560 1935 1631 παροδικὰς

251 1637 254 1640 ‘
347 1633 550 1702 σκηνὰς
575 1635 748 1690 ταῦτα
781 1637 1185 1711 λογιζομένοις,
1215 1645 1411 1700 εἰδόσιν
1435 1647 1516 1701 ὅτι
1539 1648 1605 1702 τὰ
1637 1649 1938 1720 φαινόμενα

345 1724 522 1778 πάντα
586 1727 774 1782 στάσιν
802 1730 904 1801 τὴν
931 1732 988 1785 ὲν
1015 1732 1228 1800 γενέσει
1273 1736 1370 1789 καὶ
1413 1737 1590 1809 φθορᾷ
1629 1737 1812 1809 έχουσι
1847 1740 1934 1793 κί-

2043 577 2225 630 anima
2265 577 2554 647 spirituale
2599 561 3180 648 possidet'gaudium,
3226 591 3256 630 a
3303 575 3628 647 passionum
3677 663 3696 676 κ

2042 665 2342 736 ignominia
2373 669 2548 724 libera
2576 674 2684 724 est.
3665 677 3674 690 ·’

2117 791 2282 849 Vens.
2319 793 2406 848 ll.
2444 793 2647 849 Domus
2683 795 2972 864 impiorum
3011 799 3349 848 evanescunt.
3382 789 3628 859 Corpora

2041 897 2257 949 eorum,
2289 885 2380 954 qui
2429 883 2600 940 Deum
2649 901 2747 954 per
2789 885 2933 940 bona
2976 899 3143 955 opera
3178 899 3290 939 non
3331 883 3626 940 honorant.

2041 991 2096 1034 et
2127 981 2364 1036 mundus
2415 981 2524 1048 hic;
2569 983 2622 1036 in
2655 995 2770 1052 quo
2810 995 3002 1035 eorum
3034 977 3340 1049 corporalis
3376 985 3460 1031 est
3497 989 3629 1028 con-

2041 1073 2302 1130 versatio.
2326 1101 2394 1110 —
2411 1072 2540 1141 quia
2565 1073 2777 1140 seipsos
2800 1071 2970 1126 relate
2994 1069 3062 1124 ad
3083 1069 3222 1135 haec,
3249 1083 3360 1122 non
3385 1067 3528 1121 sicut
3559 1064 3626 1118 ad

2039 1161 2245 1216 viatica
2279 1161 2504 1228 habent,
2536 1163 2632 1218 sed
2667 1171 2926 1232 tanquam
2968 1163 3032 1218 ad
3076 1159 3430 1217 tabernacula
3471 1165 3626 1213 aiter-

2040 1269 2132 1318 na.
2166 1281 2236 1296 —-
2271 1256 2617 1326 corruptioni
2650 1255 2970 1323 tradentur;
3009 1270 3134 1310 cum
3178 1254 3266 1308 his
3307 1250 3625 1323 temporali—

2038 1345 2142 1402 bus
2169 1355 2223 1401 et
2251 1354 2486 1402 aeternas
2515 1346 2836 1402 mansiones
2869 1345 3120 1418 perdent.

2111 1473 2483 1530 Tabernacula
2523 1485 2701 1530 autem
2739 1484 2884 1528 recta
2923 1473 3190 1543 agentium
3219 1471 3454 1526 stabunt.
3494 1469 3620 1526 Sta-

2037 1564 2177 1620 bunt
2208 1574 2262 1620 et
2293 1580 2424 1620 caro
2453 1573 2509 1621 et
2539 1566 2780 1620 mundus
2807 1565 2936 1629 illis,
2967 1564 3061 1632 qui
3099 1565 3213 1618 haec
3239 1577 3340 1618 ceu
3369 1561 3618 1632 quaedam

2038 1655 2240 1710 viatica
2285 1656 2642 1710 tabernacula
2683 1653 3059 1710 considerant.
3109 1653 3304 1707 Sciunt
3350 1663 3621 1726 apparen-

2037 1744 2111 1797 tia
2135 1743 2322 1799 omnia
2349 1759 2509 1800 suum
2541 1745 2598 1800 in
2627 1745 2844 1816 origine
2869 1752 3074 1799 statum
3105 1752 3159 1798 et
3187 1743 3239 1796 in
3267 1743 3618 1813 corruptione

340 1831 493 1885 νησιν
519 1855 534 1880 ,
573 1818 669 1872 καὶ
707 1821 834 1892 μήτ’
867 1823 958 1875 ἐπὶ
983 1826 1048 1895 τῇ
1081 1825 1294 1892 γενέσει
1325 1827 1532 1884 τούτων
1565 1830 1912 1900 εὐφραινομέε

2035 1845 2241 1890 motum
2285 1837 2518 1904 habere;
2561 1839 2685 1893 ideo
2727 1853 2830 1893 nec
2881 1837 2936 1891 in
2986 1837 3200 1907 origine
3241 1836 3614 1916 iucundorum

337 1922 447 1970 νοις
497 1909 648 1979 (μήτ’
694 1912 786 1965 ἐπὶ
830 1915 896 1984 τῇ
944 1913 1121 1986 φθορᾷ
1158 1917 1572 1990 λυπουμένων)’
1629 1921 1924 1976 κάντεῦθεν

338 1999 578 2071 στάσιμα
605 2002 672 2058 τὰ
693 2003 904 2060 ἀστατα
934 2006 992 2060 ὲν
1022 2009 1238 2074 ἑαυτοῖς
1269 2011 1740 2067 ἀποδεικνύουσιν.

408 2125 495 2196 ιβ’.
531 2129 739 2184 Ἔστιν
762 2132 924 2200 ὁδὸς,
946 2131 984 2202 ῆ
1008 2133 1180 2190 δοκεῖ
1196 2135 1342 2206 ὀρθὴ
1365 2133 1515 2192 εἶναι
1538 2139 1675 2208 παρ’
1697 2141 1923 2210 ἀνθρώ-

331 2229 488 2284 ποις.
537 2218 594 2274 '0
633 2225 894 2293 σαρκικδς
933 2227 1029 2279 καὶ
1075 2229 1362 2299 ἀνειμένος
1399 2229 1534 2300 βίος,
1565 2230 1652 2286 διὰ
1697 2233 1760 2285 τὸ
1791 2234 1918 2305 ἠδυ-

330 2309 503 2372 «eos;
532 2311 718 2378 αὐτοῦ,
747 2314 911 2378 καλὸς
941 2317 1069 2388 παρ’
1093 2317 1405 2391 ἀνθρώποις
1433 2321 1921 2396 νομίζεταιηάχρις

329 2397 395 2452 ἂν
418 2399 630 2466 τούτοις
657 2408 807 2476 χωρῇ
839 2406 985 2460 κατὰ
1017 2407 1168 2478 ῥοῦν.

404 2523 485 2579 Τὰ
527 2525 596 2580 δὲ
635 2531 950 2584 τελευταῖα
995 2533 1188 2604 αὐτῆς
1238 2535 1475 2606 ἔρχεται
1521 2540 1609 2606 εις
1643 2510 1917 2609 πυθμένα

326 2611 493 2680 ᾅδου.
542 2617 617 2670 Τὸ
673 2618 729 2672 δὲ
778 2621 934 2685 τέλος
987 2622 1151 2676 αὐτοῦ
1198 2627 1439 2697 καταντᾷ
1485 2628 1564 2691 είς
1613 2626 1913 2695 ἀπώλειαν,

327 2704 516 2778 ἐπειδὴ
545 2707 748 2778 ἀπάγει
777 2711 968 2766 τούτου
1002 2713 1097 2767 τοῦ
1125 2714 1292 2780 ὅντως
1316 2716 1504 2772 καλοῦ.

395 2837 487 2900 ιγ’.
535 2833 638 2888 Ἑν
668 2837 1077 2911 εὐφροσύναις
1121 2841 1194 2899 οὐ
1232 2825 1674 2913 προσμίγνυτίαι
1719 2847 1908 2916 λύπη.

325 2922 388 2973 Ui
422 2925 536 2988 τοῖς
565 2929 926 3000 προσκαίροις
952 2934 1364 3004 προσκείμενοι,
1385 2935 1490 3000 ἕως
1514 2937 1580 2992 ἂν
1606 2939 1913 3010 ὲπευφραί-

325 3017 785 3089 νονταιςτούτοις,
832 3021 933 3076 οὐκ
972 3023 1320 3082 αἰσθάνονται
1367 3026 1566 3102 λύπης,
1614 3030 1684 3084 δι’
1715 3031 1910 3103 ἡδονῆς

322 3106 702 3179 ἐπικράτειαν.

394 3230 719 3294 Τελευταία
759 3241 829 3296 δὲ
872 3246 1027 3316 χαρὰ
1087 3248 1176 3315 εἰς
1210 3249 1431 3318 πένθος
1458 3253 1714 3320 ἔρχεται.
1760 3252 1825 3307 Ἦ
1853 3253 1912 3308 δὲ

319 3325 546 3415 τοιαύτη
577 3332 723 3403 χαρὰ
756 3333 905 3389 τέλει
936 3340 1432 3412 περιγεγραμμένη
1465 3342 1806 3415 ὑπάρχουσα,
1832 3345 1914 3410 εἰς

321 3413 517 3488 θρῆνον
565 3426 811 3497 καταντᾷ
853 3427 942 3482 διὰ
993 3429 1092 3502 τὴν
1135 3431 1389 3488 ἐντεῦθεν
1436 3413 1686 3506 ἀπάτην·
1735 3438 1913 3510 χαρᾶς

317 3511 428 3582 γὰρ
459 3513 726 3589 ὲπικήρου
752 3519 925 3586 τέλος,
957 3521 1128 3593 λύπη.

389 3637 452 3690 ιδ’
458 3677 472 3692 .
516 3639 640 3694 Τῶν
672 3642 891 3697 ἑαυτοῦ
923 3643 1080 3700 ὁδῶν
1113 3648 1535 3716 πλησθήσεται
1567 3654 1908 3725 θρασυκάρ-

315 3725 462 3792 διος.
497 3729 620 3783 Τῶν
643 3733 728 3796 είς
751 3733 1032 3790 ἀπώλειαν
1057 3737 1337 3808 φερόντων
1369 3741 1672 3810 ἀλογίστων
1697 3745 1906 3814 ἐπιχει-

321 3819 582 3888 ρημάτων
625 3823 795 3877 αὐτοῦ
851 3825 1275 3898 πληρωθήσεται
1307 3832 1336 3883 ὁ
1371 3829 1440 3884 δι’
1474 3830 1656 3903 ὄρεξιν
1683 3835 1905 3888 ἀντιλυ-

316 3912 538 3978 πήσεως
561 3913 640 3984 τῷ
663 3915 793 3988 περὶ
810 3917 1042 3987 καρδίαν
1065 3919 1352 3989 ὑπερζέων
1374 3921 1588 3993 αἵματι,
1610 3924 1904 3982 κάντεῦθεν

315 3999 390 4053 ὢν
421 4001 840 4078 θρασυκάρδιος.

397 4125 540 4184 Ἀπὸ
565 4128 634 4182 δὲ
655 4129 775 4184 τῶν
799 4131 1220 4205 διανοημάτων
1238 4141 1447 4206 αὐτοῦ,
1470 4141 1626 4212 ἄνῆρ
1656 4144 1899 4214 ἀγαθός.

332 4217 464 4272 Ἀπὸ
495 4219 551 4273 δὲ
579 4221 688 4276 τῶν
727 4224 868 4279 κατὰ
899 4225 1058 4296 λόγον
1088 4232 1468 4303 περισκέψεων
1502 4235 1668 4289 αὑτοῦ
1728 4237 1904 4308 ἐμφο-

313 4309 634 4380 ρηθήσεται,
657 4315 1037 4389 ἀγαθοεργιῶν
1062 4319 1300 4387 πάντως,
1331 4322 1360 4374 δ
1385 4324 1648 4392 γενναίως
1677 4327 1904 4400 ἱστάμε-

311 4417 398 4464 νος
431 4405 572 4458 κατά
597 4405 709 4461 τῶν
738 4409 949 4466 παθῶν.

2027 1930 2266 1999 gaudent
2319 1931 2457 2000 (nec
2505 1933 2562 1986 in
2613 1933 2972 2002 corruptione
3021 1929 3405 2000 molestorum)
3443 1951 3453 1986 :
3491 1930 3620 1984 inde

2024 2038 2144 2094 quae
2178 2024 2458 2079 instabilia
2491 2033 2622 2080 sunt
2653 2025 2708 2080 in
2749 2040 2808 2080 se
2844 2023 3066 2080 stabilia
3099 2021 3510 2078 demonstrant.

2098 2149 2262 2206 Vens.
2317 2149 2406 2204 12.
2447 2150 2543 2204 Est
2591 2152 2675 2204 ria
2722 2167 2839 2221 qua:
2886 2148 3090 2204 videtur
3143 2146 3444 2202 hominibus
3501 2161 3616 2200 esse

2022 2249 2184 2295 recta.
2223 2238 2346 2294 Vita
2380 2241 2618 2296 carnalis
2643 2250 2696 2296 et
2730 2242 2983 2306 remissa,
3013 2250 3238 2310 propter
3265 2236 3610 2292 dulcedinem

2020 2335 2250 2403 pulchra
2305 2347 2570 2405 pensatur
2619 2335 2687 2391 ab
2733 2335 3074 2400 hominibus,
3110 2333 3284 2390 donec
3337 2330 3470 2402 ipsis
3515 2347 3614 2402 per

2019 2424 2228 2480 ﬂuxum
2263 2425 2482 2482 habeat.

2091 2545 2350 2604 Extrema
2384 2549 2498 2620 ejus
2533 2549 2730 2604 vadunt
2759 2549 2826 2603 ad
2861 2557 3044 2619 portas
3081 2549 3260 2618 inferi.
3303 2545 3457 2601 Finis
3491 2547 3612 2614 ejus

2017 2638 2376 2710 perditionem
2410 2641 2709 2707 adit,cum
2754 2639 3062 2698 istiusmodi
3110 2640 3361 2696 homines
3401 2654 3428 2692 a
3475 2655 3605 2694 vero
3699 2673 3716 2682 -

2017 2730 2160 2786 bono
2188 2729 2442 2786 abducat.

2089 2853 2256 2912 Vens.
2291 2857 2376 2911 15.
2419 2855 2483 2912 In
2518 2855 2720 2912 taztitiis
2777 2871 2880 2910 non
2925 2855 3248 2912 admiscetur
3281 2857 3470 2913 dolor-
3501 2857 3608 2924 Qui

2015 2945 2361 3002 afﬂuentibus
2399 2947 2562 3004 rebus
2601 2946 2911 3012 adhaerent,
2951 2947 3080 3002 dum
3117 2949 3182 3004 de
3217 2950 3302 3004 his
3343 2949 3602 3020 gaudent,

2013 3037 2258 3095 dolorem
2315 3053 2426 3095 non
2487 3039 2734 3096 sentiunt
2792 3046 3019 3112 propter
3069 3041 3364 3113 voluptatis
3427 3042 3598 3096 victo.

2017 3147 2180 3190 nam.

2090 3256 2404 3314 Extremum
2447 3259 2708 3330 gaudium
2733 3263 2788 3317 in
2817 3263 3016 3318 luctum
3047 3265 3204 3319 venit.
3244 3263 3395 3320 Talis
3423 3273 3606 3320 autem

2015 3351 2228 3420 latitia,
2280 3367 2385 3409 suo
2441 3353 2536 3410 fini
2591 3355 3042 3428 circumscripta,
3097 3357 3154 3412 in
3207 3359 3414 3412 luctum
3471 3357 3606 3410 abiit

2012 3455 2242 3515 propter
2303 3457 2682 3518 emergentem
2749 3449 3068 3516 fallaciam;
3135 3451 3398 3521 peritura:
3457 3451 3602 3506 enim

2009 3535 2217 3590 laetitia:
2245 3535 2392 3602 finis,
2421 3537 2606 3594 dolor.

2081 3659 2247 3716 Vens.
2299 3663 2386 3716 M.
2431 3662 2540 3718 Viis
2588 3667 2702 3720 suis
2753 3667 3046 3736 replebitur
3093 3623 3426 3723 cor‘audax.
3475 3669 3602 3724 Suis

2008 3746 2066 3802 in
2107 3749 2474 3816 perditionem
2524 3749 2868 3818 ferentibus,
2915 3754 3396 3811 irrationabilibus
3434 3771 3602 3810 cona-

2009 3839 2159 3895 tibus
2193 3841 2520 3911 replebitur,
2555 3843 2650 3915 qui
2699 3844 2768 3899 ad
2812 3844 3114 3916 fugandum
3149 3847 3417 3912 dolorem,
3451 3848 3602 3902 circa

2005 3937 2253 4000 pectora,
2291 3931 2561 4002 sanguine
2597 3932 2810 4003 fervet;
2843 3936 3062 3992 etiamsi
3093 3937 3295 3994 exinde
3321 3938 3396 3996 sit
3431 3937 3599 3994 corde

2007 4022 2228 4080 audacL

2076 4151 2120 4204 Δ
2157 4153 2569 4224 cogitationibus
2609 4156 2738 4220 suis,
2787 4157 2867 4212 uir
2910 4158 3098 4214 bonus.
3134 4158 3263 4216 Suis
3297 4161 3454 4232 juxta
3503 4178 3594 4216 ra-

2003 4243 2208 4300 tionem
2237 4245 2528 4314 ordinatis,
2559 4248 3063 4320 circumspectibus
3097 4253 3460 4318 custodietur,
3495 4255 3592 4322 qui

2005 4337 2234 4392 omnino
2269 4338 2406 4393 bene
2440 4349 2706 4410 operatur
2748 4349 2803 4398 et
2849 4359 3117 4414 generose
3165 4353 3276 4402 stat
3324 4347 3592 4404 adversus

2003 4429 2315 4498 passiones.

382 4528 462 4584 ts'.
489 4531 749 4600 Ἀκακος
781 4539 1052 4594 πιστεύει
1079 4544 1259 4596 παντὶ
1282 4546 1461 4616 λόγῳ.
1503 4548 1560 4601 Ὁ
1587 4549 1656 4603 τά
1679 4551 1893 4622 ὁρῶντα

2069 4552 2238 4610 Vens.
2274 4555 2362 4611 15.
2400 4555 2651 4614 Sincera:
2682 4559 2850 4615 credit
2881 4563 3025 4616 omni
3062 4564 3234 4620 verba.
3272 4563 3374 4631 Qui
3407 4581 3588 4622 emer-

307 4621 386 4684 είς
423 4621 628 4693 βλάϐην
653 4626 843 4690 αὐτοῦ,
867 4627 943 4704 ὡς
981 4631 1227 4704 ἀνόητος.
1263 4635 1336 4708 μὴ
1369 4637 1524 4704 εἰδὼς
1566 4621 1888 4713 διακρίνειν,

1993 4645 2174 4714 gentia
2213 4645 2316 4700 sibi
2355 4647 2410 4701 in
2449 4647 2701 4718 domum,
2746 4651 2915 4706 veluti
2963 4653 3230 4716 stolidus,
3270 4655 3588 4712 discernere

305 4714 473 4765 πᾶσιν
505 4715 686 4780 ἁπλῶς
725 4717 969 4774 πείθεται
1022 4718 1250 4780 οἷστισιν
1294 4730 1581 4801 ἐπιτρέπει
1634 4737 1818 4806 αὑτὸν,

2035 4736 2187 4800 escit,
2223 4736 2290 4790 ab
2340 4737 2600 4795 omnibus
2645 4714 2973 4811 simpliciter
3021 4714 3245 4798 ducitur
3281 4744 3484 4814 quibus
3525 4761 3586 4800 se

303 4798 371 4854 ἂν
400 4801 494 4856 ὑπ’
520 4803 700 4860 αὐτῶν
731 4807 812 4872 είς
835 4808 1078 4866 κίνδυνον
1113 4816 1530 4892 συνελαύνηται.

369 5024 717 5096 Πανοῦργος
740 5027 808 5082 δὲ
827 5030 1058 5100 ἔρχεται
1086 5038 1173 5103 εις
1199 5039 1544 5106 μετάνοιαν.
1585 5045 1646 5098 Ὁ
1667 5045 1724 5099 δὲ
1752 5047 1884 5119 φρό-

298 5131 476 5184 νιμος,
505 5119 606 5172 κάν
629 5137 682 5174 τι
711 5123 956 5177 τοιοῦτον
983 5127 1045 5180 ὲκ
1088 5133 1443 5202 συναρπαγῆς
1481 5137 1880 5210 παραδέξηται,

297 5207 686 5280 ἀποπέμπεται
720 5215 854 5268 αὑτό
877 5233 892 5249 ο
927 5219 1290 5289 ἐπισιάμενος
1327 5225 1536 5294 κρίνειν
1573 5230 1643 5284 τά
1671 5232 1771 5284 εἶτ’
1797 5234 1880 5297 εἰς

297 5295 502 5367 βλάϐην
524 5301 690 5356 αὑτοῦ
719 5304 870 5374 ὂντα,
897 5309 996 5362 εἴτ’
1020 5311 1100 5374 είς
1123 5311 1414 5382 ὠφέλειαν.

366 5422 462 5488 ις’.
497 5426 692 5496 Σορός
725 5433 1008 5501 φοϐηθεὶς
1057 5436 1370 5501 ἐξέκλινεν
1405 5443 1526 5498 ἀπὸ
1557 5446 1771 5502 κακοῦ.
1816 5448 1876 5504 Ὀ

1989 4827 2321 4896 committit;
2370 4831 2452 4886 sic
2498 4831 2689 4889 forsan
2737 4837 2805 4890 ab
2843 4836 2954 4892 illis
2995 4835 3050 4890 in
3093 4837 3398 4906 periculum
3447 4853 3584 4894 con-

1985 4915 2234 4986 jicietur.
2321 4985 2328 4988 _

2057 5043 2318 5102 Callidus.
2365 5057 2542 5103 autem
2601 5051 2736 5104 venit
2789 5052 2858 5106 ad
2910 5055 3098 5108 mentis
3159 5057 3574 5112 conversionem.

1983 5134 2232 5193 Prudens
2260 5140 2426 5206 enim,
2450 5141 2554 5196 etsi
2586 5142 2717 5212 quid
2739 5159 2806 5198 ex
2833 5145 3186 5215 subreptioue
3210 5150 3574 5214 contraxerit,

1983 5227 2088 5282 hoc
2123 5235 2306 5284 tamen
2349 5229 2562 5300 rejieit;
2601 5233 2916 5291 discernere
2959 5245 3136 5307 potest
3175 5253 3298 5308 quae
3341 5240 3446 5309 ipsi
3485 5241 3570 5294 vel

1981 5319 2036 5372 in
2070 5319 2329 5374 damnum
2361 5321 2446 5375 vel
2483 5322 2536 5377 in
2567 5325 2914 5380 commodum
2944 5329 3223 5382 eveniunt.

2051 5444 2214 5502 Vens.
2257 5447 2343 5502 16.
2385 5445 2608 5514 Sapiens
2661 5453 2968 5518 perterritus
3023 5452 3254 5510 declinat
3313 5473 3348 5510 α
3389 5457 3566 5528 prato.

290 5513 389 5586 τὴν
435 5517 640 5574 οἰκείαν
679 5523 1059 5592 ἐπιγινώσκων
1098 5530 1405 5598 ἀσθένειαν,
1440 5535 1724 5606 πτοηθεὶς,
1765 5539 1874 5596 ἀπὸ

2035 5537 2078 5590 ui
2128 5539 2403 5608 propriam
2455 5541 2666 5596 noverit
2709 5541 3078 5614 fragilitatem,
3123 5547 3562 5613 pertimescendo

289 5607 580 5705 ἀνθρώπου
609 5611 917 5681 διέζευκται
962 5623 1305 5695 παρανόμου,
1338 5628 1436 5701 τὴν
1471 5629 1532 5696 ἐξ
1559 5633 1729 5687 αὑτοῦ
1771 5653 1873 5705 φυ-

287 5697 616 5771 λαττόμενος
651 5706 878 5780 βλάϐην.

369 5789 434 5846 '0
458 5793 526 5848 δὲ
554 5795 760 5866 ἄφρων
784 5799 976 5869 ἐαυτῷ
999 5808 1312 5878 πεποιθὼς,
1333 5811 1614 5881 μίγνυται
1643 5815 1865 5886 ἀνόμῳ.

1976 5645 2034 5688 se
2059 5631 2323 5704 disjungit
2338 5633 2406 5686 ab
2424 5633 2646 5688 homine
2662 5635 2868 5706 iniquo,
2887 5651 3088 5692 cavens
3107 5641 3175 5692 ah
3195 5640 3315 5709 ejus
3335 5641 3559 5698 damno.

2044 5819 2250 5877 Stultus
2289 5820 2390 5876 sibi
2417 5821 2608 5896 ﬁdens,
2657 5823 3140 5900 misceluriuiquo.
3183 5825 3286 5896 Qui
3320 5837 3403 5884 est
3437 5828 3574 5914 sine_
