3958 6202
392 281 532 349 1363

1648 314 1653 323 ·
1728 288 2081 351 PROCOPII
2112 287 2358 349 GAZASI

3517 278 3651 345 ιτξθι

385 408 592 466 nnente,
626 413 734 453 non
780 397 912 468 Deo,
954 400 1058 456 sibi
1106 410 1288 463 autem
1353 402 1600 471 conﬁdit,
1644 402 1714 458 ab
1749 403 1971 459 homine

2108 404 2146 456 0
2175 402 2231 456 δὲ
2259 402 2510 472 ἀνόητος,
2533 400 2635 455 οὐκ
2669 400 2761 454 ἐπὶ
2786 400 2908 470 Θεῷ
2941 396 3187 471 θαρρῶν,
3212 393 3425 465 ἀλλ’ὲφ’
3449 395 3652 468 ἑαυτῷ,

381 493 601 550 divinas
660 493 808 566 leges
859 493 1271 566 perlringente,
1341 496 1395 551 in
1460 496 1772 568 periculum
1835 512 1970 553 con-

259 615 269 626 -
384 586 637 655 iccirth

457 715 626 775 Vens.
677 719 762 774 17.
800 718 1102 775 Iracundus
1141 737 1261 775 cum
1308 721 1793 778 incansideratione
1836 720 1967 791 agit.

387 809 493 876 Qui
527 810 637 868 cito
675 810 743 866 ad
775 811 912 867 iram
952 819 1225 877 movetur,
1253 814 1383 884 quia
1424 829 1533 870 non
1572 812 1971 885 circumspicit.

386 917 508 974 quae
538 902 720 974 poenis
748 903 914 974 digna
945 913 1073 960 sunt
1098 911 1398 975 perpetrat.

468 1028 563 1083 Vir
590 1029 820 1098 prudens
851 1030 1023 1085 multa
1051 1030 1256 1099 su/Tert.
1294 1029 1401 1098 Qui
1439 1030 1586 1088 vires
1629 1036 1687 1086 et
1731 1038 1969 1085 mentem

387 1119 574 1185 habet,
609 1120 929 1177 considerat
960 1136 1084 1190 qua:
1125 1120 1338 1195 agenda
1389 1129 1542 1188 sunt,
1577 1121 1844 1193 pleraque
1885 1121 1970 1179 in-

386 1211 735 1280 opinatorum
763 1210 998 1266 viriliter
1029 1210 1293 1267 sustinet.

374 1425 381 1431 ι
458 1337 624 1395 Stulti
653 1340 920 1395 malitiam
950 1341 1055 1395 sibi
1084 1341 1425 1409 dispertiunt.
1458 1338 1785 1396 Sortiuntnr
1815 1335 1970 1392 stulti

387 1434 675 1498 malitiam,
705 1433 835 1504 quia
867 1442 1094 1503 propter
1140 1446 1404 1489 sensuum
1454 1430 1764 1494 illecebras,
1797 1442 1858 1485 se
1891 1429 1976 1482 in-

387 1527 565 1583 vicem
602 1525 800 1582 odiunt
836 1532 893 1580 et
929 1525 999 1581 ab
1033 1524 1268 1579 invicem
1297 1522 1584 1579 odiuntur.

2074 493 2153 565 τῷ
2183 495 2310 558 τοὺς
2343 492 2521 554 θείους
2558 490 2839 547 ἀθετοῦντι
2870 489 3090 563 νόμους,
3139 486 3491 552 ἐπικινδύνως
3524 503 3657 542 συν-

2074 584 2498 657 αναστρέφεται.
2899 583 2903 586 ’
3594 584 3599 585 ί

2147 715 2231 781 ιζ’.
2278 713 2605 783 Ὀξύθυμος
2637 710 2902 781 πράσσει
2932 707 3086 782 μετὰ
3105 706 3419 774 ἀϐουλίας.
3464 704 3524 760 ’0
3551 722 3656 759 τα-

2072 807 2215 882 χέως
2246 806 2569 878 κινούμενος
2609 805 2691 870 είς
2726 803 2919 876 θυμὸν,
2955 798 3186 874 πράττει
3234 796 3658 870 ἀπερισκέπτως

2073 901 2140 956 τὰ
2164 900 2441 964 κολάσεως
2473 896 2623 964 ἀξια.

2159 1024 2331 1094 Ἀνὴρ
2363 1023 2433 1078 δὲ
2463 1023 2784 1093 φρόνιμος,
2804 988 3013 1075 πολλά
3034 1015 3346 1087 ὑποφέρει.
3385 1013 3445 1070 Ὀ
3476 1015 3522 1068 δ’
3553 1015 3658 1068 ἀν-

2073 1117 2250 1186 δρεῖος
2272 1115 2368 1170 καὶ
2394 1114 2672 1186 νουνεχὴς,
2702 1110 3055 1182 λογιζόμενος
3087 1108 3151 1163 τὸ
3175 1106 3472 1179 πρακτέον,
3503 1104 3662 1159 πλεῖ-

2077 1225 2180 1263 στα
2202 1206 2314 1263 τῶν
2333 1205 2650 1276 ἀϐουλήτων
2681 1203 2947 1275 ὑπομένει
2976 1201 3261 1271 γενναίως.

2149 1340 2237 1404 ιη’.
2270 1330 2624 1400 Μεριοῦνται
2647 1302 2905 1399 ἄφρσνες
2927 1325 3167 1381 κακίαν.
3204 1319 3653 1391 Ἐπιμερίσονται

2074 1428 2124 1480 οἱ
2156 1425 2374 1494 ἀνόητοι
2402 1424 2504 1492 τὴν
2535 1422 2759 1488 κακίαν,
2796 1421 2875 1484 ὡς
2909 1417 3000 1473 διὰ
3039 1416 3108 1471 τά
3146 1418 3213 1486 τῇ
3247 1413 3499 1484 αἰσθήσει
3524 1426 3654 1485 τερ-

2077 1518 2207 1585 πνὰ,
2243 1515 2527 1588 μισοῦντες
2554 1513 2839 1587 ἀλλήλους,
2870 1512 2966 1567 καὶ
2992 1510 3084 1565 ὑπ’
3114 1506 3360 1579 ἀλλήλων
3389 1502 3657 1577 μισούμε-
3728 1584 3737 1590 ,

2076 1626 2181 1665 νοι.
3003 1626 3010 1633 ‘

460 1739 660 1797 Callidi
732 1738 969 1796 sensibus
1030 1738 1325 1807 potiuntur.
1398 1733 1704 1789 Prudentes
1768 1744 1966 1788 sensus

2151 1740 2217 1793 Ol
2243 1736 2312 1791 δὲ
2354 1734 2700 1804 πανοῦργοι,
2731 1728 3148 1800 κρατήσουσιν
3182 1723 3543 1790 αίσθήσεως.
3589 1717 3655 1773 Οἱ

387 1832 545 1902 juxta
585 1830 853 1886 rationem
887 1828 1219 1884 submittunt
1250 1844 1265 1882 :
1297 1834 1351 1883 et
1378 1824 1484 1883 sibi
1525 1825 1872 1897 congenitum
1914 1830 1972 1878 et

392 1922 769 1979 consociatum
801 1920 1055 1993 diligent.

465 2049 633 2106 Vnus.
667 2049 757 2105 i9.
787 2047 988 2104 Cadent
1022 2046 1155 2101 mali
1187 2061 1368 2100 coram
1405 2043 1590 2115 iustis.
1621 2042 1681 2097 ln
1715 2039 1855 2096 facie
1884 2052 1976 2095 eo-

395 2158 517 2197 rum
552 2142 647 2214 qui
678 2156 785 2197 non
816 2141 1117 2196 vincuntur
1151 2152 1181 2192 a
1214 2138 1357 2192 malo
1387 2134 1483 2192 sed
1513 2136 1739 2190 vincunt
1772 2131 1975 2187 malum

397 2236 453 2289 in
488 2234 652 2301 bono,
693 2231 980 2289 odendunt
1005 2230 1109 2288 illi.
1138 2229 1228 2298 qui
1270 2241 1502 2300 propere
1525 2226 1580 2280 in
1606 2223 1799 2279 vitium
1848 2236 1975 2277 cur-
2026 2214 2029 2217 ’

399 2334 563 2392 runt;
596 2326 830 2382 aliorum
860 2323 1008 2380 enim
1036 2323 1301 2378 virtutem
1329 2319 1690 2376 erubescunt.

2075 1830 2132 1885 δὲ
2162 1829 2418 1902 φρόνιμοι
2443 1827 2584 1881 κατά
2602 1823 2760 1892 λόγον
2779 1823 2877 1894 τὴν
2900 1822 3153 1892 αἴσθησιν
3181 1815 3537 1883 ύποτάξουσι·
3564 1811 3655 1865 καὶ

2076 1922 2139 1976 τὸ
2164 1919 2422 1990 συγγενὲς
2442 1917 2536 1971 καὶ
2562 1914 2834 1986 ὁμόφυλον
2861 1912 3266 1983 ἀγαπήσουσιν.

2153 2049 2236 2103 ιϐ’.
2283 2043 2718 2110 Ὀλισθήσουσι
2743 2039 2915 2097 κακοί
2945 2038 3152 2093 ἔναντι
3180 2031 3440 2104 ἀγαθῶν.
3476 2031 3655 2099 Προσ-

2078 2142 2367 2215 κρούουσιν
2408 2140 2458 2192 οἱ
2489 2136 2656 2204 ὀξέως
2689 2136 2770 2199 είς
2799 2131 2999 2189 κακίαν
3033 2128 3336 2200 τρέχοντες,
3370 2123 3654 2178 κατέναντι

2078 2236 2186 2290 τῶν
2236 2233 2312 2307 μὴ
2361 2229 2681 2303 νικωμένων
2739 2226 2846 2281 ὑπὸ
2897 2222 2991 2280 τοῦ
3048 2217 3244 2285 κακοῦ,
3285 2216 3421 2273 ἀλλά
3462 2213 3656 2269 νικιῖιν-

2078 2342 2187 2380 των
2214 2302 2272 2378 ὲν
2295 2302 2374 2394 τῷ
2405 2302 2597 2392 ἀγαθῷ
2624 2319 2684 2374 τὸ
2707 2316 2898 2385 κακὸν,
2926 2314 3025 2385 τὴν
3052 2309 3261 2365 τούτων
3288 2306 3490 2380 ἀρετὴν
3517 2302 3659 2356 αἰδεο

1961 2426 1965 2433 ’
2082 2418 2323 2481 σθέντες.

469 2549 537 2605 Et
562 2550 715 2619 impii
737 2548 806 2604 ad
825 2557 1006 2617 portas
1024 2546 1296 2617 justorum
1320 2541 1648 2597 ministrant.
1673 2536 1775 2604 Qui
1810 2534 1979 2590 Deum

399 2660 498 2715 per
549 2645 693 2700 bona
735 2656 905 2714 opera
955 2655 1062 2696 non
1118 2639 1412 2701 honorant,
1453 2632 1627 2704 portis
1671 2628 1979 2691 hominum,

401 2738 521 2794 sine
567 2735 876 2793 offensione
922 2732 1265 2793 viventium,
1310 2728 1652 2790 inserviunt;
1709 2721 1784 2776 ibi
1840 2717 1983 2775 insi-

401 2828 553 2896 dent,
587 2831 689 2886 ltos
743 2834 924 2883 autem
973 2823 1274 2896 emagitant
1317 2827 1378 2875 ut
1423 2818 1527 2875 sibi
1573 2814 1761 2873 divina
1813 2813 1984 2882 impe—

403 2929 568 2979 treat.

473 3047 643 3104 Vens.
685 3045 778 3102 20.
832 3043 1004 3099 Amici
1051 3041 1229 3096 edient
1278 3037 1475 3090 amicos
1524 3044 1799 3102 pauperes.
1842 3006 1981 3093 ‘Qui,

403 3146 631 3210 propter
689 3133 1081 3196 substantiam,
1128 3125 1396 3199 quosdam
1455 3122 1710 3192 diligunt,
1760 3113 1983 3171 eosdem

405 3229 713 3301 despiciunt
742 3241 869 3282 cum
902 3223 1113 3279 divitiis
1142 3218 1473 3276 exciderint.

479 3336 651 3391 Amici
680 3334 903 3389 divitum
937 3329 1111 3385 multi.
1141 3325 1298 3396 Apud
1329 3337 1471 3394 quos
1503 3325 1729 3376 manent
1759 3313 1985 3377 divitiae,

410 3429 544 3493 hos,
584 3423 845 3481 utilitatis
898 3434 1105 3485 causa,
1152 3423 1341 3472 amant
1398 3412 1581 3468 multi.
1622 3409 1798 3465 Aliter
1840 3423 1855 3461 :
1894 3403 1991 3475 qui

411 3527 633 3591 propter
666 3516 974 3595 passiones,
1018 3509 1309 3583 spiritibus
1337 3503 1549 3562 cmlesti
1583 3500 1756 3573 gloria
1787 3506 1843 3554 et
1877 3496 1993 3567 spi-

408 3589 597 3668 ritu—ali
650 3589 934 3681 opulentia
986 3602 1252 3675 deiectis,
1303 3597 1635 3660 inserviunt,
1680 3592 1749 3647 ab
1795 3589 1990 3657 iisdem

412 3680 707 3766 recedent;
745 3694 1014 3770 permittit
1062 3692 1236 3757 Deus,
1294 3698 1389 3754 ut,
1440 3686 1506 3742 ad
1560 3680 1992 3753 redemptionem

413 3801 766 3864 peccatorum
796 3801 926 3859 erga
957 3785 1206 3856 spiritus,
1239 3780 1615 3852 castigentur;
1650 3779 1837 3828 amant
1868 3785 1996 3828 san-

414 3860 537 3940 ctos
569 3880 797 3952 angelos
830 3877 972 3949 apud
1009 3888 1148 3948 quos
1181 3871 1353 3943 gloria
1399 3873 1586 3923 manet
1618 3870 1674 3920 et
1706 3877 1817 3918 non
1862 3860 1997 3916 levis

414 3973 603 4047 gratia:
643 3951 941 4027 thesaurus
971 3988 984 4022 :
1019 3966 1089 4021 ab
1133 3964 1219 4019 his
1261 3958 1598 4032 adjuvantur
1630 3963 1683 4009 et
1716 3951 1783 4008 ad
1823 3951 1995 4027 Deum

417 4073 791 4125 revertuntur.

486 4267 651 4323 \‘Ens.
695 4264 788 4319 ‘21.
839 4259 945 4328 Qui
992 4257 1210 4327 despicit
1273 4267 1591 4324 pauperem,
1641 4255 1844 4318 peccat.
1892 4242 1999 4310 Qui

337 4373 346 4381 ‘
414 4358 500 4414 vel
529 4372 696 4414 unum
737 4355 794 4410 in
827 4351 1125 4423 indigentia
1164 4346 1483 4410 viventium,
1514 4339 1839 4404 contemnit,
1868 4335 1998 4392 irri-

412 4449 584 4505 tando
613 4448 809 4512 Deum,
840 4442 908 4498 ad
940 4442 1146 4498 bonum
1182 4452 1293 4491 non
1324 4433 1567 4503 attingit.

490 4556 594 4623 Qui
635 4554 915 4609 miseretur
941 4561 1253 4618 pauperum,
1281 4543 1644 4599 beatissimus.
1675 4536 1783 4605 Qui
1822 4534 1999 4592 vicem

419 4648 689 4711 omnium,
721 4643 944 4699 fortuna
970 4636 1364 4701 decidentium,
1395 4633 1564 4697 dolet,
1600 4629 1712 4686 Deo
1740 4633 1827 4685 est
1856 4625 2002 4681 mul-

314 4797 318 4803 _
419 4748 535 4795 tum
571 4732 949 4807 acceptabilis.

495 4847 660 4904 Vens.
696 4846 788 4902 2%.
823 4843 1082 4899 Errantes
1110 4840 1318 4911 injusti,
1349 4835 1618 4909 fabricant
1649 4832 1814 4888 mala.
1841 4830 2005 4886 Tem-

421 4940 704 5015 poralibus
735 4935 972 5008 decepti,
1002 4936 1097 5007 qni
1127 4948 1235 4988 non
1267 4929 1571 4988 secundum
1606 4928 1755 4997 leges
1786 4923 2003 4981 divinas

421 5037 843 5095 conversantur,
881 5041 1047 5099 opera
1079 5022 1388 5097 iniquitatis
1417 5018 1728 5092 perﬁciunt.

492 5251 926 5310 Misericordiam
954 5258 1005 5305 et
1039 5247 1313 5302 veritatem
1353 5241 1623 5314 fabricant
1664 5238 1809 5293 boni.
1835 5233 2000 5289 Misc-

423 5348 721 5404 ricordiam
745 5360 878 5418 erga
894 5342 1214 5414 congenitos
1231 5346 1285 5394 ct
1300 5334 1590 5394 scientiam
1612 5328 1859 5387 veritatis
1883 5342 2006 5398 qua:

425 5438 552 5493 ﬁnis
583 5433 1095 5507 cognoscendorum
1127 5437 1234 5496 est,
1255 5433 1588 5498 praeparant,
1622 5436 1719 5493 per
1738 5432 1933 5476 omnes
1952 5424 2008 5473 et

427 5526 754 5599 appetitivas
791 5531 846 5580 et
887 5520 1218 5578 theoreticas
1262 5516 1573 5581 facultates,
1625 5508 2007 5571 sanctissimas

433 5616 526 5671 Dei
547 5615 855 5671 voluntates
882 5612 1015 5666 obsc
1028 5608 1256 5663 rvando.

2151 2540 2261 2596 Καὶ
2282 2536 2520 2604 ἀσεϐεῖς
2545 2533 2944 2606 θεραπεύουσι
2974 2528 3158 2599 θύρας
3181 2524 3444 2580 δικαίων.
3476 2520 3587 2576 Καὶ
3613 2520 3661 2573 οἱ

2086 2633 2162 2706 μὴ
2182 2633 2248 2688 δι’
2265 2629 2633 2702 ἁγαθοεργίας
2661 2625 2926 2699 τιμῶντες
2947 2622 3101 2688 Θεὸν,
3135 2619 3332 2681 πύλαις
3352 2612 3666 2670 δουλεύουσι

2083 2704 2192 2782 τῶν
2216 2722 2650 2794 πολιτευομένων
2678 2719 3006 2790 ἀμέμπτως,
3032 2712 3453 2787 παρεδρεύοντες
3478 2710 3536 2762 ὲν
3562 2704 3663 2760 αύ-

2081 2821 2227 2883 ταϊς,
2266 2816 2363 2870 καὶ
2401 2813 2626 2876 τούτους
2670 2808 3121 2875 ἐκλιπαοοῖὴτες,
3150 2805 3228 2870 ὡς
3267 2803 3335 2859 ἂν
3377 2799 3563 2862 αὐτοῖς
3607 2797 3668 2850 τὸ

2083 2909 2240 2963 Θεϊον
2275 2904 2693 2974 έξιλεὼσωνται.

2162 3041 2230 3089 κ’.
2281 3032 2451 3087 cum
2495 3031 2839 3100 μισήσουσι
2885 3026 3101 3098 φίλους
3138 3022 3441 3108 ίττωχούς.
3483 3020 3544 3074 Oi
3576 3016 3672 3072 διὰ

2090 3126 2349 3197 χρήματα
2388 3118 2714 3189 ἀγαπῶντές
2749 3134 2924 3183 τινας,
2955 3113 3390 3185 ἀποστρέφονται
3416 3108 3667 3170 τούτους,

2089 3213 2518 3277 ἐκπεπτωκότας
2549 3209 2750 3266 αὐτῶν.

2161 3326 2331 3381 vlt/Jac
2357 3323 2427 3378 δέ
2455 3319 2773 3377 πλουσίων
2802 3313 3043 3371 πολλοὶ.
3075 3307 3171 3376 Οἷς
3211 3310 3269 3365 δὲ
3302 3307 3614 3380 παραμένει
3648 3306 3680 3359 ό

2091 3416 2342 3482 πλοῦτος,
2386 3412 2614 3476 τούτους
2664 3406 2920 3478 ἀγαπῶσι
2966 3404 3055 3458 διά
3096 3404 3161 3458 τὸ
3191 3400 3426 3473 χρειώδη
3459 3397 3675 3452 πολλοί.

2096 3509 2168 3563 Ἢ
2197 3509 2290 3563 καὶ
2338 3504 2542 3568 amm-
2581 3503 2633 3557 oi
2677 3500 2766 3556 διὰ
2808 3494 2995 3553 παθῶν
3042 3493 3437 3567 θεραπεύοντες
3464 3488 3534 3544 τὰ
3570 3489 3681 3560 τῆς

2092 3599 2299 3657 ἀνωθεν
2315 3596 2474 3668 δόξης
2503 3595 2599 3650 καὶ
2624 3593 2721 3647 τοῦ
2749 3589 3121 3664 πνευματικοῦ
3143 3586 3374 3642 πλούτου
3396 3587 3684 3639 ἐκπεπτω-

2094 3691 2231 3747 κότα
2254 3691 2353 3759 τῆς
2377 3686 2639 3760 πονηρίας
2670 3685 2980 3756 πνεύματα,
3001 3681 3438 3753 ἀποστρέφονται
3463 3676 3645 3730 ταῦτα
3663 3716 3680 3739 ,

2097 3783 2447 3857 συγχωρήσει
2492 3779 2629 3834 Θεοῦ
2680 3777 2772 3833 ὑπ’
2825 3777 3006 3832 αὐτῶν
3055 3771 3480 3845 τιμωρούμενοι,
3540 3769 3687 3838 πρὸς

2094 3878 2307 3933 ἔκτισιν
2332 3874 2445 3930 τῶν
2472 3870 2881 3945 ἡμαρτημένων
2911 3869 3094 3932 αὐτοῖς
3115 3883 3129 3898 ο
3163 3863 3424 3934 ἀγαπῶσι
3456 3861 3519 3915 δὲ
3554 3861 3689 3923 τοὺς

2096 3968 2284 4039 ἁγίους
2314 3967 2604 4036 ἀγγέλους,
2630 3958 2712 4027 οἷς
2736 3965 2771 4034 ἠ
2794 3961 2921 4028 δόξα
2946 3961 3042 4016 καὶ
3067 3960 3095 4013 ό
3115 3955 3347 4019 πλοῦτος
3370 3951 3690 4023 παραμένει

2002 4078 2023 4085 ·
2097 4063 2196 4130 τῆς
2220 4060 2444 4132 χάριτος
2463 4059 2524 4114 ού
2552 4056 2759 4128 βραχύς
2780 4070 2795 4086 ·
2826 4053 2955 4126 παρ’
2974 4052 3154 4108 αὐτῶν
3183 4047 3561 4122 βοηθούμενοι,
3590 4045 3695 4098 καὶ

2099 4152 2237 4223 πρὸς
2264 4151 2395 4207 Θεὸν
2428 4148 2871 4221 ἐπιστρέφοντες.

2084 4328 2095 4332 _
2172 4265 2279 4313 κα’.
2325 4257 2388 4313 ’0
2407 4254 2697 4327 ἀτιμάζων
2716 4256 2967 4324 πένητα,
2989 4248 3335 4322 ἁμαρτάνει.
3369 4248 3428 4302 '0
3448 4244 3545 4300 καὶ
3563 4243 3692 4308 eve;

2103 4351 2458 4423 καταφρονῶν
2498 4348 2609 4403 τῶν
2632 4344 2922 4411 συζώντων
2955 4344 3151 4414 ἐνδείᾳ,
3184 4340 3559 4411 ἀποτυγχάνει
3583 4336 3689 4391 τοῦ

2029 4430 2074 4486 Ῐ)
2102 4444 2293 4513 καλοῦ,
2318 4440 2666 4516 παροργίζων
2691 4439 2843 4494 Θεόν.

2189 4553 2252 4607 Ὃ
2294 4549 2482 4607 ἐλεῶν
2517 4545 2814 4618 πτωχοὺς,
2847 4542 3244 4615 μακαριστός.
3301 4540 3360 4595 '0
3386 4538 3445 4592 δὲ
3473 4536 3698 4599 πάντας

2102 4643 2388 4716 οἰκτείρων
2426 4641 2554 4703 τοὺς
2585 4638 2681 4694 τοῦ
2717 4638 2951 4691 πλούτου
2983 4634 3383 4699 ἀποπεσόντας,
3422 4630 3698 4686 suat-1:665—

2104 4755 2233 4803 κτος
2252 4736 2489 4810 ὑπάρχει
2517 4731 2660 4805 Θεῷ.

2175 4844 2280 4915 κβ’.
2340 4838 2725 4911 Πλαηύμενοι
2781 4837 2996 4903 ἄδικοι,
3061 4833 3444 4889 τεκταίνουσι
3507 4828 3695 4885 κακά.

2116 4934 2495 5006 Ἀπατώμενοι
2535 4933 2651 5006 τοῖς
2692 4929 3053 5002 προσκαίροις
3075 4962 3078 4967 ~
3101 4928 3152 4980 oi.
3197 4925 3272 4997 μὴ
3312 4922 3455 4978 κατά
3490 4923 3699 4993 νόμους

2106 5027 2284 5090 θείους
2319 5021 2748 5094 πολιτευόμενοι,
2797 5019 2868 5074 τά
2923 5017 3062 5090 ἔργα
3106 5014 3532 5086 διαπράττονται
3590 5011 3698 5081 τῆς

2104 5118 2357 5191 ἀνομίας.

2181 5230 2403 5284 Ἕλεον
2442 5224 2512 5279 δὲ
2541 5222 2641 5278 καί
2669 5220 2960 5288 ἀλήθειαν
2991 5216 3416 5273 τεκιναίνουσιι⁸
3451 5210 3693 5281 ἀγαθοί.

2106 5320 2211 5375 Τὸν
2236 5319 2293 5373 δὲ
2321 5317 2462 5389 πρὸς
2492 5315 2618 5379 τοὺς
2640 5312 2905 5383 ὁμοφυεῖς
2932 5307 3082 5363 ἔλεον
3120 5306 3216 5361 καὶ
3244 5307 3344 5377 τὴν
3372 5304 3697 5372 ἐπιστήμην

2106 5412 2205 5483 τῆς
2252 5408 2533 5480 ἀληθείας,
2581 5406 2618 5477 ἢ
2665 5404 2820 5468 τέλος
2849 5400 2988 5483 ’ἐστὶ
3030 5399 3142 5454 τῶν
3179 5394 3459 5466 γνωστῶν,
3514 5409 3698 5447 κατα.-

2110 5503 2435 5567 σκευάζουσι
2480 5499 2570 5553 διά
2613 5497 2805 5552 πασῶν
2849 5477 2961 5550 τῶν
3000 5490 3301 5567 ὀρεκτικῶν
3342 5504 3399 5543 τε
3440 5486 3540 5540 καὶ
3583 5485 3699 5539 τῶν

2111 5591 2460 5666 θεωρητικῶν
2488 5590 2794 5662 δυνάμεων,
2825 5590 2876 5643 οἱ
2897 5589 2966 5644 τά
2991 5583 3283 5655 πανάγαθα
3308 5580 3402 5636 τοῦ
3425 5577 3567 5634 Θεοῦ
3593 5594 3697 5649 τη-

2113 5686 2335 5760 ροῦντες
2368 5685 2670 5753 θελήματα.
