  <div class='ocr_page' id='page_1' title='image "/cluster/home/n/w/nwhite01/storage/ocr_20150623/87:1/hvd.32044073502353/689.png"; bbox 0 0 3958 6202; ppageno 0'>
   <div class='ocr_carea' id='block_1_1' title="bbox 415 286 547 352">
    <p class='ocr_par' dir='ltr' id='par_1_1' title="bbox 415 286 547 352">
     <span class='ocr_line' id='line_1_1' title="bbox 415 286 547 352; baseline 0.008 -1"><span class='ocrx_word' id='word_1_1' title='bbox 415 286 547 352; x_wconf 76' lang='grc'><strong>1367</strong></span> 
     </span>
    </p>
   </div>
   <div class='ocr_carea' id='block_1_2' title="bbox 1714 296 2339 389">
    <p class='ocr_par' dir='ltr' id='par_1_2' title="bbox 1714 296 2339 389">
     <span class='ocr_line' id='line_1_2' title="bbox 1714 296 2339 389; baseline 0.002 -29"><span class='ocrx_word' id='word_1_2' title='bbox 1714 296 2067 389; x_wconf 76' lang='grc' dir='ltr'>ΡιιοοοΡῐΙ</span> <span class='ocrx_word' id='word_1_3' title='bbox 2096 297 2339 361; x_wconf 71' lang='lat' dir='ltr'><strong>GAZ/EI</strong></span> 
     </span>
    </p>
   </div>
   <div class='ocr_carea' id='block_1_3' title="bbox 3543 311 3683 378">
    <p class='ocr_par' dir='ltr' id='par_1_3' title="bbox 3543 311 3683 378">
     <span class='ocr_line' id='line_1_3' title="bbox 3543 311 3683 378; baseline 0.029 -3"><span class='ocrx_word' id='word_1_4' title='bbox 3543 311 3683 378; x_wconf 74' lang='lat' dir='ltr'><strong>l368</strong></span> 
     </span>
    </p>
   </div>
   <div class='ocr_carea' id='block_1_4' title="bbox 404 402 2003 497">
    <p class='ocr_par' dir='ltr' id='par_1_4' title="bbox 404 402 1987 480">
     <span class='ocr_line' id='line_1_4' title="bbox 404 402 1987 480; baseline 0.007 -23"><span class='ocrx_word' id='word_1_5' title='bbox 404 405 654 461; x_wconf 83' lang='lat' dir='ltr'><strong>venerint</strong></span> <span class='ocrx_word' id='word_1_6' title='bbox 685 402 753 458; x_wconf 90' lang='lat' dir='ltr'><strong>ad</strong></span> <span class='ocrx_word' id='word_1_7' title='bbox 784 405 966 476; x_wconf 89' lang='lat' dir='ltr'><strong>ipsum</strong></span> <span class='ocrx_word' id='word_1_8' title='bbox 1004 413 1060 462; x_wconf 89' lang='lat' dir='ltr'><strong>et</strong></span> <span class='ocrx_word' id='word_1_9' title='bbox 1081 406 1207 474; x_wconf 89' lang='lat' dir='ltr'><strong>alte,</strong></span> <span class='ocrx_word' id='word_1_10' title='bbox 1235 424 1334 480; x_wconf 88' lang='lat' dir='ltr'><strong>per</strong></span> <span class='ocrx_word' id='word_1_11' title='bbox 1366 410 1549 479; x_wconf 86' lang='lat' dir='ltr'><strong>iidem,</strong></span> <span class='ocrx_word' id='word_1_12' title='bbox 1577 426 1770 469; x_wconf 88' lang='lat' dir='ltr'><strong>verum</strong></span> <span class='ocrx_word' id='word_1_13' title='bbox 1817 413 1987 470; x_wconf 83' lang='lat' dir='ltr'><strong>Deum</strong></span> 
     </span>
    </p>
   </div>
   <div class='ocr_carea' id='block_1_5' title="bbox 2126 402 3687 497">
    <p class='ocr_par' dir='ltr' id='par_1_5' title="bbox 2126 417 3687 497">
     <span class='ocr_line' id='line_1_5' title="bbox 2126 417 3687 497; baseline 0.01 -28"><span class='ocrx_word' id='word_1_14' title='bbox 2126 417 2505 489; x_wconf 67' lang='grc' dir='ltr'><strong>προσελθόντων</strong></span> <span class='ocrx_word' id='word_1_15' title='bbox 2529 418 2679 492; x_wconf 79' lang='grc' dir='ltr'>αὐτῷ</span> <span class='ocrx_word' id='word_1_16' title='bbox 2716 422 2809 476; x_wconf 75' lang='grc' dir='ltr'>καὶ</span> <span class='ocrx_word' id='word_1_17' title='bbox 2828 423 3017 479; x_wconf 82' lang='grc' dir='ltr'>τοῦτον</span> <span class='ocrx_word' id='word_1_18' title='bbox 3038 424 3524 497; x_wconf 78' lang='grc' dir='ltr'>ἀνακηρυττόντων</span> <span class='ocrx_word' id='word_1_19' title='bbox 3549 430 3687 487; x_wconf 74' lang='grc' dir='ltr'>Θεὸν</span> 
     </span>
    </p>
   </div>
   <div class='ocr_carea' id='block_1_6' title="bbox 403 494 872 551">
    <p class='ocr_par' dir='ltr' id='par_1_6' title="bbox 403 494 872 551">
     <span class='ocr_line' id='line_1_6' title="bbox 403 494 872 551; baseline 0.006 -3"><span class='ocrx_word' id='word_1_20' title='bbox 403 494 872 551; x_wconf 84' lang='lat' dir='ltr'><strong>denuntiaverint.</strong></span> 
     </span>
    </p>
   </div>
   <div class='ocr_carea' id='block_1_7' title="bbox 476 619 1998 699">
    <p class='ocr_par' dir='ltr' id='par_1_7' title="bbox 476 619 1998 699">
     <span class='ocr_line' id='line_1_7' title="bbox 476 619 1998 699; baseline 0.005 -24"><span class='ocrx_word' id='word_1_21' title='bbox 476 619 545 675; x_wconf 80' lang='lat' dir='ltr'><strong>In</strong></span> <span class='ocrx_word' id='word_1_22' title='bbox 593 620 803 691; x_wconf 80' lang='lat' dir='ltr'><strong>defectu</strong></span> <span class='ocrx_word' id='word_1_23' title='bbox 867 622 1068 691; x_wconf 84' lang='lat' dir='ltr'><strong>populi,</strong></span> <span class='ocrx_word' id='word_1_24' title='bbox 1115 623 1359 693; x_wconf 76' lang='lat' dir='ltr'><strong>confusio</strong></span> <span class='ocrx_word' id='word_1_25' title='bbox 1416 626 1663 695; x_wconf 85' lang='lat' dir='ltr'><strong>potentis.</strong></span> <span class='ocrx_word' id='word_1_26' title='bbox 1724 625 1859 683; x_wconf 89' lang='lat' dir='ltr'><strong>Cum</strong></span> <span class='ocrx_word' id='word_1_27' title='bbox 1913 636 1998 699; x_wconf 84' lang='lat' dir='ltr'><strong>ty-</strong></span> 
     </span>
    </p>
   </div>
   <div class='ocr_carea' id='block_1_8' title="bbox 402 714 1989 785">
    <p class='ocr_par' dir='ltr' id='par_1_8' title="bbox 402 714 1989 785">
     <span class='ocr_line' id='line_1_8' title="bbox 402 714 1989 785; baseline 0.004 -17"><span class='ocrx_word' id='word_1_28' title='bbox 402 729 612 769; x_wconf 87' lang='lat' dir='ltr'><strong>rannus</strong></span> <span class='ocrx_word' id='word_1_29' title='bbox 644 714 736 770; x_wconf 90' lang='lat' dir='ltr'><strong>ille</strong></span> <span class='ocrx_word' id='word_1_30' title='bbox 786 714 1098 769; x_wconf 88' lang='lat' dir='ltr'><strong>animarum</strong></span> <span class='ocrx_word' id='word_1_31' title='bbox 1159 722 1477 771; x_wconf 89' lang='lat' dir='ltr'><strong>nostrarum</strong></span> <span class='ocrx_word' id='word_1_32' title='bbox 1531 726 1585 773; x_wconf 87' lang='lat' dir='ltr'><strong>et</strong></span> <span class='ocrx_word' id='word_1_33' title='bbox 1640 719 1842 785; x_wconf 89' lang='lat' dir='ltr'><strong>hostis,</strong></span> <span class='ocrx_word' id='word_1_34' title='bbox 1883 719 1989 775; x_wconf 91' lang='lat' dir='ltr'><strong>hoc</strong></span> 
     </span>
    </p>
   </div>
   <div class='ocr_carea' id='block_1_9' title="bbox 370 805 1999 882">
    <p class='ocr_par' dir='ltr' id='par_1_9' title="bbox 370 805 1999 882">
     <span class='ocr_line' id='line_1_9' title="bbox 370 805 1999 882; baseline 0.004 -23"><span class='ocrx_word' id='word_1_35' title='bbox 370 875 379 882; x_wconf 34' lang='grc'><em>.</em></span> <span class='ocrx_word' id='word_1_36' title='bbox 403 805 568 860; x_wconf 85' lang='lat' dir='ltr'><strong>modo</strong></span> <span class='ocrx_word' id='word_1_37' title='bbox 589 806 948 861; x_wconf 80' lang='lat' dir='ltr'><strong>frustrabitur</strong></span> <span class='ocrx_word' id='word_1_38' title='bbox 971 814 1124 862; x_wconf 89' lang='lat' dir='ltr'><strong>tanta</strong></span> <span class='ocrx_word' id='word_1_39' title='bbox 1160 808 1541 877; x_wconf 72' lang='lat' dir='ltr'><strong>multitudine,</strong></span> <span class='ocrx_word' id='word_1_40' title='bbox 1561 825 1725 881; x_wconf 87' lang='lat' dir='ltr'><strong>quam</strong></span> <span class='ocrx_word' id='word_1_41' title='bbox 1750 826 1849 882; x_wconf 84' lang='lat' dir='ltr'><strong>per</strong></span> <span class='ocrx_word' id='word_1_42' title='bbox 1884 811 1999 867; x_wconf 85' lang='lat' dir='ltr'><strong>ido-</strong></span> 
     </span>
    </p>
   </div>
   <div class='ocr_carea' id='block_1_10' title="bbox 407 898 1996 973">
    <p class='ocr_par' dir='ltr' id='par_1_10' title="bbox 407 898 1996 973">
     <span class='ocr_line' id='line_1_10' title="bbox 407 898 1996 973; baseline 0.003 -20"><span class='ocrx_word' id='word_1_43' title='bbox 407 898 681 953; x_wconf 84' lang='lat' dir='ltr'><strong>lolatriam</strong></span> <span class='ocrx_word' id='word_1_44' title='bbox 729 900 1092 970; x_wconf 84' lang='lat' dir='ltr'><strong>acquisierat,</strong></span> <span class='ocrx_word' id='word_1_45' title='bbox 1147 931 1220 942; x_wconf 95' lang='lat'><strong>—</strong></span> <span class='ocrx_word' id='word_1_46' title='bbox 1272 901 1446 971; x_wconf 95' lang='lat' dir='ltr'><strong>gloria</strong></span> <span class='ocrx_word' id='word_1_47' title='bbox 1501 901 1625 973; x_wconf 90' lang='lat' dir='ltr'><strong>ejus</strong></span> <span class='ocrx_word' id='word_1_48' title='bbox 1681 901 1996 973; x_wconf 65' lang='lat' dir='ltr'><strong>subiacebit</strong></span> 
     </span>
    </p>
   </div>
   <div class='ocr_carea' id='block_1_11' title="bbox 404 1007 603 1047">
    <p class='ocr_par' dir='ltr' id='par_1_11' title="bbox 404 1007 603 1047">
     <span class='ocr_line' id='line_1_11' title="bbox 404 1007 603 1047; baseline 0.01 -2"><span class='ocrx_word' id='word_1_49' title='bbox 404 1007 603 1047; x_wconf 72' lang='grc'><strong>1⁵011118.</strong></span> 
     </span>
    </p>
   </div>
   <div class='ocr_carea' id='block_1_12' title="bbox 475 1112 1993 1190">
    <p class='ocr_par' dir='ltr' id='par_1_12' title="bbox 475 1112 1993 1190">
     <span class='ocr_line' id='line_1_12' title="bbox 475 1112 1993 1190; baseline 0.004 -17"><span class='ocrx_word' id='word_1_50' title='bbox 475 1117 641 1173; x_wconf 73' lang='lat' dir='ltr'><strong>Vsus.</strong></span> <span class='ocrx_word' id='word_1_51' title='bbox 670 1112 764 1173; x_wconf 23' lang='lat'><strong>29’.</strong></span> <span class='ocrx_word' id='word_1_52' title='bbox 796 1117 890 1172; x_wconf 86' lang='lat' dir='ltr'><strong>Vir</strong></span> <span class='ocrx_word' id='word_1_53' title='bbox 929 1118 1272 1189; x_wconf 85' lang='lat' dir='ltr'><strong>longanimis,</strong></span> <span class='ocrx_word' id='word_1_54' title='bbox 1311 1122 1509 1176; x_wconf 80' lang='lat' dir='ltr'><strong>multus</strong></span> <span class='ocrx_word' id='word_1_55' title='bbox 1566 1123 1622 1177; x_wconf 85' lang='lat' dir='ltr'><strong>in</strong></span> <span class='ocrx_word' id='word_1_56' title='bbox 1664 1132 1853 1179; x_wconf 84' lang='lat' dir='ltr'><strong>mente.</strong></span> <span class='ocrx_word' id='word_1_57' title='bbox 1886 1121 1993 1190; x_wconf 88' lang='lat' dir='ltr'><strong>Qui</strong></span> 
     </span>
    </p>
   </div>
   <div class='ocr_carea' id='block_1_13' title="bbox 406 1210 1995 1287">
    <p class='ocr_par' dir='ltr' id='par_1_13' title="bbox 406 1210 1995 1287">
     <span class='ocr_line' id='line_1_13' title="bbox 406 1210 1995 1287; baseline 0.005 -24"><span class='ocrx_word' id='word_1_58' title='bbox 406 1210 710 1264; x_wconf 89' lang='lat' dir='ltr'><strong>secundum</strong></span> <span class='ocrx_word' id='word_1_59' title='bbox 755 1210 1026 1266; x_wconf 87' lang='lat' dir='ltr'><strong>rationem</strong></span> <span class='ocrx_word' id='word_1_60' title='bbox 1071 1213 1287 1268; x_wconf 89' lang='lat' dir='ltr'><strong>animos</strong></span> <span class='ocrx_word' id='word_1_61' title='bbox 1327 1212 1513 1269; x_wconf 87' lang='lat' dir='ltr'><strong>domat</strong></span> <span class='ocrx_word' id='word_1_62' title='bbox 1531 1222 1587 1271; x_wconf 89' lang='lat' dir='ltr'><strong>et</strong></span> <span class='ocrx_word' id='word_1_63' title='bbox 1614 1214 1871 1271; x_wconf 81' lang='lat' dir='ltr'><strong>dolorosa</strong></span> <span class='ocrx_word' id='word_1_64' title='bbox 1902 1230 1995 1287; x_wconf 82' lang='lat' dir='ltr'><strong>ge-</strong></span> 
     </span>
    </p>
   </div>
   <div class='ocr_carea' id='block_1_14' title="bbox 405 1298 1995 1373">
    <p class='ocr_par' dir='ltr' id='par_1_14' title="bbox 405 1298 1995 1373">
     <span class='ocr_line' id='line_1_14' title="bbox 405 1298 1995 1373; baseline 0.005 -19"><span class='ocrx_word' id='word_1_65' title='bbox 405 1308 606 1355; x_wconf 82' lang='lat' dir='ltr'><strong>nerose</strong></span> <span class='ocrx_word' id='word_1_66' title='bbox 647 1298 860 1367; x_wconf 81' lang='lat' dir='ltr'><strong>suﬂ&#39;ert,</strong></span> <span class='ocrx_word' id='word_1_67' title='bbox 896 1301 990 1372; x_wconf 89' lang='lat' dir='ltr'><strong>qui</strong></span> <span class='ocrx_word' id='word_1_68' title='bbox 1023 1301 1523 1373; x_wconf 86' lang='lat' dir='ltr'><strong>eircumspiciendo</strong></span> <span class='ocrx_word' id='word_1_69' title='bbox 1576 1305 1710 1361; x_wconf 81' lang='lat' dir='ltr'><strong>facit</strong></span> <span class='ocrx_word' id='word_1_70' title='bbox 1740 1318 1796 1363; x_wconf 87' lang='lat' dir='ltr'><strong>et</strong></span> <span class='ocrx_word' id='word_1_71' title='bbox 1856 1307 1995 1364; x_wconf 87' lang='lat' dir='ltr'><strong>dicit</strong></span> 
     </span>
    </p>
   </div>
   <div class='ocr_carea' id='block_1_15' title="bbox 405 1392 1760 1462">
    <p class='ocr_par' dir='ltr' id='par_1_15' title="bbox 405 1392 1760 1462">
     <span class='ocr_line' id='line_1_15' title="bbox 405 1392 1760 1462; baseline 0.009 -19"><span class='ocrx_word' id='word_1_72' title='bbox 405 1392 550 1462; x_wconf 85' lang='lat' dir='ltr'><strong>quod</strong></span> <span class='ocrx_word' id='word_1_73' title='bbox 582 1399 826 1462; x_wconf 83' lang='lat' dir='ltr'><strong>oportet,</strong></span> <span class='ocrx_word' id='word_1_74' title='bbox 856 1392 949 1449; x_wconf 90' lang='lat' dir='ltr'><strong>ille</strong></span> <span class='ocrx_word' id='word_1_75' title='bbox 972 1394 1268 1452; x_wconf 77' lang='lat' dir='ltr'><strong>manifeste</strong></span> <span class='ocrx_word' id='word_1_76' title='bbox 1296 1405 1533 1453; x_wconf 84' lang='lat' dir='ltr'><strong>mentem</strong></span> <span class='ocrx_word' id='word_1_77' title='bbox 1573 1397 1760 1455; x_wconf 85' lang='lat' dir='ltr'><strong>habet.</strong></span> 
     </span>
    </p>
   </div>
   <div class='ocr_carea' id='block_1_16' title="bbox 474 1519 1992 1597">
    <p class='ocr_par' dir='ltr' id='par_1_16' title="bbox 474 1519 1992 1597">
     <span class='ocr_line' id='line_1_16' title="bbox 474 1519 1992 1597; baseline 0.005 -23"><span class='ocrx_word' id='word_1_78' title='bbox 474 1519 892 1587; x_wconf 83' lang='lat' dir='ltr'><strong>Pusillanimus,</strong></span> <span class='ocrx_word' id='word_1_79' title='bbox 913 1522 1067 1578; x_wconf 81' lang='lat' dir='ltr'><strong>valde</strong></span> <span class='ocrx_word' id='word_1_80' title='bbox 1098 1540 1304 1583; x_wconf 85' lang='lat' dir='ltr'><strong>amens.</strong></span> <span class='ocrx_word' id='word_1_81' title='bbox 1333 1524 1434 1591; x_wconf 91' lang='lat' dir='ltr'><strong>Qui</strong></span> <span class='ocrx_word' id='word_1_82' title='bbox 1482 1534 1707 1596; x_wconf 84' lang='lat' dir='ltr'><strong>propter</strong></span> <span class='ocrx_word' id='word_1_83' title='bbox 1727 1525 1992 1597; x_wconf 91' lang='lat' dir='ltr'><strong>pusillum</strong></span> 
     </span>
    </p>
   </div>
   <div class='ocr_carea' id='block_1_17' title="bbox 408 1612 1993 1690">
    <p class='ocr_par' dir='ltr' id='par_1_17' title="bbox 408 1612 1993 1690">
     <span class='ocr_line' id='line_1_17' title="bbox 408 1612 1993 1690; baseline 0.005 -23"><span class='ocrx_word' id='word_1_84' title='bbox 408 1612 651 1667; x_wconf 84' lang='lat' dir='ltr'><strong>animum</strong></span> <span class='ocrx_word' id='word_1_85' title='bbox 690 1614 799 1670; x_wconf 89' lang='lat' dir='ltr'><strong>cito</strong></span> <span class='ocrx_word' id='word_1_86' title='bbox 831 1615 1045 1670; x_wconf 88' lang='lat' dir='ltr'><strong>iniram</strong></span> <span class='ocrx_word' id='word_1_87' title='bbox 1081 1616 1328 1683; x_wconf 78' lang='lat' dir='ltr'><strong>eﬂ’ertur,</strong></span> <span class='ocrx_word' id='word_1_88' title='bbox 1359 1632 1498 1688; x_wconf 86' lang='lat' dir='ltr'><strong>quas</strong></span> <span class='ocrx_word' id='word_1_89' title='bbox 1523 1633 1633 1674; x_wconf 90' lang='lat' dir='ltr'><strong>non</strong></span> <span class='ocrx_word' id='word_1_90' title='bbox 1665 1627 1886 1690; x_wconf 84' lang='lat' dir='ltr'><strong>oportet</strong></span> <span class='ocrx_word' id='word_1_91' title='bbox 1909 1618 1993 1675; x_wconf 81' lang='lat' dir='ltr'><strong>fa-</strong></span> 
     </span>
    </p>
   </div>
   <div class='ocr_carea' id='block_1_18' title="bbox 406 1708 1210 1775">
    <p class='ocr_par' dir='ltr' id='par_1_18' title="bbox 406 1708 1210 1775">
     <span class='ocr_line' id='line_1_18' title="bbox 406 1708 1210 1775; baseline 0.006 -14"><span class='ocrx_word' id='word_1_92' title='bbox 406 1710 481 1762; x_wconf 91' lang='lat' dir='ltr'><strong>cit</strong></span> <span class='ocrx_word' id='word_1_93' title='bbox 504 1717 558 1764; x_wconf 90' lang='lat' dir='ltr'><strong>et</strong></span> <span class='ocrx_word' id='word_1_94' title='bbox 591 1708 747 1775; x_wconf 90' lang='lat' dir='ltr'><strong>dicit,</strong></span> <span class='ocrx_word' id='word_1_95' title='bbox 774 1710 864 1763; x_wconf 89' lang='lat' dir='ltr'><strong>hic</strong></span> <span class='ocrx_word' id='word_1_96' title='bbox 887 1721 974 1767; x_wconf 86' lang='lat' dir='ltr'><strong>est</strong></span> <span class='ocrx_word' id='word_1_97' title='bbox 998 1725 1210 1767; x_wconf 87' lang='lat' dir='ltr'><strong>amens.</strong></span> 
     </span>
    </p>
   </div>
   <div class='ocr_carea' id='block_1_19' title="bbox 480 1835 2003 1906">
    <p class='ocr_par' dir='ltr' id='par_1_19' title="bbox 480 1835 2003 1906">
     <span class='ocr_line' id='line_1_19' title="bbox 480 1835 2003 1906; baseline 0.003 -15"><span class='ocrx_word' id='word_1_98' title='bbox 480 1835 644 1894; x_wconf 70' lang='lat' dir='ltr'><strong>Vsus.</strong></span> <span class='ocrx_word' id='word_1_99' title='bbox 670 1838 760 1894; x_wconf 76' lang='lat'><strong>30.</strong></span> <span class='ocrx_word' id='word_1_100' title='bbox 783 1837 934 1894; x_wconf 76' lang='lat' dir='ltr'><strong>Mitis</strong></span> <span class='ocrx_word' id='word_1_101' title='bbox 963 1839 1062 1905; x_wconf 79' lang='lat' dir='ltr'><strong>vir,</strong></span> <span class='ocrx_word' id='word_1_102' title='bbox 1090 1840 1265 1895; x_wconf 84' lang='lat' dir='ltr'><strong>cordis</strong></span> <span class='ocrx_word' id='word_1_103' title='bbox 1286 1840 1536 1896; x_wconf 87' lang='lat' dir='ltr'><strong>medicus.</strong></span> <span class='ocrx_word' id='word_1_104' title='bbox 1555 1839 1659 1906; x_wconf 85' lang='lat' dir='ltr'><strong>Qui</strong></span> <span class='ocrx_word' id='word_1_105' title='bbox 1683 1840 1868 1898; x_wconf 89' lang='lat' dir='ltr'><strong>animo</strong></span> <span class='ocrx_word' id='word_1_106' title='bbox 1894 1855 2003 1896; x_wconf 91' lang='lat' dir='ltr'><strong>non</strong></span> 
     </span>
    </p>
   </div>
   <div class='ocr_carea' id='block_1_20' title="bbox 409 1930 2005 2003">
    <p class='ocr_par' dir='ltr' id='par_1_20' title="bbox 409 1930 2005 2003">
     <span class='ocr_line' id='line_1_20' title="bbox 409 1930 2005 2003; baseline 0.002 -19"><span class='ocrx_word' id='word_1_107' title='bbox 409 1930 686 1996; x_wconf 83' lang='lat' dir='ltr'><strong>turbatur,</strong></span> <span class='ocrx_word' id='word_1_108' title='bbox 720 1945 911 1985; x_wconf 89' lang='lat' dir='ltr'><strong>eorum</strong></span> <span class='ocrx_word' id='word_1_109' title='bbox 932 1945 1122 1996; x_wconf 83' lang='lat' dir='ltr'><strong>causa,</strong></span> <span class='ocrx_word' id='word_1_110' title='bbox 1150 1931 1353 2001; x_wconf 86' lang='lat' dir='ltr'><strong>quibus</strong></span> <span class='ocrx_word' id='word_1_111' title='bbox 1379 1934 1521 1988; x_wconf 89' lang='lat' dir='ltr'><strong>alius</strong></span> <span class='ocrx_word' id='word_1_112' title='bbox 1550 1933 1605 1986; x_wconf 91' lang='lat' dir='ltr'><strong>in</strong></span> <span class='ocrx_word' id='word_1_113' title='bbox 1634 1933 1814 2003; x_wconf 89' lang='lat' dir='ltr'><strong>ipsum</strong></span> <span class='ocrx_word' id='word_1_114' title='bbox 1846 1932 2005 1988; x_wconf 70' lang='lat' dir='ltr'><strong>alier-</strong></span> 
     </span>
    </p>
   </div>
   <div class='ocr_carea' id='block_1_21' title="bbox 409 2017 2003 2096">
    <p class='ocr_par' dir='ltr' id='par_1_21' title="bbox 409 2017 2003 2096">
     <span class='ocr_line' id='line_1_21' title="bbox 409 2017 2003 2096; baseline 0.003 -19"><span class='ocrx_word' id='word_1_115' title='bbox 409 2030 521 2087; x_wconf 89' lang='lat' dir='ltr'><strong>tor,</strong></span> <span class='ocrx_word' id='word_1_116' title='bbox 550 2023 645 2079; x_wconf 88' lang='lat' dir='ltr'><strong>sed</strong></span> <span class='ocrx_word' id='word_1_117' title='bbox 688 2023 837 2078; x_wconf 90' lang='lat' dir='ltr'><strong>illata</strong></span> <span class='ocrx_word' id='word_1_118' title='bbox 866 2023 971 2080; x_wconf 91' lang='lat' dir='ltr'><strong>sibi</strong></span> <span class='ocrx_word' id='word_1_119' title='bbox 1024 2017 1259 2079; x_wconf 80' lang='lat' dir='ltr'><strong>viriliter</strong></span> <span class='ocrx_word' id='word_1_120' title='bbox 1288 2025 1598 2096; x_wconf 87' lang='lat' dir='ltr'><strong>perpetitur</strong></span> <span class='ocrx_word' id='word_1_121' title='bbox 1637 2033 1693 2080; x_wconf 91' lang='lat' dir='ltr'><strong>et</strong></span> <span class='ocrx_word' id='word_1_122' title='bbox 1742 2024 2003 2081; x_wconf 83' lang='lat' dir='ltr'><strong>adversa-</strong></span> 
     </span>
    </p>
   </div>
   <div class='ocr_carea' id='block_1_22' title="bbox 410 2112 2001 2185">
    <p class='ocr_par' dir='ltr' id='par_1_22' title="bbox 410 2112 2001 2185">
     <span class='ocr_line' id='line_1_22' title="bbox 410 2112 2001 2185; baseline 0.003 -21"><span class='ocrx_word' id='word_1_123' title='bbox 410 2112 556 2166; x_wconf 85' lang='lat' dir='ltr'><strong>rium</strong></span> <span class='ocrx_word' id='word_1_124' title='bbox 602 2114 843 2168; x_wconf 85' lang='lat' dir='ltr'><strong>suaviter</strong></span> <span class='ocrx_word' id='word_1_125' title='bbox 874 2113 1029 2180; x_wconf 88' lang='lat' dir='ltr'><strong>adiit,</strong></span> <span class='ocrx_word' id='word_1_126' title='bbox 1060 2129 1160 2185; x_wconf 89' lang='lat' dir='ltr'><strong>per</strong></span> <span class='ocrx_word' id='word_1_127' title='bbox 1227 2129 1384 2170; x_wconf 89' lang='lat' dir='ltr'><strong>suam</strong></span> <span class='ocrx_word' id='word_1_128' title='bbox 1438 2115 1795 2171; x_wconf 89' lang='lat' dir='ltr'><strong>tolerantiam</strong></span> <span class='ocrx_word' id='word_1_129' title='bbox 1839 2123 2001 2172; x_wconf 86' lang='lat' dir='ltr'><strong>sanat</strong></span> 
     </span>
    </p>
   </div>
   <div class='ocr_carea' id='block_1_23' title="bbox 411 2202 1251 2261">
    <p class='ocr_par' dir='ltr' id='par_1_23' title="bbox 411 2202 1251 2261">
     <span class='ocr_line' id='line_1_23' title="bbox 411 2202 1251 2261; baseline 0.005 -6"><span class='ocrx_word' id='word_1_130' title='bbox 411 2203 680 2259; x_wconf 89' lang='lat' dir='ltr'><strong>turbitam</strong></span> <span class='ocrx_word' id='word_1_131' title='bbox 722 2202 962 2259; x_wconf 90' lang='lat' dir='ltr'><strong>animam</strong></span> <span class='ocrx_word' id='word_1_132' title='bbox 998 2204 1251 2261; x_wconf 80' lang='lat' dir='ltr'><strong>alterius.</strong></span> 
     </span>
    </p>
   </div>
   <div class='ocr_carea' id='block_1_24' title="bbox 490 2439 1995 2511">
    <p class='ocr_par' dir='ltr' id='par_1_24' title="bbox 490 2439 1995 2511">
     <span class='ocr_line' id='line_1_24' title="bbox 490 2439 1995 2511; baseline 0 -14"><span class='ocrx_word' id='word_1_133' title='bbox 490 2439 653 2499; x_wconf 77' lang='lat' dir='ltr'><strong>Tinea</strong></span> <span class='ocrx_word' id='word_1_134' title='bbox 705 2443 931 2511; x_wconf 83' lang='lat' dir='ltr'><strong>ossium,</strong></span> <span class='ocrx_word' id='word_1_135' title='bbox 968 2458 1059 2496; x_wconf 84' lang='lat' dir='ltr'><strong>cor</strong></span> <span class='ocrx_word' id='word_1_136' title='bbox 1109 2442 1373 2499; x_wconf 81' lang='lat' dir='ltr'><strong>sensibile.</strong></span> <span class='ocrx_word' id='word_1_137' title='bbox 1412 2440 1569 2500; x_wconf 84' lang='lat' dir='ltr'><strong>Sicut</strong></span> <span class='ocrx_word' id='word_1_138' title='bbox 1622 2440 1812 2500; x_wconf 89' lang='lat' dir='ltr'><strong>teredo</strong></span> <span class='ocrx_word' id='word_1_139' title='bbox 1866 2456 1995 2499; x_wconf 85' lang='lat' dir='ltr'><strong>ossa</strong></span> 
     </span>
    </p>
   </div>
   <div class='ocr_carea' id='block_1_25' title="bbox 412 2533 1996 2606">
    <p class='ocr_par' dir='ltr' id='par_1_25' title="bbox 412 2533 1996 2606">
     <span class='ocr_line' id='line_1_25' title="bbox 412 2533 1996 2606; baseline -0.001 -16"><span class='ocrx_word' id='word_1_140' title='bbox 412 2536 680 2603; x_wconf 84' lang='lat' dir='ltr'><strong>corrodit,</strong></span> <span class='ocrx_word' id='word_1_141' title='bbox 712 2536 790 2591; x_wconf 88' lang='lat' dir='ltr'><strong>ita</strong></span> <span class='ocrx_word' id='word_1_142' title='bbox 822 2549 939 2600; x_wconf 90' lang='lat' dir='ltr'><strong>cor,</strong></span> <span class='ocrx_word' id='word_1_143' title='bbox 966 2533 1113 2605; x_wconf 90' lang='lat' dir='ltr'><strong>quod</strong></span> <span class='ocrx_word' id='word_1_144' title='bbox 1149 2544 1350 2605; x_wconf 66' lang='lat' dir='ltr'><strong>praesto</strong></span> <span class='ocrx_word' id='word_1_145' title='bbox 1383 2542 1469 2591; x_wconf 80' lang='lat' dir='ltr'><strong>est</strong></span> <span class='ocrx_word' id='word_1_146' title='bbox 1495 2535 1754 2591; x_wconf 84' lang='lat' dir='ltr'><strong>sensibus</strong></span> <span class='ocrx_word' id='word_1_147' title='bbox 1808 2533 1996 2606; x_wconf 89' lang='lat' dir='ltr'><strong>(modo</strong></span> 
     </span>
    </p>
   </div>
   <div class='ocr_carea' id='block_1_26' title="bbox 411 2623 1991 2697">
    <p class='ocr_par' dir='ltr' id='par_1_26' title="bbox 411 2623 1991 2697">
     <span class='ocr_line' id='line_1_26' title="bbox 411 2623 1991 2697; baseline -0.001 -16"><span class='ocrx_word' id='word_1_148' title='bbox 411 2625 673 2695; x_wconf 80' lang='lat' dir='ltr'><strong>iucundis</strong></span> <span class='ocrx_word' id='word_1_149' title='bbox 725 2623 1100 2697; x_wconf 77' lang='lat' dir='ltr'><strong>supereﬁluet,</strong></span> <span class='ocrx_word' id='word_1_150' title='bbox 1128 2623 1293 2679; x_wconf 91' lang='lat' dir='ltr'><strong>modo</strong></span> <span class='ocrx_word' id='word_1_151' title='bbox 1346 2625 1559 2683; x_wconf 91' lang='lat' dir='ltr'><strong>doloris</strong></span> <span class='ocrx_word' id='word_1_152' title='bbox 1611 2625 1991 2696; x_wconf 81' lang='lat' dir='ltr'><strong>exturbatur),</strong></span> 
     </span>
    </p>
   </div>
   <div class='ocr_carea' id='block_1_27' title="bbox 415 2719 1997 2792">
    <p class='ocr_par' dir='ltr' id='par_1_27' title="bbox 415 2719 1997 2792">
     <span class='ocr_line' id='line_1_27' title="bbox 415 2719 1997 2792; baseline 0 -18"><span class='ocrx_word' id='word_1_153' title='bbox 415 2719 687 2777; x_wconf 82' lang='lat' dir='ltr'><strong>ﬁrmiores</strong></span> <span class='ocrx_word' id='word_1_154' title='bbox 737 2720 934 2775; x_wconf 75' lang='lat' dir='ltr'><strong>anima:</strong></span> <span class='ocrx_word' id='word_1_155' title='bbox 979 2720 1276 2791; x_wconf 89' lang='lat' dir='ltr'><strong>potentias,</strong></span> <span class='ocrx_word' id='word_1_156' title='bbox 1305 2720 1359 2775; x_wconf 90' lang='lat' dir='ltr'><strong>in</strong></span> <span class='ocrx_word' id='word_1_157' title='bbox 1386 2719 1739 2792; x_wconf 87' lang='lat' dir='ltr'><strong>passionihus</strong></span> <span class='ocrx_word' id='word_1_158' title='bbox 1784 2728 1997 2775; x_wconf 75' lang='lat' dir='ltr'><strong>natura:</strong></span> 
     </span>
    </p>
   </div>
   <div class='ocr_carea' id='block_1_28' title="bbox 416 2810 708 2883">
    <p class='ocr_par' dir='ltr' id='par_1_28' title="bbox 416 2810 708 2883">
     <span class='ocr_line' id='line_1_28' title="bbox 416 2810 708 2883; baseline 0 -18"><span class='ocrx_word' id='word_1_159' title='bbox 416 2810 708 2883; x_wconf 80' lang='lat' dir='ltr'><strong>dispertiit.</strong></span> 
     </span>
    </p>
   </div>
   <div class='ocr_carea' id='block_1_29' title="bbox 489 3020 1995 3103">
    <p class='ocr_par' dir='ltr' id='par_1_29' title="bbox 489 3020 1995 3103">
     <span class='ocr_line' id='line_1_29' title="bbox 489 3020 1995 3103; baseline -0.002 -15"><span class='ocrx_word' id='word_1_160' title='bbox 489 3033 596 3101; x_wconf 82' lang='lat' dir='ltr'><strong>Qui</strong></span> <span class='ocrx_word' id='word_1_161' title='bbox 641 3033 1001 3088; x_wconf 85' lang='lat' dir='ltr'><strong>calumniatur</strong></span> <span class='ocrx_word' id='word_1_162' title='bbox 1056 3020 1360 3103; x_wconf 81' lang='lat' dir='ltr'><strong>pauperem,</strong></span> <span class='ocrx_word' id='word_1_163' title='bbox 1402 3042 1682 3102; x_wconf 71' lang='lat' dir='ltr'><strong>exasperat</strong></span> <span class='ocrx_word' id='word_1_164' title='bbox 1740 3028 1995 3102; x_wconf 79' lang='lat' dir='ltr'><strong>[actorem</strong></span> 
     </span>
    </p>
   </div>
   <div class='ocr_carea' id='block_1_30' title="bbox 2099 507 2765 579">
    <p class='ocr_par' dir='ltr' id='par_1_30' title="bbox 2099 507 2765 579">
     <span class='ocr_line' id='line_1_30' title="bbox 2099 507 2765 579; baseline 0.015 -19"><span class='ocrx_word' id='word_1_165' title='bbox 2099 507 2355 578; x_wconf 80' lang='grc' dir='ltr'>ἀληθινὸν</span> <span class='ocrx_word' id='word_1_166' title='bbox 2381 510 2472 566; x_wconf 87' lang='grc' dir='ltr'><strong>διά</strong></span> <span class='ocrx_word' id='word_1_167' title='bbox 2501 511 2765 579; x_wconf 80' lang='grc' dir='ltr'>πίστεως.</span> 
     </span>
    </p>
   </div>
   <div class='ocr_carea' id='block_1_31' title="bbox 2183 633 3684 713">
    <p class='ocr_par' dir='ltr' id='par_1_31' title="bbox 2183 633 3684 713">
     <span class='ocr_line' id='line_1_31' title="bbox 2183 633 3684 713; baseline 0.009 -26"><span class='ocrx_word' id='word_1_168' title='bbox 2183 635 2281 689; x_wconf 84' lang='grc' dir='ltr'>Ἐν</span> <span class='ocrx_word' id='word_1_169' title='bbox 2305 633 2375 689; x_wconf 80' lang='grc' dir='ltr'>δὲ</span> <span class='ocrx_word' id='word_1_170' title='bbox 2405 634 2672 706; x_wconf 76' lang='grc' dir='ltr'><strong>ἐκλείψει</strong></span> <span class='ocrx_word' id='word_1_171' title='bbox 2694 639 2870 705; x_wconf 76' lang='grc' dir='ltr'>λαοῦ,</span> <span class='ocrx_word' id='word_1_172' title='bbox 2900 645 3195 713; x_wconf 78' lang='grc' dir='ltr'>συντριϐὴ</span> <span class='ocrx_word' id='word_1_173' title='bbox 3228 635 3557 702; x_wconf 56' lang='lat' dir='ltr'><strong>ovi-datori.</strong></span> <span class='ocrx_word' id='word_1_174' title='bbox 3594 648 3684 701; x_wconf 83' lang='grc' dir='ltr'><strong>Ἐν</strong></span> 
     </span>
    </p>
   </div>
   <div class='ocr_carea' id='block_1_32' title="bbox 2097 726 3683 812">
    <p class='ocr_par' dir='ltr' id='par_1_32' title="bbox 2097 726 3683 812">
     <span class='ocr_line' id='line_1_32' title="bbox 2097 726 3683 812; baseline 0.009 -32"><span class='ocrx_word' id='word_1_175' title='bbox 2097 726 2154 781; x_wconf 82' lang='grc' dir='ltr'><strong>δέ</strong></span> <span class='ocrx_word' id='word_1_176' title='bbox 2177 727 2255 799; x_wconf 82' lang='grc' dir='ltr'><strong>τῷ</strong></span> <span class='ocrx_word' id='word_1_177' title='bbox 2281 728 2424 783; x_wconf 81' lang='grc' dir='ltr'>οὕτω</span> <span class='ocrx_word' id='word_1_178' title='bbox 2459 727 2805 804; x_wconf 80' lang='grc' dir='ltr'><strong>ζημιωθῆναι</strong></span> <span class='ocrx_word' id='word_1_179' title='bbox 2833 734 2925 789; x_wconf 76' lang='grc' dir='ltr'>τὸν</span> <span class='ocrx_word' id='word_1_180' title='bbox 2952 735 3216 808; x_wconf 80' lang='grc' dir='ltr'>τύραννον</span> <span class='ocrx_word' id='word_1_181' title='bbox 3256 740 3365 793; x_wconf 92' lang='grc' dir='ltr'><strong>τῶν</strong></span> <span class='ocrx_word' id='word_1_182' title='bbox 3395 741 3683 812; x_wconf 77' lang='grc' dir='ltr'><strong>ἡμετέρων</strong></span> 
     </span>
    </p>
   </div>
   <div class='ocr_carea' id='block_1_33' title="bbox 2095 821 3685 903">
    <p class='ocr_par' dir='ltr' id='par_1_33' title="bbox 2095 821 3685 903">
     <span class='ocr_line' id='line_1_33' title="bbox 2095 821 3685 903; baseline 0.01 -31"><span class='ocrx_word' id='word_1_183' title='bbox 2095 821 2287 903; x_wconf 39' lang='grc' dir='ltr'>ψυχδῶν</span> <span class='ocrx_word' id='word_1_184' title='bbox 2315 823 2411 877; x_wconf 77' lang='grc' dir='ltr'>καὶ</span> <span class='ocrx_word' id='word_1_185' title='bbox 2441 824 2720 895; x_wconf 88' lang='grc' dir='ltr'>πολέμιον,</span> <span class='ocrx_word' id='word_1_186' title='bbox 2745 825 2808 878; x_wconf 82' lang='grc' dir='ltr'><strong>τὸ</strong></span> <span class='ocrx_word' id='word_1_187' title='bbox 2828 826 3071 883; x_wconf 84' lang='grc' dir='ltr'>τοιοῦτον</span> <span class='ocrx_word' id='word_1_188' title='bbox 3100 831 3307 900; x_wconf 85' lang='grc' dir='ltr'>πλῆθος</span> <span class='ocrx_word' id='word_1_189' title='bbox 3332 832 3361 885; x_wconf 85' lang='grc' dir='ltr'><strong>δ</strong></span> <span class='ocrx_word' id='word_1_190' title='bbox 3382 833 3450 886; x_wconf 88' lang='grc' dir='ltr'><strong>δι’</strong></span> <span class='ocrx_word' id='word_1_191' title='bbox 3474 832 3685 889; x_wconf 75' lang='grc' dir='ltr'>εἰδωλο-</span> 
     </span>
    </p>
   </div>
   <div class='ocr_carea' id='block_1_34' title="bbox 2096 913 3683 998">
    <p class='ocr_par' dir='ltr' id='par_1_34' title="bbox 2096 913 3683 998">
     <span class='ocr_line' id='line_1_34' title="bbox 2096 913 3683 998; baseline 0.008 -32"><span class='ocrx_word' id='word_1_192' title='bbox 2096 913 2355 985; x_wconf 88' lang='grc' dir='ltr'>λατρείας</span> <span class='ocrx_word' id='word_1_193' title='bbox 2385 915 2729 989; x_wconf 78' lang='grc' dir='ltr'>ἐκτήσατο,ή</span> <span class='ocrx_word' id='word_1_194' title='bbox 2762 918 2891 987; x_wconf 77' lang='grc' dir='ltr'>δόξα</span> <span class='ocrx_word' id='word_1_195' title='bbox 2927 919 3094 974; x_wconf 84' lang='grc' dir='ltr'>αὐτοῦ</span> <span class='ocrx_word' id='word_1_196' title='bbox 3120 923 3202 984; x_wconf 86' lang='grc' dir='ltr'><strong>είς</strong></span> <span class='ocrx_word' id='word_1_197' title='bbox 3236 920 3365 994; x_wconf 62' lang='grc' dir='ltr'>λοῢν</span> <span class='ocrx_word' id='word_1_198' title='bbox 3400 940 3683 998; x_wconf 78' lang='grc' dir='ltr'>κατασκη-</span> 
     </span>
    </p>
   </div>
   <div class='ocr_carea' id='block_1_35' title="bbox 2098 1004 2286 1060">
    <p class='ocr_par' dir='ltr' id='par_1_35' title="bbox 2098 1004 2286 1060">
     <span class='ocr_line' id='line_1_35' title="bbox 2098 1004 2286 1060; baseline 0 0"><span class='ocrx_word' id='word_1_199' title='bbox 2098 1004 2286 1060; x_wconf 85' lang='grc' dir='ltr'>νώσει.</span> 
     </span>
    </p>
   </div>
   <div class='ocr_carea' id='block_1_36' title="bbox 2171 1131 3683 1211">
    <p class='ocr_par' dir='ltr' id='par_1_36' title="bbox 2171 1131 3683 1211">
     <span class='ocr_line' id='line_1_36' title="bbox 2171 1131 3683 1211; baseline 0.008 -25"><span class='ocrx_word' id='word_1_200' title='bbox 2171 1131 2275 1187; x_wconf 86' lang='grc' dir='ltr'>κθ’.</span> <span class='ocrx_word' id='word_1_201' title='bbox 2306 1134 2709 1205; x_wconf 81' lang='grc' dir='ltr'>Μακρόθυμος</span> <span class='ocrx_word' id='word_1_202' title='bbox 2741 1136 2919 1206; x_wconf 82' lang='grc' dir='ltr'>ἀνὴρ,</span> <span class='ocrx_word' id='word_1_203' title='bbox 2955 1140 3154 1207; x_wconf 69' lang='grc' dir='ltr'>πολὺς</span> <span class='ocrx_word' id='word_1_204' title='bbox 3174 1141 3247 1195; x_wconf 82' lang='grc' dir='ltr'>ἐν</span> <span class='ocrx_word' id='word_1_205' title='bbox 3271 1143 3584 1211; x_wconf 69' lang='grc' dir='ltr'>φρονήσει.</span> <span class='ocrx_word' id='word_1_206' title='bbox 3624 1142 3683 1197; x_wconf 88' lang='grc' dir='ltr'><strong>Ὅ</strong></span> 
     </span>
    </p>
   </div>
   <div class='ocr_carea' id='block_1_37' title="bbox 2096 1225 3685 1307">
    <p class='ocr_par' dir='ltr' id='par_1_37' title="bbox 2096 1225 3685 1307">
     <span class='ocr_line' id='line_1_37' title="bbox 2096 1225 3685 1307; baseline 0.007 -27"><span class='ocrx_word' id='word_1_207' title='bbox 2096 1225 2238 1280; x_wconf 82' lang='grc' dir='ltr'>κατὰ</span> <span class='ocrx_word' id='word_1_208' title='bbox 2275 1226 2433 1295; x_wconf 83' lang='grc' dir='ltr'>λόγον</span> <span class='ocrx_word' id='word_1_209' title='bbox 2468 1228 2687 1300; x_wconf 88' lang='grc' dir='ltr'>κρατῶν</span> <span class='ocrx_word' id='word_1_210' title='bbox 2716 1230 2812 1284; x_wconf 81' lang='grc' dir='ltr'>τοῦ</span> <span class='ocrx_word' id='word_1_211' title='bbox 2838 1229 3037 1301; x_wconf 84' lang='grc' dir='ltr'>θυμοῦ,</span> <span class='ocrx_word' id='word_1_212' title='bbox 3070 1235 3167 1287; x_wconf 80' lang='grc' dir='ltr'>καὶ</span> <span class='ocrx_word' id='word_1_213' title='bbox 3202 1235 3470 1299; x_wconf 77' lang='grc' dir='ltr'><strong>γενναίως</strong></span> <span class='ocrx_word' id='word_1_214' title='bbox 3501 1237 3685 1307; x_wconf 81' lang='grc' dir='ltr'>φέρων</span> 
     </span>
    </p>
   </div>
   <div class='ocr_carea' id='block_1_38' title="bbox 2093 1317 3685 1398">
    <p class='ocr_par' dir='ltr' id='par_1_38' title="bbox 2093 1317 3685 1398">
     <span class='ocr_line' id='line_1_38' title="bbox 2093 1317 3685 1398; baseline 0.009 -29"><span class='ocrx_word' id='word_1_215' title='bbox 2093 1317 2164 1371; x_wconf 78' lang='grc' dir='ltr'><strong>τά</strong></span> <span class='ocrx_word' id='word_1_216' title='bbox 2193 1318 2439 1388; x_wconf 78' lang='grc' dir='ltr'>ἀλγεινὰ,</span> <span class='ocrx_word' id='word_1_217' title='bbox 2495 1321 2635 1392; x_wconf 80' lang='grc' dir='ltr'>μετὰ</span> <span class='ocrx_word' id='word_1_218' title='bbox 2674 1322 3058 1394; x_wconf 75' lang='grc' dir='ltr'><strong>περισκέψεως</strong></span> <span class='ocrx_word' id='word_1_219' title='bbox 3086 1325 3258 1384; x_wconf 71' lang='grc' dir='ltr'>ποιῶν</span> <span class='ocrx_word' id='word_1_220' title='bbox 3302 1327 3400 1382; x_wconf 78' lang='grc' dir='ltr'>καὶ</span> <span class='ocrx_word' id='word_1_221' title='bbox 3439 1327 3616 1398; x_wconf 86' lang='grc' dir='ltr'>λέγων</span> <span class='ocrx_word' id='word_1_222' title='bbox 3649 1329 3685 1383; x_wconf 80' lang='grc' dir='ltr'>ἂ</span> 
     </span>
    </p>
   </div>
   <div class='ocr_carea' id='block_1_39' title="bbox 2092 1408 3141 1488">
    <p class='ocr_par' dir='ltr' id='par_1_39' title="bbox 2092 1408 3141 1488">
     <span class='ocr_line' id='line_1_39' title="bbox 2092 1408 3141 1488; baseline 0.01 -25"><span class='ocrx_word' id='word_1_223' title='bbox 2092 1408 2194 1475; x_wconf 83' lang='grc' dir='ltr'>δεῖ,</span> <span class='ocrx_word' id='word_1_224' title='bbox 2228 1412 2528 1483; x_wconf 86' lang='grc' dir='ltr'>περιφανὲς</span> <span class='ocrx_word' id='word_1_225' title='bbox 2559 1414 2828 1486; x_wconf 88' lang='grc' dir='ltr'>κέκτηται</span> <span class='ocrx_word' id='word_1_226' title='bbox 2857 1415 3141 1488; x_wconf 85' lang='grc' dir='ltr'>φρόνημα.</span> 
     </span>
    </p>
   </div>
   <div class='ocr_carea' id='block_1_40' title="bbox 2177 1539 3688 1632">
    <p class='ocr_par' dir='ltr' id='par_1_40' title="bbox 2177 1539 3688 1632">
     <span class='ocr_line' id='line_1_40' title="bbox 2177 1539 3688 1632; baseline 0.007 -38"><span class='ocrx_word' id='word_1_227' title='bbox 2177 1539 2241 1594; x_wconf 89' lang='lat'><strong>&#39;0</strong></span> <span class='ocrx_word' id='word_1_228' title='bbox 2284 1540 2355 1595; x_wconf 75' lang='grc' dir='ltr'>δὲ</span> <span class='ocrx_word' id='word_1_229' title='bbox 2388 1542 2782 1614; x_wconf 70' lang='grc' dir='ltr'><strong>ὀλιτόψυχος,</strong></span> <span class='ocrx_word' id='word_1_230' title='bbox 2830 1546 3092 1632; x_wconf 72' lang='grc' dir='ltr'>ἐσχυρῷς</span> <span class='ocrx_word' id='word_1_231' title='bbox 3135 1546 3364 1617; x_wconf 74' lang='grc' dir='ltr'>ἄφρων.</span> <span class='ocrx_word' id='word_1_232' title='bbox 3407 1547 3466 1603; x_wconf 87' lang='lat'><strong>&#39;0</strong></span> <span class='ocrx_word' id='word_1_233' title='bbox 3497 1549 3555 1603; x_wconf 79' lang='grc' dir='ltr'><strong>δέ</strong></span> <span class='ocrx_word' id='word_1_234' title='bbox 3598 1549 3688 1604; x_wconf 79' lang='grc' dir='ltr'><strong>διὰ</strong></span> 
     </span>
    </p>
   </div>
   <div class='ocr_carea' id='block_1_41' title="bbox 2097 1632 3688 1712">
    <p class='ocr_par' dir='ltr' id='par_1_41' title="bbox 2097 1632 3688 1712">
     <span class='ocr_line' id='line_1_41' title="bbox 2097 1632 3688 1712; baseline 0.008 -27"><span class='ocrx_word' id='word_1_235' title='bbox 2097 1632 2466 1704; x_wconf 73' lang='grc' dir='ltr'>μικροψυχίαν</span> <span class='ocrx_word' id='word_1_236' title='bbox 2510 1635 2722 1705; x_wconf 77' lang='grc' dir='ltr'>ταχέως</span> <span class='ocrx_word' id='word_1_237' title='bbox 2771 1636 3144 1709; x_wconf 78' lang='grc' dir='ltr'><strong>ἐκφερόμενος</strong></span> <span class='ocrx_word' id='word_1_238' title='bbox 3190 1641 3271 1704; x_wconf 87' lang='grc' dir='ltr'><strong>είς</strong></span> <span class='ocrx_word' id='word_1_239' title='bbox 3316 1640 3511 1712; x_wconf 74' lang='grc' dir='ltr'>θυμὸν,</span> <span class='ocrx_word' id='word_1_240' title='bbox 3544 1640 3583 1696; x_wconf 73' lang='grc' dir='ltr'>ἃ</span> <span class='ocrx_word' id='word_1_241' title='bbox 3612 1640 3688 1712; x_wconf 77' lang='grc' dir='ltr'>μὴ</span> 
     </span>
    </p>
   </div>
   <div class='ocr_carea' id='block_1_42' title="bbox 2031 1725 3226 1819">
    <p class='ocr_par' dir='ltr' id='par_1_42' title="bbox 2031 1725 3226 1819">
     <span class='ocr_line' id='line_1_42' title="bbox 2031 1725 3226 1819; baseline 0.006 -40"><span class='ocrx_word' id='word_1_242' title='bbox 2031 1762 2077 1819; x_wconf 73' lang='grc' dir='ltr'><strong>Β</strong></span> <span class='ocrx_word' id='word_1_243' title='bbox 2102 1725 2185 1780; x_wconf 83' lang='grc' dir='ltr'>δεῖ</span> <span class='ocrx_word' id='word_1_244' title='bbox 2211 1726 2382 1781; x_wconf 87' lang='grc' dir='ltr'>ποιῶν</span> <span class='ocrx_word' id='word_1_245' title='bbox 2412 1743 2472 1780; x_wconf 92' lang='grc' dir='ltr'>τε</span> <span class='ocrx_word' id='word_1_246' title='bbox 2500 1728 2595 1782; x_wconf 77' lang='grc' dir='ltr'>καὶ</span> <span class='ocrx_word' id='word_1_247' title='bbox 2615 1727 2813 1797; x_wconf 86' lang='grc' dir='ltr'>λέγων,</span> <span class='ocrx_word' id='word_1_248' title='bbox 2835 1729 3028 1801; x_wconf 83' lang='grc' dir='ltr'>ἀφρων</span> <span class='ocrx_word' id='word_1_249' title='bbox 3056 1732 3226 1787; x_wconf 89' lang='grc' dir='ltr'>ἐστίν.</span> 
     </span>
    </p>
   </div>
   <div class='ocr_carea' id='block_1_43' title="bbox 2181 1850 3691 1926">
    <p class='ocr_par' dir='ltr' id='par_1_43' title="bbox 2181 1850 3691 1926">
     <span class='ocr_line' id='line_1_43' title="bbox 2181 1850 3691 1926; baseline 0.002 -21"><span class='ocrx_word' id='word_1_250' title='bbox 2181 1850 2247 1905; x_wconf 86' lang='grc' dir='ltr'><strong>λ’.</strong></span> <span class='ocrx_word' id='word_1_251' title='bbox 2277 1852 2632 1922; x_wconf 78' lang='grc' dir='ltr'>Πραῦθυμος</span> <span class='ocrx_word' id='word_1_252' title='bbox 2653 1851 2830 1922; x_wconf 81' lang='grc' dir='ltr'>ἀνὴρ,</span> <span class='ocrx_word' id='word_1_253' title='bbox 2869 1854 3117 1923; x_wconf 76' lang='grc' dir='ltr'><strong>καρδίας</strong></span> <span class='ocrx_word' id='word_1_254' title='bbox 3142 1856 3361 1924; x_wconf 73' lang='grc' dir='ltr'>ἰατρός.</span> <span class='ocrx_word' id='word_1_255' title='bbox 3407 1855 3467 1910; x_wconf 88' lang='lat'><strong>&#39;0</strong></span> <span class='ocrx_word' id='word_1_256' title='bbox 3497 1855 3575 1926; x_wconf 72' lang='grc' dir='ltr'>μὴ</span> <span class='ocrx_word' id='word_1_257' title='bbox 3597 1858 3691 1909; x_wconf 77' lang='grc' dir='ltr'><strong>ὲκ-</strong></span> 
     </span>
    </p>
   </div>
   <div class='ocr_carea' id='block_1_44' title="bbox 2108 1940 3689 2017">
    <p class='ocr_par' dir='ltr' id='par_1_44' title="bbox 2108 1940 3689 2017">
     <span class='ocr_line' id='line_1_44' title="bbox 2108 1940 3689 2017; baseline 0.004 -22"><span class='ocrx_word' id='word_1_258' title='bbox 2108 1944 2522 2014; x_wconf 79' lang='grc' dir='ltr'>ταρασσόμενος</span> <span class='ocrx_word' id='word_1_259' title='bbox 2545 1942 2625 2015; x_wconf 82' lang='grc' dir='ltr'>τῷ</span> <span class='ocrx_word' id='word_1_260' title='bbox 2652 1943 2809 2015; x_wconf 85' lang='grc' dir='ltr'>θυμῷ</span> <span class='ocrx_word' id='word_1_261' title='bbox 2835 1946 2895 1999; x_wconf 86' lang='grc' dir='ltr'><strong>ἐν</strong></span> <span class='ocrx_word' id='word_1_262' title='bbox 2918 1940 3000 2009; x_wconf 78' lang='grc' dir='ltr'>οἷς</span> <span class='ocrx_word' id='word_1_263' title='bbox 3020 1963 3106 2010; x_wconf 89' lang='grc' dir='ltr'><strong>τις</strong></span> <span class='ocrx_word' id='word_1_264' title='bbox 3129 1947 3422 2017; x_wconf 76' lang='grc' dir='ltr'><strong>ἐκφέρεται</strong></span> <span class='ocrx_word' id='word_1_265' title='bbox 3450 1948 3572 2001; x_wconf 86' lang='grc' dir='ltr'>κατ’</span> <span class='ocrx_word' id='word_1_266' title='bbox 3594 1947 3689 2001; x_wconf 79' lang='grc' dir='ltr'><strong>αὐ-</strong></span> 
     </span>
    </p>
   </div>
   <div class='ocr_carea' id='block_1_45' title="bbox 2106 2033 3678 2108">
    <p class='ocr_par' dir='ltr' id='par_1_45' title="bbox 2106 2033 3678 2108">
     <span class='ocr_line' id='line_1_45' title="bbox 2106 2033 3678 2108; baseline 0.002 -22"><span class='ocrx_word' id='word_1_267' title='bbox 2106 2033 2225 2098; x_wconf 85' lang='grc' dir='ltr'>τοῦ,</span> <span class='ocrx_word' id='word_1_268' title='bbox 2259 2033 2399 2088; x_wconf 86' lang='grc' dir='ltr'>ἀλλὰ</span> <span class='ocrx_word' id='word_1_269' title='bbox 2427 2033 2692 2103; x_wconf 80' lang='grc' dir='ltr'>γενναίως</span> <span class='ocrx_word' id='word_1_270' title='bbox 2724 2035 2907 2106; x_wconf 83' lang='grc' dir='ltr'>φέρων</span> <span class='ocrx_word' id='word_1_271' title='bbox 2953 2036 3021 2090; x_wconf 79' lang='grc' dir='ltr'>τὰ</span> <span class='ocrx_word' id='word_1_272' title='bbox 3059 2038 3191 2106; x_wconf 80' lang='grc' dir='ltr'>παρ’</span> <span class='ocrx_word' id='word_1_273' title='bbox 3218 2037 3386 2091; x_wconf 81' lang='grc' dir='ltr'>αὐτοῦ</span> <span class='ocrx_word' id='word_1_274' title='bbox 3408 2037 3559 2108; x_wconf 83' lang='grc' dir='ltr'><strong>αὒτῷ</strong></span> <span class='ocrx_word' id='word_1_275' title='bbox 3585 2038 3678 2089; x_wconf 79' lang='grc' dir='ltr'>ἐπ-</span> 
     </span>
    </p>
   </div>
   <div class='ocr_carea' id='block_1_46' title="bbox 2106 2127 3685 2202">
    <p class='ocr_par' dir='ltr' id='par_1_46' title="bbox 2106 2127 3685 2202">
     <span class='ocr_line' id='line_1_46' title="bbox 2106 2127 3685 2202; baseline 0 -21"><span class='ocrx_word' id='word_1_276' title='bbox 2106 2127 2401 2199; x_wconf 86' lang='grc' dir='ltr'>ερχόμενα,</span> <span class='ocrx_word' id='word_1_277' title='bbox 2438 2128 2534 2181; x_wconf 78' lang='grc' dir='ltr'>καὶ</span> <span class='ocrx_word' id='word_1_278' title='bbox 2559 2129 2784 2199; x_wconf 81' lang='grc' dir='ltr'><strong>πραέως</strong></span> <span class='ocrx_word' id='word_1_279' title='bbox 2814 2128 2975 2196; x_wconf 82' lang='grc' dir='ltr'>αὑτὸν</span> <span class='ocrx_word' id='word_1_280' title='bbox 3015 2129 3436 2202; x_wconf 77' lang='grc' dir='ltr'><strong>μετερχόμενος,</strong></span> <span class='ocrx_word' id='word_1_281' title='bbox 3465 2129 3556 2182; x_wconf 85' lang='grc' dir='ltr'><strong>διά</strong></span> <span class='ocrx_word' id='word_1_282' title='bbox 3584 2129 3685 2198; x_wconf 83' lang='grc' dir='ltr'>τῆς</span> 
     </span>
    </p>
   </div>
   <div class='ocr_carea' id='block_1_47' title="bbox 2109 2219 3799 2297">
    <p class='ocr_par' dir='ltr' id='par_1_47' title="bbox 2109 2219 3799 2297">
     <span class='ocr_line' id='line_1_47' title="bbox 2109 2219 3799 2297; baseline 0.004 -24"><span class='ocrx_word' id='word_1_283' title='bbox 2109 2220 2245 2283; x_wconf 87' lang='grc' dir='ltr'>ίδίας</span> <span class='ocrx_word' id='word_1_284' title='bbox 2270 2219 2644 2297; x_wconf 77' lang='grc' dir='ltr'><strong>ἀνεξικακίας,</strong></span> <span class='ocrx_word' id='word_1_285' title='bbox 2682 2221 2786 2293; x_wconf 84' lang='grc' dir='ltr'>τὴν</span> <span class='ocrx_word' id='word_1_286' title='bbox 2824 2220 3242 2293; x_wconf 77' lang='grc' dir='ltr'><strong>τεταραγμένην</strong></span> <span class='ocrx_word' id='word_1_287' title='bbox 3274 2221 3486 2275; x_wconf 86' lang='grc' dir='ltr'>ἐκείνου</span> <span class='ocrx_word' id='word_1_288' title='bbox 3517 2220 3683 2294; x_wconf 76' lang='grc' dir='ltr'>θερα-</span> <span class='ocrx_word' id='word_1_289' title='bbox 3789 2227 3799 2238; x_wconf 85' lang='grc'><em>’</em></span> 
     </span>
    </p>
   </div>
   <div class='ocr_carea' id='block_1_48' title="bbox 2106 2311 2495 2384">
    <p class='ocr_par' dir='ltr' id='par_1_48' title="bbox 2106 2311 2495 2384">
     <span class='ocr_line' id='line_1_48' title="bbox 2106 2311 2495 2384; baseline 0.003 -18"><span class='ocrx_word' id='word_1_290' title='bbox 2106 2311 2267 2366; x_wconf 84' lang='grc' dir='ltr'>πεύει</span> <span class='ocrx_word' id='word_1_291' title='bbox 2292 2312 2495 2384; x_wconf 77' lang='grc' dir='ltr'>ψυχήν.</span> 
     </span>
    </p>
   </div>
   <div class='ocr_carea' id='block_1_49' title="bbox 2174 2439 3683 2513">
    <p class='ocr_par' dir='ltr' id='par_1_49' title="bbox 2174 2439 3683 2513">
     <span class='ocr_line' id='line_1_49' title="bbox 2174 2439 3683 2513; baseline 0 -17"><span class='ocrx_word' id='word_1_292' title='bbox 2174 2439 2319 2511; x_wconf 78' lang='grc' dir='ltr'><strong>Σὴς¹</strong></span> <span class='ocrx_word' id='word_1_293' title='bbox 2346 2440 2417 2495; x_wconf 81' lang='grc' dir='ltr'>δὲ</span> <span class='ocrx_word' id='word_1_294' title='bbox 2457 2440 2710 2508; x_wconf 79' lang='grc' dir='ltr'><strong>ὀστέων,</strong></span> <span class='ocrx_word' id='word_1_295' title='bbox 2747 2441 2963 2510; x_wconf 83' lang='grc' dir='ltr'>καρδία</span> <span class='ocrx_word' id='word_1_296' title='bbox 3008 2441 3349 2512; x_wconf 74' lang='grc' dir='ltr'>αἰσθητικὴ.</span> <span class='ocrx_word' id='word_1_297' title='bbox 3380 2442 3590 2513; x_wconf 74' lang='grc' dir='ltr'>Ὥσπερ</span> <span class='ocrx_word' id='word_1_298' title='bbox 3625 2440 3683 2496; x_wconf 73' lang='grc' dir='ltr'><strong>δέ</strong></span> 
     </span>
    </p>
   </div>
   <div class='ocr_carea' id='block_1_50' title="bbox 2104 2532 3682 2606">
    <p class='ocr_par' dir='ltr' id='par_1_50' title="bbox 2104 2532 3682 2606">
     <span class='ocr_line' id='line_1_50' title="bbox 2104 2532 3682 2606; baseline 0 -17"><span class='ocrx_word' id='word_1_299' title='bbox 2104 2551 2191 2599; x_wconf 90' lang='grc' dir='ltr'><strong>τις</strong></span> <span class='ocrx_word' id='word_1_300' title='bbox 2238 2532 2459 2606; x_wconf 81' lang='grc' dir='ltr'><strong>σκώληξ</strong></span> <span class='ocrx_word' id='word_1_301' title='bbox 2524 2533 2915 2605; x_wconf 77' lang='grc' dir='ltr'>διαδιδρώσκει</span> <span class='ocrx_word' id='word_1_302' title='bbox 2973 2536 3141 2600; x_wconf 80' lang='grc' dir='ltr'>ὀστᾶ,</span> <span class='ocrx_word' id='word_1_303' title='bbox 3196 2535 3340 2590; x_wconf 76' lang='grc' dir='ltr'>οὕτω</span> <span class='ocrx_word' id='word_1_304' title='bbox 3395 2534 3590 2603; x_wconf 78' lang='grc' dir='ltr'>καρδία</span> <span class='ocrx_word' id='word_1_305' title='bbox 3645 2536 3682 2606; x_wconf 80' lang='grc' dir='ltr'><strong>ἡ</strong></span> 
     </span>
    </p>
   </div>
   <div class='ocr_carea' id='block_1_51' title="bbox 2104 2622 3683 2696">
    <p class='ocr_par' dir='ltr' id='par_1_51' title="bbox 2104 2622 3683 2696">
     <span class='ocr_line' id='line_1_51' title="bbox 2104 2622 3683 2696; baseline 0 -19"><span class='ocrx_word' id='word_1_306' title='bbox 2104 2624 2339 2695; x_wconf 88' lang='grc' dir='ltr'>ἐτοίμως</span> <span class='ocrx_word' id='word_1_307' title='bbox 2401 2623 2524 2677; x_wconf 83' lang='grc' dir='ltr'>κατ’</span> <span class='ocrx_word' id='word_1_308' title='bbox 2567 2622 2819 2694; x_wconf 70' lang='grc' dir='ltr'>αἴσθησιν</span> <span class='ocrx_word' id='word_1_309' title='bbox 2867 2626 2980 2687; x_wconf 79' lang='grc' dir='ltr'>τοῖς</span> <span class='ocrx_word' id='word_1_310' title='bbox 3037 2623 3139 2694; x_wconf 80' lang='grc' dir='ltr'>μὲν</span> <span class='ocrx_word' id='word_1_311' title='bbox 3205 2624 3357 2696; x_wconf 77' lang='grc' dir='ltr'>ἡδέσι</span> <span class='ocrx_word' id='word_1_312' title='bbox 3403 2624 3683 2695; x_wconf 80' lang='grc' dir='ltr'>διαχεομέ-</span> 
     </span>
    </p>
   </div>
   <div class='ocr_carea' id='block_1_52' title="bbox 2104 2715 3683 2788">
    <p class='ocr_par' dir='ltr' id='par_1_52' title="bbox 2104 2715 3683 2788">
     <span class='ocr_line' id='line_1_52' title="bbox 2104 2715 3683 2788; baseline -0.001 -18"><span class='ocrx_word' id='word_1_313' title='bbox 2104 2732 2191 2786; x_wconf 88' lang='grc' dir='ltr'>νη,</span> <span class='ocrx_word' id='word_1_314' title='bbox 2226 2718 2342 2780; x_wconf 87' lang='grc' dir='ltr'>τοῖς</span> <span class='ocrx_word' id='word_1_315' title='bbox 2378 2715 2423 2769; x_wconf 76' lang='grc' dir='ltr'>δ’</span> <span class='ocrx_word' id='word_1_316' title='bbox 2450 2715 2719 2784; x_wconf 79' lang='grc' dir='ltr'><strong>ἀλγεινοῖς</strong></span> <span class='ocrx_word' id='word_1_317' title='bbox 2760 2716 3228 2788; x_wconf 86' lang='grc' dir='ltr'>ἐκταραττομένη,</span> <span class='ocrx_word' id='word_1_318' title='bbox 3258 2717 3359 2781; x_wconf 90' lang='grc' dir='ltr'><strong>τάς</strong></span> <span class='ocrx_word' id='word_1_319' title='bbox 3387 2715 3683 2779; x_wconf 72' lang='grc' dir='ltr'>τονωτικάς</span> 
     </span>
    </p>
   </div>
   <div class='ocr_carea' id='block_1_53' title="bbox 2102 2806 3683 2885">
    <p class='ocr_par' dir='ltr' id='par_1_53' title="bbox 2102 2806 3683 2885">
     <span class='ocr_line' id='line_1_53' title="bbox 2102 2806 3683 2885; baseline -0.001 -24"><span class='ocrx_word' id='word_1_320' title='bbox 2102 2807 2203 2878; x_wconf 83' lang='grc' dir='ltr'>τῆς</span> <span class='ocrx_word' id='word_1_321' title='bbox 2227 2806 2407 2879; x_wconf 80' lang='grc' dir='ltr'>ψυχῆς</span> <span class='ocrx_word' id='word_1_322' title='bbox 2458 2807 2717 2880; x_wconf 84' lang='grc' dir='ltr'>δυνάμεις</span> <span class='ocrx_word' id='word_1_323' title='bbox 2746 2808 2825 2872; x_wconf 86' lang='grc' dir='ltr'><strong>είς</strong></span> <span class='ocrx_word' id='word_1_324' title='bbox 2858 2810 2927 2862; x_wconf 81' lang='grc' dir='ltr'>τὰ</span> <span class='ocrx_word' id='word_1_325' title='bbox 2953 2809 3103 2885; x_wconf 85' lang='grc' dir='ltr'><strong>παρά</strong></span> <span class='ocrx_word' id='word_1_326' title='bbox 3121 2808 3286 2878; x_wconf 83' lang='grc' dir='ltr'>φύσιν</span> <span class='ocrx_word' id='word_1_327' title='bbox 3313 2807 3460 2880; x_wconf 84' lang='grc' dir='ltr'>πάθη</span> <span class='ocrx_word' id='word_1_328' title='bbox 3483 2823 3683 2861; x_wconf 85' lang='grc' dir='ltr'>καταν-</span> 
     </span>
    </p>
   </div>
   <div class='ocr_carea' id='block_1_54' title="bbox 2103 2899 2342 2955">
    <p class='ocr_par' dir='ltr' id='par_1_54' title="bbox 2103 2899 2342 2955">
     <span class='ocr_line' id='line_1_54' title="bbox 2103 2899 2342 2955; baseline 0.004 -1"><span class='ocrx_word' id='word_1_329' title='bbox 2103 2899 2342 2955; x_wconf 87' lang='grc' dir='ltr'>αλίσκει.</span> 
     </span>
    </p>
   </div>
   <div class='ocr_carea' id='block_1_55' title="bbox 2173 3029 3690 3103">
    <p class='ocr_par' dir='ltr' id='par_1_55' title="bbox 2173 3029 3690 3103">
     <span class='ocr_line' id='line_1_55' title="bbox 2173 3029 3690 3103; baseline 0 -18"><span class='ocrx_word' id='word_1_330' title='bbox 2173 3031 2276 3086; x_wconf 85' lang='grc' dir='ltr'>λα’.</span> <span class='ocrx_word' id='word_1_331' title='bbox 2336 3032 2400 3085; x_wconf 83' lang='lat'><strong>&#39;0</strong></span> <span class='ocrx_word' id='word_1_332' title='bbox 2446 3029 2851 3101; x_wconf 72' lang='grc' dir='ltr'>συκοφαντῶν</span> <span class='ocrx_word' id='word_1_333' title='bbox 2899 3031 3153 3101; x_wconf 79' lang='grc' dir='ltr'>πένητα,</span> <span class='ocrx_word' id='word_1_334' title='bbox 3209 3033 3532 3103; x_wconf 76' lang='grc' dir='ltr'>παροξύνει</span> <span class='ocrx_word' id='word_1_335' title='bbox 3579 3032 3690 3085; x_wconf 80' lang='grc' dir='ltr'>τὸν</span> 
     </span>
    </p>
   </div>
   <div class='ocr_carea' id='block_1_56' title="bbox 416 3120 2003 3196">
    <p class='ocr_par' dir='ltr' id='par_1_56' title="bbox 416 3120 1996 3192">
     <span class='ocr_line' id='line_1_56' title="bbox 416 3120 1996 3192; baseline 0 -16"><span class='ocrx_word' id='word_1_336' title='bbox 416 3122 556 3191; x_wconf 83' lang='lat' dir='ltr'><strong>ejus.</strong></span> <span class='ocrx_word' id='word_1_337' title='bbox 584 3120 688 3188; x_wconf 88' lang='lat' dir='ltr'><strong>Qui</strong></span> <span class='ocrx_word' id='word_1_338' title='bbox 730 3121 937 3176; x_wconf 83' lang='lat' dir='ltr'><strong>homini</strong></span> <span class='ocrx_word' id='word_1_339' title='bbox 968 3136 1183 3192; x_wconf 84' lang='lat' dir='ltr'><strong>semper</strong></span> <span class='ocrx_word' id='word_1_340' title='bbox 1204 3121 1494 3192; x_wconf 77' lang='lat' dir='ltr'><strong>indigenti,</strong></span> <span class='ocrx_word' id='word_1_341' title='bbox 1528 3131 1789 3192; x_wconf 87' lang='lat' dir='ltr'><strong>tanquam</strong></span> <span class='ocrx_word' id='word_1_342' title='bbox 1839 3121 1996 3177; x_wconf 86' lang='lat' dir='ltr'><strong>inde-</strong></span> 
     </span>
    </p>
   </div>
   <div class='ocr_carea' id='block_1_57' title="bbox 2126 3120 3688 3196">
    <p class='ocr_par' dir='ltr' id='par_1_57' title="bbox 2126 3123 3688 3196">
     <span class='ocr_line' id='line_1_57' title="bbox 2126 3123 3688 3196; baseline 0.001 -19"><span class='ocrx_word' id='word_1_343' title='bbox 2126 3123 2445 3190; x_wconf 82' lang='grc' dir='ltr'>ιοιήσαντα</span> <span class='ocrx_word' id='word_1_344' title='bbox 2463 3125 2672 3179; x_wconf 83' lang='grc' dir='ltr'>αὐτόν.</span> <span class='ocrx_word' id='word_1_345' title='bbox 2712 3123 2771 3177; x_wconf 87' lang='grc' dir='ltr'><strong>Ὃ</strong></span> <span class='ocrx_word' id='word_1_346' title='bbox 2796 3123 2875 3194; x_wconf 83' lang='grc' dir='ltr'>τῷ</span> <span class='ocrx_word' id='word_1_347' title='bbox 2898 3125 2987 3177; x_wconf 78' lang='grc' dir='ltr'>ἀεὶ</span> <span class='ocrx_word' id='word_1_348' title='bbox 3008 3124 3199 3191; x_wconf 86' lang='grc' dir='ltr'>ἐνδεεῖ,</span> <span class='ocrx_word' id='word_1_349' title='bbox 3222 3124 3299 3189; x_wconf 83' lang='grc' dir='ltr'><strong>ὡς</strong></span> <span class='ocrx_word' id='word_1_350' title='bbox 3319 3124 3688 3196; x_wconf 80' lang='grc' dir='ltr'>ἀπροστατεὺ-</span> 
     </span>
    </p>
   </div>
   <div class='ocr_carea' id='block_1_58' title="bbox 420 3212 1998 3296">
    <p class='ocr_par' dir='ltr' id='par_1_58' title="bbox 420 3212 1998 3296">
     <span class='ocr_line' id='line_1_58' title="bbox 420 3212 1998 3296; baseline 0.001 -28"><span class='ocrx_word' id='word_1_351' title='bbox 420 3213 599 3296; x_wconf 64' lang='lat' dir='ltr'><strong>tenso,</strong></span> <span class='ocrx_word' id='word_1_352' title='bbox 623 3227 722 3269; x_wconf 88' lang='lat' dir='ltr'><strong>sua</strong></span> <span class='ocrx_word' id='word_1_353' title='bbox 753 3212 1124 3284; x_wconf 76' lang='lat' dir='ltr'><strong>propriavitia</strong></span> <span class='ocrx_word' id='word_1_354' title='bbox 1153 3213 1365 3284; x_wconf 88' lang='lat' dir='ltr'><strong>objicit,</strong></span> <span class='ocrx_word' id='word_1_355' title='bbox 1385 3214 1629 3271; x_wconf 83' lang='lat' dir='ltr'><strong>lictorem</strong></span> <span class='ocrx_word' id='word_1_356' title='bbox 1662 3214 1803 3286; x_wconf 89' lang='lat' dir='ltr'><strong>ejus,</strong></span> <span class='ocrx_word' id='word_1_357' title='bbox 1828 3213 1998 3271; x_wconf 88' lang='lat' dir='ltr'><strong>Deum</strong></span> 
     </span>
    </p>
   </div>
   <div class='ocr_carea' id='block_1_59' title="bbox 420 3313 709 3378">
    <p class='ocr_par' dir='ltr' id='par_1_59' title="bbox 420 3313 709 3378">
     <span class='ocr_line' id='line_1_59' title="bbox 420 3313 709 3378; baseline -0.01 -16"><span class='ocrx_word' id='word_1_358' title='bbox 420 3313 709 3378; x_wconf 78' lang='lat' dir='ltr'><strong>provocat.</strong></span> 
     </span>
    </p>
   </div>
   <div class='ocr_carea' id='block_1_60' title="bbox 493 3436 2002 3512">
    <p class='ocr_par' dir='ltr' id='par_1_60' title="bbox 493 3436 2002 3512">
     <span class='ocr_line' id='line_1_60' title="bbox 493 3436 2002 3512; baseline 0.005 -22"><span class='ocrx_word' id='word_1_359' title='bbox 493 3437 600 3504; x_wconf 89' lang='lat' dir='ltr'><strong>Qui</strong></span> <span class='ocrx_word' id='word_1_360' title='bbox 627 3436 854 3492; x_wconf 81' lang='lat' dir='ltr'><strong>honorat</strong></span> <span class='ocrx_word' id='word_1_361' title='bbox 883 3437 1070 3505; x_wconf 83' lang='lat' dir='ltr'><strong>Deum,</strong></span> <span class='ocrx_word' id='word_1_362' title='bbox 1104 3440 1383 3496; x_wconf 79' lang='lat' dir='ltr'><strong>miseretur</strong></span> <span class='ocrx_word' id='word_1_363' title='bbox 1437 3441 1707 3512; x_wconf 84' lang='lat' dir='ltr'><strong>pauperis.</strong></span> <span class='ocrx_word' id='word_1_364' title='bbox 1741 3440 1869 3509; x_wconf 91' lang='lat' dir='ltr'><strong>Qui,</strong></span> <span class='ocrx_word' id='word_1_365' title='bbox 1902 3442 2002 3499; x_wconf 90' lang='lat' dir='ltr'><strong>bo-</strong></span> 
     </span>
    </p>
   </div>
   <div class='ocr_carea' id='block_1_61' title="bbox 423 3529 2003 3601">
    <p class='ocr_par' dir='ltr' id='par_1_61' title="bbox 423 3529 2003 3601">
     <span class='ocr_line' id='line_1_61' title="bbox 423 3529 2003 3601; baseline 0.003 -15"><span class='ocrx_word' id='word_1_366' title='bbox 423 3531 514 3587; x_wconf 82' lang='lat' dir='ltr'><strong>nis</strong></span> <span class='ocrx_word' id='word_1_367' title='bbox 542 3530 825 3601; x_wconf 89' lang='lat' dir='ltr'><strong>operibus,</strong></span> <span class='ocrx_word' id='word_1_368' title='bbox 858 3529 1074 3587; x_wconf 87' lang='lat' dir='ltr'><strong>Patrem</strong></span> <span class='ocrx_word' id='word_1_369' title='bbox 1100 3531 1155 3586; x_wconf 89' lang='lat' dir='ltr'><strong>in</strong></span> <span class='ocrx_word' id='word_1_370' title='bbox 1180 3531 1338 3589; x_wconf 69' lang='lat' dir='ltr'><strong>caelis</strong></span> <span class='ocrx_word' id='word_1_371' title='bbox 1376 3532 1632 3599; x_wconf 89' lang='lat' dir='ltr'><strong>honorat,</strong></span> <span class='ocrx_word' id='word_1_372' title='bbox 1664 3530 2003 3591; x_wconf 36' lang='lat' dir='ltr'><strong>rerum‘ino-</strong></span> 
     </span>
    </p>
   </div>
   <div class='ocr_carea' id='block_1_62' title="bbox 424 3620 1822 3697">
    <p class='ocr_par' dir='ltr' id='par_1_62' title="bbox 424 3620 1822 3697">
     <span class='ocr_line' id='line_1_62' title="bbox 424 3620 1822 3697; baseline 0.004 -21"><span class='ocrx_word' id='word_1_373' title='bbox 424 3637 546 3692; x_wconf 86' lang='lat' dir='ltr'><strong>pem</strong></span> <span class='ocrx_word' id='word_1_374' title='bbox 573 3620 733 3677; x_wconf 79' lang='lat' dir='ltr'><strong>deﬂet</strong></span> <span class='ocrx_word' id='word_1_375' title='bbox 764 3629 842 3688; x_wconf 92' lang='lat' dir='ltr'><strong>et,</strong></span> <span class='ocrx_word' id='word_1_376' title='bbox 868 3623 923 3678; x_wconf 87' lang='lat' dir='ltr'><strong>in</strong></span> <span class='ocrx_word' id='word_1_377' title='bbox 952 3634 1218 3693; x_wconf 89' lang='lat' dir='ltr'><strong>quantum</strong></span> <span class='ocrx_word' id='word_1_378' title='bbox 1247 3633 1448 3696; x_wconf 90' lang='lat' dir='ltr'><strong>potest,</strong></span> <span class='ocrx_word' id='word_1_379' title='bbox 1484 3624 1730 3697; x_wconf 83' lang='lat' dir='ltr'><strong>adjuvat.</strong></span> <span class='ocrx_word' id='word_1_380' title='bbox 1819 3665 1822 3668; x_wconf 55' lang='lat'><strong><em>~</em></strong></span> 
     </span>
    </p>
   </div>
   <div class='ocr_carea' id='block_1_63' title="bbox 497 3838 1997 3913">
    <p class='ocr_par' dir='ltr' id='par_1_63' title="bbox 497 3838 1997 3913">
     <span class='ocr_line' id='line_1_63' title="bbox 497 3838 1997 3913; baseline 0.005 -22"><span class='ocrx_word' id='word_1_381' title='bbox 497 3838 666 3895; x_wconf 73' lang='lat' dir='ltr'><strong>Vens.</strong></span> <span class='ocrx_word' id='word_1_382' title='bbox 699 3840 788 3897; x_wconf 72' lang='lat'><strong>32.</strong></span> <span class='ocrx_word' id='word_1_383' title='bbox 810 3840 874 3897; x_wconf 85' lang='lat' dir='ltr'><strong>In</strong></span> <span class='ocrx_word' id='word_1_384' title='bbox 906 3841 1112 3897; x_wconf 84' lang='lat' dir='ltr'><strong>malitia</strong></span> <span class='ocrx_word' id='word_1_385' title='bbox 1135 3846 1260 3909; x_wconf 77' lang='lat' dir='ltr'><strong>sua,</strong></span> <span class='ocrx_word' id='word_1_386' title='bbox 1283 3843 1473 3911; x_wconf 86' lang='lat' dir='ltr'><strong>peribit</strong></span> <span class='ocrx_word' id='word_1_387' title='bbox 1511 3843 1728 3913; x_wconf 85' lang='lat' dir='ltr'><strong>impius.</strong></span> <span class='ocrx_word' id='word_1_388' title='bbox 1760 3842 1820 3898; x_wconf 87' lang='lat' dir='ltr'><strong>In</strong></span> <span class='ocrx_word' id='word_1_389' title='bbox 1871 3858 1997 3913; x_wconf 88' lang='lat' dir='ltr'><strong>pro-</strong></span> 
     </span>
    </p>
   </div>
   <div class='ocr_carea' id='block_1_64' title="bbox 424 3932 2002 4005">
    <p class='ocr_par' dir='ltr' id='par_1_64' title="bbox 424 3932 2002 4005">
     <span class='ocr_line' id='line_1_64' title="bbox 424 3932 2002 4005; baseline 0.001 -19"><span class='ocrx_word' id='word_1_390' title='bbox 424 3932 565 4002; x_wconf 88' lang='lat' dir='ltr'><strong>pria,</strong></span> <span class='ocrx_word' id='word_1_391' title='bbox 598 3941 654 3988; x_wconf 90' lang='lat' dir='ltr'><strong>et</strong></span> <span class='ocrx_word' id='word_1_392' title='bbox 674 3948 785 3987; x_wconf 90' lang='lat' dir='ltr'><strong>non</strong></span> <span class='ocrx_word' id='word_1_393' title='bbox 816 3933 872 3988; x_wconf 92' lang='lat' dir='ltr'><strong>in</strong></span> <span class='ocrx_word' id='word_1_394' title='bbox 900 3940 1117 4004; x_wconf 88' lang='lat' dir='ltr'><strong>patrum</strong></span> <span class='ocrx_word' id='word_1_395' title='bbox 1153 3934 1238 3988; x_wconf 89' lang='lat' dir='ltr'><strong>vel</strong></span> <span class='ocrx_word' id='word_1_396' title='bbox 1265 3933 1499 3989; x_wconf 87' lang='lat' dir='ltr'><strong>[iliorum</strong></span> <span class='ocrx_word' id='word_1_397' title='bbox 1534 3934 1744 3989; x_wconf 88' lang='lat' dir='ltr'><strong>malitia</strong></span> <span class='ocrx_word' id='word_1_398' title='bbox 1778 3934 2002 4005; x_wconf 88' lang='lat' dir='ltr'><strong>peribit,</strong></span> 
     </span>
    </p>
   </div>
   <div class='ocr_carea' id='block_1_65' title="bbox 424 4023 2005 4095">
    <p class='ocr_par' dir='ltr' id='par_1_65' title="bbox 424 4023 2005 4095">
     <span class='ocr_line' id='line_1_65' title="bbox 424 4023 2005 4095; baseline 0.003 -18"><span class='ocrx_word' id='word_1_399' title='bbox 424 4024 518 4094; x_wconf 82' lang='lat' dir='ltr'><strong>qui</strong></span> <span class='ocrx_word' id='word_1_400' title='bbox 555 4023 723 4079; x_wconf 87' lang='lat' dir='ltr'><strong>Deum</strong></span> <span class='ocrx_word' id='word_1_401' title='bbox 759 4038 861 4095; x_wconf 85' lang='lat' dir='ltr'><strong>per</strong></span> <span class='ocrx_word' id='word_1_402' title='bbox 904 4023 1049 4080; x_wconf 88' lang='lat' dir='ltr'><strong>bona</strong></span> <span class='ocrx_word' id='word_1_403' title='bbox 1080 4039 1246 4095; x_wconf 88' lang='lat' dir='ltr'><strong>opera</strong></span> <span class='ocrx_word' id='word_1_404' title='bbox 1278 4039 1384 4080; x_wconf 93' lang='lat' dir='ltr'><strong>non</strong></span> <span class='ocrx_word' id='word_1_405' title='bbox 1415 4026 1670 4081; x_wconf 88' lang='lat' dir='ltr'><strong>honorat.</strong></span> <span class='ocrx_word' id='word_1_406' title='bbox 1706 4025 1812 4093; x_wconf 89' lang='lat' dir='ltr'><strong>Qui</strong></span> <span class='ocrx_word' id='word_1_407' title='bbox 1861 4025 2005 4081; x_wconf 62' lang='lat' dir='ltr'><strong>illico</strong></span> 
     </span>
    </p>
   </div>
   <div class='ocr_carea' id='block_1_66' title="bbox 412 4114 2005 4188">
    <p class='ocr_par' dir='ltr' id='par_1_66' title="bbox 412 4114 2005 4188">
     <span class='ocr_line' id='line_1_66' title="bbox 412 4114 2005 4188; baseline 0.001 -19"><span class='ocrx_word' id='word_1_408' title='bbox 412 4130 549 4175; x_wconf 71' lang='lat' dir='ltr'><strong>Jum</strong></span> <span class='ocrx_word' id='word_1_409' title='bbox 582 4122 636 4170; x_wconf 91' lang='lat' dir='ltr'><strong>et</strong></span> <span class='ocrx_word' id='word_1_410' title='bbox 671 4114 942 4181; x_wconf 87' lang='lat' dir='ltr'><strong>omnium,</strong></span> <span class='ocrx_word' id='word_1_411' title='bbox 971 4114 1075 4171; x_wconf 90' lang='lat' dir='ltr'><strong>sub</strong></span> <span class='ocrx_word' id='word_1_412' title='bbox 1106 4129 1269 4170; x_wconf 91' lang='lat' dir='ltr'><strong>manu</strong></span> <span class='ocrx_word' id='word_1_413' title='bbox 1296 4114 1788 4188; x_wconf 70' lang='lat' dir='ltr'><strong>ejusdegentium,</strong></span> <span class='ocrx_word' id='word_1_414' title='bbox 1812 4130 2005 4171; x_wconf 88' lang='lat' dir='ltr'><strong>curam</strong></span> 
     </span>
    </p>
   </div>
   <div class='ocr_carea' id='block_1_67' title="bbox 427 4204 2007 4278">
    <p class='ocr_par' dir='ltr' id='par_1_67' title="bbox 427 4204 2007 4278">
     <span class='ocr_line' id='line_1_67' title="bbox 427 4204 2007 4278; baseline 0.001 -19"><span class='ocrx_word' id='word_1_415' title='bbox 427 4220 537 4260; x_wconf 87' lang='lat' dir='ltr'><strong>non</strong></span> <span class='ocrx_word' id='word_1_416' title='bbox 572 4204 761 4271; x_wconf 86' lang='lat' dir='ltr'><strong>habet,</strong></span> <span class='ocrx_word' id='word_1_417' title='bbox 793 4237 863 4247; x_wconf 97' lang='lat'><strong>—</strong></span> <span class='ocrx_word' id='word_1_418' title='bbox 888 4206 1160 4262; x_wconf 88' lang='lat' dir='ltr'><strong>rationem</strong></span> <span class='ocrx_word' id='word_1_419' title='bbox 1197 4204 1411 4271; x_wconf 87' lang='lat' dir='ltr'><strong>reddet,</strong></span> <span class='ocrx_word' id='word_1_420' title='bbox 1451 4221 1561 4263; x_wconf 92' lang='lat' dir='ltr'><strong>non</strong></span> <span class='ocrx_word' id='word_1_421' title='bbox 1615 4206 1686 4262; x_wconf 90' lang='lat' dir='ltr'><strong>de</strong></span> <span class='ocrx_word' id='word_1_422' title='bbox 1735 4221 1825 4274; x_wconf 88' lang='lat' dir='ltr'><strong>eo,</strong></span> <span class='ocrx_word' id='word_1_423' title='bbox 1857 4206 2007 4278; x_wconf 88' lang='lat' dir='ltr'><strong>quod</strong></span> 
     </span>
    </p>
   </div>
   <div class='ocr_carea' id='block_1_68' title="bbox 428 4294 2010 4369">
    <p class='ocr_par' dir='ltr' id='par_1_68' title="bbox 428 4294 2010 4369">
     <span class='ocr_line' id='line_1_68' title="bbox 428 4294 2010 4369; baseline 0.003 -21"><span class='ocrx_word' id='word_1_424' title='bbox 428 4294 484 4348; x_wconf 82' lang='lat' dir='ltr'><strong>hi</strong></span> <span class='ocrx_word' id='word_1_425' title='bbox 517 4296 645 4352; x_wconf 88' lang='lat' dir='ltr'><strong>mali</strong></span> <span class='ocrx_word' id='word_1_426' title='bbox 694 4298 990 4363; x_wconf 87' lang='lat' dir='ltr'><strong>evaserint,</strong></span> <span class='ocrx_word' id='word_1_427' title='bbox 1023 4301 1118 4353; x_wconf 85' lang='lat' dir='ltr'><strong>sed</strong></span> <span class='ocrx_word' id='word_1_428' title='bbox 1154 4296 1302 4367; x_wconf 87' lang='lat' dir='ltr'><strong>quod</strong></span> <span class='ocrx_word' id='word_1_429' title='bbox 1330 4297 1445 4369; x_wconf 89' lang='lat' dir='ltr'><strong>ipse</strong></span> <span class='ocrx_word' id='word_1_430' title='bbox 1475 4297 1544 4353; x_wconf 91' lang='lat' dir='ltr'><strong>de</strong></span> <span class='ocrx_word' id='word_1_431' title='bbox 1581 4312 1772 4353; x_wconf 91' lang='lat' dir='ltr'><strong>eorum</strong></span> <span class='ocrx_word' id='word_1_432' title='bbox 1830 4297 2010 4353; x_wconf 86' lang='lat' dir='ltr'><strong>salute</strong></span> 
     </span>
    </p>
   </div>
   <div class='ocr_carea' id='block_1_69' title="bbox 429 4387 2006 4455">
    <p class='ocr_par' dir='ltr' id='par_1_69' title="bbox 429 4387 2006 4455">
     <span class='ocr_line' id='line_1_69' title="bbox 429 4387 2006 4455; baseline 0.001 -14"><span class='ocrx_word' id='word_1_433' title='bbox 429 4400 540 4442; x_wconf 92' lang='lat' dir='ltr'><strong>non</strong></span> <span class='ocrx_word' id='word_1_434' title='bbox 572 4389 875 4445; x_wconf 89' lang='lat' dir='ltr'><strong>curaverit.</strong></span> <span class='ocrx_word' id='word_1_435' title='bbox 907 4387 1147 4455; x_wconf 78' lang='lat' dir='ltr'><strong>Rursus,</strong></span> <span class='ocrx_word' id='word_1_436' title='bbox 1181 4395 1236 4443; x_wconf 84' lang='lat' dir='ltr'><strong>et</strong></span> <span class='ocrx_word' id='word_1_437' title='bbox 1262 4387 1315 4442; x_wconf 91' lang='lat' dir='ltr'><strong>hi</strong></span> <span class='ocrx_word' id='word_1_438' title='bbox 1341 4388 1877 4452; x_wconf 83' lang='lat' dir='ltr'><strong>condemnabuntur,</strong></span> <span class='ocrx_word' id='word_1_439' title='bbox 1897 4403 2006 4444; x_wconf 90' lang='lat' dir='ltr'><strong>non</strong></span> 
     </span>
    </p>
   </div>
   <div class='ocr_carea' id='block_1_70' title="bbox 2102 3213 3691 3288">
    <p class='ocr_par' dir='ltr' id='par_1_70' title="bbox 2102 3213 3691 3288">
     <span class='ocr_line' id='line_1_70' title="bbox 2102 3213 3691 3288; baseline -0.001 -18"><span class='ocrx_word' id='word_1_440' title='bbox 2102 3232 2203 3287; x_wconf 85' lang='grc' dir='ltr'>τῳ,</span> <span class='ocrx_word' id='word_1_441' title='bbox 2226 3215 2560 3286; x_wconf 79' lang='grc' dir='ltr'>προσάπτων</span> <span class='ocrx_word' id='word_1_442' title='bbox 2607 3214 2682 3269; x_wconf 85' lang='grc' dir='ltr'><strong>τά</strong></span> <span class='ocrx_word' id='word_1_443' title='bbox 2727 3213 2925 3269; x_wconf 78' lang='grc' dir='ltr'>ἑαυτοῦ</span> <span class='ocrx_word' id='word_1_444' title='bbox 2953 3216 3281 3288; x_wconf 74' lang='grc' dir='ltr'>αἰτιάματα,</span> <span class='ocrx_word' id='word_1_445' title='bbox 3326 3216 3416 3271; x_wconf 81' lang='grc' dir='ltr'>τὸν</span> <span class='ocrx_word' id='word_1_446' title='bbox 3443 3215 3691 3288; x_wconf 79' lang='grc' dir='ltr'>πλάστην</span> 
     </span>
    </p>
   </div>
   <div class='ocr_carea' id='block_1_71' title="bbox 2102 3306 2809 3379">
    <p class='ocr_par' dir='ltr' id='par_1_71' title="bbox 2102 3306 2809 3379">
     <span class='ocr_line' id='line_1_71' title="bbox 2102 3306 2809 3379; baseline 0 -18"><span class='ocrx_word' id='word_1_447' title='bbox 2102 3306 2272 3361; x_wconf 78' lang='grc' dir='ltr'>αὐτοῦ</span> <span class='ocrx_word' id='word_1_448' title='bbox 2305 3306 2635 3379; x_wconf 79' lang='grc' dir='ltr'>παροργίζει</span> <span class='ocrx_word' id='word_1_449' title='bbox 2658 3306 2809 3361; x_wconf 88' lang='grc' dir='ltr'>Θεόν.</span> 
     </span>
    </p>
   </div>
   <div class='ocr_carea' id='block_1_72' title="bbox 2181 3433 3694 3505">
    <p class='ocr_par' dir='ltr' id='par_1_72' title="bbox 2181 3433 3694 3505">
     <span class='ocr_line' id='line_1_72' title="bbox 2181 3433 3694 3505; baseline -0.001 -16"><span class='ocrx_word' id='word_1_450' title='bbox 2181 3435 2248 3489; x_wconf 87' lang='lat'><strong>&#39;0</strong></span> <span class='ocrx_word' id='word_1_451' title='bbox 2298 3433 2367 3489; x_wconf 80' lang='grc' dir='ltr'>δὲ</span> <span class='ocrx_word' id='word_1_452' title='bbox 2418 3433 2608 3504; x_wconf 82' lang='grc' dir='ltr'>τιμῶν</span> <span class='ocrx_word' id='word_1_453' title='bbox 2655 3435 2863 3501; x_wconf 83' lang='grc' dir='ltr'>αὑτὸν,</span> <span class='ocrx_word' id='word_1_454' title='bbox 2897 3433 3056 3489; x_wconf 76' lang='grc' dir='ltr'>ἐλεεῖ</span> <span class='ocrx_word' id='word_1_455' title='bbox 3114 3437 3376 3505; x_wconf 82' lang='grc' dir='ltr'>πτωχόν.</span> <span class='ocrx_word' id='word_1_456' title='bbox 3420 3434 3481 3488; x_wconf 84' lang='lat'><strong>&#39;0</strong></span> <span class='ocrx_word' id='word_1_457' title='bbox 3531 3433 3580 3487; x_wconf 83' lang='grc' dir='ltr'>δ’</span> <span class='ocrx_word' id='word_1_458' title='bbox 3635 3436 3694 3488; x_wconf 81' lang='grc' dir='ltr'><strong>ἐν</strong></span> 
     </span>
    </p>
   </div>
   <div class='ocr_carea' id='block_1_73' title="bbox 2104 3526 3693 3606">
    <p class='ocr_par' dir='ltr' id='par_1_73' title="bbox 2104 3526 3693 3606">
     <span class='ocr_line' id='line_1_73' title="bbox 2104 3526 3693 3606; baseline -0.003 -22"><span class='ocrx_word' id='word_1_459' title='bbox 2104 3526 2496 3602; x_wconf 85' lang='grc' dir='ltr'>ἀγαθοεργίαις</span> <span class='ocrx_word' id='word_1_460' title='bbox 2521 3526 2615 3581; x_wconf 78' lang='grc' dir='ltr'>τὸν</span> <span class='ocrx_word' id='word_1_461' title='bbox 2646 3530 2704 3582; x_wconf 78' lang='grc' dir='ltr'><strong>ἐν</strong></span> <span class='ocrx_word' id='word_1_462' title='bbox 2732 3527 2979 3598; x_wconf 77' lang='grc' dir='ltr'>οὐρανοῖς</span> <span class='ocrx_word' id='word_1_463' title='bbox 3006 3527 3227 3597; x_wconf 82' lang='grc' dir='ltr'>Πατέρα</span> <span class='ocrx_word' id='word_1_464' title='bbox 3254 3527 3453 3599; x_wconf 80' lang='grc' dir='ltr'>τιμῶν,</span> <span class='ocrx_word' id='word_1_465' title='bbox 3486 3527 3693 3606; x_wconf 74' lang='grc' dir='ltr'>οἰκτεί-</span> 
     </span>
    </p>
   </div>
   <div class='ocr_carea' id='block_1_74' title="bbox 2110 3617 3695 3694">
    <p class='ocr_par' dir='ltr' id='par_1_74' title="bbox 2110 3617 3695 3694">
     <span class='ocr_line' id='line_1_74' title="bbox 2110 3617 3695 3694; baseline -0.001 -20"><span class='ocrx_word' id='word_1_466' title='bbox 2110 3638 2195 3694; x_wconf 88' lang='grc' dir='ltr'><strong>ρει</strong></span> <span class='ocrx_word' id='word_1_467' title='bbox 2223 3621 2315 3675; x_wconf 84' lang='grc' dir='ltr'>τὸν</span> <span class='ocrx_word' id='word_1_468' title='bbox 2354 3619 2465 3674; x_wconf 79' lang='grc' dir='ltr'>ἀπὸ</span> <span class='ocrx_word' id='word_1_469' title='bbox 2493 3617 2728 3673; x_wconf 84' lang='grc' dir='ltr'>πλούτου</span> <span class='ocrx_word' id='word_1_470' title='bbox 2763 3619 3021 3687; x_wconf 80' lang='grc' dir='ltr'>πεσόντα,</span> <span class='ocrx_word' id='word_1_471' title='bbox 3050 3619 3146 3674; x_wconf 71' lang='grc' dir='ltr'>καὶ</span> <span class='ocrx_word' id='word_1_472' title='bbox 3177 3619 3254 3685; x_wconf 84' lang='grc' dir='ltr'><strong>ὡς</strong></span> <span class='ocrx_word' id='word_1_473' title='bbox 3287 3618 3513 3673; x_wconf 76' lang='grc' dir='ltr'>δυνατὸν</span> <span class='ocrx_word' id='word_1_474' title='bbox 3538 3618 3695 3686; x_wconf 78' lang='grc' dir='ltr'><strong>αὗτῷ</strong></span> 
     </span>
    </p>
   </div>
   <div class='ocr_carea' id='block_1_75' title="bbox 2109 3713 2315 3787">
    <p class='ocr_par' dir='ltr' id='par_1_75' title="bbox 2109 3713 2315 3787">
     <span class='ocr_line' id='line_1_75' title="bbox 2109 3713 2315 3787; baseline 0.01 -19"><span class='ocrx_word' id='word_1_475' title='bbox 2109 3713 2315 3787; x_wconf 78' lang='grc' dir='ltr'>βοηθεῖ.</span> 
     </span>
    </p>
   </div>
   <div class='ocr_carea' id='block_1_76' title="bbox 2181 3837 3698 3913">
    <p class='ocr_par' dir='ltr' id='par_1_76' title="bbox 2181 3837 3698 3913">
     <span class='ocr_line' id='line_1_76' title="bbox 2181 3837 3698 3913; baseline -0.003 -18"><span class='ocrx_word' id='word_1_476' title='bbox 2181 3840 2281 3913; x_wconf 81' lang='grc' dir='ltr'><strong>λβ¹.</strong></span> <span class='ocrx_word' id='word_1_477' title='bbox 2324 3839 2424 3895; x_wconf 83' lang='grc' dir='ltr'>Ἐν</span> <span class='ocrx_word' id='word_1_478' title='bbox 2454 3840 2637 3909; x_wconf 77' lang='grc' dir='ltr'>κακίᾳ</span> <span class='ocrx_word' id='word_1_479' title='bbox 2662 3838 2850 3894; x_wconf 87' lang='grc' dir='ltr'>αὐτοῦ</span> <span class='ocrx_word' id='word_1_480' title='bbox 2899 3838 3212 3894; x_wconf 70' lang='grc' dir='ltr'>ἀπολεῖται</span> <span class='ocrx_word' id='word_1_481' title='bbox 3234 3837 3479 3906; x_wconf 80' lang='grc' dir='ltr'>ἀσεϐής.</span> <span class='ocrx_word' id='word_1_482' title='bbox 3519 3838 3613 3892; x_wconf 83' lang='grc' dir='ltr'>Ἐν</span> <span class='ocrx_word' id='word_1_483' title='bbox 3632 3840 3698 3909; x_wconf 75' lang='grc' dir='ltr'><strong>τῇ</strong></span> 
     </span>
    </p>
   </div>
   <div class='ocr_carea' id='block_1_77' title="bbox 2108 3930 3702 4005">
    <p class='ocr_par' dir='ltr' id='par_1_77' title="bbox 2108 3930 3702 4005">
     <span class='ocr_line' id='line_1_77' title="bbox 2108 3930 3702 4005; baseline -0.003 -18"><span class='ocrx_word' id='word_1_484' title='bbox 2108 3931 2221 4005; x_wconf 73' lang='grc' dir='ltr'>ἰδίᾳ.</span> <span class='ocrx_word' id='word_1_485' title='bbox 2254 3931 2447 4004; x_wconf 83' lang='grc' dir='ltr'>κακίᾳ,</span> <span class='ocrx_word' id='word_1_486' title='bbox 2484 3932 2581 3986; x_wconf 69' lang='grc' dir='ltr'>καὶ</span> <span class='ocrx_word' id='word_1_487' title='bbox 2614 3931 2691 4003; x_wconf 74' lang='grc' dir='ltr'>μὴ</span> <span class='ocrx_word' id='word_1_488' title='bbox 2718 3934 2787 4003; x_wconf 75' lang='grc' dir='ltr'><strong>τῇ</strong></span> <span class='ocrx_word' id='word_1_489' title='bbox 2826 3930 2936 3985; x_wconf 89' lang='grc' dir='ltr'><strong>τῶν</strong></span> <span class='ocrx_word' id='word_1_490' title='bbox 2968 3931 3227 4002; x_wconf 84' lang='grc' dir='ltr'>πατέρων</span> <span class='ocrx_word' id='word_1_491' title='bbox 3255 3930 3290 4002; x_wconf 74' lang='grc' dir='ltr'>ἢ</span> <span class='ocrx_word' id='word_1_492' title='bbox 3330 3930 3561 3994; x_wconf 88' lang='grc' dir='ltr'>τέκνων,</span> <span class='ocrx_word' id='word_1_493' title='bbox 3591 3933 3702 3984; x_wconf 76' lang='grc' dir='ltr'>ἀπ·</span> 
     </span>
    </p>
   </div>
   <div class='ocr_carea' id='block_1_78' title="bbox 2108 4022 3704 4096">
    <p class='ocr_par' dir='ltr' id='par_1_78' title="bbox 2108 4022 3704 4096">
     <span class='ocr_line' id='line_1_78' title="bbox 2108 4022 3704 4096; baseline -0.002 -17"><span class='ocrx_word' id='word_1_494' title='bbox 2108 4025 2312 4079; x_wconf 83' lang='grc' dir='ltr'>ολείται</span> <span class='ocrx_word' id='word_1_495' title='bbox 2332 4025 2361 4078; x_wconf 86' lang='grc' dir='ltr'><strong>ό</strong></span> <span class='ocrx_word' id='word_1_496' title='bbox 2392 4024 2470 4096; x_wconf 78' lang='grc' dir='ltr'>μὴ</span> <span class='ocrx_word' id='word_1_497' title='bbox 2488 4024 2555 4078; x_wconf 77' lang='grc' dir='ltr'>δι’</span> <span class='ocrx_word' id='word_1_498' title='bbox 2578 4023 2801 4093; x_wconf 80' lang='grc' dir='ltr'>ἀγαθῶν</span> <span class='ocrx_word' id='word_1_499' title='bbox 2829 4024 3008 4095; x_wconf 75' lang='grc' dir='ltr'>ἔργων</span> <span class='ocrx_word' id='word_1_500' title='bbox 3029 4023 3206 4094; x_wconf 87' lang='grc' dir='ltr'>τιμῶν</span> <span class='ocrx_word' id='word_1_501' title='bbox 3234 4023 3324 4078; x_wconf 85' lang='grc' dir='ltr'><strong>τδν</strong></span> <span class='ocrx_word' id='word_1_502' title='bbox 3345 4022 3501 4077; x_wconf 82' lang='grc' dir='ltr'><strong>Θεόν.</strong></span> <span class='ocrx_word' id='word_1_503' title='bbox 3538 4022 3704 4076; x_wconf 75' lang='grc' dir='ltr'>Ἀπο-</span> 
     </span>
    </p>
   </div>
   <div class='ocr_carea' id='block_1_79' title="bbox 2109 4110 3703 4184">
    <p class='ocr_par' dir='ltr' id='par_1_79' title="bbox 2109 4110 3703 4184">
     <span class='ocr_line' id='line_1_79' title="bbox 2109 4110 3703 4184; baseline 0.001 -19"><span class='ocrx_word' id='word_1_504' title='bbox 2109 4110 2295 4171; x_wconf 85' lang='grc' dir='ltr'>δίδωσι</span> <span class='ocrx_word' id='word_1_505' title='bbox 2344 4111 2455 4184; x_wconf 78' lang='grc' dir='ltr'><strong>γάρ</strong></span> <span class='ocrx_word' id='word_1_506' title='bbox 2508 4111 2667 4180; x_wconf 89' lang='grc' dir='ltr'>λόγον</span> <span class='ocrx_word' id='word_1_507' title='bbox 2711 4114 2740 4165; x_wconf 82' lang='grc' dir='ltr'><strong>ὁ</strong></span> <span class='ocrx_word' id='word_1_508' title='bbox 2793 4111 2869 4182; x_wconf 72' lang='grc' dir='ltr'>μὴ</span> <span class='ocrx_word' id='word_1_509' title='bbox 2919 4111 3031 4166; x_wconf 87' lang='grc' dir='ltr'><strong>τῶν</strong></span> <span class='ocrx_word' id='word_1_510' title='bbox 3074 4112 3282 4167; x_wconf 90' lang='grc' dir='ltr'>τέκνων</span> <span class='ocrx_word' id='word_1_511' title='bbox 3325 4112 3422 4167; x_wconf 80' lang='grc' dir='ltr'>καὶ</span> <span class='ocrx_word' id='word_1_512' title='bbox 3451 4113 3560 4166; x_wconf 88' lang='grc' dir='ltr'><strong>τῶν</strong></span> <span class='ocrx_word' id='word_1_513' title='bbox 3595 4112 3703 4166; x_wconf 71' lang='grc' dir='ltr'>ὑπὸ</span> 
     </span>
    </p>
   </div>
   <div class='ocr_carea' id='block_1_80' title="bbox 2112 4198 3703 4275">
    <p class='ocr_par' dir='ltr' id='par_1_80' title="bbox 2112 4198 3703 4275">
     <span class='ocr_line' id='line_1_80' title="bbox 2112 4198 3703 4275; baseline 0.001 -19"><span class='ocrx_word' id='word_1_514' title='bbox 2112 4205 2270 4274; x_wconf 86' lang='grc' dir='ltr'>χεῖρα</span> <span class='ocrx_word' id='word_1_515' title='bbox 2308 4203 2678 4274; x_wconf 83' lang='grc' dir='ltr'>ποιησάμενος</span> <span class='ocrx_word' id='word_1_516' title='bbox 2713 4201 3056 4274; x_wconf 84' lang='grc' dir='ltr'>ἐπιμέλειαν,</span> <span class='ocrx_word' id='word_1_517' title='bbox 3091 4203 3192 4275; x_wconf 79' lang='grc' dir='ltr'><strong>οὐχ</strong></span> <span class='ocrx_word' id='word_1_518' title='bbox 3235 4205 3318 4259; x_wconf 78' lang='grc' dir='ltr'>ὅτι</span> <span class='ocrx_word' id='word_1_519' title='bbox 3360 4198 3505 4259; x_wconf 72' lang='grc' dir='ltr'>οὗτοι</span> <span class='ocrx_word' id='word_1_520' title='bbox 3536 4205 3703 4258; x_wconf 69' lang='grc' dir='ltr'>κακοὶ</span> 
     </span>
    </p>
   </div>
   <div class='ocr_carea' id='block_1_81' title="bbox 2113 4294 3703 4368">
    <p class='ocr_par' dir='ltr' id='par_1_81' title="bbox 2113 4294 3703 4368">
     <span class='ocr_line' id='line_1_81' title="bbox 2113 4294 3703 4368; baseline 0.001 -20"><span class='ocrx_word' id='word_1_521' title='bbox 2113 4295 2381 4365; x_wconf 87' lang='grc' dir='ltr'>ἐγένοντο,</span> <span class='ocrx_word' id='word_1_522' title='bbox 2410 4294 2525 4349; x_wconf 85' lang='grc' dir='ltr'>ἀλλ’</span> <span class='ocrx_word' id='word_1_523' title='bbox 2550 4296 2632 4349; x_wconf 82' lang='grc' dir='ltr'>ὅτι</span> <span class='ocrx_word' id='word_1_524' title='bbox 2659 4295 2824 4359; x_wconf 80' lang='grc' dir='ltr'>αὐτὸς</span> <span class='ocrx_word' id='word_1_525' title='bbox 2869 4297 2972 4368; x_wconf 81' lang='grc' dir='ltr'>τῆς</span> <span class='ocrx_word' id='word_1_526' title='bbox 3015 4296 3292 4367; x_wconf 87' lang='grc' dir='ltr'>σωτηρίας</span> <span class='ocrx_word' id='word_1_527' title='bbox 3324 4295 3532 4350; x_wconf 80' lang='grc' dir='ltr'>τούτων</span> <span class='ocrx_word' id='word_1_528' title='bbox 3555 4298 3703 4367; x_wconf 73' lang='grc' dir='ltr'>ὴμέ-</span> 
     </span>
    </p>
   </div>
   <div class='ocr_carea' id='block_1_82' title="bbox 2114 4380 3703 4460">
    <p class='ocr_par' dir='ltr' id='par_1_82' title="bbox 2114 4380 3703 4460">
     <span class='ocr_line' id='line_1_82' title="bbox 2114 4380 3703 4460; baseline 0 -19"><span class='ocrx_word' id='word_1_529' title='bbox 2114 4387 2247 4460; x_wconf 88' lang='grc' dir='ltr'>λησε</span> <span class='ocrx_word' id='word_1_530' title='bbox 2271 4404 2283 4417; x_wconf 92' lang='grc'><strong>·</strong></span> <span class='ocrx_word' id='word_1_531' title='bbox 2331 4387 2494 4443; x_wconf 85' lang='grc' dir='ltr'>πάλιν</span> <span class='ocrx_word' id='word_1_532' title='bbox 2535 4387 2580 4442; x_wconf 84' lang='grc' dir='ltr'>δ’</span> <span class='ocrx_word' id='word_1_533' title='bbox 2603 4380 2752 4441; x_wconf 78' lang='grc' dir='ltr'>οὗτοι</span> <span class='ocrx_word' id='word_1_534' title='bbox 2781 4387 3227 4460; x_wconf 85' lang='grc' dir='ltr'>κατακρίνονται,</span> <span class='ocrx_word' id='word_1_535' title='bbox 3267 4389 3329 4442; x_wconf 82' lang='grc' dir='ltr'>οὐ</span> <span class='ocrx_word' id='word_1_536' title='bbox 3351 4387 3440 4442; x_wconf 79' lang='grc' dir='ltr'>διὰ</span> <span class='ocrx_word' id='word_1_537' title='bbox 3468 4388 3569 4460; x_wconf 79' lang='grc' dir='ltr'><strong>τὴν</strong></span> <span class='ocrx_word' id='word_1_538' title='bbox 3592 4389 3703 4444; x_wconf 86' lang='grc' dir='ltr'><strong>τῶν</strong></span> 
     </span>
    </p>
   </div>
   <div class='ocr_carea' id='block_1_83' title="bbox 432 4476 2003 4557">
    <p class='ocr_par' dir='ltr' id='par_1_83' title="bbox 432 4476 2003 4554">
     <span class='ocr_line' id='line_1_83' title="bbox 432 4476 2003 4554; baseline 0.004 -22"><span class='ocrx_word' id='word_1_539' title='bbox 432 4476 670 4550; x_wconf 69' lang='lat' dir='ltr'><strong>propter</strong></span> <span class='ocrx_word' id='word_1_540' title='bbox 700 4487 917 4551; x_wconf 87' lang='lat' dir='ltr'><strong>patrum</strong></span> <span class='ocrx_word' id='word_1_541' title='bbox 971 4488 1026 4535; x_wconf 89' lang='lat' dir='ltr'><strong>et</strong></span> <span class='ocrx_word' id='word_1_542' title='bbox 1076 4480 1425 4536; x_wconf 85' lang='lat' dir='ltr'><strong>dominorum</strong></span> <span class='ocrx_word' id='word_1_543' title='bbox 1474 4482 1882 4554; x_wconf 77' lang='lat' dir='ltr'><strong>negligentiam,</strong></span> <span class='ocrx_word' id='word_1_544' title='bbox 1911 4481 2003 4540; x_wconf 86' lang='lat' dir='ltr'><strong>sed</strong></span> 
     </span>
    </p>
   </div>
   <div class='ocr_carea' id='block_1_84' title="bbox 2126 4476 3704 4557">
    <p class='ocr_par' dir='ltr' id='par_1_84' title="bbox 2126 4482 3704 4557">
     <span class='ocr_line' id='line_1_84' title="bbox 2126 4482 3704 4557; baseline 0 -19"><span class='ocrx_word' id='word_1_545' title='bbox 2126 4485 2367 4557; x_wconf 80' lang='grc' dir='ltr'>πατέρων</span> <span class='ocrx_word' id='word_1_546' title='bbox 2396 4486 2492 4539; x_wconf 71' lang='grc' dir='ltr'>καὶ</span> <span class='ocrx_word' id='word_1_547' title='bbox 2520 4484 2803 4540; x_wconf 87' lang='grc' dir='ltr'>δεσποτῶν</span> <span class='ocrx_word' id='word_1_548' title='bbox 2838 4485 3126 4557; x_wconf 88' lang='grc' dir='ltr'>ἀμέλειαν,</span> <span class='ocrx_word' id='word_1_549' title='bbox 3148 4483 3264 4539; x_wconf 84' lang='grc' dir='ltr'>ἀλλ’</span> <span class='ocrx_word' id='word_1_550' title='bbox 3289 4484 3372 4539; x_wconf 81' lang='grc' dir='ltr'>ὅτι</span> <span class='ocrx_word' id='word_1_551' title='bbox 3400 4482 3556 4536; x_wconf 82' lang='grc' dir='ltr'>αὐτοὶ</span> <span class='ocrx_word' id='word_1_552' title='bbox 3599 4501 3704 4538; x_wconf 83' lang='grc' dir='ltr'>κα-</span> 
     </span>
    </p>
   </div>
   <div class='ocr_carea' id='block_1_85' title="bbox 340 4572 1193 4644">
    <p class='ocr_par' dir='ltr' id='par_1_85' title="bbox 340 4572 1193 4644">
     <span class='ocr_line' id='line_1_85' title="bbox 340 4572 1193 4644; baseline 0.002 -18"><span class='ocrx_word' id='word_1_553' title='bbox 340 4578 343 4579; x_wconf 65' lang='grc'><strong><em>⁷</em></strong></span> <span class='ocrx_word' id='word_1_554' title='bbox 433 4573 575 4643; x_wconf 84' lang='lat' dir='ltr'><strong>quod</strong></span> <span class='ocrx_word' id='word_1_555' title='bbox 610 4573 712 4644; x_wconf 88' lang='lat' dir='ltr'><strong>ipsi</strong></span> <span class='ocrx_word' id='word_1_556' title='bbox 745 4573 875 4628; x_wconf 88' lang='lat' dir='ltr'><strong>mali</strong></span> <span class='ocrx_word' id='word_1_557' title='bbox 905 4572 1035 4627; x_wconf 84' lang='lat' dir='ltr'><strong>facti</strong></span> <span class='ocrx_word' id='word_1_558' title='bbox 1063 4572 1193 4630; x_wconf 83' lang='lat' dir='ltr'><strong>sint.</strong></span> 
     </span>
    </p>
   </div>
   <div class='ocr_carea' id='block_1_86' title="bbox 505 4695 2010 4771">
    <p class='ocr_par' dir='ltr' id='par_1_86' title="bbox 505 4695 2010 4771">
     <span class='ocr_line' id='line_1_86' title="bbox 505 4695 2010 4771; baseline 0.005 -22"><span class='ocrx_word' id='word_1_559' title='bbox 505 4695 610 4762; x_wconf 85' lang='lat' dir='ltr'><strong>Qui</strong></span> <span class='ocrx_word' id='word_1_560' title='bbox 629 4696 918 4765; x_wconf 80' lang='lat' dir='ltr'><strong>conﬁditiu</strong></span> <span class='ocrx_word' id='word_1_561' title='bbox 946 4696 1197 4764; x_wconf 83' lang='lat' dir='ltr'><strong>Domino,</strong></span> <span class='ocrx_word' id='word_1_562' title='bbox 1224 4700 1308 4753; x_wconf 84' lang='lat' dir='ltr'><strong>sui</strong></span> <span class='ocrx_word' id='word_1_563' title='bbox 1333 4699 1497 4767; x_wconf 84' lang='lat' dir='ltr'><strong>ipsius</strong></span> <span class='ocrx_word' id='word_1_564' title='bbox 1512 4700 1797 4755; x_wconf 82' lang='lat' dir='ltr'><strong>sanctitate</strong></span> <span class='ocrx_word' id='word_1_565' title='bbox 1804 4700 2010 4771; x_wconf 84' lang='lat' dir='ltr'><strong>justus.</strong></span> 
     </span>
    </p>
   </div>
   <div class='ocr_carea' id='block_1_87' title="bbox 435 4786 2012 4862">
    <p class='ocr_par' dir='ltr' id='par_1_87' title="bbox 435 4786 2012 4862">
     <span class='ocr_line' id='line_1_87' title="bbox 435 4786 2012 4862; baseline 0.004 -21"><span class='ocrx_word' id='word_1_566' title='bbox 435 4786 539 4854; x_wconf 88' lang='lat' dir='ltr'><strong>Qui</strong></span> <span class='ocrx_word' id='word_1_567' title='bbox 566 4789 621 4842; x_wconf 89' lang='lat' dir='ltr'><strong>in</strong></span> <span class='ocrx_word' id='word_1_568' title='bbox 659 4802 843 4843; x_wconf 89' lang='lat' dir='ltr'><strong>rerum</strong></span> <span class='ocrx_word' id='word_1_569' title='bbox 882 4797 1212 4844; x_wconf 91' lang='lat' dir='ltr'><strong>cunctarum</strong></span> <span class='ocrx_word' id='word_1_570' title='bbox 1247 4789 1559 4857; x_wconf 87' lang='lat' dir='ltr'><strong>Dominum,</strong></span> <span class='ocrx_word' id='word_1_571' title='bbox 1592 4792 1819 4846; x_wconf 87' lang='lat' dir='ltr'><strong>omnem</strong></span> <span class='ocrx_word' id='word_1_572' title='bbox 1861 4807 2012 4862; x_wconf 89' lang='lat' dir='ltr'><strong>spem</strong></span> 
     </span>
    </p>
   </div>
   <div class='ocr_carea' id='block_1_88' title="bbox 436 4879 2014 4953">
    <p class='ocr_par' dir='ltr' id='par_1_88' title="bbox 436 4879 2014 4953">
     <span class='ocr_line' id='line_1_88' title="bbox 436 4879 2014 4953; baseline 0.003 -19"><span class='ocrx_word' id='word_1_573' title='bbox 436 4896 593 4935; x_wconf 82' lang='lat' dir='ltr'><strong>suam</strong></span> <span class='ocrx_word' id='word_1_574' title='bbox 634 4881 875 4952; x_wconf 89' lang='lat' dir='ltr'><strong>reponit,</strong></span> <span class='ocrx_word' id='word_1_575' title='bbox 900 4881 1086 4951; x_wconf 86' lang='lat' dir='ltr'><strong>justus</strong></span> <span class='ocrx_word' id='word_1_576' title='bbox 1109 4890 1195 4937; x_wconf 90' lang='lat' dir='ltr'><strong>est</strong></span> <span class='ocrx_word' id='word_1_577' title='bbox 1223 4895 1289 4937; x_wconf 85' lang='lat' dir='ltr'><strong>ex</strong></span> <span class='ocrx_word' id='word_1_578' title='bbox 1334 4879 1674 4953; x_wconf 78' lang='lat' dir='ltr'><strong>perfectione</strong></span> <span class='ocrx_word' id='word_1_579' title='bbox 1707 4897 1807 4938; x_wconf 85' lang='lat' dir='ltr'><strong>sua</strong></span> <span class='ocrx_word' id='word_1_580' title='bbox 1842 4883 2014 4938; x_wconf 89' lang='lat' dir='ltr'><strong>relate</strong></span> 
     </span>
    </p>
   </div>
   <div class='ocr_carea' id='block_1_89' title="bbox 437 4973 2017 5047">
    <p class='ocr_par' dir='ltr' id='par_1_89' title="bbox 437 4973 2017 5047">
     <span class='ocr_line' id='line_1_89' title="bbox 437 4973 2017 5047; baseline 0.004 -21"><span class='ocrx_word' id='word_1_581' title='bbox 437 4974 504 5029; x_wconf 89' lang='lat' dir='ltr'><strong>ad</strong></span> <span class='ocrx_word' id='word_1_582' title='bbox 546 4973 736 5040; x_wconf 91' lang='lat' dir='ltr'><strong>Deum,</strong></span> <span class='ocrx_word' id='word_1_583' title='bbox 778 4982 833 5031; x_wconf 91' lang='lat' dir='ltr'><strong>et</strong></span> <span class='ocrx_word' id='word_1_584' title='bbox 885 4991 996 5031; x_wconf 90' lang='lat' dir='ltr'><strong>non</strong></span> <span class='ocrx_word' id='word_1_585' title='bbox 1028 4990 1093 5029; x_wconf 79' lang='lat' dir='ltr'><strong>ex</strong></span> <span class='ocrx_word' id='word_1_586' title='bbox 1128 4976 1362 5031; x_wconf 90' lang='lat' dir='ltr'><strong>aliorum</strong></span> <span class='ocrx_word' id='word_1_587' title='bbox 1391 4975 1652 5047; x_wconf 88' lang='lat' dir='ltr'><strong>operibus</strong></span> <span class='ocrx_word' id='word_1_588' title='bbox 1700 4982 1755 5031; x_wconf 92' lang='lat' dir='ltr'><strong>et</strong></span> <span class='ocrx_word' id='word_1_589' title='bbox 1803 4976 2017 5032; x_wconf 83' lang='lat' dir='ltr'><strong>actibus</strong></span> 
     </span>
    </p>
   </div>
   <div class='ocr_carea' id='block_1_90' title="bbox 440 5068 2015 5140">
    <p class='ocr_par' dir='ltr' id='par_1_90' title="bbox 440 5068 2015 5140">
     <span class='ocr_line' id='line_1_90' title="bbox 440 5068 2015 5140; baseline 0.001 -19"><span class='ocrx_word' id='word_1_590' title='bbox 440 5068 644 5132; x_wconf 83' lang='lat' dir='ltr'><strong>rectis;</strong></span> <span class='ocrx_word' id='word_1_591' title='bbox 676 5068 977 5140; x_wconf 89' lang='lat' dir='ltr'><strong>requiritur</strong></span> <span class='ocrx_word' id='word_1_592' title='bbox 1022 5069 1169 5125; x_wconf 90' lang='lat' dir='ltr'><strong>enim</strong></span> <span class='ocrx_word' id='word_1_593' title='bbox 1216 5086 1247 5124; x_wconf 94' lang='lat' dir='ltr'><strong>a</strong></span> <span class='ocrx_word' id='word_1_594' title='bbox 1296 5069 1479 5135; x_wconf 91' lang='lat' dir='ltr'><strong>nobis,</strong></span> <span class='ocrx_word' id='word_1_595' title='bbox 1514 5081 1573 5127; x_wconf 92' lang='lat' dir='ltr'><strong>ut</strong></span> <span class='ocrx_word' id='word_1_596' title='bbox 1621 5086 1687 5126; x_wconf 79' lang='lat' dir='ltr'><strong>ex</strong></span> <span class='ocrx_word' id='word_1_597' title='bbox 1735 5069 2015 5125; x_wconf 88' lang='lat' dir='ltr'><strong>laboribus</strong></span> 
     </span>
    </p>
   </div>
   <div class='ocr_carea' id='block_1_91' title="bbox 438 5154 1365 5224">
    <p class='ocr_par' dir='ltr' id='par_1_91' title="bbox 438 5154 1365 5224">
     <span class='ocr_line' id='line_1_91' title="bbox 438 5154 1365 5224; baseline 0.006 -6"><span class='ocrx_word' id='word_1_598' title='bbox 438 5163 647 5221; x_wconf 85' lang='lat' dir='ltr'><strong>nostris</strong></span> <span class='ocrx_word' id='word_1_599' title='bbox 682 5162 970 5220; x_wconf 87' lang='lat' dir='ltr'><strong>Dominum</strong></span> <span class='ocrx_word' id='word_1_600' title='bbox 1011 5154 1365 5224; x_wconf 83' lang='lat' dir='ltr'><strong>honoremus.</strong></span> 
     </span>
    </p>
   </div>
   <div class='ocr_carea' id='block_1_92' title="bbox 426 5288 2018 5362">
    <p class='ocr_par' dir='ltr' id='par_1_92' title="bbox 426 5288 2018 5362">
     <span class='ocr_line' id='line_1_92' title="bbox 426 5288 2018 5362; baseline 0.001 -18"><span class='ocrx_word' id='word_1_601' title='bbox 426 5350 431 5355; x_wconf 48' lang='grc'><strong>,</strong></span> <span class='ocrx_word' id='word_1_602' title='bbox 511 5289 675 5346; x_wconf 69' lang='lat' dir='ltr'><strong>Vens.</strong></span> <span class='ocrx_word' id='word_1_603' title='bbox 700 5291 790 5347; x_wconf 76' lang='lat'><strong>33.</strong></span> <span class='ocrx_word' id='word_1_604' title='bbox 825 5290 891 5346; x_wconf 83' lang='lat' dir='ltr'><strong>In</strong></span> <span class='ocrx_word' id='word_1_605' title='bbox 918 5292 1074 5347; x_wconf 84' lang='lat' dir='ltr'><strong>corde</strong></span> <span class='ocrx_word' id='word_1_606' title='bbox 1114 5292 1267 5356; x_wconf 86' lang='lat' dir='ltr'><strong>bona,</strong></span> <span class='ocrx_word' id='word_1_607' title='bbox 1312 5292 1588 5362; x_wconf 83' lang='lat' dir='ltr'><strong>requiescit</strong></span> <span class='ocrx_word' id='word_1_608' title='bbox 1638 5290 1919 5359; x_wconf 79' lang='lat' dir='ltr'><strong>sapientia.</strong></span> <span class='ocrx_word' id='word_1_609' title='bbox 1959 5288 2018 5345; x_wconf 87' lang='lat' dir='ltr'><strong>In</strong></span> 
     </span>
    </p>
   </div>
   <div class='ocr_carea' id='block_1_93' title="bbox 441 5382 2016 5454">
    <p class='ocr_par' dir='ltr' id='par_1_93' title="bbox 441 5382 2016 5454">
     <span class='ocr_line' id='line_1_93' title="bbox 441 5382 2016 5454; baseline 0 -18"><span class='ocrx_word' id='word_1_610' title='bbox 441 5382 649 5449; x_wconf 88' lang='lat' dir='ltr'><strong>anima,</strong></span> <span class='ocrx_word' id='word_1_611' title='bbox 675 5398 798 5454; x_wconf 62' lang='lat' dir='ltr'><strong>quae</strong></span> <span class='ocrx_word' id='word_1_612' title='bbox 855 5383 1178 5438; x_wconf 86' lang='lat' dir='ltr'><strong>charitatem</strong></span> <span class='ocrx_word' id='word_1_613' title='bbox 1224 5383 1279 5438; x_wconf 90' lang='lat' dir='ltr'><strong>in</strong></span> <span class='ocrx_word' id='word_1_614' title='bbox 1321 5382 1490 5439; x_wconf 86' lang='lat' dir='ltr'><strong>Deum</strong></span> <span class='ocrx_word' id='word_1_615' title='bbox 1536 5393 1591 5438; x_wconf 85' lang='lat' dir='ltr'><strong>et</strong></span> <span class='ocrx_word' id='word_1_616' title='bbox 1621 5382 1675 5438; x_wconf 92' lang='lat' dir='ltr'><strong>in</strong></span> <span class='ocrx_word' id='word_1_617' title='bbox 1708 5383 2016 5452; x_wconf 87' lang='lat' dir='ltr'><strong>proximum</strong></span> 
     </span>
    </p>
   </div>
   <div class='ocr_carea' id='block_1_94' title="bbox 440 5473 2019 5545">
    <p class='ocr_par' dir='ltr' id='par_1_94' title="bbox 440 5473 2019 5545">
     <span class='ocr_line' id='line_1_94' title="bbox 440 5473 2019 5545; baseline -0.001 -16"><span class='ocrx_word' id='word_1_618' title='bbox 440 5474 710 5545; x_wconf 87' lang='lat' dir='ltr'><strong>possidet,</strong></span> <span class='ocrx_word' id='word_1_619' title='bbox 733 5489 915 5530; x_wconf 88' lang='lat' dir='ltr'><strong>rerum</strong></span> <span class='ocrx_word' id='word_1_620' title='bbox 938 5474 1250 5530; x_wconf 89' lang='lat' dir='ltr'><strong>divinarum</strong></span> <span class='ocrx_word' id='word_1_621' title='bbox 1291 5482 1347 5530; x_wconf 89' lang='lat' dir='ltr'><strong>et</strong></span> <span class='ocrx_word' id='word_1_622' title='bbox 1385 5474 1751 5529; x_wconf 88' lang='lat' dir='ltr'><strong>humanarum</strong></span> <span class='ocrx_word' id='word_1_623' title='bbox 1785 5473 2019 5530; x_wconf 87' lang='lat' dir='ltr'><strong>scientia</strong></span> 
     </span>
    </p>
   </div>
   <div class='ocr_carea' id='block_1_95' title="bbox 441 5563 2019 5634">
    <p class='ocr_par' dir='ltr' id='par_1_95' title="bbox 441 5563 2019 5634">
     <span class='ocr_line' id='line_1_95' title="bbox 441 5563 2019 5634; baseline 0 -16"><span class='ocrx_word' id='word_1_624' title='bbox 441 5564 766 5634; x_wconf 87' lang='lat' dir='ltr'><strong>requiescit:</strong></span> <span class='ocrx_word' id='word_1_625' title='bbox 833 5565 923 5619; x_wconf 91' lang='lat' dir='ltr'><strong>cui</strong></span> <span class='ocrx_word' id='word_1_626' title='bbox 975 5565 1160 5620; x_wconf 90' lang='lat' dir='ltr'><strong>obedit</strong></span> <span class='ocrx_word' id='word_1_627' title='bbox 1190 5565 1243 5618; x_wconf 90' lang='lat' dir='ltr'><strong>in</strong></span> <span class='ocrx_word' id='word_1_628' title='bbox 1304 5564 1561 5622; x_wconf 89' lang='lat' dir='ltr'><strong>omnibus</strong></span> <span class='ocrx_word' id='word_1_629' title='bbox 1609 5571 1664 5620; x_wconf 88' lang='lat' dir='ltr'><strong>et</strong></span> <span class='ocrx_word' id='word_1_630' title='bbox 1703 5563 2019 5634; x_wconf 89' lang='lat' dir='ltr'><strong>neutiquam</strong></span> 
     </span>
    </p>
   </div>
   <div class='ocr_carea' id='block_1_96' title="bbox 441 5653 2024 5726">
    <p class='ocr_par' dir='ltr' id='par_1_96' title="bbox 441 5653 2024 5726">
     <span class='ocr_line' id='line_1_96' title="bbox 441 5653 2024 5726; baseline 0.003 -21"><span class='ocrx_word' id='word_1_631' title='bbox 441 5654 760 5721; x_wconf 89' lang='lat' dir='ltr'><strong>opponitur,</strong></span> <span class='ocrx_word' id='word_1_632' title='bbox 782 5655 1109 5709; x_wconf 45' lang='lat' dir='ltr'><strong>amat&#39;enim</strong></span> <span class='ocrx_word' id='word_1_633' title='bbox 1147 5653 1339 5721; x_wconf 84' lang='lat' dir='ltr'><strong>Deum,</strong></span> <span class='ocrx_word' id='word_1_634' title='bbox 1372 5655 1528 5726; x_wconf 90' lang='lat' dir='ltr'><strong>cujus</strong></span> <span class='ocrx_word' id='word_1_635' title='bbox 1557 5670 1828 5712; x_wconf 88' lang='lat' dir='ltr'><strong>summam</strong></span> <span class='ocrx_word' id='word_1_636' title='bbox 1865 5654 2024 5710; x_wconf 81' lang='lat' dir='ltr'><strong>honi-</strong></span> 
     </span>
    </p>
   </div>
   <div class='ocr_carea' id='block_1_97' title="bbox 2118 4578 2550 4647">
    <p class='ocr_par' dir='ltr' id='par_1_97' title="bbox 2118 4578 2550 4647">
     <span class='ocr_line' id='line_1_97' title="bbox 2118 4578 2550 4647; baseline 0 -15"><span class='ocrx_word' id='word_1_637' title='bbox 2118 4578 2208 4632; x_wconf 67' lang='lat' dir='ltr'><strong>uol.</strong></span> <span class='ocrx_word' id='word_1_638' title='bbox 2236 4579 2550 4647; x_wconf 87' lang='grc' dir='ltr'>γεγόνασιν.</span> 
     </span>
    </p>
   </div>
   <div class='ocr_carea' id='block_1_98' title="bbox 2200 4701 3704 4772">
    <p class='ocr_par' dir='ltr' id='par_1_98' title="bbox 2200 4701 3704 4772">
     <span class='ocr_line' id='line_1_98' title="bbox 2200 4701 3704 4772; baseline -0.002 -13"><span class='ocrx_word' id='word_1_639' title='bbox 2200 4705 2265 4759; x_wconf 89' lang='lat'><strong>&#39;0</strong></span> <span class='ocrx_word' id='word_1_640' title='bbox 2296 4703 2367 4757; x_wconf 85' lang='grc' dir='ltr'>δὲ</span> <span class='ocrx_word' id='word_1_641' title='bbox 2400 4702 2699 4770; x_wconf 82' lang='grc' dir='ltr'>πεποιθὼς</span> <span class='ocrx_word' id='word_1_642' title='bbox 2747 4703 2848 4757; x_wconf 77' lang='grc' dir='ltr'><strong>ἐπὶ</strong></span> <span class='ocrx_word' id='word_1_643' title='bbox 2885 4704 3125 4772; x_wconf 80' lang='grc' dir='ltr'>Κύριον,</span> <span class='ocrx_word' id='word_1_644' title='bbox 3166 4701 3241 4772; x_wconf 78' lang='grc' dir='ltr'>τῇ</span> <span class='ocrx_word' id='word_1_645' title='bbox 3281 4701 3501 4757; x_wconf 79' lang='grc' dir='ltr'>ἑαυτοῦ</span> <span class='ocrx_word' id='word_1_646' title='bbox 3538 4702 3704 4757; x_wconf 77' lang='lat' dir='ltr'><strong>dend-</strong></span> 
     </span>
    </p>
   </div>
   <div class='ocr_carea' id='block_1_99' title="bbox 2116 4794 3704 4865">
    <p class='ocr_par' dir='ltr' id='par_1_99' title="bbox 2116 4794 3704 4865">
     <span class='ocr_line' id='line_1_99' title="bbox 2116 4794 3704 4865; baseline -0.003 -15"><span class='ocrx_word' id='word_1_647' title='bbox 2116 4814 2249 4864; x_wconf 84' lang='grc' dir='ltr'>τητι</span> <span class='ocrx_word' id='word_1_648' title='bbox 2280 4795 2531 4862; x_wconf 84' lang='grc' dir='ltr'>δίκαιος.</span> <span class='ocrx_word' id='word_1_649' title='bbox 2576 4794 2637 4848; x_wconf 84' lang='lat'><strong>&#39;0</strong></span> <span class='ocrx_word' id='word_1_650' title='bbox 2687 4794 2732 4848; x_wconf 88' lang='grc' dir='ltr'>δ’</span> <span class='ocrx_word' id='word_1_651' title='bbox 2776 4795 2872 4849; x_wconf 74' lang='grc' dir='ltr'>ἐπὶ</span> <span class='ocrx_word' id='word_1_652' title='bbox 2917 4794 3010 4848; x_wconf 87' lang='grc' dir='ltr'>τὸν</span> <span class='ocrx_word' id='word_1_653' title='bbox 3060 4794 3156 4849; x_wconf 83' lang='grc' dir='ltr'>τοῦ</span> <span class='ocrx_word' id='word_1_654' title='bbox 3195 4794 3397 4858; x_wconf 79' lang='grc' dir='ltr'>παντὸς</span> <span class='ocrx_word' id='word_1_655' title='bbox 3424 4796 3704 4865; x_wconf 74' lang='grc' dir='ltr'>Δεσπότην</span> 
     </span>
    </p>
   </div>
   <div class='ocr_carea' id='block_1_100' title="bbox 2121 4885 3702 4958">
    <p class='ocr_par' dir='ltr' id='par_1_100' title="bbox 2121 4885 3702 4958">
     <span class='ocr_line' id='line_1_100' title="bbox 2121 4885 3702 4958; baseline -0.004 -14"><span class='ocrx_word' id='word_1_656' title='bbox 2121 4889 2307 4951; x_wconf 81' lang='grc' dir='ltr'>πάσας</span> <span class='ocrx_word' id='word_1_657' title='bbox 2332 4885 2668 4958; x_wconf 81' lang='grc' dir='ltr'>ἀναθέμενος</span> <span class='ocrx_word' id='word_1_658' title='bbox 2702 4886 2802 4950; x_wconf 88' lang='grc' dir='ltr'><strong>τὰς</strong></span> <span class='ocrx_word' id='word_1_659' title='bbox 2838 4886 3086 4951; x_wconf 77' lang='grc' dir='ltr'>ἐλπίδας,</span> <span class='ocrx_word' id='word_1_660' title='bbox 3118 4886 3357 4958; x_wconf 84' lang='grc' dir='ltr'>ὑπάρχει</span> <span class='ocrx_word' id='word_1_661' title='bbox 3381 4885 3617 4951; x_wconf 82' lang='grc' dir='ltr'>δίκαιος,</span> <span class='ocrx_word' id='word_1_662' title='bbox 3641 4889 3702 4956; x_wconf 80' lang='grc' dir='ltr'>τῇ</span> 
     </span>
    </p>
   </div>
   <div class='ocr_carea' id='block_1_101' title="bbox 2121 4977 3705 5051">
    <p class='ocr_par' dir='ltr' id='par_1_101' title="bbox 2121 4977 3705 5051">
     <span class='ocr_line' id='line_1_101' title="bbox 2121 4977 3705 5051; baseline -0.003 -15"><span class='ocrx_word' id='word_1_663' title='bbox 2121 4979 2319 5036; x_wconf 78' lang='grc' dir='ltr'>ἑαυτοῦ</span> <span class='ocrx_word' id='word_1_664' title='bbox 2367 4979 2504 5050; x_wconf 82' lang='grc' dir='ltr'>πρὸς</span> <span class='ocrx_word' id='word_1_665' title='bbox 2538 4980 2744 5049; x_wconf 81' lang='grc' dir='ltr'>Κύριον</span> <span class='ocrx_word' id='word_1_666' title='bbox 2775 4977 3097 5051; x_wconf 84' lang='grc' dir='ltr'>τελειότητι,</span> <span class='ocrx_word' id='word_1_667' title='bbox 3135 4979 3231 5033; x_wconf 80' lang='grc' dir='ltr'>καὶ</span> <span class='ocrx_word' id='word_1_668' title='bbox 3263 4978 3365 5032; x_wconf 84' lang='grc' dir='ltr'>οὐκ</span> <span class='ocrx_word' id='word_1_669' title='bbox 3398 4977 3705 5051; x_wconf 78' lang='grc' dir='ltr'>ἀλλοτρίοις</span> 
     </span>
    </p>
   </div>
   <div class='ocr_carea' id='block_1_102' title="bbox 2118 5069 3704 5145">
    <p class='ocr_par' dir='ltr' id='par_1_102' title="bbox 2118 5069 3704 5145">
     <span class='ocr_line' id='line_1_102' title="bbox 2118 5069 3704 5145; baseline -0.003 -18"><span class='ocrx_word' id='word_1_670' title='bbox 2118 5073 2302 5145; x_wconf 75' lang='grc' dir='ltr'>ἔργοις</span> <span class='ocrx_word' id='word_1_671' title='bbox 2341 5072 2436 5126; x_wconf 78' lang='grc' dir='ltr'>καὶ</span> <span class='ocrx_word' id='word_1_672' title='bbox 2466 5071 2917 5143; x_wconf 84' lang='grc' dir='ltr'>κατορθώμασιν·</span> <span class='ocrx_word' id='word_1_673' title='bbox 2955 5071 3017 5138; x_wconf 82' lang='grc' dir='ltr'>ἐξ</span> <span class='ocrx_word' id='word_1_674' title='bbox 3048 5071 3197 5127; x_wconf 78' lang='grc' dir='ltr'>ἰδίων</span> <span class='ocrx_word' id='word_1_675' title='bbox 3227 5069 3336 5143; x_wconf 84' lang='grc' dir='ltr'><strong>γάρ</strong></span> <span class='ocrx_word' id='word_1_676' title='bbox 3371 5069 3704 5142; x_wconf 66' lang='lat' dir='ltr'><strong>stovquth</strong></span> 
     </span>
    </p>
   </div>
   <div class='ocr_carea' id='block_1_103' title="bbox 2119 5162 3075 5235">
    <p class='ocr_par' dir='ltr' id='par_1_103' title="bbox 2119 5162 3075 5235">
     <span class='ocr_line' id='line_1_103' title="bbox 2119 5162 3075 5235; baseline -0.001 -17"><span class='ocrx_word' id='word_1_677' title='bbox 2119 5164 2286 5235; x_wconf 81' lang='grc' dir='ltr'>τιμᾷν</span> <span class='ocrx_word' id='word_1_678' title='bbox 2318 5163 2411 5217; x_wconf 83' lang='grc' dir='ltr'>τὸν</span> <span class='ocrx_word' id='word_1_679' title='bbox 2437 5162 2642 5235; x_wconf 86' lang='grc' dir='ltr'>Κύριον</span> <span class='ocrx_word' id='word_1_680' title='bbox 2673 5163 3075 5235; x_wconf 85' lang='grc' dir='ltr'>ἀπαιτούμεθα.</span> 
     </span>
    </p>
   </div>
   <div class='ocr_carea' id='block_1_104' title="bbox 2190 5289 3702 5360">
    <p class='ocr_par' dir='ltr' id='par_1_104' title="bbox 2190 5289 3702 5360">
     <span class='ocr_line' id='line_1_104' title="bbox 2190 5289 3702 5360; baseline -0.002 -16"><span class='ocrx_word' id='word_1_681' title='bbox 2190 5290 2294 5358; x_wconf 85' lang='grc' dir='ltr'>λγ’.</span> <span class='ocrx_word' id='word_1_682' title='bbox 2339 5293 2443 5345; x_wconf 82' lang='grc' dir='ltr'>Ἐν</span> <span class='ocrx_word' id='word_1_683' title='bbox 2476 5289 2692 5359; x_wconf 79' lang='grc' dir='ltr'>καρδίᾳ</span> <span class='ocrx_word' id='word_1_684' title='bbox 2735 5289 2932 5360; x_wconf 72' lang='grc' dir='ltr'>ἀγαθσῇ</span> <span class='ocrx_word' id='word_1_685' title='bbox 2966 5291 3339 5346; x_wconf 80' lang='grc' dir='ltr'>ἀναπαύεται</span> <span class='ocrx_word' id='word_1_686' title='bbox 3359 5291 3572 5360; x_wconf 75' lang='grc' dir='ltr'>σοφία.</span> <span class='ocrx_word' id='word_1_687' title='bbox 3617 5291 3702 5344; x_wconf 81' lang='grc' dir='ltr'>Ἐν</span> 
     </span>
    </p>
   </div>
   <div class='ocr_carea' id='block_1_105' title="bbox 2119 5379 3700 5453">
    <p class='ocr_par' dir='ltr' id='par_1_105' title="bbox 2119 5379 3700 5453">
     <span class='ocr_line' id='line_1_105' title="bbox 2119 5379 3700 5453; baseline 0.001 -19"><span class='ocrx_word' id='word_1_688' title='bbox 2119 5380 2265 5453; x_wconf 76' lang='grc' dir='ltr'><strong>ψυχῇ</strong></span> <span class='ocrx_word' id='word_1_689' title='bbox 2298 5381 2614 5452; x_wconf 82' lang='grc' dir='ltr'>κεκτημένῃ</span> <span class='ocrx_word' id='word_1_690' title='bbox 2646 5381 2747 5449; x_wconf 81' lang='grc' dir='ltr'>τὴν</span> <span class='ocrx_word' id='word_1_691' title='bbox 2781 5382 2860 5444; x_wconf 79' lang='grc' dir='ltr'><strong>είς</strong></span> <span class='ocrx_word' id='word_1_692' title='bbox 2894 5380 3027 5434; x_wconf 81' lang='grc' dir='ltr'><strong>Θεὸν</strong></span> <span class='ocrx_word' id='word_1_693' title='bbox 3063 5382 3158 5435; x_wconf 74' lang='grc' dir='ltr'>καὶ</span> <span class='ocrx_word' id='word_1_694' title='bbox 3190 5379 3289 5452; x_wconf 79' lang='grc' dir='ltr'>τὴν</span> <span class='ocrx_word' id='word_1_695' title='bbox 3318 5380 3546 5452; x_wconf 85' lang='grc' dir='ltr'>πλησίον</span> <span class='ocrx_word' id='word_1_696' title='bbox 3568 5382 3700 5450; x_wconf 82' lang='grc' dir='ltr'>ἀγά-</span> 
     </span>
    </p>
   </div>
   <div class='ocr_carea' id='block_1_106' title="bbox 2122 5465 3701 5547">
    <p class='ocr_par' dir='ltr' id='par_1_106' title="bbox 2122 5465 3701 5547">
     <span class='ocr_line' id='line_1_106' title="bbox 2122 5465 3701 5547; baseline -0.001 -20"><span class='ocrx_word' id='word_1_697' title='bbox 2122 5465 2254 5545; x_wconf 86' lang='grc' dir='ltr'>πην,</span> <span class='ocrx_word' id='word_1_698' title='bbox 2287 5475 2321 5547; x_wconf 83' lang='grc' dir='ltr'><strong>ή</strong></span> <span class='ocrx_word' id='word_1_699' title='bbox 2349 5473 2460 5528; x_wconf 89' lang='grc' dir='ltr'><strong>τῶν</strong></span> <span class='ocrx_word' id='word_1_700' title='bbox 2508 5473 2671 5528; x_wconf 86' lang='grc' dir='ltr'>θείων</span> <span class='ocrx_word' id='word_1_701' title='bbox 2700 5473 2795 5528; x_wconf 74' lang='grc' dir='ltr'>καὶ</span> <span class='ocrx_word' id='word_1_702' title='bbox 2829 5472 2940 5527; x_wconf 88' lang='grc' dir='ltr'><strong>τῶν</strong></span> <span class='ocrx_word' id='word_1_703' title='bbox 2971 5472 3332 5544; x_wconf 78' lang='grc' dir='ltr'>ἀνθρωπίνων</span> <span class='ocrx_word' id='word_1_704' title='bbox 3361 5475 3701 5545; x_wconf 80' lang='grc' dir='ltr'>πραγμάτων</span> 
     </span>
    </p>
   </div>
   <div class='ocr_carea' id='block_1_107' title="bbox 2124 5564 3701 5637">
    <p class='ocr_par' dir='ltr' id='par_1_107' title="bbox 2124 5564 3701 5637">
     <span class='ocr_line' id='line_1_107' title="bbox 2124 5564 3701 5637; baseline -0.003 -16"><span class='ocrx_word' id='word_1_705' title='bbox 2124 5565 2407 5637; x_wconf 80' lang='grc' dir='ltr'>ἐπιστήμη</span> <span class='ocrx_word' id='word_1_706' title='bbox 2464 5565 2912 5620; x_wconf 80' lang='grc' dir='ltr'>ἐπαναπαύεται’</span> <span class='ocrx_word' id='word_1_707' title='bbox 2972 5565 3143 5635; x_wconf 80' lang='grc' dir='ltr'>ταύτῃ</span> <span class='ocrx_word' id='word_1_708' title='bbox 3212 5564 3589 5637; x_wconf 75' lang='grc' dir='ltr'>πειθαρχοῦσα</span> <span class='ocrx_word' id='word_1_709' title='bbox 3646 5567 3701 5617; x_wconf 85' lang='grc' dir='ltr'><strong>ἐν</strong></span> 
     </span>
    </p>
   </div>
   <div class='ocr_carea' id='block_1_108' title="bbox 2125 5652 3698 5726">
    <p class='ocr_par' dir='ltr' id='par_1_108' title="bbox 2125 5652 3698 5726">
     <span class='ocr_line' id='line_1_108' title="bbox 2125 5652 3698 5726; baseline -0.002 -17"><span class='ocrx_word' id='word_1_710' title='bbox 2125 5655 2321 5724; x_wconf 78' lang='grc' dir='ltr'>ἅπασι,</span> <span class='ocrx_word' id='word_1_711' title='bbox 2357 5657 2451 5709; x_wconf 69' lang='grc' dir='ltr'>καὶ</span> <span class='ocrx_word' id='word_1_712' title='bbox 2498 5656 2622 5726; x_wconf 77' lang='grc' dir='ltr'>μηδ’</span> <span class='ocrx_word' id='word_1_713' title='bbox 2649 5652 2902 5709; x_wconf 79' lang='grc' dir='ltr'>ὁπωσοῦν</span> <span class='ocrx_word' id='word_1_714' title='bbox 2946 5654 3300 5725; x_wconf 81' lang='grc' dir='ltr'>ἀντικειμένη</span> <span class='ocrx_word' id='word_1_715' title='bbox 3325 5671 3339 5686; x_wconf 90' lang='grc'><strong>·</strong></span> <span class='ocrx_word' id='word_1_716' title='bbox 3374 5654 3567 5726; x_wconf 81' lang='grc' dir='ltr'>ἀγαπᾷ</span> <span class='ocrx_word' id='word_1_717' title='bbox 3597 5653 3698 5722; x_wconf 81' lang='grc' dir='ltr'>γὰρ</span> 
     </span>
    </p>
   </div>
   <div class='ocr_carea' id='block_1_109' title="bbox 450 5742 2003 5821">
    <p class='ocr_par' dir='ltr' id='par_1_109' title="bbox 450 5746 2003 5821">
     <span class='ocr_line' id='line_1_109' title="bbox 450 5746 2003 5821; baseline 0.001 -21"><span class='ocrx_word' id='word_1_718' title='bbox 450 5755 614 5800; x_wconf 82' lang='lat' dir='ltr'><strong>tatem</strong></span> <span class='ocrx_word' id='word_1_719' title='bbox 642 5746 889 5815; x_wconf 80' lang='lat' dir='ltr'><strong>agnoscit</strong></span> <span class='ocrx_word' id='word_1_720' title='bbox 919 5756 971 5803; x_wconf 89' lang='lat' dir='ltr'><strong>et</strong></span> <span class='ocrx_word' id='word_1_721' title='bbox 999 5747 1444 5819; x_wconf 84' lang='lat' dir='ltr'><strong>omnipotentiam</strong></span> <span class='ocrx_word' id='word_1_722' title='bbox 1475 5765 1492 5820; x_wconf 69' lang='grc' dir='ltr'><strong>ς</strong></span> <span class='ocrx_word' id='word_1_723' title='bbox 1526 5748 1776 5807; x_wconf 84' lang='lat' dir='ltr'><strong>homines</strong></span> <span class='ocrx_word' id='word_1_724' title='bbox 1805 5764 2003 5821; x_wconf 80' lang='lat' dir='ltr'><strong>quoqm</strong></span> 
     </span>
    </p>
   </div>
   <div class='ocr_carea' id='block_1_110' title="bbox 2126 5742 3699 5821">
    <p class='ocr_par' dir='ltr' id='par_1_110' title="bbox 2126 5742 3699 5818">
     <span class='ocr_line' id='line_1_110' title="bbox 2126 5742 3699 5818; baseline -0.005 -15"><span class='ocrx_word' id='word_1_725' title='bbox 2126 5748 2282 5817; x_wconf 79' lang='grc' dir='ltr'>Θεὸν,</span> <span class='ocrx_word' id='word_1_726' title='bbox 2334 5747 2394 5801; x_wconf 82' lang='grc' dir='ltr'>τὸ</span> <span class='ocrx_word' id='word_1_727' title='bbox 2448 5746 2757 5818; x_wconf 80' lang='grc' dir='ltr'>πανάγαθον</span> <span class='ocrx_word' id='word_1_728' title='bbox 2811 5745 2976 5802; x_wconf 78' lang='grc' dir='ltr'>αὐτοῦ</span> <span class='ocrx_word' id='word_1_729' title='bbox 3028 5746 3460 5816; x_wconf 79' lang='grc' dir='ltr'>ἐπιγινώσκονσα</span> <span class='ocrx_word' id='word_1_730' title='bbox 3492 5744 3600 5798; x_wconf 76' lang='grc' dir='ltr'>ικαὶ</span> <span class='ocrx_word' id='word_1_731' title='bbox 3645 5742 3699 5794; x_wconf 76' lang='grc' dir='ltr'>τὸ</span> 
     </span>
    </p>
   </div>
  </div>
