3958 6202
317 227 454 291 1369

1434 230 1966 292 COMMENTARII
2006 230 2091 292 IN
2122 232 2572 297 ΡιιονΕΙϊΒΙΑ.

3431 235 3569 302 1370

313 337 722 409 παντοδύναμον
741 352 756 368 ·
805 338 901 392 καὶ
931 338 1125 409 ἀγαπᾷ
1155 337 1501 410 ἀνθρώπους,
1532 342 1592 395 τὸ
1623 339 1882 410 συγγενὲς

2010 348 2159 407 imat,
2192 357 2333 413 quos
2373 344 2477 399 sibi
2509 344 2835 414 congenitos
2869 347 2994 409 scit,
3027 354 3082 400 et
3113 325 3410 399 humanam
3455 360 3566 398 non

309 431 502 491 εἰδυῖα.
535 431 630 483 καὶ⁵
657 432 755 500 τὴν
778 428 1137 501 ἀνθρωπίνην
1158 430 1232 502 μὴ
1257 431 1531 499 ἀγνοοῦσα
1563 432 1849 486 ἀσθένειαν
1869 448 1885 464 ο

310 522 404 575 καὶ
448 521 538 575 διὰ
578 521 736 574 τοῦτο
772 521 909 592 πρὸς
937 523 1065 586 τοὺς
1092 526 1353 595 ὁμοφυεῖς
1393 524 1732 593 ἀνεξικάκως
1772 525 1890 580 δια-

310 612 541 684 κειμένη
569 612 665 666 καὶ
696 612 1020 684 συμπαθῶς.

392 720 498 794 Ἐν
518 738 586 792 δὲ
618 739 830 807 καρδίᾳ
856 739 1135 809 ἀφρόνων
1174 743 1246 796 οὐ
1278 740 1752 813 διαγινώσκεται.
1800 742 1888 794 Ἐν

311 830 371 884 δὲ
428 832 498 901 τῇ
552 830 678 896 τῶν,
717 830 926 898 ἀλόγως
980 832 1412 902 πολιτευομένων
1455 832 1625 904 ψυχῇ,
1692 833 1797 886 κᾶν
1850 834 1883 903 ή

311 920 535 994 τοιαύτη
584 921 866 991 ἐπιστήμη
896 921 1123 992 δυνάμει
1164 924 1336 988 ἐστὶν,
1379 923 1497 979 ἀλλ’
1537 919 1632 978 οὖν
1668 925 1886 992 ἀγνοεῖν

311 1030 425 1078 ται,
448 1013 571 1066 ἐπεὶ
610 1013 685 1084 μὴ
714 1012 1069 1084 προδέδηκαν
1106 1015 1187 1078 είς
1225 1015 1541 1086 ἐνέργειανο
1580 1014 1886 1086 φανέρωσις

311 1103 418 1174 γάρ
435 1104 552 1156 ἐστι
574 1106 674 1176 τῆς
693 1104 977 1176 δυνάμεως
997 1106 1032 1177 ὴ
1053 1105 1306 1178 ἐνέργεια
1331 1150 1346 1174 ,
1372 1106 1562 1177 ὥσπερ
1579 1106 1676 1177 τῆς
1698 1105 1886 1170 οὐσίας

311 1195 345 1265 ἡ
365 1193 613 1264 δύναμις.

380 1335 473 1389 λδν.
501 1337 865 1406 Δικαιοσύνη
881 1336 1039 1406 bibo?
1059 1337 1254 1404 ἔθνος.
1299 1338 1361 1390 Ἦ
1390 1337 1531 1391 κατά
1555 1335 1791 1407 Χριστὸν
1809 1335 1889 1388 δι-

310 1426 571 1497 καιοσύνη
606 1427 816 1495 δοξάζει
843 1428 906 1481 τὸ
937 1427 1236 1483 πιστεῦσαν
1260 1430 1340 1492 εις
1362 1428 1525 1483 αὐτὸν
1544 1428 1698 1496 ἅγιον
1714 1427 1885 1499 ἑθνοςή

258 1558 262 1563 .
309 1518 369 1569 ὲν
386 1516 494 1587 γὰρ
520 1519 687 1572 παντὶ
714 1518 856 1576 ἔθνει
904 1522 934 1574 6
963 1519 1332 1592 ἐργαζόμενος
1362 1521 1423 1574 τὸ
1450 1519 1653 1589 ἀγαθὸν
1699 1517 1889 1581 δεκτὸς

309 1607 458 1680 αὐτῷ
484 1610 656 1665 ἐστιν.

394 1735 848 1793 Ἕλασσονοῦσι
897 1737 967 1792 δὲ
1005 1738 1207 1808 φυλὰς
1252 1699 1550 1809 ἁμαρτίαι.
1593 1738 1886 1792 ’Υποδιϐά-

309 1826 461 1890 ζουσι
506 1829 563 1882 δὲ
602 1829 704 1894 τάς
740 1827 1141 1901 ἰσραηλιτικάς
1172 1831 1343 1901 φυλὰς
1371 1832 1427 1885 ai
1458 1829 1793 1902 παρανομίαι
1820 1830 1889 1894 ἀς

307 1922 632 1992 εἰργάσαντο
661 1923 745 1995 εἰς
773 1922 1030 1994 Χριστόν.

261 2053 264 2056 ’
377 2047 470 2102 λε’.
503 2050 719 2114 Δεκτὸς
743 2049 1018 2115 βασιλεῖ,
1046 2050 1350 2119 ὑπηρέτης
1376 2051 1638 2120 νοήμων.
1673 2048 1886 2103 Εὐαπό-

305 2139 491 2204 δεκτος
512 2139 591 2211 τῷ
616 2140 951 2211 παμϐασιλεῖ
977 2143 1071 2195 καὶ⁹
1095 2141 1206 2196 τῶν
1255 2143 1393 2197 ὅλων
1418 2142 1538 2214 Θεῷ
1558 2144 1587 2196 ὁ
1610 2140 1763 2205 είδὼς
1788 2139 1886 2193 αὖ·

306 2231 401 2285 τοῦ
425 2233 488 2286 τδ
511 2232 721 2304 θέλημα
752 2233 849 2288 καὶ
878 2235 1068 2289 ποιῶν.

385 2380 466 2450 Τῇ
496 2380 564 2434 δὲ
596 2381 815 2437 ἑαυτοῦ
865 2383 1194 2453 εὐστροφίᾳ
1249 2381 1580 2451 ἀφαιρεῖται
1624 2380 1882 2448 ἀτιμίαν.

309 2466 480 2537 Οὗτος
500 2472 577 2537 δὲ,
602 2473 703 2528 κάν
724 2488 778 2526 τι
805 2473 870 2527 ὲκ
896 2473 1249 2546 ωναρπαγῆς
1277 2473 1471 2542 ἄτιμον
1497 2470 1880 2542 διαπράξηται.

309 2566 375 2636 τῇ
410 2563 607 2636 ταχείᾳ
628 2565 944 2635 ’ἐπιστροφῇ
977 2563 1285 2636 διορθοῦται
1315 2563 1467 2629 αὐτὸ,
1496 2562 1594 2618 καὶ
1627 2561 1728 2633 τῆς
1764 2560 1883 2615 ἀτι-

313 2655 441 2727 μίας
465 2655 656 2710 ἑαυτὸν
687 2654 1040 2712 ἀπαλλάττει.
1836 2669 1845 2678 '

902 2826 1156 2879 ΚΕΦΔΛ.
1191 2824 1290 2879 IE'.
1391 2881 1405 2897 γ

380 2958 448 3014 α’.
497 2958 673 3031 Ὀργὴ
716 2960 1029 3015 ἀπόλλυσι
1063 2960 1161 3015 καὶ
1193 2960 1544 3030 φρονίμους.
1576 2960 1671 3023 Εἰς
1710 2960 1879 3031 θυμδν

1991 433 2206 503 ignorat
2230 433 2579 505 fragilitatem
2607 451 2622 500 ;
2655 443 2945 505 propterea
2988 437 3285 491 toleranter
3311 444 3367 491 et
3406 450 3559 505 synt-

1991 521 2206 589 pathiee
2225 520 2493 592 disposita
2515 530 2599 578 est
2629 538 2759 595 erga
2786 538 2920 580 suos
2952 523 3325 579 consociatos.

2065 734 2128 791 In
2162 736 2319 792 corde
2373 739 2663 793 amentium
2709 755 2814 794 non
2864 738 3221 808 diiudicatur.
3272 736 3328 791 In
3385 737 3566 793 anima

1991 828 2297 892 hominum,
2346 830 2801 886 irrationabiliter
2845 829 3319 894 conversantium,
3357 830 3459 886 etsi
3510 830 3564 883 in
3643 846 3650 853 '

1988 922 2231 991 potentia
2265 921 2391 977 talis
2419 920 2640 977 adesset
2668 922 2926 987 scientia,
2958 929 3204 979 attamen
3230 936 3338 976 non
3364 920 3566 990 digno-

1988 1013 2184 1080 scitur,
2203 1014 2330 1082 quia
2362 1012 2426 1066 ad
2463 1014 2837 1084 operationem
2901 1029 3010 1068 non
3077 1013 3351 1084 procedit.
3388 1012 3566 1067 Mani-

1991 1104 2205 1161 festatio
2230 1105 2374 1159 enim
2418 1105 2674 1175 potentiae
2700 1113 2783 1160 est
2805 1105 3051 1175 operatio
3073 1107 3220 1161 sicut
3250 1115 3302 1159 et
3325 1105 3568 1174 potentia

1987 1205 2072 1253 est
2103 1195 2472 1252 manifestatio
2506 1196 2858 1252 exsistentize.

2067 1340 2229 1397 Vens.
2260 1341 2331 1396 54
2395 1340 2623 1396 Iustitia
2654 1343 2824 1396 elevat
2854 1352 3081 1411 gentem.
3110 1340 3244 1406 Quae
3264 1338 3567 1395 secundum

1986 1435 2266 1491 Christum
2300 1443 2386 1490 est
2407 1434 2646 1504 justitia,
2666 1434 3053 1490 credentemin
3081 1434 3262 1497 illum,
3293 1431 3568 1503 glorificat

1987 1532 2201 1596 gentem
2259 1533 2523 1579 sanctam.
2565 1523 2623 1577 In
2671 1523 2822 1579 omni
2864 1523 3011 1578 enim
3065 1531 3245 1593 gente,
3301 1521 3395 1590 qui
3438 1520 3570 1575 lacit

1988 1614 2213 1679 bonum,
2242 1612 2464 1669 Christo
2502 1622 2585 1669 est
2602 1622 2884 1682 acceptus.

2064 1741 2300 1796 Peccatis
2344 1749 2520 1794 autem
2565 1740 2732 1795 tribus
2771 1742 3104 1794 minuuntur.
3143 1738 3369 1804 Quasin
3398 1736 3557 1792 Chri-

1992 1843 2135 1887 stum
2182 1832 2455 1886 admisere
2522 1830 2861 1900 iniquitates,
2896 1831 2981 1884 ha:
3014 1829 3342 1885 israeliticas
3388 1826 3567 1882 tribus

1993 1923 2307 1979 detrahunt.

2056 2049 2339 2106 Vens.35.
2369 2050 2621 2118 Acceptus
2662 2058 2740 2104 est
2786 2050 2896 2119 regi
2938 2049 3180 2102 minister
3242 2045 3563 2115 intelligens.

1991 2139 2217 2195 Multum
2270 2152 2528 2209 acceptus
2569 2147 2675 2205 est,
2706 2153 2885 2192 rerum
2943 2146 3266 2191 cunctarum
3344 2134 3477 2205 Regi
3512 2144 3567 2187 et

1991 2231 2124 2295 Deo,
2148 2230 2244 2300 qui
2272 2231 2488 2284 noverit
2505 2230 2626 2299 ejus
2664 2228 3003 2290 voluntatem
3029 2235 3084 2281 et
3105 2225 3317 2280 fecerit.

2061 2376 2166 2444 Qui
2199 2375 2496 2430 tractabilis
2531 2384 2609 2430 est
2641 2391 2793 2429 suam
2834 2374 3175 2446 ignominiam
3216 2374 3425 2428 adimit.
3458 2370 3567 2427 Ta-

1988 2465 2057 2521 lis
2076 2466 2244 2528 enim,
2271 2465 2372 2520 etsi
2405 2465 2536 2535 quid
2596 2465 2870 2519 inhonesti
2904 2480 2968 2519 ex
3009 2464 3305 2535 fragilitate
3346 2473 3565 2519 contra-

1989 2559 2153 2620 xerit,
2203 2558 2305 2613 hoc
2332 2565 2585 2628 prompta
2612 2557 2975 2634 conversione
3024 2564 3243 2628 reparat
3273 2566 3327 2612 et
3374 2570 3497 2612 sese
3526 2569 3557 2609 a

1989 2650 2208 2722 probris
2243 2649 2482 2706 redimit.

2619 2817 2771 2871 CAP.
2806 2815 2925 2873 XV.

2060 2953 2222 3009 Vens.
2255 2953 2306 3007 l.
2335 2950 2428 3006 Ira
2481 2952 2650 3021 perdit
2685 2961 2733 3006 et
2761 2952 3118 3023 intelligentes.
3150 2952 3285 3007 Cum
3335 2953 3387 3007 in
3425 2953 3547 3007 ani-

308 3049 483 3120 ἀρχὴν
505 3023 698 3119 Excute
728 3049 865 3120 πρὸς
892 3023 1209 3121 ἐνέργειαν,
1278 3023 1425 3104 ἐστιν
1449 3023 1611 3122 ὀργὴ,
1642 3023 1882 3121 κινηὸένι

2010 3064 2107 3103 nos
2159 3049 2238 3118 (in
2267 3046 2399 3102 illud
2432 3048 2773 3117 Operationis
2793 3048 3305 3119 principium,quod
3326 3049 3405 3103 ira
3429 3049 3559 3117 est),

308 3157 399 3203 τες
429 3141 524 3195 καὶ
555 3143 847 3211 νουνεχεῖς,
878 3142 1109 3213 κινδύνῳ
1128 3140 1345 3212 ψυχικῷ
1364 3158 1422 3195 τε
1453 3142 1571 3213 ἅμα
1599 3142 1880 3209 πολλάκις,

308 3231 401 3285 καὶ⁵
433 3231 730 3303 σωματικῷ
776 3233 1236 3304 περιπίπτουσινο
1278 3231 1377 3287 ἐὰν
1421 3232 1477 3286 δὲ
1521 3222 1672 3289 οῦτοι
1716 3234 1880 3300 οὕτω,

310 3320 459 3392 πόσῳ
486 3338 551 3390 γε
584 3321 786 3392 μᾶλλον
814 3322 1048 3392 ἄφρονες
1071 3341 1085 3390 ;

390 3446 734 3513 Ἀπόκρισις
753 3444 819 3498 δὲ
844 3446 1272 3500 ὐποπίπτουσα
1294 3444 1654 3514 ἀποστρέφει
1672 3444 1880 3514 θυμόν.

319 3536 613 3604 ’Δπολογία
652 3536 709 3589 δὲ
748 3535 1169 3605 ῦποκλινομὲνη,
1202 3536 1298 3589 καὶ
1348 3539 1423 3608 μὴ
1456 3536 1880 3600 ἀντιπίπτουσα,

309 3625 481 3695 θυμὸν
509 3625 928 3696 καταμαλάσσει
962 3626 1056 3679 καὶ
1083 3628 1303 3696 ἡμεροῖ.

381 3751 571 3819 Λόγος
630 3748 700 3803 δὲ
752 3749 1021 3817 σκληρὸς
1068 3749 1279 3818 ἐγείρει
1328 3748 1527 3818 ὀργάς.
1598 3749 1775 3820 Ῥῆμα
1824 3747 1882 3801 δὲ

308 3844 505 3914 τραχὺ,
535 3841 791 3912 πλῆττον,
817 3842 897 3905 είς
926 3841 1098 3912 ὀργὰς
1128 3842 1437 3897 ὐπανάπτει
1470 3840 1661 3911 θυμόν.

378 3969 646 4025 Γλῶσσα
703 3970 912 4039 σοφῶν
990 3970 1151 4025 καλὰ
1206 3968 1543 4025 ἐπίσταται.
1609 3968 1672 4022 ΟΞ
1728 3967 1881 4035 σοφοὶ

307 4058 489 4127 ἀγαθά
508 4060 684 4115 οἴδασι
709 4060 1043 4129 φθέγγεσθαι
1066 4061 1161 4115 καὶ
1178 4058 1496 4128 οῖκωφελεῖν
1520 4059 1645 4122 τοὺς
1668 4057 1884 4112 ἀκούον-

307 4165 426 4208 τας.

378 4274 572 4342 Στόμα
589 4275 657 4327 δὲ
682 4276 962 4343 ἀφρόνων
983 4274 1339 4346 ἀναγγέλλει
1363 4274 1537 4329 κακά.
1563 4276 1624 4329 ΟΞ
1645 4273 1702 4329 δὲ
1724 4274 1883 4345 ἀνόη-

1982 3150 2037 3197 et
2066 3141 2169 3212 ipsi
2203 3147 2382 3195 mente
2411 3140 2697 3205 callentes,
2727 3154 2894 3211 quam
2940 3141 3239 3212 saepissime
3258 3140 3558 3211 periculum

1982 3233 2181 3288 anima:
2235 3230 2398 3287 simul
2429 3239 2483 3285 et
2521 3231 2772 3300 corporis
2823 3230 3105 3298 subeunt;
3137 3230 3181 3285 si
3214 3229 3282 3285 de
3339 3228 3424 3284 his
3459 3231 3556 3295 ita,

1981 3331 2189 3396 quanto
2215 3323 2388 3392 magis
2414 3321 2482 3376 de
2509 3323 2828 3378 amentibus
2861 3322 2885 3377 ἲ

2052 3450 2340 3518 Respmisio
2370 3450 2684 3504 submissior
2703 3452 2847 3506 sedet
2874 3452 3132 3505 animum.
3152 3448 3255 3517 Qui
3293 3463 3556 3519 responsa

1981 3541 2183 3595 blanda
2244 3542 2497 3597 refertct
2536 3558 2644 3595 non
2701 3542 3119 3612 perfractantia,
3183 3544 3384 3596 mulcet
3441 3542 3555 3595 ani.

1984 3647 2133 3685 mutu
2165 3638 2220 3685 et
2245 3631 2449 3700 placat.

2051 3755 2237 3812 Sermo
2268 3756 2434 3809 durus
2458 3756 2657 3808 excitat
2682 3754 2840 3807 iram.
2863 3752 3099 3808 Verbum
3128 3765 3406 3825 asperum,
3428 3767 3556 3821 pun-

1981 3864 2136 3922 gens,
2172 3845 2417 3904 incendit
2456 3846 2669 3900 animos
2698 3844 2767 3899 ad
2806 3844 2964 3900 iram.

2050 3976 2216 4031 Vens.
2253 3975 2310 4029 2.
2352 3973 2560 4045 Lingua
2602 3973 2917 4042 sapientium
2964 3969 3184 4038 pulchra
3236 3965 3430 4021 nnsrit.
3460 3964 3559 4019 Sa-

1983 4068 2196 4139 pientes
2229 4065 2374 4121 bona
2402 4065 2584 4120 sciunt
2612 4060 2859 4133 proferre
2888 4068 2942 4115 et
2979 4056 3329 4113 audientibus
3380 4055 3557 4111 inser-

1981 4162 2120 4217 vire.

2056 4286 2129 4344 Os
2173 4286 2460 4340 amentium
2522 4282 2734 4337 nuntiat
2804 4278 2969 4333 mala.
3023 4276 3217 4332 Stolidi
3284 4272 3555 4328 contraria

305 4380 387 4418 τοι
433 4362 502 4416 τὰ
558 4365 775 4418 ἐναντία
848 4366 1124 4429 λαλοῦσιν,
1184 4367 1249 4419 ἐκ
1300 4365 1737 4435 περισσεύματος
1780 4360 1881 4435 τῆς

2010 4379 2274 4435 »τοΐεηιιιν
2334 4392 2400 4432 ex
2456 4372 2792 4431 abundantia
2847 4370 3054 4434 cordis,
3110 4377 3163 4425 et
3212 4363 3555 4421 audientibus

308 4454 557 4524 καρδίας,
586 4458 678 4509 καὶ
707 4456 834 4520 τοὺς
864 4457 1068 4511 τούτων
1106 4458 1492 4529 ἀκροωμένους
1526 4455 1876 4526 βλάπτουσιν.

376 4588 445 4650 γ’.
483 4581 580 4634 Ἐν
594 4573 773 4636 παντὶ
796 4584 956 4649 τόπῳ
984 4584 1277 4654 ὀφθαλμοὶ
1299 4584 1521 4652 Κυρίου
1548 4584 1883 4638 σκοπεύου-

306 4688 409 4727 σιν
463 4672 725 4741 ἀγαθούς
775 4690 838 4728 τε
886 4674 985 4728 καὶ
1036 4676 1278 4741 κακούς.
1328 4675 1415 4729 Ἐν
1453 4674 1606 4748 πάσῃ
1645 4677 1711 4746 τῇ
1742 4677 1811 4745 γῇ
1854 4676 1882 4727 ὁ

305 4763 413 4814 τῶν
441 4762 576 4817 ὅλων
604 4764 881 4834 Δεσπότης
910 4766 1215 4819 ἐπισκοπεῖο
1240 4768 1366 4831 τούς
1406 4754 1465 4820 τε
1485 4766 1591 4828 τῶν
1634 4765 1882 4835 παναγά-

307 4854 414 4907 θων
467 4854 633 4908 αὑτοῦ
682 4855 915 4909 ἐντολῶν
955 4857 1271 4929 πληρωτὰς,
1312 4859 1408 4912 καὶ
1451 4859 1578 4923 τοὺς
1621 4860 1882 4913 τάναντία

305 4946 507 5001 τούτων
532 4947 932 5019 ἐργαζομένους
955 4964 972 4982 ’
1001 4950 1095 5003 καὶ
1117 4950 1293 5013 οὐδεὶς
1314 4950 1405 5003 τὸν
1428 4951 1768 5023 παντέφορον
1785 4952 1881 5004 αὐ-

305 5035 401 5089 τοῦ
438 5036 660 5106 λέληθεν
704 5036 980 5106 ὀφθαλμόν
1002 5055 1016 5070 ·
1050 5039 1131 5092 διὸ
1166 5056 1544 5110 φρ.ττετωσαν
1571 5042 1670 5111 μὲν
1695 5043 1881 5114 ἀμαρ-

307 5127 577 5193 τάνοντες,
609 5129 887 5193 εὐέλπιδες
913 5129 956 5183 δ’
990 5131 1209 5202 ητωσαν
1252 5132 1737 5205 ἀγαθοεργοῦντες.

376 5255 440 5310 δ’.
474 5256 669 5321 Ἴασις
716 5254 1023 5325 γλώσσης,
1072 5258 1327 5328 δένδρον
1374 5260 1542 5329 ζωῆς.
1588 5261 1879 5334 Γλῶσσαή

307 5347 417 5401 ἀπὸ
465 5348 558 5402 τοῦ
588 5349 926 5418 ἁμαρτάνειν
985 5351 1044 5405 ὲν
1094 5352 1274 5418 λύγοις
1322 5354 1740 5426 Θεραπευθεῖσα,
1782 5359 1882 5429 τὴν

308 5437 572 5505 ζωογόνον
607 5437 953 5494 διδασκαλίαν
983 5441 1078 5495 τοῦ
1119 5444 1426 5515 πνεύματος
1449 5487 1465 5510 ,
1492 5451 1610 5512 ταῖς
1637 5448 1742 5501 τῶν
1775 5466 1881 5519 μα-

307 5524 683 5597 θητευομένων
697 5530 1127 5601 νενεκρωμέναις
1146 5535 1209 5605 τῇ
1233 5534 1424 5607 ἀγνοίᾳ
1452 5536 1668 5607 ψυχαῖς,
1692 5535 1881 5608 ὥσπερ

308 5633 363 5671 τι
390 5617 604 5690 δένδρον
638 5628 995 5695 καρποφορεῖ.

1985 4480 2201 4530 nocent.
2240 4534 2250 4547 ο

2051 4593 2379 4653 Vsns.'5.ln
2402 4592 2546 4647 omni
2585 4592 2700 4646 loco
2741 4588 2882 4644 oculi
2916 4585 3131 4642 Domini
3174 4585 3445 4638 observant
3470 4581 3553 4633 bo-

1992 4710 2087 4749 nos
2122 4700 2172 4746 et
2200 4689 2389 4743 malos.
2431 4684 2488 4739 ln
2508 4685 2655 4739 omni
2688 4691 2859 4745 terra,
2901 4692 3085 4734 rerum
3114 4681 3433 4738 cunctarum
3456 4672 3557 4725 Do-

1983 4787 2167 4839 minus
2196 4779 2511 4851 speculatur
2536 4786 2589 4831 ct
2611 4780 2929 4829 sanctorum
2960 4770 3138 4840 ipsius
3174 4765 3555 4821 mandatorum

1983 4871 2220 4925 fartores
2271 4874 2326 4921 et
2358 4864 2614 4936 Opposita
2677 4867 2948 4930 agentes;
2989 4871 3093 4910 nec
3151 4855 3296 4909 ullus
3337 4853 3557 4923 eﬂ'ugict

1981 4960 2198 5018 oculum
2216 4970 2547 5028 quacunque
2604 4953 2911 5007 intentum:
2951 4947 3097 5009 ideo,
3130 4946 3559 5000 contremiscunt

1982 5058 2323 5125 peccatores,
2350 5048 2620 5103 bonorum
2671 5050 2853 5098 autem
2900 5045 3219 5110 operatorcs
3253 5051 3403 5107 spem
3453 5052 3561 5087 ma-

1982 5160 2145 5217 gnam
2177 5142 2413 5197 faveant.

2049 5270 2213 5325 Vens.
2251 5267 2303 5322 ι.
2326 5263 2537 5319 Μεόεια
2577 5261 2795 5332 linguae,
2826 5257 2988 5313 arbor
3014 5257 3160 5312 vita.
3185 5253 3342 5321 Quae,
3384 5266 3414 5304 a
3438 5264 3557 5319 pec.

1982 5363 2157 5420 cando
2196 5361 2250 5414 in
2311 5357 2514 5420 verbis,
2552 5365 2745 5410 sanata
2799 5361 2882 5407 est
2929 5351 3137 5422 lingua,
3190 5346 3552 5402 vivificantem

1984 5452 2284 5509 doctrinam
2325 5448 2574 5518 spiritus,
2600 5442 3016 5500 imbuendorum
3058 5436 3363 5498 animabus,
3401 5433 3553 5502 igno-

1984 5541 2156 5596 iantia
2192 5538 2477 5605 etuortuis,
2506 5536 2729 5607 profert,
2770 5533 2934 5591 veluti
2972 5530 3137 5587 arbor
3164 5527 3370 5583 fructus
3400 5540 3548 5582 suos.
