3958 6202
406 272 535 337 1371

475 393 583 457 Qui
607 388 838 445 custodit
866 404 1005 452 eam,
1032 388 1322 456 replebitur
1356 388 1572 458 spiritu.
1603 386 1706 454 Qui
1744 403 1871 443 cum
1898 388 1983 440 in-
2011 390 2058 447 Α

403 481 709 553 tclligentia
765 480 1006 550 linguam
1069 480 1141 534 ab
1186 480 1466 548 peccando
1520 480 1780 544 custodit,
1830 480 1991 536 donis

404 577 641 647 Spiritus
692 575 871 631 sancti
919 574 1244 644 replebitur,
1281 572 1877 645 cujus'receptaculum
1909 572 1992 627 fa-

406 679 530 727 ctus
562 676 649 725 est
680 675 904 739 propter
942 667 1141 724 mentis
1172 666 1488 738 puritatem.

479 887 630 945 Vens
682 888 735 945 5.
769 886 979 944 Stultus
1030 886 1220 943 irridet
1266 888 1608 958 disciplinam
1636 890 1831 956 patris.
1886 887 1991 956 Qui

320 1022 351 1053 ,
410 984 533 1039 sine
559 991 741 1039 utente
772 990 879 1049 est,
912 981 1138 1037 monitis
1160 981 1412 1053 magistri
1457 984 1541 1037 sui
1578 982 1777 1038 illudit.

483 1204 589 1270 Qui
620 1203 877 1258 mandata
916 1202 1172 1268 custodit,
1205 1203 1476 1266 callidior.
1504 1202 1610 1271 Qui
1641 1203 1993 1273 prudentium

415 1311 590 1363 more,
650 1304 922 1367 praecepta
983 1297 1235 1369 magistri
1296 1297 1579 1361 observat,
1636 1305 1991 1368 augmentum

414 1387 785 1460 intelligentia:
815 1390 1030 1458 recipit,
1052 1390 1370 1461 quotidiein
1402 1390 1547 1447 bono
1573 1390 1885 1462 proficiens.
1981 1441 1988 1448 .

483 1610 652 1669 Vsus.
684 1612 739 1667 6.
767 1609 1063 1679 Iniustitia
1093 1623 1373 1678 crescente,
1407 1612 1668 1683 fortitudo
1717 1612 1907 1669 multa.
1939 1611 1997 1668 In

1735 270 2088 334 PROCOPII
2127 272 2371 337 GAZIEI

3535 274 3683 339 1372

2169 388 2233 443 '0
2260 390 2330 444 ea
2352 389 2676 463 συντηρῶν
2700 391 2919 462 αὐτὴν,
2945 393 3368 462 πλησθήσεται
3397 394 3683 463 arctura-

2092 495 2216 547 τος.
2242 481 2416 546 Αὐτὸς
2442 482 2500 536 δι
2520 484 2550 537 ὁ
2581 483 2866 553 φυλάττων
2909 484 3008 537 σὺν
3037 487 3103 556 τῇ
3125 483 3339 556 διανοίᾳ
3371 482 3469 556 τὴν
3497 483 3681 553 γλῶτ-

2091 590 2191 627 ταν
2218 573 2314 628 τοῦ
2343 576 2420 646 μὴ
2444 574 2945 649 άμαρτάνιιν,“τῶν
2982 576 3076 631 τοῦ
3118 576 3387 645 παναγίου
3417 575 3683 647 Πνεῦμα-

2092 680 2183 727 τος
2224 663 2602 736 πλησθήσεται
2644 667 3031 737 χαρισμάτων,
3074 666 3281 738 δοχείον
3326 665 3679 738 χρηματίσας

2094 754 2259 809 αὐτοῦ
2289 755 2381 810 διὰ
2404 756 2524 821 νοὸς
2552 758 2924 831 καθαρότητα.
3260 740 3268 747 ἢ

2165 890 2229 938 ε’.
2278 886 2523 955 Ἄφρων
2568 886 2913 957 μυκτηρίζει
2972 887 3250 943 παιδείαν
3307 888 3555 957 πατρός.
3614 887 3677 942 ’0

2094 976 2322 1048 ἀνόητος
2373 978 2634 1050 ἐμπαίζει
2683 982 2750 1051 τῇ
2800 979 2893 1035 τοῦ
2947 981 3148 1036 οίκείου
3180 979 3524 1041 διδασκάλω,
3548 995 3677 1035 νου-

2061 1130 2069 1138 ,
2096 1066 2271 1139 θεσίᾳ.
2302 1091 2308 1098 ·

2182 1197 2236 1253 '0
2272 1198 2343 1253 δὲ
2378 1198 2721 1268 φυλάσσων
2762 1198 3038 1267 ἐντολὰς,
3078 1202 3580 1272 πανουργότερος.
3614 1201 3682 1255 '0

2096 1291 2155 1345 δὲ
2203 1289 2274 1344 τὰ
2318 1289 2535 1358 τούτου,
2568 1291 2645 1355 ὡς
2670 1292 2955 1365 φρόνιμος,
3002 1291 3173 1371 ⁴ιιιοιῶν
3213 1292 3679 1364 παραγγέλματα,

2100 1382 2423 1455 προσθήκην
2462 1384 2779 1454 φρονήσεως
2809 1383 3049 1454 δέχεται,
3090 1384 3172 1449 εἰς
3200 1383 3264 1438 τὸ
3299 1383 3507 1453 ἀγαθὸν
3545 1385 3684 1453 ὁση-

2102 1476 2268 1550 μέραι
2297 1460 2589 1541 ἐπιδιδούς.
2844 1464 2849 1467 ’

2173 1612 2247 1673 ς’.
2278 1606 2382 1661 Ἐν
2404 1603 2817 1675 πλεοναζούσῃ
2850 1605 3206 1673 δικαιοσύνῃ
3234 1604 3418 1673 ἰσχὺς
3450 1602 3686 1670 πολλή.

416 1705 723 1775 spiritualis
771 1705 906 1776 legis
964 1706 1217 1776 iustitia,
1284 1722 1406 1777 quae
1468 1714 1524 1762 et
1577 1706 1888 1762 naturalem
1942 1713 1999 1761 et

2130 1700 2202 1753 Εν
2222 1702 2288 1770 τῇ
2322 1698 2417 1752 τοῦ
2446 1697 2820 1769 πνευματικοῦ
2853 1699 3019 1769 νόμου
3041 1696 3376 1770 δικαιοσύνῃ,
3400 1699 3466 1766 τῇ
3506 1697 3688 1766 ύπερ-

415 1796 676 1866 scriptam
693 1798 927 1851 multum
965 1805 1215 1867 superat,
1242 1806 1396 1853 tanta
1426 1806 1513 1854 est
1561 1798 1762 1854 divinae
1809 1797 2000 1868 gratia:

2129 1790 2375 1865 ἱαλλούσῃ
2398 1793 2497 1863 τὴν
2523 1790 2618 1845 τοῦ
2660 1789 2891 1862 φυσικοῦ
2913 1806 2974 1845 τε
3012 1790 3107 1844 καὶ
3131 1789 3227 1844 τοῦ
3249 1788 3522 1861 γραπτοῦ,
3554 1807 3689 1844 τοσ-

418 1886 545 1956 (qua
580 1886 705 1956 quis
726 1886 983 1958 dignatus
1006 1886 1192 1958 luerit)
1223 1889 1486 1958 potentia,
1513 1896 1573 1945 ut
1598 1904 1704 1943 non
1731 1888 1881 1945 solas
1901 1902 1999 1942 na-

416 1984 553 2028 turae
590 1976 903 2045 passiones,
930 1974 1027 2031 sed
1079 1976 1255 2045 ipsam
1300 1990 1521 2046 quoque
1570 1982 1829 2029 naturam
1874 1974 1999 2029 vina

417 2073 530 2119 cat.

490 2188 653 2261 Impii
678 2190 938 2246 radicitus
966 2191 1033 2246 de
1059 2200 1202 2247 terra
1249 2190 1511 2261 peribunt.
1547 2190 1654 2257 Qui
1688 2190 1857 2246 Deum
1905 2205 2005 2261 per

421 2297 593 2353 opera
630 2299 742 2339 non
788 2284 1088 2349 honorant,
1134 2292 1310 2340 morte
1337 2284 1407 2340 de
1445 2292 1592 2340 terra
1621 2284 2000 2351 destruentur,

420 2390 546 2431 cum
581 2375 697 2443 illo,
729 2376 798 2431 ad
832 2384 1054 2433 terrena
1093 2386 1364 2449 reapectu,
1389 2379 1495 2434 sub
1528 2393 1639 2448 quo
1675 2378 1871 2433 animae
1889 2393 2005 2435 suae

421 2469 679 2540 perituris
703 2471 869 2526 rebus
902 2470 973 2526 ita
1002 2478 1132 2525 sunt
1160 2470 1352 2537 πωπω,
1388 2480 1445 2526 ιιι
1488 2473 1631 2528 inter
1662 2472 2005 2544 incorrupti-

422 2559 552 2616 bilia
583 2561 763 2617 nolint
794 2561 1106 2618 transferri.

488 2781 742 2837 Domibus
790 2782 1065 2850 justorum
1115 2782 1379 2851 fortitudo
1438 2781 1628 2838 nmlta.
1663 2781 2004 2853 Corporibus

419 2891 635 2944 eorum,
669 2876 763 2947 qui
788 2875 973 2931 divina
1006 2875 1261 2931 mandata
1316 2874 1638 2930 custodiunt
1669 2876 1797 2947 (ipsi
1854 2876 2003 2931 enim

419 2968 478 3022 in
511 2967 597 3023 liis
645 2967 975 3038 corporibus
1018 2966 1088 3021 ad
1127 2976 1359 3022 mortem
1397 2981 1592 3036 usque,
1641 2976 1901 3037 tanquam
1947 2967 2003 3022 in

416 3059 701 3126 duxtiibus,
733 3059 1107 3131 permanent),
1136 3066 1289 3114 tanta
1323 3059 1465 3114 inest
1500 3058 1676 3113 virtus
1719 3074 1816 3129 per
1862 3058 2005 3115 divi-
2034 3089 2079 3149 ο

420 3167 548 3219 nam
590 3154 844 3221 gratiam,
876 3162 934 3207 ut
994 3152 1240 3207 obtectas
1300 3152 1355 3205 in
1402 3166 1462 3209 se
1520 3152 1829 3222 passiones.
1875 3160 2003 3209 actu

423 3241 756 3299 mortilicent
784 3251 839 3300 et
861 3243 1092 3300 virtutes
1123 3236 1416 3299 extollant.

496 3366 730 3421 Fructus
760 3368 1046 3438 impiorum
1078 3368 1343 3436 peribunt.
1375 3366 1552 3439 Opera
1584 3383 1799 3435 eorum,
1820 3370 2003 3440 —-qui

425 3457 617 3526 Deum,
655 3473 752 3527 per
780 3459 951 3516 vitam
992 3460 1190 3516 virtute
1245 3460 1539 3531 integram,
1567 3476 1675 3516 non
1707 3460 2002 3527 honorant,

423 3581 494 3592 —
520 3548 589 3605 ad
619 3549 852 3605 nihilum
896 3550 1148 3616 abibunt,
1184 3550 1410 3622 perinde
1451 3562 1514 3609 ac
1546 3552 1717 3609 relate
1768 3554 1834 3608 ad
1889 3555 2008 3610 sola

424 3642 808 3715 corruptibilia
841 3652 1029 3701 essent
1055 3643 1275 3701 etl‘ecta.

498 3771 664 3829 Vens.
689 3773 739 3829 7.
767 3773 931 3829 Labia
963 3774 1283 3845 sapientium
1313 3774 1492 3830 sensui
1520 3775 1842 3844 alligantur.
1874 3774 2009 3833 Ver-

426 3865 494 3919 ba
555 3864 887 3935 sapientium
931 3864 1218 3935 judicandi
1250 3865 1511 3922 facultate
1558 3875 2005 3925 connectuntur:

426 3956 517 4009 ubi
551 3966 786 4026 oportet,
823 3964 878 4013 et
910 3957 1132 4028 quando
1178 3968 1235 4013 et
1271 3961 1549 4029 quomodo
1602 3967 1842 4031 oportet,
1875 3974 2009 4031 pro-

429 4046 700 4103 feruntur.

500 4172 608 4228 Cor
631 4176 923 4231 amentium
951 4193 1060 4232 non
1103 4186 1183 4232 est
1208 4194 1472 4235 securum.
1506 4179 1701 4235 Anima
1734 4181 2007 4253 insipien-

428 4266 588 4327 tium.
622 4267 676 4321 in
733 4268 933 4325 timore
965 4268 1183 4325 Domini
1235 4286 1342 4326 non
1406 4271 1718 4328 custoditur
1748 4273 1819 4329 ab
1873 4273 2007 4340 illis,

432 4372 555 4427 qua:
582 4366 777 4413 contra
809 4359 1082 4416 rationem
1119 4372 1272 4426 sunt,
1295 4361 1545 4431 judiciis.

508 4480 671 4537 Vens.
690 4482 744 4536 8.
777 4481 1064 4551 Sacriﬁcia
1093 4484 1375 4552 impiorum
1404 4485 1732 4542 abominatio
1764 4486 2006 4545 Domino.

431 4573 657 4644 Attjicit,
690 4587 873 4625 rerum
904 4574 1149 4626 omnium
1186 4574 1472 4641 Dominus,
1502 4578 1648 4633 dona
1688 4579 1790 4649 ipsi
1827 4580 2010 4635 oblata

432 4665 502 4718 ab
554 4660 892 4727 hominibus,
924 4664 1017 4733 qui
1063 4665 1217 4731 prius
1251 4679 1378 4721 cum
1422 4668 1672 4737 patribus
1730 4683 1840 4725 non
1881 4678 2012 4726 sunt

430 4754 772 4833 reconciliati
797 4762 854 4811 et
876 4770 973 4827 per
1009 4754 1339 4813 charitatem
1371 4760 1428 4814 in
1461 4775 1560 4816 eos
1607 4763 1754 4833 (qum
1782 4770 1866 4820 est
1894 4764 2015 4832 ple-

432 4847 628 4903 nitudo
678 4847 814 4920 legis
862 4859 916 4905 et
946 4848 1397 4921 prophetarum),
1439 4857 1844 4913 venerationem
1908 4858 2013 4930 ipsi

431 4958 543 4997 non
575 4943 910 5000 tribuerunt.
1766 4950 1773 4955 “

509 5050 722 5117 Preces,
744 5061 879 5109 recte
901 5052 1278 5123 incedentium,
1305 5067 1529 5126 accepta:
1569 5058 1711 5127 apud
1742 5074 1882 5113 eum.
1907 5056 2012 5114 De-

435 5145 784 5227 precationes
813 5162 1002 5203 eorum
1029 5148 1277 5216 exaudit,
1308 5151 1405 5221 qui
1432 5152 1599 5207 vitam
1624 5167 1782 5208 suam
1817 5166 2016 5206 secun—

435 5240 567 5294 dum
604 5241 792 5296 divina
824 5242 1082 5303 mandata
1113 5244 1383 5316 dirigunt.

509 5346 677 5404 Vens.
711 5348 765 5405 9.
795 5348 1138 5405 Abominatio
1172 5351 1422 5418 Domino,
1447 5356 1543 5409 vite
1573 5355 1767 5425 impias.
1800 5355 2019 5414 Odiosa

438 5450 569 5495 sunt
600 5457 785 5497 rerum
824 5452 1154 5499 cunctarum
1188 5443 1449 5509 Domino,
1488 5455 1750 5518 tanquam
1784 5451 2016 5507 manda-

440 5528 511 5586 tis
533 5531 652 5602 ejus
687 5535 971 5605 Opposita,
1002 5548 1196 5590 omnes
1224 5535 1326 5592 illa:
1354 5534 1422 5590 ad
1457 5538 1620 5591 vitam
1658 5538 2016 5609 pertinentes,

2100 1883 2239 1955 αύτη
2274 1886 2425 1955 παρὰ
2454 1884 2555 1950 τῆς
2595 1884 2745 1948 θείας
2798 1884 3019 1955 χάριτος
3050 1882 3130 1953 τῷ
3162 1881 3369 1951 ταύτης
3398 1880 3692 1947 ἀξιωθέντι

2099 1977 2351 2047 δύναμις,
2391 1974 2533 2031 ὥστε
2571 1978 2645 2047 μὴ
2679 1976 2840 2045 μόνον
2875 1975 2941 2029 τὰ
2967 1974 3120 2046 παρὰ
3160 1973 3322 2043 φύσιν
3347 1971 3524 2045 πάθη,
3551 1972 3692 2027 ἀλλὰ

2100 2070 2197 2124 καὶ
2229 2069 2400 2140 αὐτὴν
2432 2069 2531 2139 τὴν
2574 2068 2736 2139 φύσιν
2765 2069 2945 2141 νικᾷν.

2176 2198 2242 2252 οι
2262 2195 2333 2252 δὲ
2368 2195 2609 2265 ἀσεϐεῖς
2660 2195 2947 2267 ὀλόρῤιζοι
2971 2197 3039 2251 ἐκ
3063 2195 3177 2266 τῆς
3205 2195 3511 2251 ὁλοῦνται.
3544 2198 3609 2250 Ol
3631 2194 3690 2250 δὲ

2106 2286 2182 2359 μὴ
2226 2287 2293 2340 δι’
2318 2288 2682 2360 ἁγαθοεργίας
2721 2287 2988 2358 τιμῶντες
3018 2287 3173 2351 Θεὸν,
3203 2286 3683 2359 ἐξολοθρευθήσον-

2102 2397 2191 2434 ται
2220 2378 2300 2450 τῷ
2328 2379 2544 2449 θανάτῳ
2576 2380 2641 2433 ὲκ
2672 2380 2777 2451 τῆς
2804 2380 2928 2451 γῆς,
2965 2379 3103 2450 μετὰ
3132 2382 3231 2451 τῆς
3262 2380 3391 2451 περὶ
3422 2380 3491 2432 τὰ
3521 2380 3689 2449 γήϊνα

2107 2472 2346 2543 σχέσεως
2370 2490 2383 2504 '
2413 2472 2533 2526 καθ’
2566 2474 2632 2543 ἠν
2657 2473 2715 2526 αἱ
2748 2471 2952 2526 τούτων
2982 2471 3171 2542 ψυχαὶ,
3212 2473 3339 2542 περὶ
3366 2471 3435 2525 τὰ
3466 2470 3689 2541 φθαρτά

2105 2563 2494 2635 παγιωθεῖσαι,
2533 2565 2670 2637 πρὸς
2704 2564 2771 2619 τά
2818 2565 3071 2637 ἄφθαρτα
3107 2563 3577 2637 μεταφυτευθῆναι
3621 2561 3686 2616 ού

2107 2654 2409 2727 βούλονται.

2170 2785 2369 2853 Οικοις
2400 2784 2647 2839 δικαίων
2688 2782 2860 2852 ισχὺς
2907 2781 3129 2849 πολλή.
3174 2782 3262 2837 Ἐν
3293 2784 3404 2844 τοῖς
3442 2779 3551 2834 τῶν
3583 2779 3685 2844 τάς

2106 2877 2253 2941 θείας
2301 2876 2519 2940 ἐντολὰς
2553 2873 2938 2948 ἐργαζομένων
2977 2874 3246 2945 σώμασιν,
3273 2870 3355 2938 οἷς
3384 2867 3554 2940 οὗτοι,
3589 2869 3689 2928 οἷά

2106 2986 2247 3023 τισιν
2264 2968 2456 3032 οἴκοις,
2485 2968 2647 3039 μέχρι
2665 2966 2897 3021 θανάτου
2921 2966 3319 3037 παραμένουσι,
3342 2965 3509 3036 πολλὴ
3532 2964 3688 3037 παρὰ

2110 3059 2209 3129 τῆς
2240 3057 2392 3122 θείας
2426 3057 2648 3129 χάριτος
2676 3056 2908 3129 δύναμις
2926 3072 2940 3085 ⁶
2964 3054 3104 3109 ὥστε
3127 3055 3195 3109 τὰ
3219 3057 3277 3109 ὲν
3298 3056 3479 3118 αὐτοῖς
3506 3056 3690 3126 ἐμφω-

2111 3150 2337 3205 λεύοντα
2400 3148 2549 3221 πάθη
2601 3148 2743 3208 κατὰ
2789 3146 2989 3219 πρᾶξιν
3031 3146 3391 3219 ἁπονεκροῦν,
3437 3146 3527 3201 καὶ
3581 3148 3687 3212 τὰς

2106 3242 2308 3316 ἀρετὰς
2342 3242 2594 3314 ύφιστᾷν.

2179 3368 2403 3438 Καρποὶ
2436 3366 2506 3421 δὲ
2534 3366 2771 3423 ἀσεϐῶν
2791 3366 3181 3423 ἀπολοῦνται.
3218 3367 3299 3421 Τὰ
3316 3329 3383 3420 ’δι
3411 3366 3546 3438 ἔργα
3576 3365 3688 3419 τῶν

2110 3462 2186 3533 μὴ
2213 3461 2281 3514 δι’
2308 3461 2566 3531 ἐναρέτου
2593 3458 2708 3530 βίου
2735 3456 3022 3529 τιμώντων
3069 3458 3577 3530 Θεὸν,χωρήσουσιν
3604 3457 3685 3520 είς

2109 3554 2281 3617 οὐδὲν,
2317 3554 2393 3618 ὡς
2418 3553 2547 3625 περὶ
2576 3551 2644 3606 τά
2669 3546 2886 3622 φθαρτὰ
2918 3551 3056 3622 μόνα
3084 3551 3509 3620 καταγινόμενα.

2182 3770 2248 3837 ζ’.
2281 3771 2463 3839 Χείλη
2503 3770 2572 3825 δὲ
2601 3769 2811 3839 σοφῶν
2834 3769 3068 3825 δέδεται
3105 3768 3406 3839 αισθήσει.
3439 3768 3502 3823 Ol
3542 3768 3691 3837 λόγοι

2109 3863 2219 3918 τῶν
2249 3863 2430 3933 σοφῶν
2467 3862 2795 3930 δεσμοῦνται
2857 3865 2924 3934 τῇ
2972 3862 3271 3934 διακρίσει,
3297 3863 3430 3918 ὅπου
3471 3862 3574 3927 δεῖ,
3601 3864 3696 3915 καὶ

2111 3955 2224 4022 ὅτε,
2254 3954 2350 4010 καὶ
2376 3954 2454 4020 ὡς
2479 3954 2561 4009 δεῖ
2588 3954 3011 4027 προφερόμενοι.

2182 4175 2409 4244 Καρδια
2437 4175 2506 4229 δὲ
2537 4176 2837 4245 ἀφρόνων.
2868 4176 2980 4229 οὐκ
3003 4173 3310 4244 ἀσφαλής.
3359 4172 3425 4227 Ἦ
3459 4172 3608 4243 ψυχὴ
3637 4173 3692 4229 δὲ

2112 4267 2221 4322 τῶν
2249 4269 2492 4348 ἀνοήτων
2531 4268 2593 4320 ού
2634 4267 2977 4336 πεφύλακται
3006 4268 3066 4320 ὲν
3096 4265 3228 4335 θείῳ
3251 4264 3421 4335 φόόῳ,
3455 4264 3564 4319 ἀπὸ
3588 4264 3694 4317 τῶν

2115 4359 2441 4430 παραλόγων
2469 4359 2590 4412 ὲνθυ
2600 4376 2674 4431 μη
2684 4360 2889 4430 μάτων.

2185 4491 2256 4557 η’.
2291 4486 2506 4541 Θυσίαι
2530 4485 2607 4540 da
2629 4483 2786 4550 θεῶν,
2804 4484 3120 4555 ,ϐδέλυγμα
3140 4486 3355 4555 Κυρίῳ.
3401 4484 3694 4556 Ἀποστρέ-

2115 4596 2274 4650 φεται
2308 4579 2337 4632 ὁ
2363 4578 2472 4633 τῶν
2508 4577 2647 4632 ὅλων
2681 4576 2960 4645 Δεσπότης
2992 4576 3063 4629 τὰ
3110 4577 3498 4648 προσαγόμενα
3542 4578 3696 4647 αύτῷ

2113 4670 2260 4742 δῶρα
2299 4669 2451 4743 παρὰ
2479 4668 2590 4723 τῶν
2635 4667 2712 4740 μὴ
2756 4667 3024 4739 πρότερον
3075 4666 3548 4739 διαλλαττομένων
3581 4673 3697 4733 τοῖς

2114 4761 2388 4833 ἀδελφοῖς,
2419 4761 2514 4816 καὶ
2543 4760 2632 4814 διὰ
2662 4761 2765 4831 τῆς
2799 4762 2881 4824 είς
2910 4760 3108 4824 αύτούς
3133 4760 3357 4830 ἀγάπης
3387 4760 3529 4832 (ητις
3577 4762 3697 4815 ἐστὶ

2116 4855 2391 4929 πλήρωμα
2413 4856 2576 4926 νόμου
2606 4853 2701 4907 καὶ
2734 4850 3051 4925 προφητῶν)
3083 4854 3143 4907 τὺ
3199 4850 3365 4916 σέϐας
3391 4851 3696 4924 άπονεμύν-

2115 4964 2222 5001 των
2259 4945 2429 5018 αύτῷ.

2186 5044 2377 5129 Εῖὺχαὶ
2419 5057 2488 5112 δὲ
2541 5057 3035 5113 κατωθυνόντων
3087 5053 3289 5111 deum!
3340 5056 3481 5126 παρ’
3515 5057 3695 5125 αὐτῷ.

2118 5150 2483 5221 Προσδέχεται
2508 5149 2567 5203 δὲ
2586 5148 2687 5214 τὰς
2711 5148 2983 5215 ἐντεύξεις
3009 5146 3119 5202 τῶν
3140 5146 3284 5201 κατὰ
3304 5148 3406 5213 τὰς
3431 5147 3587 5214 θείας
3613 5151 3700 5208 αύο

2116 5241 2212 5297 τοῦ
2246 5242 2465 5306 ἐντολὰς
2495 5241 2933 5297 κατευθυνὸντων
2960 5241 3061 5313 τὴν
3091 5238 3302 5295 ἑαυτῶν
3332 5239 3544 5312 βιοτήν.

2189 5350 2255 5404 θ’.
2290 5349 2606 5420 Βδέλυγμα
2631 5351 2839 5420 Κυρίῳ,
2873 5348 2999 5404 ὁδοὶ
3026 5347 3308 5415 ἀσεϐοῦς.
3338 5349 3569 5420 Μισητά
3599 5352 3700 5404 εἱσι

2121 5441 2197 5513 τῷ
2241 5441 2336 5496 τοῦ
2372 5441 2574 5503 παντὸς
2616 5442 2884 5514 Δεσπὸτῃ,
2929 5440 3005 5505 ὡς
3054 5440 3188 5512 παρ’
3235 5439 3461 5512 ἐντολὴν
3512 5442 3699 5497 τούτου

2122 5535 2457 5606 ὑπάρχοντα,
2503 5535 2572 5588 τὰ
2604 5534 2747 5587 κατὰ
2791 5533 2905 5603 βίον
2944 5532 3364 5618 ἐπιτηδεύματαή
3401 5532 3500 5589 τοῦ
3538 5534 3615 5608 μὴ
3641 5536 3701 5592 δι’

442 5625 746 5687 industriae,
762 5626 1000 5680 hominis
1038 5627 1328 5696 istius,qui
1365 5627 1530 5682 Deum
1565 5645 1657 5697 per
1692 5628 1832 5685 bona
1855 5646 2005 5699 oper:

2129 5628 2344 5700 ἀγαθῶν
2373 5627 2548 5701 ἔργων
2579 5626 2846 5699 τιμῶντος
2874 5625 3056 5682 αὐτόν.

444 5726 552 5765 non
593 5713 844 5769 honorat.
