3958 6202
341 301 475 364 1373

1383 296 1918 357 COMMENTARII
1956 297 2032 356 [Ν
2073 296 2532 359 PROVERBIA.

3453 281 3587 348 1374

405 396 733 473 Διώκοντας
753 405 822 459 δὲ
839 404 1239 472 δικαιοσύνην
1281 403 1503 474 ἀγαπᾷ.
1524 404 1663 467 Τοὺς
1691 405 1749 457 δέ
1778 404 1905 474 πρὸς

2094 405 2470 476 Persequcntes
2495 404 2775 474 justitiam
2806 411 2971 456 amat.
3005 399 3156 468 Illos,
3189 397 3279 468 qui
3317 396 3383 452 ad
3420 397 3585 451 vitam

333 499 424 551 τὸν
461 497 682 569 θεοφιλῆ
712 496 825 566 βίον
855 494 1206 558 σπεύδοντας,
1242 494 1318 559 ὡς
1344 496 1463 549 κατ’
1485 495 1706 567 ἐντολὴν
1741 494 1905 549 αὐτοῦ

334 587 803 659 πολιτευομένους,
839 584 1170 650 ἀσπάζεται.

404 736 458 786 ι’.
484 730 730 785 Παιδεία
776 728 1006 784 ἀκάκου
1033 727 1367 799 γνωρίζεται
1388 726 1507 782 ὑπὸ
1541 727 1661 781 τῶν
1688 728 1907 797 παρόν-

330 839 467 877 των.
512 821 577 875 Ἦ
603 819 698 874 τοῦ
730 819 1100 891 ἀπλουστέρου
1130 820 1225 874 καὶ
1259 820 1456 882 κακίας
1482 818 1904 890 ἀπηλλαγμένου

333 909 606 976 νουθεσία,
631 911 993 974 ἀνυπόστολος
1014 906 1150 965 οὖσα.
1171 905 1271 965 καὶ
1292 909 1520 981 φοϐερὰ,
1548 909 1906 980 καταλαμϐά-

333 1015 482 1052 νεται
511 998 603 1054 καὶ
647 1000 792 1071 παρά
817 999 927 1053 τῶν
956 1000 1032 1064 ὡς
1057 1002 1116 1054 ἐν
1137 1000 1357 1072 παρόδῳ
1388 1000 1592 1071 ταύτης
1620 999 1907 1072 ἀκροωμέα

334 1106 460 1144 νων.

398 1218 463 1269 οι
480 1214 547 1269 δὲ
565 1215 890 1285 μισοῦντες
909 1214 1220 1285 ἐλέγχους,
1238 1213 1602 1269 τελευτῶσιν
1615 1217 1902 1285 αἰσχρῶς.

334 1306 397 1359 Oi
430 1306 487 1359 δέ
524 1307 649 1370 τοὺς
678 1305 929 1360 ἐντεῦθεν
958 1307 1226 1377 φανεροὺς
1263 1305 1371 1360 τῶν
1413 1307 1630 1360 οἰκείων
1658 1308 1908 1378 ἁμαρτη-

336 1395 520 1467 μάτων
543 1395 800 1468 ἐλέγχους
827 1398 1323 1470 ἀποστρεφόμενοι,
1356 1400 1422 1468 τῇ
1448 1399 1703 1471 αἰσχίστῃ
1726 1398 1907 1453 αὐτῶν

335 1488 502 1559 κακίᾳ
535 1488 1052 1561 ἐναποθνήσκουσιν,
1089 1489 1342 1560 μένοντες
1373 1488 1460 1543 διά
1495 1491 1696 1555 παντὸς
1724 1490 1905 1560 ἀδιόρο

334 1580 518 1635 θωτοι.

405 1703 492 1759 ια’.
528 1706 715 1777 ᾍδης
765 1706 862 1761 καὶ
907 1706 1196 1771 ἀπώλεια,
1216 1695 1460 1777 ’φανερὰ
1493 1708 1655 1777 παρὰ
1677 1708 1871 1775 Κυρίῳ
1898 1725 1910 1738 υ

332 1793 457 1861 πῶς
501 1796 635 1866 οὐχὶ
683 1796 782 1851 καὶ
834 1798 895 1852 αι
938 1795 1177 1865 καρδίαι
1232 1794 1351 1850 τῶν
1387 1796 1750 1865 ἀνθρώπων;
1804 1797 1913 1849 Καὶ

332 1889 510 1943 πάντα
542 1888 609 1943 τά
641 1891 775 1960 ἡμῖν
820 1888 1180 1958 ἀγνοούμενα,
1213 1883 1323 1942 οἷον
1355 1889 1384 1941 ὁ
1426 1888 1638 1957 ἀφανὴς
1662 1886 1824 1949 τόπος
1854 1887 1912 1938 ἐν

329 1971 373 2048 ᾧ
404 1978 543 2049 μετά
570 1978 839 2045 διάζευξιν
872 1979 971 2050 τὴν
1017 1979 1125 2032 ἀπὸ
1157 1978 1267 2032 τῶν
1320 1978 1586 2048 σωμάτιον
1626 1977 1907 2045 διάγουσιν

330 2071 388 2123 ai.
419 2069 590 2140 ψυχαὶ
619 2070 724 2141 πρὸ
755 2071 854 2142 τῆς
899 2062 1247 2133 ἀναστάσεως
1280 2071 1378 2140 (2),
1412 2070 1505 2123 καὶ
1549 2070 1688 2140 αὐτὴ
1722 2070 1755 2140 ἡ
1802 2067 1911 2122 ἀπὸ

330 2158 466 2213 Θεοῦ
511 2158 784 2223 ἔκπτωσις
844 2161 910 2230 ἠν
969 2162 1018 2213 οἱ
1081 2159 1393 2231 ἁμαρτωλοὶ
1445 2159 1908 2229 ’κατακρίνονται,

329 2249 582 2323 γνώριμα
624 2251 784 2323 παρὰ,
801 2251 878 2322 τῷ
914 2251 1022 2306 τῶν
1049 2252 1186 2306 δλων
1218 2252 1465 2324 Δεσπότῃ
1494 2252 1600 2304 εἰσί
1622 2269 1636 2284 ο
1665 2253 1759 2304 καὶ
1792 2251 1911 2315 πῶς

328 2342 428 2395 οὐκ
483 2342 768 2396 ἐπίσταται
822 2342 918 2397 καὶ¹
975 2343 1102 2405 τοὺς
1152 2344 1259 2396 τῶν
1309 2342 1546 2413 καρδιῶν
1592 2341 1747 2412 ἡμῶν
1794 2343 1911 2396 δια-

328 2430 658 2502 λογισμούς;
707 2431 1035 2502 Ιιδοόηθῶμεν
1088 2427 1184 2485 οὖν
1220 2429 1327 2484 ἀπὸ
1373 2429 1662 2502 προσώπου
1719 2430 1907 2493 αὐτοῦ.

331 2520 378 2571 οι
437 2520 506 2574 τά
556 2521 767 2591 πονηρά
812 2520 1263 2591 διαλογιζόμενοι,
1321 2519 1397 2584 ὡς
1449 2520 1749 2590 ἐφορῶντος
1815 2520 1911 2575 καὶ

330 2622 524 2663 ταυτα.

404 2733 491 2803 ιβ’.
513 2737 633 2789 Οὐκ
660 2736 958 2806 ἀγαπήσει
983 2737 1347 2804 ἀπαίδευτος
1380 2737 1523 2804 τοὺς
1547 2737 1909 2807 ἐλέγχοντας

342 2826 546 2882 αὐτόν.
581 2827 695 2881 Οὐκ
735 2828 1039 2882 ἀσπάσεται
1083 2831 1111 2883 ὁ
1160 2829 1406 2899 ἀμύητος
1436 2829 1529 2882 τοῦ
1575 2830 1741 2883 καλοῦ
1784 2830 1909 2891 τοὺς

2014 494 2364 567 Deogratam
2408 497 2687 561 festinant,
2732 495 2888 566 quasi
2931 493 3089 563 juxta
3158 491 3411 546 mandata
3468 488 3587 558 ejus

2016 595 2425 651 conversantes,
2453 586 2653 654 diligit.

2084 722 2249 779 Vens.
2266 724 2354 780 10.
2382 725 2674 794 Disciplina
2694 722 3004 787 innocentis,
3033 720 3371 791 cognoscitur
3394 736 3425 771 a
3446 732 3588 787 prte-

2011 817 2265 871 sentibus.
2300 816 2667 887 Simplicioris
2713 826 2767 871 et
2814 831 2841 868 a
2881 815 3088 869 malitia
3152 811 3315 864 soluti
3362 807 3588 870 monita,

2010 921 2135 961 cum
2188 907 2553 963 inverecunda
2606 909 2715 962 sint
2755 916 2811 960 et
2868 905 3145 969 timenda,
3192 899 3577 971 suscipiuntur

2011 999 2174 1054 etiam
2198 1000 2266 1055 ab
2288 1000 2448 1071 ipsis,
2486 1000 2580 1068 qui
2613 999 2954 1055 transeundo
2978 998 3069 1055 illa
3100 997 3429 1053 audiveriut.

2083 1214 2187 1281 Qui
2202 1216 2582 1283 increpationes
2603 1214 2809 1278 odiunt,
2828 1213 3175 1283 ignominiose
3200 1211 3358 1266 vitam
3378 1213 3582 1281 ﬁniant.

2018 1306 2122 1372 Qui
2170 1306 2462 1362 evidentes
2494 1307 2841 1377 propriorum
2874 1305 3197 1359 delictorum
3244 1305 3586 1374 reprobatio-

2012 1410 2113 1449 nes
2140 1395 2431 1464 abjiciunt,
2468 1395 2523 1450 in
2576 1394 2896 1454 turpissima
2947 1407 3045 1448 sua
3085 1394 3441 1464 perversitate
3468 1406 3582 1446 mo-

2014 1485 2244 1552 rientur,
2271 1485 2400 1556 quia
2450 1498 2664 1548 semper
2694 1483 3086 1553 indisciplinati
3128 1489 3436 1538 remanent.

2082 1704 2250 1762 Vens.
2286 1705 2374 1761 Η.
2407 1704 2653 1772 lnfernus
2684 1713 2733 1759 et
2764 1700 2991 1773 perditio
3028 1706 3296 1768 perspecta
3321 1704 3443 1749 sunt
3474 1694 3582 1750 Do-

2014 1797 2154 1850 mino
2178 1813 2308 1854 :cur
2329 1814 2429 1851 non
2460 1798 2727 1851 hominum
2749 1794 2911 1849 corda
2929 1795 2954 1847 ?
2973 1791 3166 1848 Omnia
3190 1789 3350 1844 nobis
3377 1790 3579 1857 ignota,

2013 1889 2191 1956 qualis
2231 1889 2525 1944 invisibilis
2550 1890 2639 1943 ille
2669 1889 2845 1950 locus,
2876 1886 2931 1941 in
2958 1898 3066 1954 quo
3091 1891 3215 1952 post
3250 1879 3583 1951 disjunctio—

2012 1994 2139 2034 nem
2181 1994 2211 2033 a
2238 1980 2563 2048 corporibus
2595 1986 2648 2032 ct
2679 1985 2807 2032 ante
2834 1972 3320 2036 resurrectionem,
3341 1968 3585 2023 habitant

2012 2071 2227 2136 animae,
2266 2072 2374 2124 imo
2404 2079 2458 2126 et
2495 2069 2768 2127 excidium
2802 2084 2831 2123 a
2878 2067 3010 2131 Deo,
3042 2064 3109 2120 ad
3135 2063 3277 2135 quod
3320 2069 3579 2129 peccatm

2012 2179 2099 2217 res
2131 2164 2482 2226 damnantur,
2529 2160 2818 2215 manifesta
2871 2166 3001 2213 sunt
3041 2172 3222 2211 rerum
3253 2160 3581 2208 cunctarum

2016 2251 2248 2306 Domino
2279 2268 2294 2317 ;
2328 2259 2383 2305 et
2436 2249 2712 2320 quomodo
2744 2264 2852 2303 nou
2885 2242 3021 2304 sciet
3055 2244 3420 2316 cogitationes
3447 2257 3576 2296 cor-

2012 2340 2162 2394 dium
2177 2340 2529 2395 nostrorum?
2550 2338 3049 2395 Coutremiscamus
3066 2351 3195 2407 ergo
3225 2344 3354 2389 ante
3384 2333 3580 2388 faciem

2011 2430 2131 2501 ejus
2167 2430 2262 2501 qui
2287 2432 2429 2485 mala
2465 2430 2800 2501 cogitamus,
2837 2430 2966 2498 quia
3002 2435 3054 2483 et
3082 2427 3198 2481 hac
3231 2423 3514 2496 perspicit.

2083 2739 2249 2795 Vens.
2277 2739 2362 2793 12.
2396 2738 2835 2804 lndisciplinatus
2884 2754 2989 2792 non
3048 2744 3194 2790 amat
3243 2734 3581 2803 corripientes

2011 2832 2202 2899 ipsum.
2235 2831 2337 2897 Qui
2372 2830 2516 2885 bono
2561 2845 2672 2884 non
2702 2839 2788 2885 est
2832 2829 3104 2892 initiatus,
3146 2829 3582 2882 demonstrantes

337 2934 470 2986 φανε
480 2917 832 2988 ροποιοῦντας
855 2918 1002 2991 αὐτῷ
1027 2920 1096 2973 τὰ
1114 2920 1304 2984 κακῶς
1320 2920 1759 2991 διαπραττόμενα
1775 2922 1905 2991 παρ’

2033 2926 2111 2995 psi
2137 2939 2258 2995 quae
2295 2923 2437 2979 male
2489 2923 2782 2994 peregerit,
2808 2921 3124 2992 neutiquam
3176 2918 3581 2988 complectitur.

328 3008 513 3063 αὐτοῦ.

400 3134 561 3189 Μετὰ
587 3135 656 3189 δὲ
695 3135 905 3205 σοφῶν
945 3137 1058 3205 οὐχ
1111 3135 1412 3205 ὁμιλήσει.
1461 3136 1571 3188 Καὶ
1618 3136 1758 3207 μετά
1798 3136 1908 3189 τῶν

331 3224 734 3292 διασαφούντων
750 3224 897 3295 αύτῷ
922 3225 981 3279 τὸ
1010 3226 1173 3280 καλὸν
1223 3226 1283 3279 οὐ
1306 3225 1647 3296 συλλαλήσει,
1670 3227 1745 3290 ὡς
1769 3228 1906 3296 μήτε

328 3318 426 3390 τὴν
452 3318 545 3373 τοῦ
576 3319 748 3376 κακοῦ
779 3320 977 3393 φυγὴν,
1012 3322 1152 3394 μήτε
1180 3320 1280 3393 τὴν
1301 3320 1396 3375 τοῦ
1425 3322 1588 3375 καλοῦ
1619 3322 1906 3393 ἐπιτυχίαν

331 3407 534 3465 ποθῶν.

402 3537 492 3608 ιγ’.
523 3541 783 3607 Καρδίας
803 3541 1302 3608 εὐφραινομένης,
1324 3541 1535 3596 θάλλει
1557 3542 1902 3609 πρόσωπον.

329 3628 436 3683 Τοῦ
477 3629 619 3684 κατά
649 3630 750 3700 τὴν
779 3630 1172 3700 κεκρυμμένην
1217 3629 1458 3684 διάθεσιν
1496 3630 1600 3699 τῆς
1640 3630 1840 3699 ψυχῆς,
1869 3630 1903 3698 ἢ
1952 3643 1960 3649 ·

331 3720 423 3774 ἐπὶ
455 3721 567 3783 τοῖς
591 3719 702 3774 τῶν
727 3723 1081 3792 προσκαίρων
1108 3722 1312 3792 ἡδέσιν,
1343 3722 1377 3793 ἢ
1412 3724 1479 3790 τῇ
1514 3721 1625 3775 τῶν
1671 3721 1904 3775 αἰωνίων

328 3808 549 3878 ἀγαθῶν
591 3809 765 3864 ἐλπίδι
812 3809 1181 3881 ἀγαλλομένου
1248 3810 1447 3881 φαιδρά
1499 3812 1533 3882 ὴ
1603 3810 1727 3879 δψις
1766 3809 1902 3864 καθ-

328 3899 658 3972 imam-rip
683 3899 830 3955 ἔνδον
852 3901 1041 3956 τούτου
1063 3901 1543 3973 χαρακτηρίζουσα
1559 3901 1898 3970 ἀγαλλίασιν.

410 4021 506 4075 'Er
529 4021 599 4075 δὲ
631 4021 854 4087 λύπαις
880 4021 1092 4089 οὔσης,
1126 4020 1555 4090 σκυθρωπάζει.
1582 4020 1689 4075 Τοῦ
1718 4022 1763 4076 δ’
1803 4016 1902 4075 αὗ-

329 4112 415 4176 θις
438 4111 581 4167 κατά
607 4112 670 4165 τὺ
706 4112 970 4183 κρυπτὸν,
1002 4112 1101 4166 εἶτ’
1144 4113 1238 4166 ἐπὶ
1265 4114 1379 4175 τοῖς
1410 4113 1521 4167 τῶν
1548 4114 1901 4184 προσκαίρων

328 4206 587 4276 ἀνιαροῖς,
622 4206 731 4259 εἴτε
761 4205 840 4276 τῷ
871 4205 1022 4276 φόϐῳ
1058 4205 1168 4260 τῶν
1213 4205 1589 4276 ἀτελευτήτων
1622 4206 1900 4260 κολάσεων

2082 3143 2216 3201 Cum
2236 3146 2557 3215 sapientibus
2596 3162 2885 3201 sermonem
2920 3162 3020 3199 non
3054 3145 3280 3199 habebit.
3310 3144 3445 3198 Cum
3484 3160 3583 3198 ex-

2010 3237 2365 3307 planantibus
2395 3237 2498 3309 ipsi
2517 3238 2745 3305 bonum,
2772 3252 2882 3291 non
2921 3238 3286 3304 colloquetur,
3326 3235 3454 3302 quia
3484 3248 3585 3289 nec

2008 3330 2194 3401 fugere
2222 3345 2252 3384 a
2290 3330 2432 3383 malo
2470 3344 2570 3398 nec
2606 3329 2875 3399 attingere
2899 3328 2966 3383 ad
3024 3328 3248 3391 bouum,
3280 3326 3581 3381 desiderat.

2077 3545 2244 3600 Vens.
2281 3545 2367 3599 15.
2396 3542 2567 3599 Corde
2591 3544 2824 3607 tmtante,
2851 3542 3085 3611 ﬂorescit
3116 3540 3313 3596 uultus.
3357 3540 3581 3611 Siquis.

2001 3637 2156 3706 juxta
2205 3634 2482 3689 obtectum
2523 3634 2718 3686 anima:
2758 3632 3027 3694 habitum,
3053 3632 3137 3685 vel
3173 3630 3240 3685 de
3270 3629 3586 3700 temporali-

2007 3729 2110 3783 bus
2151 3724 2437 3795 jucundis,
2482 3724 2567 3778 vel
2611 3723 2678 3777 de
2709 3723 2904 3776 llducia
2936 3720 3202 3776 bonorum
3253 3726 3583 3774 teternorum

2006 3811 2334 3884 congaudet,
2359 3809 2680 3883 perlucidus
2705 3810 2825 3880 ejus
2853 3818 3109 3881 aspectus
3148 3809 3420 3864 internum
3450 3823 3584 3878 gau-

2004 3904 2154 3960 dium
2176 3901 2245 3957 ad
2276 3902 2456 3957 vivum
2483 3902 2787 3974 exprimit..

2072 4027 2141 4083 In
2175 4028 2457 4094 doiorosis,
2497 4029 2862 4085 obnubilatur.
2897 4025 3131 4089 Rursus,
3166 4026 3211 4081 si
3238 4025 3365 4093 quis
3417 4023 3581 4092 juxta

2002 4127 2208 4176 statum
2270 4136 2430 4176 suum
2488 4119 2898 4182 absconditum,
2948 4117 3034 4172 vel
3073 4120 3142 4172 de
3197 4114 3583 4186 temporalium

2002 4209 2211 4265 odiosis
2232 4209 2316 4265 vel
2342 4209 2410 4264 de
2434 4210 2630 4263 timore
2654 4207 2994 4263 inﬁnitorum
3032 4212 3430 4261 tormentorum
3448 4202 3583 4258 alni-

329 4297 626 4367 ἀνιωμένου
680 4297 923 4365 κατηφὲς
954 4297 1186 4368 ὑπάρχει
1214 4297 1275 4351 τὸ
1305 4297 1598 4367 πρόσωπον
1623 4336 1639 4362 ,
1677 4296 1777 4369 τὴν
1810 4300 1901 4352 ἐν·-

2028 4310 2212 4364 :tatur,
2251 4301 2464 4357 tristem
2499 4300 2663 4356 habet
2686 4299 2920 4363 vultum,
2940 4296 3031 4368 qui
3063 4296 3331 4359 dolorem,
3353 4310 3418 4348 ex
3452 4292 3581 4348 imis

326 4386 667 4460 δομυχοῦσαν
717 4392 785 4460 τῇ
808 4388 954 4460 ψυχῇ
1008 4389 1177 4445 αὑτοῦ
1218 4387 1398 4459 λύπην
1447 4390 1689 4459 προάγον
1718 4391 1798 4453 εἰς
1839 4390 1902 4444 τὸ

329 4459 593 4548 ἐμφανές.

402 4602 480 4660 ιδ’.
509 4600 737 4670 Καρδια
764 4600 909 4669 ὀρθὴ
931 4601 1090 4669 ζητεῖ
1111 4604 1424 4672 αἴσθησιν.
1471 4604 1534 4656 Ἦ
1566 4604 1702 4675 πρὸς
1730 4603 1789 4657 τὸ
1810 4605 1901 4658 εὐ-

328 4695 420 4759 θές
451 4693 636 4764 δρῶσα
663 4691 830 4762 ψυχὴ,
867 4694 1085 4747 σπεύδει
1110 4695 1210 4764 τὴν
1243 4695 1339 4749 τοῦ
1367 4694 1532 4749 καλοῦ
1560 4696 1655 4748 καὶ
1679 4695 1772 4749 τοῦ
1800 4712 1899 4749 κα⁸

328 4787 426 4841 κοῦ
451 4786 722 4857 διάκρισιν
751 4784 1056 4855 κτήσασθαι
1083 4827 1097 4852 ,
1126 4787 1213 4839 ἵνα
1236 4788 1310 4858 μὴ
1333 4787 1428 4841 τοῦ
1456 4786 1620 4841 καλοῦ
1646 4788 1707 4841 τὸ
1732 4788 1900 4841 κακὸν

328 4880 679 4950 προαιρῆται,
704 4875 870 4929 καλὸν
892 4876 1051 4930 τοῦτο
1083 4876 1397 4947 νομίζουσα.

399 5023 594 5092 Στόμα
639 5021 707 5076 δὲ
736 5021 1109 5077 ἀπαιδεύτων
1164 5020 1322 5090 ζητεῖ
1363 5023 1537 5079 κακά.
1588 5024 1667 5077 Τά
1699 5024 1754 5077 δὲ
1798 5026 1898 5097 ῥή-

331 5129 475 5184 ματα
519 5113 628 5166 τῶν
659 5113 734 5183 μὴ
778 5113 1132 5183 διδαχθέντων
1177 5115 1237 5170 τὸ
1293 5116 1494 5203 ἀγαθὸν
1535 5116 1671 5188 πρὸς
1717 5117 1899 5187 ἐριδας

328 5204 421 5256 καὶ
459 5207 637 5274 μάχας
669 5203 970 5273 ἐπείγεται.

397 5338 479 5387 ιε’.
511 5330 714 5386 Πάντα
754 5331 859 5385 τὸν
894 5331 1115 5400 χρόνον
1138 5331 1193 5384 οἱ
1219 5329 1511 5399 ὀφθαλμοὶ
1539 5329 1659 5384 τῶν
1695 5332 1897 5385 κακῶν

2007 4392 2205 4447 animai
2234 4392 2565 4457 secessibus,
2597 4392 2653 4446 in
2684 4397 2935 4462 apertum
2963 4386 3241 4459 producit.

2078 4610 2241 4667 Vens.
2280 4611 2368 4666 Η.
2395 4610 2502 4665 Cor
2534 4619 2732 4665 rectum
2785 4610 2975 4679 quwrit
3027 4624 3258 4664 sensum.
3303 4606 3437 4673 Quae
3489 4605 3579 4673 ju-

2006 4710 2153 4758 stum
2189 4704 2418 4774 respicit
2456 4703 2663 4768 anima,
2701 4702 2781 4758 ads
2818 4702 3119 4759 discrimen
3177 4702 3324 4757 inter
3362 4701 3570 4755 bonum

2004 4806 2058 4849 et
2090 4795 2317 4870 malum,
2347 4794 2740 4864 acquirendum
2800 4804 3077 4864 properat,
3111 4811 3199 4860 ne,
3251 4792 3385 4848 boni
3434 4791 3585 4853 loco.

2003 4888 2204 4942 malum
2245 4887 2517 4960 praeferat,
2548 4888 2692 4959 quod
2724 4888 2911 4944 forsan
2940 4888 3145 4942 bonum
3171 4892 3416 4957 putaret.

2075 5031 2146 5088 0s
2180 5031 2694 5102 indisciplinatorum
2738 5032 2926 5100 quierit
2955 5031 3121 5087 mala.
3150 5027 3323 5083 Verba
3361 5043 3561 5083 eorum

2002 5119 2095 5189 qui
2130 5119 2332 5175 bonum
2394 5135 2505 5175 non
2554 5120 2892 5186 didicerunt,
2953 5122 3019 5175 ad
3070 5119 3474 5191 disputationes
3519 5123 3576 5170 et

2002 5226 2210 5281 pugnas
2237 5210 2521 5268 festinant.

2076 5337 2238 5393 Vens.
2267 5338 2354 5393 15.
2388 5338 2546 5394 Omni
2581 5350 2834 5410 tempore,
2861 5340 3000 5394 oculi
3029 5339 3290 5394 malorum
3315 5334 3582 5403 recipiunt

1834 5509 2068 5569 ΝΟΤΑεΞ.

395 5624 473 5708 (2)
504 5623 944 5708 ξιοεορὶἰηεειοιε
973 5625 1214 5708 nondum
1243 5634 1360 5708 erat
1398 5626 1559 5708 ﬁrme
1581 5627 1651 5681 ab
1699 5628 1881 5708 Eccleo

1992 5640 2117 5685 ante
2150 5646 2442 5701 corporum
2474 5631 2934 5701 resurrectionem
2966 5644 3066 5701 pro
3095 5627 3289 5682 merito
3319 5630 3398 5681 vel
3457 5642 3565 5699 pu-

328 5697 420 5753 sio:
447 5696 650 5765 judicio
688 5696 906 5753 deliuita
953 5698 1221 5752 sententia
1252 5697 1319 5753 de
1364 5698 1651 5755 animabus
1713 5700 1874 5754 etiam
1982 5701 2195 5758 uicndis
2222 5696 2302 5757 vel
2338 5703 2561 5773 praemio
2618 5700 2942 5758 alliciendis.
