3958 6202
425 309 561 373 1375

1714 304 2063 365 PROCOPII
2092 300 2333 363 GAZdiI

3522 289 3660 356 1376

424 419 592 474 mala.
626 418 728 472 Per
759 432 974 473 omnem
1023 418 1210 483 vitam,
1243 417 1387 474 oculi
1431 430 1622 471 eorum
1673 417 1766 486 qui
1805 425 1986 472 contra

2110 414 2535 483 προσδέχονται
2561 408 2738 467 κακά.
2763 404 2922 481 Παρά
2946 409 3126 462 πᾶσαν
3149 405 3248 477 τὴν
3269 404 3435 476 ζωὴν,
3463 404 3532 457 τά
3558 405 3664 473 δμ-

423 511 690 564 rationem
721 516 908 580 agunt,
940 508 1057 564 suis
1088 509 1303 565 actibus
1334 516 1751 563 consentaneam
1775 521 1989 578 prunam

425 602 718 672 recipiunt,
754 600 1039 671 strepitum
1070 599 1483 669 sempiternum.

496 792 632 847 Boni
679 801 854 847 autem
890 808 1091 862 semper
1115 794 1461 860 requiescunt.
1484 790 1589 859 Qui
1620 784 1758 847 bene
1801 798 1991 861 agunt,

424 884 804 956 imperturbati
834 899 1060 955 prorsus
1080 890 1274 941 erunt.

401 996 409 1003 ’
497 992 657 1050 Vsus.
689 993 777 1049 16.
808 992 998 1047 Melior
1030 1002 1108 1048 est
1143 1009 1269 1063 pars
1300 993 1473 1047 minor
1509 1007 1627 1046 eum
1669 991 1855 1046 timore
1884 988 1996 1045 Do-

424 1084 573 1139 mini.
626 1083 914 1165 lfulchrior
954 1094 1038 1140 est
1101 1084 1235 1140 levis
1283 1099 1449 1165 ppum
1504 1085 1683 1155 portio
1709 1098 1834 1139 cum
1884 1085 1995 1141 Do-

423 1174 557 1229 mini
587 1160 781 1231 timore
807 1175 903 1246 qui
929 1174 1239 1230 necessaria
1266 1160 1538 1243 concedit,
1576 1183 1631 1231 et
1680 1175 1991 1247 cupidinem

424 1265 680 1333 habendi,
713 1281 744 1321 a
775 1273 952 1322 mente
984 1266 1228 1321 dimittit.

491 1373 665 1439 Quam
704 1374 939 1428 thesauri
970 1376 1151 1444 magni
1183 1373 1377 1444 absque
1404 1375 1611 1429 timore.
1643 1374 1844 1429 Contra
1874 1389 2017 1441 eos,

420 1464 514 1533 qui
551 1462 760 1517 ditandi
785 1471 839 1518 et
869 1463 1145 1518 dividendi
1176 1463 1472 1534 cupiditate
1523 1464 1698 1532 (nullo
1737 1464 1898 1520 modo
1924 1464 1995 1518 ti:

422 1553 563 1606 mori
595 1552 810 1606 Domini
857 1553 1177 1621 submissa),
1244 1554 1444 1610 multos
1495 1563 1550 1610 et
1602 1570 1828 1627 magnos
1852 1570 1989 1610 con-

420 1642 643 1697 trahunt
671 1642 978 1710 thesauros,
1029 1643 1312 1698 materiam
1343 1644 1482 1716 ignis
1505 1645 1988 1716 inesstinguibilis.

2101 523 2251 575 ματα
2308 505 2416 558 τῶν
2456 503 2524 558 τά
2565 503 2851 575 παράλογα
2890 497 3365 571 διαπραττομένων
3394 495 3667 566 τιμωρίαν

2092 597 2359 665 ἀνάλογον
2407 598 2528 659 ταῖς
2575 593 2853 658 τοιαύταις
2903 592 3212 662 ἐκδέχονται
3262 586 3522 661 πράξεσιν
3574 588 3668 641 διὰ

2094 688 2295 750 παντὸς
2325 685 2716 758 θορυϐούμενα.

2168 800 2230 850 Ol
2260 795 2326 848 δὲ
2354 794 2562 864 ἀγαθοί
2595 792 2968 862 ἡσυχάζουσι
2989 789 3337 854 διαπαντός.
3368 789 3431 841 Ol
3452 786 3499 840 δ’
3524 786 3663 855 ἀγα·

2094 884 2464 955 θοεργοῦντες,
2496 883 2762 955 ἀτάραχοι
2797 882 2864 936 δι’
2893 882 3016 935 ὅλου
3043 880 3420 951 τυγχάνουσιν.

2168 992 2262 1058 ις’.
2293 992 2607 1061 Κρείσσων
2633 989 2816 1060 μικρὰ
2838 991 3007 1061 μερὶς
3031 989 3184 1059 μετὰ
3206 990 3395 1058 φόϐου
3417 986 3662 1054 Κυρίου.

2099 1084 2349 1139 Καλλίων
2400 1082 2517 1135 ἐστὶ
2556 1080 2785 1153 βραχεῖα
2837 1081 3135 1152 χρημάτων
3181 1080 3477 1149 ἀπόμοιρα,
3527 1078 3671 1147 μετὰ

2096 1176 2240 1229 θείου
2262 1174 2451 1245 φόϐου,
2496 1172 2904 1245 συγχωροῦντος
2941 1173 3038 1242 μὲν
3068 1172 3128 1226 τδ
3160 1170 3439 1243 χρειῶδες,
3474 1168 3573 1241 τὴν
3608 1169 3666 1222 δὲ

2095 1268 2500 1338 φιλοχρήματον
2529 1265 2948 1328 ἀναστέλλοντος
2984 1262 3228 1334 γνώμην.

2163 1378 2231 1431 Ἢ
2262 1374 2553 1443 θησαυροί
2582 1371 2823 1443 μεγάλοι
2844 1372 2994 1441 μετὰ
3019 1370 3293 1441 ἀφοϐίας.
3339 1369 3512 1441 ’Υπὲρ
3537 1369 3665 1432 τοὺς

2095 1467 2453 1537 πλεονεκτικῇ
2482 1466 2778 1536 ξδιαιρέσει,
2811 1465 2904 1520 καὶ
2952 1465 3027 1536 μὴ
3074 1462 3475 1534 συστελλομένη
3515 1461 3667 1530 φόϐῳ

2093 1558 2251 1623 Θεοῦ,
2280 1556 2680 1627 συναγομένους
2717 1555 3150 1619 πολυταλάντους
3174 1553 3503 1626 θησαυροὺς,
3532 1550 3665 1623 ὓλην

2095 1652 2191 1706 τοῦ
2227 1651 2497 1723 μηδέποτε
2526 1649 2888 1720 σϐεννυμένου
2912 1647 3105 1718 πυρός.
3148 1696 3151 1701 ,

491 1751 654 1805 Vsus.
693 1752 778 1806 17.
814 1750 1006 1806 Melius
1031 1761 1108 1805 est
1132 1752 1416 1822 hospitium
1437 1752 1639 1807 olerum
1694 1770 1811 1808 eum
1853 1757 1986 1809 anti-

2166 1761 2252 1826 ιζ’.
2284 1760 2600 1828 Κρείσσων
2636 1757 2923 1827 ξενισμὸς
2964 1753 3251 1825 λαχάνων
3277 1751 3427 1820 πρὸς
3453 1751 3668 1821 φιλίαν

419 1845 547 1897 sitia
569 1853 616 1897 et
645 1845 839 1914 gratia.
892 1843 1183 1900 Pulchrius
1206 1852 1261 1900 et
1309 1844 1693 1900 domicceniutn
1741 1848 1993 1918 simplex,

419 1938 567 1992 olera
596 1937 709 1991 sola
738 1935 937 2006 hospiti
990 1952 1091 1992 suo
1137 1938 1188 1991 in
1239 1938 1420 1992 cibum
1468 1939 1737 2007 apposita,
1772 1938 1905 1995 adeo
1935 1951 1995 1998 ut

365 2032 369 2037 “
420 2028 523 2098 ipsi
546 2026 657 2082 sint
691 2034 846 2098 grata
870 2036 924 2081 et
947 2040 1187 2083 amorem
1223 2026 1537 2082 concilient.

488 2227 662 2293 Quam
694 2228 888 2283 situlus
914 2244 948 2282 a
974 2230 1194 2297 prwsepi
1231 2245 1348 2283 cum
1372 2228 1514 2285 odio.
1561 2229 1732 2296 Quam
1788 2232 1992 2288 vitulus

420 2318 760 2386 saginatusa
821 2318 1048 2388 praesepi
1109 2334 1234 2372 cum
1290 2317 1437 2382 odio,
1488 2319 1541 2372 id
1596 2328 1699 2383 est,
1743 2318 1994 2389 ﬁngentis

417 2403 641 2458 omnino
674 2418 937 2467 amorem,
979 2412 1036 2459 ut
1072 2406 1289 2460 o‘cculte
1326 2406 1503 2461 inviso
1558 2405 1759 2477 hospiti
1818 2407 1994 2477 quod-

416 2494 539 2548 dam
570 2494 957 2550 detrimentum
994 2495 1218 2551 inferat.
1864 2490 1874 2499 ’

488 2599 654 2658 Vsus.
691 2601 777 2657 18.
843 2601 934 2655 Vir
972 2603 1267 2659 iracundus
1293 2617 1573 2681 prceparat
1601 2619 1853 2676 pugnam.
1885 2604 1991 2672 Qui

416 2694 524 2750 cito
557 2694 609 2750 in
659 2695 795 2750 iram
843 2705 1094 2751 movetur
1128 2697 1450 2768 plerumque
1498 2712 1709 2769 pugnas
1770 2697 1827 2752 in
1872 2697 1990 2752 ani-

417 2785 613 2841 mabus
648 2786 915 2842 incendit.

486 2893 825 2967 Longanimis
848 2904 1021 2951 autem
1044 2906 1093 2950 et
1109 2897 1446 2952 exoriendam
1463 2897 1632 2953 sedat.
1651 2896 1751 2964 Qui
1780 2898 1991 2955 ratione

417 2986 551 3041 iram
588 2987 851 3051 dominat,
886 2996 940 3043 et
967 3001 1130 3057 quam
1162 2987 1458 3044 iracundus
1497 2989 1553 3043 in
1588 2990 1708 3058 ipso
1760 2988 1986 3059 jamjam

2097 1851 2192 1905 καί
2227 1849 2427 1919 χάριν.
2451 1849 2572 1901 Ἔτι
2596 1864 2654 1901 τε
2678 1845 2914 1899 καλλίων
2937 1844 3088 1897 ἐστὶν
3110 1840 3333 1909 εὐτελὴς
3350 1839 3554 1903 δίαιτα,
3582 1837 3669 1890 λά⁸

2097 1957 2235 2010 χανα
2265 1939 2399 2010 μόνα
2430 1940 2509 2001 είς
2550 1937 2793 1991 ἑστίασιν
2844 1934 2992 1999 ξένου
3026 1933 3178 2003 παρά
3222 1948 3368 1993 τινος
3412 1928 3667 2002 προτιθέ-

2098 2047 2254 2100 μενα,
2288 2029 2429 2081 ὥστε
2456 2027 2633 2098 τούτῳ
2657 2024 2984 2099 χαρίσασθαι
3004 2025 3099 2079 καὶ
3119 2023 3217 2095 τὴν
3251 2022 3470 2093 ἀγάπην
3499 2018 3663 2075 αὑτοῦ

2094 2119 2421 2189 κτήσασθαι.

2170 2228 2245 2283 Ἢ
2257 2218 2495 2296 μόσχος
2518 2225 2637 2280 ἀπὸ
2661 2225 2893 2294 φάτνης
2916 2224 3068 2295 μετὰ
3091 2224 3329 2292 ἔχθρας.
3365 2221 3434 2275 Ἢ
3466 2221 3665 2292 μόσχος

2096 2320 2338 2383 σιτευτὸς
2368 2318 2476 2373 ἀπὸ
2503 2319 2709 2389 φάτνης
2732 2318 2871 2388 μετά
2895 2317 3088 2387 μίσους
3110 2315 3204 2367 τοῦ
3233 2313 3661 2384 ὑποκριναμένου

2075 2412 2311 2474 ,πάντως
2339 2412 2581 2481 ἀγάπην,
2613 2409 2748 2481 πρὸς
2771 2408 2832 2462 τὸ
2854 2407 3059 2480 βλάϐην
3082 2405 3206 2460 τινὰ
3232 2405 3310 2476 τῷ
3350 2403 3662 2476 μισουμένφ

2093 2498 2395 2568 λεληθότως
2428 2500 2770 2567 ἐπενεγκεῖν.

2127 2620 2132 2625 '
2164 2614 2254 2679 ιη’.
2293 2608 2464 2676 Ἀνὴρ
2489 2606 2763 2677 θυμώδης
2826 2603 3261 2675 παρασκευάζει
3281 2603 3503 2673 μάχην.
3536 2603 3669 2656 ’Λνς

2093 2699 2312 2771 θρωπος
2348 2697 2515 2764 ὀξέως
2563 2698 2883 2769 κινούμενος
2922 2696 3055 2768 πρὸς
3110 2697 3305 2768 θυμὸν,
3357 2696 3664 2751 ὑπανάπτει

2096 2792 2276 2862 μάχας
2302 2793 2423 2855 ταῖς
2449 2790 2648 2861 ψυχαῖς
2676 2790 2785 2843 τῶν
2816 2789 3050 2845 πολλῶν.

2161 2901 2552 2969 Μακρόθυμος
2585 2899 2654 2953 δὲ
2684 2899 2783 2954 καὶ
2806 2899 2919 2968 τὴν
2941 2898 3299 2969 μέλλουσαν
3320 2900 3653 2967 natumn-

2089 3007 2200 3048 νει.
2247 2992 2304 3044 '0
2331 2990 2388 3044 δὲ
2417 2989 2562 3061 λόγῳ
2591 2991 2807 3062 κρατῶν
2834 2993 2927 3043 τοῦ
2963 2989 3158 3061 θυμοῦ,
3191 2991 3287 3043 καὶ
3315 2990 3384 3059 ἢν
3426 2991 3454 3042 δ
3478 2987 3660 3059 θυμώ-

416 3078 692 3144 excitavit,
744 3093 1005 3149 pugnam,
1054 3078 1225 3145 sistit,
1259 3078 1516 3149 illiusque
1553 3078 1689 3134 iram
1755 3094 1853 3134 sua
1894 3094 1986 3150 pa-

2110 3081 2189 3151 ῑης
2228 3080 2411 3150 μέλλει
2440 3082 2498 3135 ἐν
2532 3081 2709 3153 τούτῳ
2737 3081 3002 3153 διεγεῖραι
3037 3081 3240 3152 μάχην,
3281 3079 3655 3146 καταστέλλει,

420 3166 605 3221 tientia
635 3165 925 3222 demulcet.

494 3368 657 3423 Vsus.
677 3366 764 3423 l9.
791 3367 886 3423 Vir
901 3367 1215 3439 longanimis
1235 3370 1527 3441 exstingtiet
1544 3371 1735 3441 ignem.
1755 3370 1857 3437 Qui
1892 3386 1987 3441 po-

416 3471 537 3516 tens
565 3468 646 3516 est
678 3460 792 3525 irae,
819 3467 874 3516 et
894 3461 1120 3518 viriliter
1143 3459 1417 3527 dolorosa,
1451 3461 1519 3516 ab
1547 3463 1655 3517 alio
1683 3462 1786 3518 sibi
1816 3462 1986 3530 illata,

417 3553 674 3613 sustinet,
707 3551 1079 3608 dissensiones
1127 3568 1252 3609 cum
1277 3567 1342 3608 eo
1377 3552 1619 3620 dirimit;
1672 3554 1989 3612 adamanter

390 3642 568 3717 illum
601 3636 735 3697 adiit
766 3650 821 3697 et
847 3640 913 3697 ad
950 3643 1209 3712 paciﬁcas
1249 3643 1530 3715 pactiones
1563 3645 1729 3700 venit.

466 3844 694 3914 ‘Impius
724 3854 900 3898 autem
954 3844 1154 3897 excitat
1202 3845 1391 3915 magis.
1465 3843 1613 3899 Cum‘
1672 3845 1985 3900 mandatum

417 3936 716 3992 charitates
741 3950 849 3990 non
877 3934 1178 4000 custodiat,
1216 3933 1383 3989 Deum
1421 3949 1531 3988 non
1568 3934 1819 3999 honoret,
1869 3951 1983 3991 ma-

415 4027 501 4099 gis
531 4025 779 4082 ascendit
799 4032 855 4080 et
874 4038 1107 4095 pugnas,
1137 4024 1263 4095 quia
1296 4024 1669 4080 indesinenter
1722 4024 1984 4093 decertat,

414 4122 470 4171 et
497 4129 650 4171 suam
676 4114 922 4170 stabilire
957 4113 1153 4184 quaerit
1177 4113 1529 4169 voluntatem.

494 4222 606 4277 Vim
657 4225 925 4294 pigrorum
982 4229 1292 4276 sternuntur
1340 4222 1527 4291 spinis.
1592 4221 1798 4278 Bonum
1874 4238 1984 4279 non

414 4311 792 4380 operantibus,
835 4312 962 4366 vita:
990 4311 1172 4366 exitus
1213 4310 1401 4381 repleti
1432 4318 1561 4366 sunt
1583 4312 1732 4366 curis
1782 4320 1837 4367 et
1890 4328 1988 4366 an-

2091 3176 2156 3243 τῇ
2195 3172 2301 3244 ἰδίᾳ
2353 3173 2676 3246 ἀνεξικακίᾳ
2718 3173 2812 3229 καὶ
2853 3173 2945 3226 τὸν
2990 3174 3199 3228 ἐκείνου
3257 3171 3660 3242 καταπραΰνων

2091 3262 2284 3332 θυμόν.

2159 3370 2549 3439 Μακρόθυμος
2598 3370 2754 3439 ἀνὴρ
2787 3347 3147 3425 κατασϐέσει
3180 3370 3319 3439 πῦρ.
3365 3368 3427 3424 '0
3450 3368 3547 3423 τοῦ
3568 3367 3666 3423 θυ-

2092 3460 2193 3532 μοῦ
2239 3460 2694 3526 κατεξουσιάξων,
2741 3462 2840 3515 καὶ
2889 3460 3151 3529 γενναίως
3197 3459 3378 3531 φέρων
3403 3460 3473 3514 τά
3510 3461 3663 3533 παρά

2086 3569 2231 3615 τινος
2250 3552 2571 3623 ἐπαγόμενα
2596 3552 2837 3624 λυπηρὰ,
2864 3551 2963 3616 τάς
2992 3551 3108 3622 μετ’
3129 3551 3293 3604 αὐτοῦ
3319 3551 3663 3606 καταπαύσει

2087 3640 2374 3706 διενέξεις,
2427 3641 2703 3710 μετελθὼν
2731 3641 2922 3697 τοῦτον
2970 3642 3184 3713 φιλίως,
3218 3642 3312 3695 καὶ
3346 3644 3427 3705 είς
3459 3645 3666 3713 είρηνι-

2089 3732 2190 3797 κάς
2219 3731 2581 3798 συμϐιϐάσεις
2614 3732 2808 3788 ἐλθών.

2167 3839 2222 3891 '0
2277 3838 2349 3893 δὲ
2391 3839 2618 3907 ἀσεϐὴς
2657 3839 2855 3908 ἐγείρῃ
2890 3837 3152 3908 μᾶλλον.
3189 3839 3249 3894 ’0
3272 3839 3330 3893 δὲ
3372 3838 3459 3892 διά
3497 3839 3558 3892 τὸ
3591 3837 3664 3909 μὴ

2085 3932 2274 4003 τηρεῖν
2321 3930 2419 4003 τὴν
2457 3930 2679 4002 ἐντολὴν
2724 3932 2826 4000 τῆς
2867 3930 3110 4001 ἀγάπης,
3150 3930 3283 3985 Θεὸν
3336 3931 3410 4001 μὴ
3459 3931 3662 4001 τιμῶν,

2088 4022 2362 4093 ὐπανάψει
2392 4022 2595 4094 μᾶλλον
2627 4022 2728 4086 τὰς
2759 4022 3052 4094 διαμάχας,
3099 4022 3417 4093 φιλονεικῶν
3451 4022 3667 4077 ἀκατά-

2088 4132 2325 4178 παυστα,
2360 4116 2456 4169 καὶ
2488 4114 2686 4185 στῆσαι
2713 4113 2891 4186 ζητῶν
2920 4116 2980 4169 τὸ
3002 4114 3198 4169 ἑαυτοῦ
3224 4114 3455 4186 θέλημα.

2160 4222 2246 4278 ιϐ’.
2274 4221 2421 4276 Ὀδοί
2446 4221 2676 4292 ἀεργῶν
2717 4223 3083 4291 ἐστρωμέναι
3105 4221 3413 4287 ἀκάνθαις.
3442 4218 3565 4273 Τῶν
3588 4220 3665 4290 μὴ

2088 4314 2468 4385 ἐργαζομένων
2517 4314 2578 4368 τδ
2614 4313 2816 4382 ἀγαθὸν
2855 4313 2914 4366 αἱ
2977 4312 3199 4378 διέξοδοι
3234 4313 3335 4383 τῆς
3383 4311 3529 4382 ζωῆς
3563 4327 3663 4363 πε-

414 4403 728 4467 xietatibus,
769 4417 889 4473 quae
924 4404 1288 4474 undecunque
1329 4418 1446 4472 eos,
1477 4404 1761 4475 spinarum
1813 4419 1982 4467 more,

2110 4405 2448 4476 τληρωμέναι
2472 4406 2581 4458 είσὶ
2614 4403 2896 4475 μεριμνῶν
2928 4403 3025 4458 καὶ
3048 4402 3363 4474 φροντίδων,
3394 4401 3670 4489 πανταχῆ

414 4495 664 4550 dolenter
696 4502 960 4565 pungunt.

484 4603 865 4658 Generosorum
890 4613 1086 4669 autem,
1126 4604 1330 4674 faciles.
1360 4604 1472 4661 Viae
1499 4605 1743 4672 fortium,
1783 4607 1874 4677 qui
1900 4607 1981 4662 la-

412 4692 564 4750 horis
601 4710 744 4750 onus
766 4710 861 4750 sua
892 4696 1096 4751 virtute
1130 4697 1350 4763 tollunt,
1387 4698 1456 4751 ab
1486 4698 1571 4754 his
1604 4701 1861 4756 omnibus
1887 4715 1982 4755 ex-

415 4784 748 4856 pediuntur;
798 4786 852 4840 in
902 4785 1068 4842 Deum
1114 4787 1261 4844 enim
1296 4790 1473 4844 solum
1515 4805 1668 4845 suam
1709 4800 2023 4871 reponunt‘

416 4875 858 4941 sollicitudinem.

431 5006 436 5011 ”
485 4983 650 5041 Vens.
679 4984 769 5043 20.
797 4980 969 5040 Filius
998 4988 1207 5054 sapiens
1238 4988 1477 5056 (arti/icat
1504 4998 1730 5059 patrem.
1762 4989 1917 5057 Quod
1950 5005 1981 5044 a

415 5087 596 5133 mente
620 5086 806 5132 natum
829 5085 933 5145 est,
970 5079 1101 5134 illud
1129 5079 1241 5135 veri
1270 5087 1325 5136 et
1374 5080 1502 5136 boni
1544 5081 1690 5137 haud
1722 5082 1981 5152 ignorans

414 5167 703 5238 judicium,
731 5171 981 5240 corporis
1006 5180 1187 5227 motus
1214 5172 1488 5242 sapienter
1506 5172 1725 5227 ordinat
1748 5183 1801 5228 et
1820 5173 1978 5243 quasi

417 5260 572 5315 freno
602 5260 820 5316 habitus
860 5277 889 5314 a
936 5262 1200 5318 dedecore
1257 5264 1476 5319 cohibet
1506 5271 1563 5319 et
1586 5265 1654 5319 ad
1689 5265 1883 5320 melius
1904 5264 1980 5319 di-

417 5349 575 5420 rigit;
610 5350 683 5405 ita
737 5351 963 5406 omnino
991 5352 1327 5422 spiritualem
1359 5354 1602 5408 lmtitiam
1631 5364 1907 5424 procurat.

491 5531 664 5587 Filias
717 5543 892 5587 autem
943 5512 1166 5588 stolidas
1244 5532 1465 5604 despicit
1518 5543 1773 5595 matrem‘,
1802 5551 1976 5591 suam.

420 5624 571 5689 Quod
627 5639 818 5679 rursus
872 5639 902 5678 a
956 5640 1114 5679 sensu
1178 5625 1519 5695 progenitum
1552 5637 1634 5680 est
1686 5626 1975 5696 judicium.

421 5714 536 5766 veri
566 5714 691 5767 boni
718 5713 992 5782 ignorans,
1024 5714 1389 5769 calumniatur
1424 5730 1665 5784 sensum,
1690 5717 1847 5786 cujus
1880 5718 1980 5772 fal-

2090 4498 2181 4551 θεν
2210 4496 2407 4560 αὐτοὺς
2434 4496 2593 4565 δίκην
2614 4494 2867 4549 ἀκανθῶν
2896 4493 3164 4563 ἀλγεινῶς
3191 4492 3660 4547 κατακεντουσῶν.

2159 4607 2229 4658 Αἱ
2250 4604 2318 4658 δὲ
2350 4602 2470 4657 τῶν
2490 4603 2801 4673 ἀνδρείων,
2830 4602 3008 4658 λεῖαι.
3045 4605 3108 4657 At
3149 4602 3207 4656 δέ
3228 4602 3337 4656 τῶν
3375 4600 3664 4670 γενναίων,

2089 4694 2186 4749 καὶ
2211 4694 2288 4765 τῷ
2322 4694 2565 4765 ἐπιπόνῳ
2581 4694 3063 4766 ἐγκαρτερούντων
3089 4695 3191 4765 τῆς
3214 4695 3439 4766 ἀρετῆς,
3470 4693 3666 4745 πασῶν

2066 4785 2293 4841 ’τούτων
2328 4785 2744 4857 ἀπηλλαγμέναι
2774 4787 2933 4851 είσὶν,
2956 4785 3033 4851 ὡς
3061 4785 3181 4854 Θεῷ
3215 4785 3359 4856 μόνῳ
3393 4783 3669 4853 ἀναθεμέ-

2089 4897 2193 4932 νων
2224 4879 2321 4951 τὴν
2352 4879 2481 4951 περὶ
2511 4878 2711 4943 αὐτοὺς
2741 4879 3037 4951 μέριμναν.

2158 4986 2228 5043 κ’.
2259 4987 2389 5055 Υἱὸς
2439 4987 2631 5057 σοφὸς
2674 4988 2982 5058 εὐφραίνει
3015 4986 3266 5054 πατέρα.
3308 4984 3367 5040 '0
3402 4985 3510 5039 ἀπδ
3539 4984 3663 5047 νοὸς

2087 5080 2426 5151 τικτόμενος,
2470 5081 2791 5151 ἐπιστήμων
2831 5080 2925 5133 τοῦ
2960 5079 3129 5142 ὄντως
3165 5077 3330 5132 καλοῦ
3378 5076 3660 5148 λογισμὸς,

2086 5170 2304 5225 τάσσων
2339 5170 2720 5242 ἐπιστημόνως
2741 5171 2841 5241 τὴν
2869 5167 2964 5222 τοῦ
3012 5168 3266 5240 σώματος
3304 5169 3538 5239 κίνησιν,
3568 5170 3663 5221 καὶ

2087 5261 2248 5314 οἱονεί
2272 5279 2378 5315 τινι
2410 5260 2614 5332 χαλινῷ
2634 5264 2735 5332 τῆς
2760 5260 2898 5333 πρὸς
2918 5261 3150 5334 ἀτοπίαν
3177 5261 3351 5331 φορᾶς
3382 5260 3662 5330 ἀναχαιτί-

2088 5351 2196 5418 ζων
2221 5354 2372 5419 αὐτὸ,
2418 5354 2514 5407 καὶ
2556 5354 2693 5424 πρὸς
2739 5346 2801 5407 τὸ
2834 5353 3046 5423 βέλτιον
3089 5353 3434 5424 μεταφέρων,
3484 5350 3663 5423 χαρὰν

2088 5445 2466 5515 πνευματικὴν
2485 5444 2562 5514 τῷ
2590 5443 2667 5514 νῷ
2690 5445 2962 5514 προξενεῖ.

2166 5533 2296 5599 Υἱὸς
2325 5532 2394 5586 δὲ
2420 5532 2622 5601 ἄφρων
2650 5532 2988 5602 μυκτηρίζει
3034 5532 3260 5603 μητέρα
3292 5529 3495 5586 αὑτοῦ.
3536 5529 3600 5582 '0
3620 5530 3665 5583 δ’

2087 5624 2194 5678 ἀπὸ
2219 5624 2524 5694 αἰσθήσεως
2564 5617 2721 5686 αὖθις
2763 5623 3102 5693 τικτόμενος,
3134 5622 3525 5690 ἀνεπιστήμων
3566 5619 3665 5672 τοῦ

2087 5720 2256 5783 ὅντως
2286 5717 2449 5773 καλοῦ
2478 5717 2759 5788 λσγισμδς,
2803 5717 3082 5772 διαϐάλλει
3115 5716 3214 5788 τὴν
3254 5714 3530 5787 αἴσθησιν,
3560 5711 3667 5784 τὴν
