3958 6202
352 234 479 302 1377

1365 235 1890 297 COMMENTARII
1935 237 2016 297 ΙΝ
2054 235 2504 298 PROVERBIA.

3449 243 3586 303 i378

345 351 510 422 ψευδῆ
573 346 666 403 καὶ
726 345 918 416 ἄλογον
987 346 1192 418 ταύτης
1245 347 1404 428 δόξαν
1460 347 1519 414 ἐξ
1549 347 1726 419 ἔργων
1759 347 1916 418 δηλο-

2051 363 2134 400 am
2175 358 2226 402 et
2269 345 2698 401 irrationabilem
2731 345 3041 416 opinionem
3088 363 3182 417 per
3221 361 3381 412 opera
3413 354 3586 404 mani-

347 442 532 496 ποιῶν.

414 551 524 606 κα’.
569 549 860 616 Ἀνοήτου
885 550 1091 618 τρίϐοι,
1117 549 1342 616 ἐνδεεῖς
1373 549 1626 619 φρει-ῶν.
1659 551 1724 602 Αἱ
1761 548 1914 602 ἀδιά-

2021 440 2198 494 fcstat.

2091 550 2254 604 Vens.
2288 549 2377 602 Ἦ.
2415 549 2520 602 νὶαι
2543 557 2590 602 et
2624 558 2797 619 gestus
2829 549 2982 601 stulti
3037 547 3385 618 intelligentia
3443 548 3582 605 indt-

345 661 520 715 κριτοι
541 639 769 713 πράξεις
820 639 1182 712 ἐστερημέναι
1207 643 1314 694 εἰσὶ
1335 641 1670 712 φρονήσεως,
1695 638 1768 702 ὡς
1791 637 1915 692 ἀλό-

2047 651 2152 694 ent.
2187 641 2318 704 Quae
2357 655 2464 691 non
2517 653 2545 690 a
2574 637 2783 706 judicio
2830 636 3131 706 procedunt
3171 638 3435 700 actiones,
3471 639 3588 692 fru-

343 750 540 803 γιστοι.

427 859 606 928 Ἀνὴρ
638 859 707 912 δὲ
738 859 1044 928 φρόνιμος,
1072 857 1453 912 κατευθύνων
1477 857 1808 924 πορεύεται.
1854 856 1914 907 '0

344 951 400 1004 δὲ
432 953 688 1022 πράττων
712 952 850 1020 μετά
873 949 1056 1017 λόγου,
1075 951 1182 1003 ἀπὸ
1207 940 1301 1003 τοῦ
1328 948 1498 1003 κακοῦ
1525 950 1586 1001 τὺ
1611 947 1774 1001 καλὸν
1798 947 1916 999 δια-

345 1045 567 1114 κρίνων,
597 1045 691 1097 καὶ
719 1043 1036 1113 εὐθυπορῶν
1065 1043 1202 1113 πρὸς
1225 1043 1376 1108 αὐτὸ,
1409 1041 1729 1113 μετέρχεται
1759 1039 1918 1092 τοῦτο

345 1133 466 1186 κατ’
496 1135 528 1186 ἀ
535 1133 720 1204 ρετὴν.

414 1255 520 1325 κβν.
566 1242 994 1324 ’Υπερτιθενται
1035 1256 1369 1326 λογισμοὺς
1403 1259 1456 1310 ol
1500 1255 1586 1324 μὴ
1637 1255 1920 1326 τιμῶντες

345 1345 650 1414 συνέδρια.
679 1349 752 1401 Οὐ
796 1347 1194 1418 παραδέχονται
1243 1347 1454 1416 ἀγαθὰς
1489 1347 1823 1417 συμϐουλίας
1844 1347 1915 1410 οἱ,

343 1438 433 1492 διά
455 1439 516 1492 τὸ
551 1439 758 1491 οἴεσθαι
790 1439 980 1508 ἀρκεῖν
1019 1439 1252 1504 ἑαυτοῖς,
1289 1437 1760 1509 καταφρονοῦντες
1803 1437 1920 1490 δια-

349 1530 670 1584 σκοπεῖσθαι
703 1529 824 1600 μεθ⁹
854 1529 1056 1600 ἐτέρων
1083 1530 1153 1585 τὰ
1181 1531 1392 1585 δέοντα.

431 1656 532 1748 Ἐκ
555 1657 624 1710 δὲ
650 1656 922 1748 καρθίαις
961 1657 1429 1748 ,βουλεύοιιέκων
1461 1657 1643 1748 ’μένει
1687 1659 1914 1748 βουλῇ..
1949 1693 1990 1748 Β

359 1746 447 1799 Ἐν
475 1746 532 1798 δὲ
560 1748 682 1808 ταῖς
725 1744 835 1798 τῶν
871 1745 1096 1814 ἀγαθῶν
1127 1745 1454 1814 συμϐούλων
1482 1745 1685 1816 ψυχαῖς
1735 1745 1916 1816 ἀγαθὴ

349 1835 674 1907 παρεδρεύει
705 1839 817 1899 τοῖς
844 1835 1103 1906 χρῄζουσι
1131 1834 1432 1904 συμϐουλή.

418 1969 524 2029 κγ’.
558 1963 640 2014 Οὐ
669 1959 750 2028 μὴ
773 1961 1094 2029 ὑπακούσῃ
1121 1962 1154 2014 ό
1178 1959 1360 2025 κακὸς
1391 1959 1566 2026 αὐτῇ.
1592 1951 1699 2022 Ἦς
1727 1957 1766 2011 ὀ’
1784 1957 1920 2028 πρὸς

349 2052 547 2105 κακίαν
581 2051 783 2122 ῥέπων,
809 2052 910 2104 οὐκ
939 2049 1258 2116 ὲπακούσει,
1292 2051 1368 2113 ὡς
1391 2049 1631 2114 ἀλαζών.

423 2175 556 2230 Οὐδ’
587 2177 658 2230 οὐ
673 2174 758 2245 μὴ
798 2177 938 2244 eum
977 2176 1208 2244 καίριόν
1231 2193 1282 2228 τι
1299 2175 1396 2228 καὶ
1416 2177 1604 2230 καλὸν
1619 2177 1699 2242 τῷ
1719 2177 1917 2243 κοινῷ.

372 2265 510 2319 Ἀλλ’
537 2267 646 2319 οὐδ’
671 2266 835 2329 αὐτὸς
865 2266 1156 2334 φθέγξεται
1180 2285 1232 2320 τι
1273 2265 1350 2336 τῷ
1383 2267 1560 2337 καιρῷ
1587 2268 1918 2338 πρόσφορον,

351 2359 444 2411 καὶ
463 2358 542 2429 τῷ
573 2357 738 2428 κοινῷ
777 2358 1076 2427 συμφέρον,
1113 2359 1212 2426 τὴν
1267 2357 1476 2412 οἰκείαν
1513 2357 1670 2422 δόξαν
1715 2358 1916 2428 ζητῶν,

351 2449 443 2501 καὶ
471 2449 592 2518 οὐχὶ
615 2447 711 2519 τὴν
740 2448 848 2502 τῶν
869 2448 1130 2502 πλειόνων
1160 2448 1454 2517 ὠφέλειαν.

423 2570 527 2623 κδ’.
575 2568 735 2622 Ὀδοὶ
765 2568 936 2636 ζωῆς,
963 2567 1334 2638 διανοήματα
1391 2570 1674 2636 συνετοῦ,
1706 2571 1806 2624 ἵνα
1825 2572 1922 2624 ἐκ-

353 2663 566 2728 κλίνας
611 2661 680 2715 ἐκ
739 2661 846 2715 τοῦ
879 2661 1049 2728 ᾅδου,
1073 2659 1260 2730 σωθῇ.
1297 2662 1410 2726 Τὰς
1488 2661 1728 2730 ἀγούσας
1785 2663 1921 2734 πρὸς

351 2752 449 2822 τὴν
477 2753 855 2823 πνευματικὴν
879 2752 1024 2821 ζωὴν
1060 2754 1178 2806 κατ’
1231 2753 1434 2824 ἀρετὴν
1464 2754 1690 2822 πορείας
1736 2756 1765 2807 ὁ
1786 2755 1922 2824 πρὸς

353 2841 412 2893 τὸ
441 2841 643 2909 ἀγαθὸν
671 2841 940 2896 συννεύων
964 2842 1251 2895 διασκοπεῖ
1272 2883 1288 2908 ,
1327 2844 1472 2906 ὅπως
1505 2843 1566 2896 τὸ
1591 2843 1691 2911 τῆς
1715 2844 1914 2906 κακίας

355 2931 628 3002 βάραθρον
663 2932 940 3002 ἐκφυγὼν,
986 2931 1120 3004 εὕρῃ
1159 2933 1430 3004 σωτηρίαν
1489 2934 1642 3006 παρὰ
1677 2934 1816 3006 Θεῷ.

425 3059 524 3116 κε’.
565 3061 780 3128 Οῖκους
828 3062 1125 3130 ὑϐριστῶν
1174 3063 1457 3130 κατασπᾷ
1503 3065 1740 3132 Κύριος.
1785 3062 1924 3127 Τοὺς

355 3149 586 3220 ἀνομίας
614 3151 876 3221 ἐργάτας,
904 3153 962 3204 ἐν
990 3145 1070 3214 οἷς
1091 3152 1299 3205 οἰκοῦσι
1335 3151 1406 3204 τὰ
1429 3150 1519 3204 τὸν
1545 3152 1675 3204 Θεὸν
1703 3152 1925 3206 διαϐάλ-

356 3240 469 3292 λειν
525 3239 910 3310 ἐπιχειροῦντα
957 3241 1058 3311 τῆς
1081 3241 1345 3312 πονηρίας
1393 3242 1699 3312 πνεύματα,
1732 3245 1760 3295 ὁ
1815 3244 1924 3295 τῶν

357 3330 492 3383 ὅλων
521 3332 797 3400 Δεσπότης
827 3331 913 3384 διὰ
950 3331 1210 3385 ποικίλων
1261 3332 1583 3402 πειρασμῶν
1622 3334 1920 3402 καθαιρεῖ·

355 3423 450 3476 καὶ
505 3425 570 3491 τῇ
622 3423 1002 3492 ἀρχιτεκτονίᾳ
1056 3423 1150 3476 τοῦ
1195 3424 1532 3493 Πνεύματος,
1587 3425 1928 3492 ἀνοικοδομεῖ

357 3512 580 3574 τούτους
630 3513 946 3582 οἰκητήριον
988 3513 1170 3583 ἐαυτῷ
1200 3527 1214 3542 ·
1265 3513 1429 3565 οἰκῶν
1480 3515 1539 3566 ἐν
1608 3514 1794 3576 αὐτοῖς
1841 3513 1928 3566 διὰ

365 3608 628 3670 πίστεως,
681 3609 775 3658 καὶ
801 3607 1189 3678 ἐμπεριπατῶν
1214 3607 1280 3660 δι’
1331 3608 1593 3680 ἐργασίας
1630 3607 1740 3661 τῶν
1761 3607 1928 3676 ἁγίων

358 3699 522 3752 αὐτοῦ
558 3700 808 3754 ἐντολῶν.

441 3816 802 3884 Ἐστ-ήρισεν
853 3818 1016 3887 ὅριοι*
1043 3818 1257 3888 χήρας.
1300 3819 1600 3891 Ἣδραίωσε
1647 3823 1704 3876 δὲ
1750 3823 1810 3876 ἐν
1859 3825 1926 3896 τῇ

359 3909 671 3981 χηρευούσῃ
708 3911 888 3980 πάσης
919 3912 1115 3978 κακίας
1150 3912 1318 3984 ψυχῇ,
1363 3914 1460 3985 τὴν
1482 3913 1686 3986 ταύτην
1714 3915 1928 3985 ὁρίζου-

361 4019 458 4057 σαν
489 4005 567 4065 εἰς
595 4003 656 4056 τὸ
699 4002 773 4074 μὴ
803 4002 936 4074 πρὸς
959 4004 1156 4058 κακίαν
1193 3997 1624 4076 παρεξέρχεσθαι
1650 4007 1800 4062 θείαν
1829 4008 1930 4060 αὺ-

363 4093 456 4146 τοῦ
509 4095 749 4166 ἐντολὴν,
810 4094 910 4166 τὴν
937 4095 994 4147 ἐν
1015 4094 1092 4165 τῷ
1128 4095 1279 4166 καλῷ
1320 4097 1584 4168 ἀτρεψίαν
1612 4099 1930 4178 τῇιτοιαύτῃ

357 4185 502 4257 ψυχῇ
529 4187 935 4257 δωρησάμενος.

2021 741 2208 786 stratae
2238 739 2364 783 sunt
2395 728 2774 796 intelligentia,
2799 735 3057 796 tanquam
3093 727 3512 782 irrationabiles.

2101 854 2194 906 Vir
2244 853 2474 923 prudens
2528 851 2802 923 dirigenda
2862 852 3114 921 prooedit.
3165 849 3267 916 Qui
3311 867 3435 905 cum
3499 867 3586 906 ra-

2021 948 2168 1000 tione
2200 949 2332 1016 agit,
2367 947 2572 1000 bonum
2606 959 2635 998 a
2665 946 2808 998 malo
2837 943 3102 999 discernit
3129 951 3182 997 et
3202 957 3260 998 se
3289 943 3356 997 ad
3384 944 3586 998 bonum

2018 1039 2119 1094 diri
2129 1043 2202 1108 5it
2227 1059 2254 1110 εν
2277 1039 2364 1094 ille
2397 1037 2698 1094 secundum
2725 1037 2976 1092 virtutem
3009 1037 3209 1090 bonum
3241 1036 3481 1106 attingit.

2095 1257 2360 1312 Vensﬂi.
2390 1256 2687 1327 Prwferunt
2721 1257 3004 1310 ratiocinia
3046 1257 3134 1325 qui
3164 1254 3445 1326 synltedria
3485 1271 3588 1308 non

2017 1349 2302 1403 honorant.
2335 1349 2480 1402 Bona
2503 1350 2730 1404 consilia
2753 1363 2859 1402 non
2885 1349 3178 1416 accipiunt,
3199 1349 3310 1417 qui,
3337 1355 3588 1417 putantes

2021 1439 2234 1506 seipsos
2287 1437 2391 1490 sibi
2441 1436 2705 1501 sutlicere,
2751 1446 3104 1491 contemnunt
3151 1453 3272 1492 cum
3323 1438 3444 1492 aliis
3471 1453 3588 1507 per-

2023 1525 2260 1579 scrutari
2288 1527 2432 1594 quod
2471 1533 2710 1594 oportet.

2095 1650 2161 1705 In
2197 1651 2443 1706 cordibus
2508 1651 2904 1706 consiliantium
2960 1661 3122 1705 restat
3173 1653 3468 1706 consilium.
3531 1653 3590 1706 In

2019 1751 2200 1796 mente
2230 1742 2496 1795 bonorum
2527 1731 2965 1796 consiliarioruin
2999 1757 3096 1810 pro
3112 1743 3488 1811 expetentibus
3509 1743 3593 1796 iu-

2019 1829 2163 1887 sidet
2192 1833 2486 1888 consilium
2513 1831 2738 1886 bonum.

2089 1955 2256 2012 Vens.
2291 1956 2382 2011 25.
2412 1955 2658 2025 Profecto
2686 1973 2788 2010 non
2822 1957 3025 2024 parebit
3051 1957 3130 2010 illi
3159 1958 3353 2012 maltts.
3387 1957 3490 2025 Qui
3533 1958 3590 2013 in

2021 2047 2284 2102 malitiam
2319 2047 2480 2116 repit,
2505 2063 2612 2102 non
2637 2049 2846 2117 parebit
2877 2049 3018 2102 sicut
3043 2064 3186 2104 erro.

2094 2173 2340 2244 Profecto
2371 2191 2463 2228 nec
2487 2174 2615 2243 quid
2671 2175 2956 2243 opportuni
2984 2191 3148 2244 neque
3189 2175 3311 2228 boni
3339 2176 3472 2230 dicet
3495 2195 3594 2246 pu-

2023 2266 2179 2318 blico.
2240 2266 2344 2320 Sed
2375 2281 2473 2320 nec
2524 2267 2638 2334 ipse
2669 2265 2906 2334 proferet
2953 2265 3086 2334 quid
3125 2265 3462 2335 temporibus
3503 2282 3592 2320 ac-

2021 2357 2429 2412 commodatum
2459 2365 2514 2410 et
2539 2356 2760 2425 publico
2799 2357 3143 2420 inserviens;
3197 2371 3350 2411 suam
3401 2359 3592 2426 quaerit

2021 2449 2252 2520 gloriam
2277 2455 2328 2502 et
2359 2447 2581 2502 minime
2599 2448 2838 2500 aliorum
2865 2447 3178 2501 utilitatem.

2095 2569 2262 2625 Vens.
2291 2570 2380 2625 24.
2417 2569 2621 2623 Itinera
2672 2571 2812 2634 ritw,
2849 2571 3194 2640 cogitationes
3230 2571 3590 2642 iutelligentis.

2023 2663 2102 2715 ita
2129 2671 2187 2714 ut
2218 2660 2490 2714 declinans
2523 2665 2584 2714 ab
2616 2659 2842 2726 inferno,
2876 2660 3052 2714 salvus
3089 2662 3294 2714 evadat.
3355 2661 3484 2726 Quae
3525 2661 3591 2714 ad

2023 2752 2360 2822 spiritualem
2389 2751 2576 2818 vitam,
2611 2750 2909 2806 secundum
2941 2752 3446 2816 virtutem,ducunt
3495 2753 3614 2812 viae.

2025 2843 2338 2912 speculatur
2359 2843 2426 2896 ad
2455 2843 2654 2896 bonum
2679 2857 3002 2911 propensus,
3037 2843 3108 2896 ita
3161 2853 3242 2910 ut,
3291 2843 3596 2915 ellugiendo

2023 2936 2244 2990 malitiae
2277 2935 2614 3000 barathrum,
2645 2929 2875 2990 salutem
2904 2949 2932 2987 a
2961 2935 3188 2990 Domino
3205 2945 3591 3005 consequatur.

1951 3027 1993 3085 ο
2096 3060 2264 3117 Vens.
2309 3060 2398 3114 25.
2459 3059 2660 3114 Domus
2704 3061 2986 3128 impiorum
3051 3061 3256 3130 dejiciet
3315 3061 3594 3116 Dominus.

2025 3150 2329 3220 Operantes
2361 3143 2725 3220 iniquitatem,
2749 3181 2818 3192 ——
2849 3151 2940 3206 ubi
2973 3151 3219 3206 habitant
3251 3153 3324 3206 illi
3345 3155 3598 3223 nequitiae

2027 3245 2256 3315 spiritus
2295 3244 2386 3313 qui
2417 3242 2586 3297 Deum
2611 3244 2935 3298 calumniari
2955 3253 3242 3306 conantur.
3293 3277 3362 3286 —
3383 3261 3479 3315 per
3508 3261 3598 3298 va-

2026 3338 2138 3392 rias
2168 3335 2505 3391 tentationes
2535 3335 2818 3401 destruet;
2877 3344 2932 3390 et
2981 3351 3078 3404 per
3127 3337 3588 3391 arcltitectoniceu

2028 3425 2256 3496 spiritus
2285 3426 2466 3479 denuo
2494 3414 2784 3480 adiﬁcabit
2825 3427 2945 3481 illos
2973 3427 3026 3479 in
3071 3426 3439 3481 habitaculum
3470 3427 3594 3492 sibi;

2028 3517 2460 3572 commorabitur
2517 3517 2574 3570 in
2635 3517 2744 3571 illis
2785 3533 2882 3586 per
2915 3515 3072 3571 [idem
3113 3527 3168 3573 et
3229 3519 3598 3574 deambulabit

2029 3621 2124 3676 per
2149 3607 2518 3677 operationem
2558 3615 2868 3661 sanctorum
2909 3615 3298 3678 praceptorum
3347 3625 3594 3664 suorum.

2103 3819 2368 3877 Fit-movit
2404 3822 2654 3876 terminos
2673 3822 2861 3878 t'idute.
2888 3821 3223 3878 Fundamina
3255 3825 3402 3892 ponit
3433 3826 3484 3879 in
3510 3840 3596 3886 ea.

2029 3929 2152 3983 quae
2201 3914 2271 3969 ab
2321 3915 2468 3968 onmi
2529 3915 2736 3968 malitia
2784 3915 3000 3968 viduata
3049 3926 3133 3970 est
3184 3915 3385 3979 anima,
3437 3929 3596 3984 quam

2031 4005 2223 4061 deﬁnit
2259 4022 2328 4061 ne
2350 4023 2414 4060 ex
2441 4007 2628 4061 divino
2660 4009 2978 4078 prmscripto
3019 4007 3084 4062 ad
3125 4009 3388 4064 malitiam
3414 4018 3598 4063 trans-

2031 4095 2350 4166 grediatur;
2399 4105 2683 4166 propterea
2726 4098 2886 4150 talem
2925 4098 3160 4151 animam
3209 4100 3263 4152 in
3321 4099 3463 4154 bono
3517 4101 3597 4156 in-

2032 4187 2275 4242 territam
2311 4186 2494 4242 eilicit.

429 4317 544 4376 κς⁹.
572 4311 882 4382 Βδέλυγμα
911 4313 1105 4380 Κυρίῳ
1136 4314 1430 4383 λογισμὸς
1493 4315 1720 4383 ἄδικος.
1753 4317 1924 4386 Μιση-

2104 4316 2268 4372 Vens.
2292 4315 2382 4370 26.
2421 4316 2754 4372 Abominatio
2796 4317 3038 4382 Domino,
3077 4319 3414 4374 ratiocinium
3452 4321 3596 4390 inju-

359 4405 449 4457 τὸν
470 4405 620 4474 ποιρά
673 4405 790 4476 Θεῷ
817 4408 910 4459 καὶ
941 4407 1000 4460 τὸ
1037 4410 1344 4478 παράλογον
1386 4408 1660 4481 ἐνθύμιον,
1695 4410 1769 4474 ὡς
1804 4411 1929 4482 ῥίζα

363 4495 457 4549 τοῦ
495 4497 665 4550 κακοῦ
701 4501 964 4566 πεφυκός.

445 4619 672 4691 Ἀγνῶν
698 4623 766 4676 δὲ
801 4621 1038 4690 ῥήσεις,
1083 4626 1316 4692 σεμναί.
1347 4626 1466 4678 Τῶν
1495 4626 1552 4678 δὲ
1599 4627 1930 4698 καθαρευόν-

363 4731 470 4766 των
535 4715 640 4767 ἀπὸ
676 4715 782 4767 τῶν
814 4715 1065 4786 πονηρῶν
1094 4717 1492 4788 ἐνθυμημάτων
1517 4719 1686 4788 σεμνά
1719 4721 1814 4772 καὶ
1861 4719 1930 4773 τά

363 4799 710 4875 ρἠατα,οἷά
741 4823 882 4868 τινες
915 4807 1152 4874 εὐγενεῖς
1185 4808 1387 4874 κλάδοι,
1415 4809 1472 4876 ἐξ
1506 4809 1718 4881 ἀγαθῆς
1749 4809 1925 4882 ῥίζης,

361 4901 460 4967 τῆς
491 4897 901 4969 καθαρευούσης
929 4897 1183 4964 διανοίας,
1215 4897 1596 4968 βλαστάνοντα.

432 5021 538 5086 κζ’.
595 5022 956 5086 Ἐξόλλυσιν
996 5021 1213 5077 ἑαυτὸν
1261 5025 1293 5076 ὀ
1349 5023 1757 5095 δωρολήπτης.
1811 5027 1928 5094 Ἐξ-

363 5114 655 5166 απόλλυσιν
687 5114 878 5167 ἐαυτὸν
927 5117 956 5166 ὁ
1001 5114 1150 5184 δῶρα
1185 5113 1494 5183 λαμϐάνων,
1521 5116 1616 5168 καὶ
1649 5117 1930 5187 προδιδοὺς

363 5203 464 5273 τὴν
528 5203 805 5273 ἀλήθειαν,
853 5204 984 5258 Θεοῦ
1025 5205 1124 5274 τῆς
1176 5205 1566 5277 αὐτοαληθείας
1621 5207 1931 5276 ἀποτυγχά-

363 5313 488 5348 νων.

445 5435 510 5489 Ὀ
531 5435 600 5490 δὲ
623 5435 823 5503 μισῶν
855 5435 1055 5503 δάιιπωι·
1095 5413 1336 5506 λήψεις,
1395 5439 1654 5500 σώζεται.
1691 5441 1747 5492 '0
1787 5441 1842 5493 δὲ
1869 5441 1930 5493 τὸ

365 5523 657 5594 λαμϐάνειν
683 5529 760 5590 εἰς
793 5526 1047 5598 ἀθέτησιν
1081 5529 1180 5598 τῆς
1231 5530 1486 5600 ἀληθείας
1516 5531 1926 5601 ἀποστρεφόμε-

363 5631 473 5682 νος,
508 5617 776 5688 σωτηρίας
805 5619 1055 5688 τυγχάνει
1090 5621 1238 5692 παρά
1271 5613 1440 5690 Θεῷ.’

2033 4418 2192 4464 stum.
2215 4408 2474 4464 Odiosum
2503 4409 2736 4464 Domino
2767 4411 3138 4465 irrationabile
3160 4411 3446 4480 judicium,
3469 4415 3598 4482 quia

2031 4501 2183 4555 radix
2219 4511 2304 4556 est
2345 4502 2739 4570 perversitatis.

2102 4623 2808 4704 CandidorumOelocutiones
2845 4627 3172 4684 venerande.
3205 4627 3308 4693 Qui
3334 4643 3394 4684 se
3419 4645 3450 4684 a
3479 4645 3602 4699 pra-

2032 4715 2116 4769 vis
2179 4715 2612 4783 cogitationibus
2666 4718 2988 4784 emundant,
3047 4719 3246 4774 horum
3296 4721 3600 4774 verecunda

2013 4814 2168 4862 .sunt
2199 4814 2253 4860 et
2285 4808 2448 4861 verba
2507 4823 2622 4862 rex
2689 4810 2976 4878 puriﬁcata
3032 4819 3214 4867 mente
3271 4815 3598 4883 germinant,

2031 4895 2190 4964 quasi
2219 4911 2284 4950 ex
2313 4895 2452 4950 bona
2475 4896 2657 4952 radice
2687 4901 2921 4954 virentes
2957 4901 3178 4956 ramuli.

2104 5017 2268 5073 Vens.
2305 5019 2398 5073 27.
2449 5019 2690 5089 Seipsttm
2751 5023 2947 5090 perdit,
3008 5023 3268 5080 donorum
3335 5037 3594 5096 acceptor.

2031 5111 2216 5164 Perdit
2264 5112 2504 5181 seipsum
2555 5115 2646 5182 qui
2723 5131 2946 5169 numera
3005 5119 3251 5188 recipit:
3317 5122 3598 5176 veritatem

2033 5207 2236 5275 prodit,
2273 5215 2326 5260 et
2361 5205 2528 5261 Deum
2579 5211 2824 5264 veritatis
2853 5211 3074 5264 amittit.

2103 5445 2209 5511 Qui
2237 5461 2512 5499 munerum
2544 5449 2865 5518 acceptiones
2903 5451 3035 5514 odit,
3067 5451 3376 5506 salvabitur.
3405 5451 3508 5518 Qui
3532 5453 3598 5509 ad

2031 5533 2390 5602 dejiciendam
2447 5538 2724 5592 veritatem
2782 5543 3028 5610 accipere
3085 5543 3284 5606 renuit,
3318 5543 3598 5599 salutema

2033 5623 2142 5678 Deo
2168 5627 2537 5696 consequitur.
