  <div class='ocr_page' id='page_1' title='image "/cluster/home/n/w/nwhite01/storage/ocr_20150623/87:1/hvd.32044073502353/695.png"; bbox 0 0 3950 6206; ppageno 0'>
   <div class='ocr_carea' id='block_1_1' title="bbox 393 237 530 302">
    <p class='ocr_par' dir='ltr' id='par_1_1' title="bbox 393 237 530 302">
     <span class='ocr_line' id='line_1_1' title="bbox 393 237 530 302; baseline 0 -1"><span class='ocrx_word' id='word_1_1' title='bbox 393 239 411 301; x_wconf 82' lang='grc'><strong>1</strong></span> <span class='ocrx_word' id='word_1_2' title='bbox 426 237 530 302; x_wconf 66' lang='grc' dir='ltr'><strong>δ’Τξ)</strong></span> 
     </span>
    </p>
   </div>
   <div class='ocr_carea' id='block_1_2' title="bbox 391 439 1976 510">
    <p class='ocr_par' dir='ltr' id='par_1_2' title="bbox 391 439 1976 510">
     <span class='ocr_line' id='line_1_2' title="bbox 391 439 1976 510; baseline -0.001 -13"><span class='ocrx_word' id='word_1_3' title='bbox 391 441 787 498; x_wconf 81' lang='lat' dir='ltr'><strong>Misericordiis</strong></span> <span class='ocrx_word' id='word_1_4' title='bbox 866 439 921 494; x_wconf 91' lang='lat' dir='ltr'><strong>in</strong></span> <span class='ocrx_word' id='word_1_5' title='bbox 967 454 1238 510; x_wconf 88' lang='lat' dir='ltr'><strong>pauperes</strong></span> <span class='ocrx_word' id='word_1_6' title='bbox 1295 449 1350 495; x_wconf 89' lang='lat' dir='ltr'><strong>et</strong></span> <span class='ocrx_word' id='word_1_7' title='bbox 1408 441 1625 497; x_wconf 85' lang='lat' dir='ltr'><strong>liduciis</strong></span> <span class='ocrx_word' id='word_1_8' title='bbox 1669 442 1723 496; x_wconf 88' lang='lat' dir='ltr'><strong>in</strong></span> <span class='ocrx_word' id='word_1_9' title='bbox 1785 441 1976 509; x_wconf 89' lang='lat' dir='ltr'><strong>Deum,</strong></span> 
     </span>
    </p>
   </div>
   <div class='ocr_carea' id='block_1_3' title="bbox 395 528 1981 601">
    <p class='ocr_par' dir='ltr' id='par_1_3' title="bbox 395 528 1981 601">
     <span class='ocr_line' id='line_1_3' title="bbox 395 528 1981 601; baseline 0.001 -16"><span class='ocrx_word' id='word_1_10' title='bbox 395 530 552 601; x_wconf 87' lang='lat' dir='ltr'><strong>quasi</strong></span> <span class='ocrx_word' id='word_1_11' title='bbox 595 530 649 584; x_wconf 88' lang='lat' dir='ltr'><strong>in</strong></span> <span class='ocrx_word' id='word_1_12' title='bbox 685 528 993 597; x_wconf 84' lang='lat' dir='ltr'><strong>Fartorem,</strong></span> <span class='ocrx_word' id='word_1_13' title='bbox 1031 529 1371 601; x_wconf 84' lang='lat' dir='ltr'><strong>provisorem</strong></span> <span class='ocrx_word' id='word_1_14' title='bbox 1403 539 1455 585; x_wconf 86' lang='lat' dir='ltr'><strong>et</strong></span> <span class='ocrx_word' id='word_1_15' title='bbox 1484 530 1751 598; x_wconf 88' lang='lat' dir='ltr'><strong>judicem,</strong></span> <span class='ocrx_word' id='word_1_16' title='bbox 1782 531 1981 587; x_wconf 88' lang='lat' dir='ltr'><strong>eluun-</strong></span> 
     </span>
    </p>
   </div>
   <div class='ocr_carea' id='block_1_4' title="bbox 390 623 1976 698">
    <p class='ocr_par' dir='ltr' id='par_1_4' title="bbox 390 623 1976 698">
     <span class='ocr_line' id='line_1_4' title="bbox 390 623 1976 698; baseline 0 -18"><span class='ocrx_word' id='word_1_17' title='bbox 390 635 479 680; x_wconf 90' lang='lat' dir='ltr'><strong>tur</strong></span> <span class='ocrx_word' id='word_1_18' title='bbox 516 624 592 679; x_wconf 90' lang='lat' dir='ltr'><strong>illi</strong></span> <span class='ocrx_word' id='word_1_19' title='bbox 616 639 645 679; x_wconf 85' lang='lat' dir='ltr'><strong>a</strong></span> <span class='ocrx_word' id='word_1_20' title='bbox 676 624 817 680; x_wconf 89' lang='lat' dir='ltr'><strong>bono</strong></span> <span class='ocrx_word' id='word_1_21' title='bbox 848 632 902 679; x_wconf 91' lang='lat' dir='ltr'><strong>et</strong></span> <span class='ocrx_word' id='word_1_22' title='bbox 927 624 1155 679; x_wconf 86' lang='lat' dir='ltr'><strong>veritate</strong></span> <span class='ocrx_word' id='word_1_23' title='bbox 1184 623 1490 690; x_wconf 81' lang='lat' dir='ltr'><strong>discessus,</strong></span> <span class='ocrx_word' id='word_1_24' title='bbox 1527 625 1624 695; x_wconf 87' lang='lat' dir='ltr'><strong>qui</strong></span> <span class='ocrx_word' id='word_1_25' title='bbox 1681 640 1778 696; x_wconf 84' lang='lat' dir='ltr'><strong>per</strong></span> <span class='ocrx_word' id='word_1_26' title='bbox 1813 624 1976 698; x_wconf 82' lang='lat' dir='ltr'><strong>fragi-</strong></span> 
     </span>
    </p>
   </div>
   <div class='ocr_carea' id='block_1_5' title="bbox 391 715 1656 787">
    <p class='ocr_par' dir='ltr' id='par_1_5' title="bbox 391 715 1656 787">
     <span class='ocr_line' id='line_1_5' title="bbox 391 715 1656 787; baseline -0.002 -13"><span class='ocrx_word' id='word_1_27' title='bbox 391 720 600 775; x_wconf 89' lang='lat' dir='ltr'><strong>litatem</strong></span> <span class='ocrx_word' id='word_1_28' title='bbox 641 728 696 772; x_wconf 82' lang='lat' dir='ltr'><strong>et</strong></span> <span class='ocrx_word' id='word_1_29' title='bbox 736 718 1104 787; x_wconf 71' lang='lat' dir='ltr'><strong>ignorantiam</strong></span> <span class='ocrx_word' id='word_1_30' title='bbox 1163 715 1394 775; x_wconf 85' lang='lat' dir='ltr'><strong>admissi</strong></span> <span class='ocrx_word' id='word_1_31' title='bbox 1431 717 1656 774; x_wconf 85' lang='lat' dir='ltr'><strong>iuerint.</strong></span> 
     </span>
    </p>
   </div>
   <div class='ocr_carea' id='block_1_6' title="bbox 470 845 1978 903">
    <p class='ocr_par' dir='ltr' id='par_1_6' title="bbox 470 845 1978 903">
     <span class='ocr_line' id='line_1_6' title="bbox 470 845 1978 903; baseline 0.002 -4"><span class='ocrx_word' id='word_1_32' title='bbox 470 845 534 902; x_wconf 88' lang='lat' dir='ltr'><strong>In</strong></span> <span class='ocrx_word' id='word_1_33' title='bbox 567 847 754 903; x_wconf 85' lang='lat' dir='ltr'><strong>timore</strong></span> <span class='ocrx_word' id='word_1_34' title='bbox 787 845 998 901; x_wconf 79' lang='lat' dir='ltr'><strong>Domini</strong></span> <span class='ocrx_word' id='word_1_35' title='bbox 1022 845 1257 901; x_wconf 79' lang='lat' dir='ltr'><strong>declinat</strong></span> <span class='ocrx_word' id='word_1_36' title='bbox 1286 847 1460 903; x_wconf 87' lang='lat' dir='ltr'><strong>omnis</strong></span> <span class='ocrx_word' id='word_1_37' title='bbox 1499 863 1532 901; x_wconf 90' lang='lat' dir='ltr'><strong>a</strong></span> <span class='ocrx_word' id='word_1_38' title='bbox 1580 848 1747 902; x_wconf 82' lang='lat' dir='ltr'><strong>malo.</strong></span> <span class='ocrx_word' id='word_1_39' title='bbox 1782 845 1978 903; x_wconf 88' lang='lat' dir='ltr'><strong>Divino</strong></span> 
     </span>
    </p>
   </div>
   <div class='ocr_carea' id='block_1_7' title="bbox 392 936 1975 1008">
    <p class='ocr_par' dir='ltr' id='par_1_7' title="bbox 392 936 1975 1008">
     <span class='ocr_line' id='line_1_7' title="bbox 392 936 1975 1008; baseline 0 -15"><span class='ocrx_word' id='word_1_40' title='bbox 392 949 448 994; x_wconf 82' lang='lat' dir='ltr'><strong>et</strong></span> <span class='ocrx_word' id='word_1_41' title='bbox 478 938 759 993; x_wconf 87' lang='lat' dir='ltr'><strong>dominico</strong></span> <span class='ocrx_word' id='word_1_42' title='bbox 794 937 1016 1003; x_wconf 78' lang='lat' dir='ltr'><strong>timore,</strong></span> <span class='ocrx_word' id='word_1_43' title='bbox 1044 951 1111 992; x_wconf 79' lang='lat' dir='ltr'><strong>ex</strong></span> <span class='ocrx_word' id='word_1_44' title='bbox 1143 936 1249 992; x_wconf 78' lang='lat' dir='ltr'><strong>(ide</strong></span> <span class='ocrx_word' id='word_1_45' title='bbox 1278 937 1637 1008; x_wconf 84' lang='lat' dir='ltr'><strong>procedente,</strong></span> <span class='ocrx_word' id='word_1_46' title='bbox 1671 938 1975 1008; x_wconf 83' lang='lat' dir='ltr'><strong>nequitiam</strong></span> 
     </span>
    </p>
   </div>
   <div class='ocr_carea' id='block_1_8' title="bbox 393 1025 1979 1100">
    <p class='ocr_par' dir='ltr' id='par_1_8' title="bbox 393 1025 1979 1100">
     <span class='ocr_line' id='line_1_8' title="bbox 393 1025 1979 1100; baseline -0.001 -19"><span class='ocrx_word' id='word_1_47' title='bbox 393 1029 660 1100; x_wconf 77' lang='lat' dir='ltr'><strong>eli‘ugiunt</strong></span> <span class='ocrx_word' id='word_1_48' title='bbox 690 1042 918 1091; x_wconf 86' lang='lat' dir='ltr'><strong>omnes;</strong></span> <span class='ocrx_word' id='word_1_49' title='bbox 957 1042 1080 1081; x_wconf 87' lang='lat' dir='ltr'><strong>nam</strong></span> <span class='ocrx_word' id='word_1_50' title='bbox 1113 1029 1209 1096; x_wconf 90' lang='lat' dir='ltr'><strong>qui</strong></span> <span class='ocrx_word' id='word_1_51' title='bbox 1245 1026 1425 1082; x_wconf 80' lang='lat' dir='ltr'><strong>credit</strong></span> <span class='ocrx_word' id='word_1_52' title='bbox 1454 1026 1509 1081; x_wconf 92' lang='lat' dir='ltr'><strong>in</strong></span> <span class='ocrx_word' id='word_1_53' title='bbox 1540 1025 1979 1091; x_wconf 89' lang='lat' dir='ltr'><strong>Domino,casti-</strong></span> 
     </span>
    </p>
   </div>
   <div class='ocr_carea' id='block_1_9' title="bbox 394 1117 1979 1191">
    <p class='ocr_par' dir='ltr' id='par_1_9' title="bbox 394 1117 1979 1191">
     <span class='ocr_line' id='line_1_9' title="bbox 394 1117 1979 1191; baseline -0.001 -18"><span class='ocrx_word' id='word_1_54' title='bbox 394 1122 667 1191; x_wconf 84' lang='lat' dir='ltr'><strong>gationem</strong></span> <span class='ocrx_word' id='word_1_55' title='bbox 705 1122 883 1185; x_wconf 85' lang='lat' dir='ltr'><strong>timet,</strong></span> <span class='ocrx_word' id='word_1_56' title='bbox 917 1133 1081 1189; x_wconf 87' lang='lat' dir='ltr'><strong>quam</strong></span> <span class='ocrx_word' id='word_1_57' title='bbox 1118 1117 1358 1174; x_wconf 88' lang='lat' dir='ltr'><strong>timendo</strong></span> <span class='ocrx_word' id='word_1_58' title='bbox 1385 1119 1625 1174; x_wconf 85' lang='lat' dir='ltr'><strong>abstinet</strong></span> <span class='ocrx_word' id='word_1_59' title='bbox 1651 1134 1681 1173; x_wconf 93' lang='lat' dir='ltr'><strong>a</strong></span> <span class='ocrx_word' id='word_1_60' title='bbox 1706 1118 1979 1189; x_wconf 67' lang='lat' dir='ltr'><strong>passiouio</strong></span> 
     </span>
    </p>
   </div>
   <div class='ocr_carea' id='block_1_10' title="bbox 395 1216 515 1269">
    <p class='ocr_par' dir='ltr' id='par_1_10' title="bbox 395 1216 515 1269">
     <span class='ocr_line' id='line_1_10' title="bbox 395 1216 515 1269; baseline 0 -2"><span class='ocrx_word' id='word_1_61' title='bbox 395 1216 515 1269; x_wconf 89' lang='lat' dir='ltr'><strong>bus.</strong></span> 
     </span>
    </p>
   </div>
   <div class='ocr_carea' id='block_1_11' title="bbox 468 1335 1978 1409">
    <p class='ocr_par' dir='ltr' id='par_1_11' title="bbox 468 1335 1978 1409">
     <span class='ocr_line' id='line_1_11' title="bbox 468 1335 1978 1409; baseline 0 -16"><span class='ocrx_word' id='word_1_62' title='bbox 468 1339 634 1395; x_wconf 71' lang='lat' dir='ltr'><strong>Vens.</strong></span> <span class='ocrx_word' id='word_1_63' title='bbox 665 1339 757 1395; x_wconf 67' lang='lat'><strong>28.</strong></span> <span class='ocrx_word' id='word_1_64' title='bbox 808 1339 989 1395; x_wconf 80' lang='lat' dir='ltr'><strong>Corda</strong></span> <span class='ocrx_word' id='word_1_65' title='bbox 1030 1338 1309 1409; x_wconf 85' lang='lat' dir='ltr'><strong>juslorum</strong></span> <span class='ocrx_word' id='word_1_66' title='bbox 1352 1347 1545 1392; x_wconf 87' lang='lat' dir='ltr'><strong>curant</strong></span> <span class='ocrx_word' id='word_1_67' title='bbox 1578 1337 1644 1392; x_wconf 86' lang='lat' dir='ltr'><strong>de</strong></span> <span class='ocrx_word' id='word_1_68' title='bbox 1687 1336 1812 1408; x_wconf 81' lang='lat' dir='ltr'><strong>ﬁde.</strong></span> <span class='ocrx_word' id='word_1_69' title='bbox 1845 1335 1978 1404; x_wconf 67' lang='lat' dir='ltr'><strong>Qua:</strong></span> 
     </span>
    </p>
   </div>
   <div class='ocr_carea' id='block_1_12' title="bbox 388 1431 1979 1504">
    <p class='ocr_par' dir='ltr' id='par_1_12' title="bbox 388 1431 1979 1504">
     <span class='ocr_line' id='line_1_12' title="bbox 388 1431 1979 1504; baseline 0 -18"><span class='ocrx_word' id='word_1_70' title='bbox 388 1432 546 1503; x_wconf 66' lang='lat' dir='ltr'><strong>juxta</strong></span> <span class='ocrx_word' id='word_1_71' title='bbox 573 1434 722 1504; x_wconf 86' lang='lat' dir='ltr'><strong>leges</strong></span> <span class='ocrx_word' id='word_1_72' title='bbox 744 1433 964 1491; x_wconf 90' lang='lat' dir='ltr'><strong>divinas</strong></span> <span class='ocrx_word' id='word_1_73' title='bbox 994 1441 1399 1489; x_wconf 83' lang='lat' dir='ltr'><strong>conversantur</strong></span> <span class='ocrx_word' id='word_1_74' title='bbox 1434 1433 1634 1488; x_wconf 67' lang='lat' dir='ltr'><strong>animae</strong></span> <span class='ocrx_word' id='word_1_75' title='bbox 1693 1431 1979 1501; x_wconf 83' lang='lat' dir='ltr'><strong>obsequiis</strong></span> 
     </span>
    </p>
   </div>
   <div class='ocr_carea' id='block_1_13' title="bbox 391 1523 1977 1595">
    <p class='ocr_par' dir='ltr' id='par_1_13' title="bbox 391 1523 1977 1595">
     <span class='ocr_line' id='line_1_13' title="bbox 391 1523 1977 1595; baseline -0.001 -16"><span class='ocrx_word' id='word_1_76' title='bbox 391 1526 704 1580; x_wconf 89' lang='lat' dir='ltr'><strong>divinorum</strong></span> <span class='ocrx_word' id='word_1_77' title='bbox 760 1525 1147 1580; x_wconf 87' lang='lat' dir='ltr'><strong>mandatorum</strong></span> <span class='ocrx_word' id='word_1_78' title='bbox 1184 1523 1514 1579; x_wconf 88' lang='lat' dir='ltr'><strong>incumbunt</strong></span> <span class='ocrx_word' id='word_1_79' title='bbox 1577 1538 1813 1595; x_wconf 87' lang='lat' dir='ltr'><strong>semper,</strong></span> <span class='ocrx_word' id='word_1_80' title='bbox 1848 1523 1977 1594; x_wconf 85' lang='lat' dir='ltr'><strong>quia</strong></span> 
     </span>
    </p>
   </div>
   <div class='ocr_carea' id='block_1_14' title="bbox 392 1615 1477 1687">
    <p class='ocr_par' dir='ltr' id='par_1_14' title="bbox 392 1615 1477 1687">
     <span class='ocr_line' id='line_1_14' title="bbox 392 1615 1477 1687; baseline -0.002 -15"><span class='ocrx_word' id='word_1_81' title='bbox 392 1617 695 1672; x_wconf 85' lang='lat' dir='ltr'><strong>secundum</strong></span> <span class='ocrx_word' id='word_1_82' title='bbox 732 1625 969 1673; x_wconf 88' lang='lat' dir='ltr'><strong>mentem</strong></span> <span class='ocrx_word' id='word_1_83' title='bbox 1002 1630 1237 1687; x_wconf 88' lang='lat' dir='ltr'><strong>peccare</strong></span> <span class='ocrx_word' id='word_1_84' title='bbox 1261 1615 1477 1671; x_wconf 87' lang='lat' dir='ltr'><strong>nolunt.</strong></span> 
     </span>
    </p>
   </div>
   <div class='ocr_carea' id='block_1_15' title="bbox 463 1831 1977 1904">
    <p class='ocr_par' dir='ltr' id='par_1_15' title="bbox 463 1831 1977 1904">
     <span class='ocr_line' id='line_1_15' title="bbox 463 1831 1977 1904; baseline -0.005 -11"><span class='ocrx_word' id='word_1_85' title='bbox 463 1838 536 1894; x_wconf 92' lang='lat' dir='ltr'><strong>0s</strong></span> <span class='ocrx_word' id='word_1_86' title='bbox 575 1838 860 1904; x_wconf 84' lang='lat' dir='ltr'><strong>impiorum</strong></span> <span class='ocrx_word' id='word_1_87' title='bbox 913 1834 1194 1904; x_wconf 80' lang='lat' dir='ltr'><strong>responde!</strong></span> <span class='ocrx_word' id='word_1_88' title='bbox 1243 1834 1412 1890; x_wconf 84' lang='lat' dir='ltr'><strong>mala.</strong></span> <span class='ocrx_word' id='word_1_89' title='bbox 1469 1833 1640 1888; x_wconf 87' lang='lat' dir='ltr'><strong>Deum</strong></span> <span class='ocrx_word' id='word_1_90' title='bbox 1694 1847 1793 1904; x_wconf 91' lang='lat' dir='ltr'><strong>per</strong></span> <span class='ocrx_word' id='word_1_91' title='bbox 1833 1831 1977 1886; x_wconf 89' lang='lat' dir='ltr'><strong>bona</strong></span> 
     </span>
    </p>
   </div>
   <div class='ocr_carea' id='block_1_16' title="bbox 390 1925 1976 1999">
    <p class='ocr_par' dir='ltr' id='par_1_16' title="bbox 390 1925 1976 1999">
     <span class='ocr_line' id='line_1_16' title="bbox 390 1925 1976 1999; baseline -0.005 -16"><span class='ocrx_word' id='word_1_92' title='bbox 390 1943 555 1999; x_wconf 83' lang='lat' dir='ltr'><strong>Opera</strong></span> <span class='ocrx_word' id='word_1_93' title='bbox 596 1941 704 1981; x_wconf 91' lang='lat' dir='ltr'><strong>non</strong></span> <span class='ocrx_word' id='word_1_94' title='bbox 766 1927 1193 1988; x_wconf 87' lang='lat' dir='ltr'><strong>honorantibus,</strong></span> <span class='ocrx_word' id='word_1_95' title='bbox 1225 1933 1282 1980; x_wconf 90' lang='lat' dir='ltr'><strong>et</strong></span> <span class='ocrx_word' id='word_1_96' title='bbox 1323 1925 1626 1995; x_wconf 87' lang='lat' dir='ltr'><strong>ipsummet</strong></span> <span class='ocrx_word' id='word_1_97' title='bbox 1674 1925 1825 1979; x_wconf 80' lang='lat' dir='ltr'><strong>vocis</strong></span> <span class='ocrx_word' id='word_1_98' title='bbox 1880 1937 1976 1977; x_wconf 83' lang='lat' dir='ltr'><strong>or-</strong></span> 
     </span>
    </p>
   </div>
   <div class='ocr_carea' id='block_1_17' title="bbox 387 2004 1976 2091">
    <p class='ocr_par' dir='ltr' id='par_1_17' title="bbox 387 2004 1976 2091">
     <span class='ocr_line' id='line_1_17' title="bbox 387 2004 1976 2091; baseline -0.003 -19"><span class='ocrx_word' id='word_1_99' title='bbox 387 2035 590 2091; x_wconf 85' lang='lat' dir='ltr'><strong>ganon,</strong></span> <span class='ocrx_word' id='word_1_100' title='bbox 619 2017 761 2071; x_wconf 90' lang='lat' dir='ltr'><strong>mala</strong></span> <span class='ocrx_word' id='word_1_101' title='bbox 786 2032 852 2071; x_wconf 82' lang='lat' dir='ltr'><strong>ex</strong></span> <span class='ocrx_word' id='word_1_102' title='bbox 876 2004 1218 2071; x_wconf 72' lang='lat' dir='ltr'><strong>abundantia</strong></span> <span class='ocrx_word' id='word_1_103' title='bbox 1249 2015 1433 2071; x_wconf 86' lang='lat' dir='ltr'><strong>cordis</strong></span> <span class='ocrx_word' id='word_1_104' title='bbox 1470 2012 1714 2086; x_wconf 80' lang='lat' dir='ltr'><strong>proferet</strong></span> <span class='ocrx_word' id='word_1_105' title='bbox 1742 2014 1976 2068; x_wconf 85' lang='lat' dir='ltr'><strong>interro-</strong></span> 
     </span>
    </p>
   </div>
   <div class='ocr_carea' id='block_1_18' title="bbox 387 2103 1975 2183">
    <p class='ocr_par' dir='ltr' id='par_1_18' title="bbox 387 2103 1975 2183">
     <span class='ocr_line' id='line_1_18' title="bbox 387 2103 1975 2183; baseline -0.005 -18"><span class='ocrx_word' id='word_1_106' title='bbox 387 2112 569 2183; x_wconf 80' lang='lat' dir='ltr'><strong>ganti;</strong></span> <span class='ocrx_word' id='word_1_107' title='bbox 602 2108 733 2180; x_wconf 92' lang='lat' dir='ltr'><strong>quid</strong></span> <span class='ocrx_word' id='word_1_108' title='bbox 766 2109 913 2163; x_wconf 87' lang='lat' dir='ltr'><strong>enim</strong></span> <span class='ocrx_word' id='word_1_109' title='bbox 951 2106 1226 2162; x_wconf 87' lang='lat' dir='ltr'><strong>commodi</strong></span> <span class='ocrx_word' id='word_1_110' title='bbox 1264 2106 1475 2162; x_wconf 85' lang='lat' dir='ltr'><strong>diceret</strong></span> <span class='ocrx_word' id='word_1_111' title='bbox 1499 2105 1665 2161; x_wconf 87' lang='lat' dir='ltr'><strong>homo</strong></span> <span class='ocrx_word' id='word_1_112' title='bbox 1713 2104 1807 2175; x_wconf 86' lang='lat' dir='ltr'><strong>qui</strong></span> <span class='ocrx_word' id='word_1_113' title='bbox 1841 2103 1975 2158; x_wconf 83' lang='lat' dir='ltr'><strong>nihil</strong></span> 
     </span>
    </p>
   </div>
   <div class='ocr_carea' id='block_1_19' title="bbox 387 2199 792 2272">
    <p class='ocr_par' dir='ltr' id='par_1_19' title="bbox 387 2199 792 2272">
     <span class='ocr_line' id='line_1_19' title="bbox 387 2199 792 2272; baseline -0.015 -13"><span class='ocrx_word' id='word_1_114' title='bbox 387 2202 519 2259; x_wconf 91' lang='lat' dir='ltr'><strong>boni</strong></span> <span class='ocrx_word' id='word_1_115' title='bbox 546 2199 792 2272; x_wconf 75' lang='lat' dir='ltr'><strong>cogitat?</strong></span> 
     </span>
    </p>
   </div>
   <div class='ocr_carea' id='block_1_20' title="bbox 459 2322 1975 2399">
    <p class='ocr_par' dir='ltr' id='par_1_20' title="bbox 459 2322 1975 2399">
     <span class='ocr_line' id='line_1_20' title="bbox 459 2322 1975 2399; baseline -0.006 -15"><span class='ocrx_word' id='word_1_116' title='bbox 459 2330 702 2399; x_wconf 78' lang='lat' dir='ltr'><strong>Accepta:</strong></span> <span class='ocrx_word' id='word_1_117' title='bbox 732 2326 962 2381; x_wconf 86' lang='lat' dir='ltr'><strong>Domino</strong></span> <span class='ocrx_word' id='word_1_118' title='bbox 986 2326 1081 2380; x_wconf 65' lang='lat' dir='ltr'><strong>vim</strong></span> <span class='ocrx_word' id='word_1_119' title='bbox 1107 2326 1403 2394; x_wconf 85' lang='lat' dir='ltr'><strong>justorum.</strong></span> <span class='ocrx_word' id='word_1_120' title='bbox 1443 2322 1673 2377; x_wconf 82' lang='lat' dir='ltr'><strong>Multum</strong></span> <span class='ocrx_word' id='word_1_121' title='bbox 1719 2329 1975 2393; x_wconf 83' lang='lat' dir='ltr'><strong>accepta-</strong></span> 
     </span>
    </p>
   </div>
   <div class='ocr_carea' id='block_1_21' title="bbox 388 2414 1974 2479">
    <p class='ocr_par' dir='ltr' id='par_1_21' title="bbox 388 2414 1974 2479">
     <span class='ocr_line' id='line_1_21' title="bbox 388 2414 1974 2479; baseline -0.006 0"><span class='ocrx_word' id='word_1_122' title='bbox 388 2423 527 2479; x_wconf 81' lang='lat' dir='ltr'><strong>biles</strong></span> <span class='ocrx_word' id='word_1_123' title='bbox 557 2420 789 2474; x_wconf 83' lang='lat' dir='ltr'><strong>Domino</strong></span> <span class='ocrx_word' id='word_1_124' title='bbox 815 2429 870 2474; x_wconf 89' lang='lat' dir='ltr'><strong>et</strong></span> <span class='ocrx_word' id='word_1_125' title='bbox 894 2418 1140 2473; x_wconf 89' lang='lat' dir='ltr'><strong>omnium</strong></span> <span class='ocrx_word' id='word_1_126' title='bbox 1173 2432 1356 2472; x_wconf 90' lang='lat' dir='ltr'><strong>rerum</strong></span> <span class='ocrx_word' id='word_1_127' title='bbox 1394 2414 1505 2471; x_wconf 91' lang='lat' dir='ltr'><strong>Deo</strong></span> <span class='ocrx_word' id='word_1_128' title='bbox 1544 2416 1755 2472; x_wconf 73' lang='lat' dir='ltr'><strong>semita:</strong></span> <span class='ocrx_word' id='word_1_129' title='bbox 1783 2431 1974 2472; x_wconf 90' lang='lat' dir='ltr'><strong>eorum</strong></span> 
     </span>
    </p>
   </div>
   <div class='ocr_carea' id='block_1_22' title="bbox 389 2504 1979 2584">
    <p class='ocr_par' dir='ltr' id='par_1_22' title="bbox 389 2504 1979 2584">
     <span class='ocr_line' id='line_1_22' title="bbox 389 2504 1979 2584; baseline -0.006 -17"><span class='ocrx_word' id='word_1_130' title='bbox 389 2514 482 2584; x_wconf 90' lang='lat' dir='ltr'><strong>qui</strong></span> <span class='ocrx_word' id='word_1_131' title='bbox 528 2513 649 2568; x_wconf 86' lang='lat' dir='ltr'><strong>sine</strong></span> <span class='ocrx_word' id='word_1_132' title='bbox 686 2509 1011 2573; x_wconf 79' lang='lat' dir='ltr'><strong>oli&#39;ensione,</strong></span> <span class='ocrx_word' id='word_1_133' title='bbox 1048 2506 1352 2564; x_wconf 90' lang='lat' dir='ltr'><strong>secundum</strong></span> <span class='ocrx_word' id='word_1_134' title='bbox 1404 2506 1695 2562; x_wconf 77' lang='lat' dir='ltr'><strong>scientiam</strong></span> <span class='ocrx_word' id='word_1_135' title='bbox 1747 2514 1801 2561; x_wconf 89' lang='lat' dir='ltr'><strong>et</strong></span> <span class='ocrx_word' id='word_1_136' title='bbox 1834 2504 1979 2561; x_wconf 84' lang='lat' dir='ltr'><strong>veri-</strong></span> 
     </span>
    </p>
   </div>
   <div class='ocr_carea' id='block_1_23' title="bbox 391 2599 1978 2670">
    <p class='ocr_par' dir='ltr' id='par_1_23' title="bbox 391 2599 1978 2670">
     <span class='ocr_line' id='line_1_23' title="bbox 391 2599 1978 2670; baseline -0.007 -8"><span class='ocrx_word' id='word_1_137' title='bbox 391 2616 560 2661; x_wconf 83' lang='lat' dir='ltr'><strong>tatem</strong></span> <span class='ocrx_word' id='word_1_138' title='bbox 601 2605 817 2669; x_wconf 89' lang='lat' dir='ltr'><strong>vivunt,</strong></span> <span class='ocrx_word' id='word_1_139' title='bbox 865 2601 1034 2656; x_wconf 75' lang='lat' dir='ltr'><strong>Deum</strong></span> <span class='ocrx_word' id='word_1_140' title='bbox 1071 2606 1506 2670; x_wconf 83' lang='lat' dir='ltr'><strong>consequentur,</strong></span> <span class='ocrx_word' id='word_1_141' title='bbox 1568 2599 1662 2668; x_wconf 91' lang='lat' dir='ltr'><strong>qui</strong></span> <span class='ocrx_word' id='word_1_142' title='bbox 1708 2599 1832 2653; x_wconf 82' lang='lat' dir='ltr'><strong>linis</strong></span> <span class='ocrx_word' id='word_1_143' title='bbox 1884 2611 1978 2652; x_wconf 85' lang='lat' dir='ltr'><strong>co-</strong></span> 
     </span>
    </p>
   </div>
   <div class='ocr_carea' id='block_1_24' title="bbox 392 2690 1975 2772">
    <p class='ocr_par' dir='ltr' id='par_1_24' title="bbox 392 2690 1975 2772">
     <span class='ocr_line' id='line_1_24' title="bbox 392 2690 1975 2772; baseline -0.007 -17"><span class='ocrx_word' id='word_1_144' title='bbox 392 2697 834 2772; x_wconf 87' lang='lat' dir='ltr'><strong>gnoscendorum</strong></span> <span class='ocrx_word' id='word_1_145' title='bbox 866 2703 971 2759; x_wconf 90' lang='lat' dir='ltr'><strong>est,</strong></span> <span class='ocrx_word' id='word_1_146' title='bbox 1002 2694 1212 2749; x_wconf 87' lang='lat' dir='ltr'><strong>scilicet</strong></span> <span class='ocrx_word' id='word_1_147' title='bbox 1240 2692 1463 2757; x_wconf 88' lang='lat' dir='ltr'><strong>veritas,</strong></span> <span class='ocrx_word' id='word_1_148' title='bbox 1494 2698 1547 2747; x_wconf 91' lang='lat' dir='ltr'><strong>et</strong></span> <span class='ocrx_word' id='word_1_149' title='bbox 1580 2691 1704 2747; x_wconf 84' lang='lat' dir='ltr'><strong>iinis</strong></span> <span class='ocrx_word' id='word_1_150' title='bbox 1733 2690 1975 2762; x_wconf 81' lang='lat' dir='ltr'><strong>agendo-</strong></span> 
     </span>
    </p>
   </div>
   <div class='ocr_carea' id='block_1_25' title="bbox 391 2775 1822 2855">
    <p class='ocr_par' dir='ltr' id='par_1_25' title="bbox 391 2775 1822 2855">
     <span class='ocr_line' id='line_1_25' title="bbox 391 2775 1822 2855; baseline -0.008 -8"><span class='ocrx_word' id='word_1_151' title='bbox 391 2807 535 2855; x_wconf 90' lang='lat' dir='ltr'><strong>rum,</strong></span> <span class='ocrx_word' id='word_1_152' title='bbox 572 2789 828 2844; x_wconf 86' lang='lat' dir='ltr'><strong>videlicet</strong></span> <span class='ocrx_word' id='word_1_153' title='bbox 852 2786 1092 2843; x_wconf 80' lang='lat' dir='ltr'><strong>bonitas.</strong></span> <span class='ocrx_word' id='word_1_154' title='bbox 1816 2775 1822 2781; x_wconf 74' lang='grc'><em>’</em></span> 
     </span>
    </p>
   </div>
   <div class='ocr_carea' id='block_1_26' title="bbox 466 2891 1974 2962">
    <p class='ocr_par' dir='ltr' id='par_1_26' title="bbox 466 2891 1974 2962">
     <span class='ocr_line' id='line_1_26' title="bbox 466 2891 1974 2962; baseline -0.003 -11"><span class='ocrx_word' id='word_1_155' title='bbox 466 2898 569 2954; x_wconf 68' lang='lat' dir='ltr'><strong>l&#39;er</strong></span> <span class='ocrx_word' id='word_1_156' title='bbox 593 2915 683 2953; x_wconf 86' lang='lat' dir='ltr'><strong>eos</strong></span> <span class='ocrx_word' id='word_1_157' title='bbox 724 2897 887 2952; x_wconf 89' lang='lat' dir='ltr'><strong>etiam</strong></span> <span class='ocrx_word' id='word_1_158' title='bbox 924 2894 1224 2950; x_wconf 85' lang='lat' dir='ltr'><strong>adversam</strong></span> <span class='ocrx_word' id='word_1_159' title='bbox 1276 2892 1416 2962; x_wconf 84' lang='lat' dir='ltr'><strong>ﬁunt</strong></span> <span class='ocrx_word' id='word_1_160' title='bbox 1463 2892 1641 2946; x_wconf 80' lang='lat' dir='ltr'><strong>amici.</strong></span> <span class='ocrx_word' id='word_1_161' title='bbox 1696 2891 1800 2948; x_wconf 83' lang='lat' dir='ltr'><strong>Per</strong></span> <span class='ocrx_word' id='word_1_162' title='bbox 1849 2891 1974 2958; x_wconf 83' lang='lat' dir='ltr'><strong>hos,</strong></span> 
     </span>
    </p>
   </div>
   <div class='ocr_carea' id='block_1_27' title="bbox 392 2981 1971 3061">
    <p class='ocr_par' dir='ltr' id='par_1_27' title="bbox 392 2981 1971 3061">
     <span class='ocr_line' id='line_1_27' title="bbox 392 2981 1971 3061; baseline -0.008 -17"><span class='ocrx_word' id='word_1_163' title='bbox 392 2998 582 3061; x_wconf 87' lang='lat' dir='ltr'><strong>utpote</strong></span> <span class='ocrx_word' id='word_1_164' title='bbox 619 2984 711 3058; x_wconf 82' lang='lat' dir='ltr'><strong>qui</strong></span> <span class='ocrx_word' id='word_1_165' title='bbox 746 2987 883 3041; x_wconf 91' lang='lat' dir='ltr'><strong>alios</strong></span> <span class='ocrx_word' id='word_1_166' title='bbox 907 2998 1144 3055; x_wconf 84' lang='lat' dir='ltr'><strong>purgare</strong></span> <span class='ocrx_word' id='word_1_167' title='bbox 1200 2988 1256 3037; x_wconf 89' lang='lat' dir='ltr'><strong>et</strong></span> <span class='ocrx_word' id='word_1_168' title='bbox 1309 2994 1701 3037; x_wconf 89' lang='lat' dir='ltr'><strong>consummare</strong></span> <span class='ocrx_word' id='word_1_169' title='bbox 1736 2981 1971 3042; x_wconf 84' lang='lat' dir='ltr'><strong>valeant,</strong></span> 
     </span>
    </p>
   </div>
   <div class='ocr_carea' id='block_1_28' title="bbox 390 3041 2047 3149">
    <p class='ocr_par' dir='ltr' id='par_1_28' title="bbox 390 3041 2047 3149">
     <span class='ocr_line' id='line_1_28' title="bbox 390 3041 2047 3149; baseline -0.007 -14"><span class='ocrx_word' id='word_1_170' title='bbox 390 3041 556 3136; x_wconf 61' lang='lat' dir='ltr'><strong>etiam</strong></span> <span class='ocrx_word' id='word_1_171' title='bbox 584 3041 749 3149; x_wconf 43' lang='lat' dir='ltr'><strong>iijqui</strong></span> <span class='ocrx_word' id='word_1_172' title='bbox 783 3092 882 3148; x_wconf 89' lang='lat' dir='ltr'><strong>per</strong></span> <span class='ocrx_word' id='word_1_173' title='bbox 908 3041 1187 3130; x_wconf 51' lang='lat' dir='ltr'><strong>.maiitiam</strong></span> <span class='ocrx_word' id='word_1_174' title='bbox 1221 3081 1277 3127; x_wconf 90' lang='lat' dir='ltr'><strong>et</strong></span> <span class='ocrx_word' id='word_1_175' title='bbox 1305 3072 1586 3128; x_wconf 86' lang='lat' dir='ltr'><strong>inscitiam</strong></span> <span class='ocrx_word' id='word_1_176' title='bbox 1629 3069 1741 3126; x_wconf 88' lang='lat' dir='ltr'><strong>Deo</strong></span> <span class='ocrx_word' id='word_1_177' title='bbox 1778 3070 1975 3125; x_wconf 82' lang='lat' dir='ltr'><strong>adver-</strong></span> <span class='ocrx_word' id='word_1_178' title='bbox 2001 3041 2047 3105; x_wconf 68' lang='grc' dir='ltr'>Ο</span> 
     </span>
    </p>
   </div>
   <div class='ocr_carea' id='block_1_29' title="bbox 392 3161 1979 3241">
    <p class='ocr_par' dir='ltr' id='par_1_29' title="bbox 392 3161 1979 3241">
     <span class='ocr_line' id='line_1_29' title="bbox 392 3161 1979 3241; baseline -0.008 -13"><span class='ocrx_word' id='word_1_179' title='bbox 392 3180 610 3234; x_wconf 86' lang='lat' dir='ltr'><strong>santur,</strong></span> <span class='ocrx_word' id='word_1_180' title='bbox 644 3179 937 3241; x_wconf 84' lang='lat' dir='ltr'><strong>postquam</strong></span> <span class='ocrx_word' id='word_1_181' title='bbox 977 3167 1299 3237; x_wconf 74' lang='lat' dir='ltr'><strong>passionum</strong></span> <span class='ocrx_word' id='word_1_182' title='bbox 1332 3163 1597 3220; x_wconf 85' lang='lat' dir='ltr'><strong>sordibus</strong></span> <span class='ocrx_word' id='word_1_183' title='bbox 1636 3161 1885 3218; x_wconf 71' lang='lat' dir='ltr'><strong>defaecati</strong></span> <span class='ocrx_word' id='word_1_184' title='bbox 1922 3166 1979 3217; x_wconf 82' lang='lat' dir='ltr'><strong>et</strong></span> 
     </span>
    </p>
   </div>
   <div class='ocr_carea' id='block_1_30' title="bbox 394 3255 1978 3336">
    <p class='ocr_par' dir='ltr' id='par_1_30' title="bbox 394 3255 1978 3336">
     <span class='ocr_line' id='line_1_30' title="bbox 394 3255 1978 3336; baseline -0.005 -17"><span class='ocrx_word' id='word_1_185' title='bbox 394 3263 722 3336; x_wconf 75' lang='lat' dir='ltr'><strong>ignorantia:</strong></span> <span class='ocrx_word' id='word_1_186' title='bbox 764 3261 1002 3331; x_wconf 89' lang='lat' dir='ltr'><strong>caligine</strong></span> <span class='ocrx_word' id='word_1_187' title='bbox 1063 3257 1280 3313; x_wconf 87' lang='lat' dir='ltr'><strong>liberati</strong></span> <span class='ocrx_word' id='word_1_188' title='bbox 1323 3264 1499 3321; x_wconf 87' lang='lat' dir='ltr'><strong>sunt,</strong></span> <span class='ocrx_word' id='word_1_189' title='bbox 1544 3271 1642 3326; x_wconf 91' lang='lat' dir='ltr'><strong>per</strong></span> <span class='ocrx_word' id='word_1_190' title='bbox 1716 3255 1978 3311; x_wconf 75' lang='lat' dir='ltr'><strong>virtutem</strong></span> 
     </span>
    </p>
   </div>
   <div class='ocr_carea' id='block_1_31' title="bbox 393 3348 1584 3429">
    <p class='ocr_par' dir='ltr' id='par_1_31' title="bbox 393 3348 1584 3429">
     <span class='ocr_line' id='line_1_31' title="bbox 393 3348 1584 3429; baseline -0.007 -18"><span class='ocrx_word' id='word_1_191' title='bbox 393 3367 557 3429; x_wconf 90' lang='lat' dir='ltr'><strong>atque</strong></span> <span class='ocrx_word' id='word_1_192' title='bbox 592 3353 1014 3426; x_wconf 78' lang='lat' dir='ltr'><strong>intelligentiam</strong></span> <span class='ocrx_word' id='word_1_193' title='bbox 1044 3350 1155 3406; x_wconf 89' lang='lat' dir='ltr'><strong>Deo</strong></span> <span class='ocrx_word' id='word_1_194' title='bbox 1194 3348 1584 3405; x_wconf 87' lang='lat' dir='ltr'><strong>conciliantur.</strong></span> 
     </span>
    </p>
   </div>
   <div class='ocr_carea' id='block_1_32' title="bbox 467 3474 1980 3552">
    <p class='ocr_par' dir='ltr' id='par_1_32' title="bbox 467 3474 1980 3552">
     <span class='ocr_line' id='line_1_32' title="bbox 467 3474 1980 3552; baseline -0.004 -12"><span class='ocrx_word' id='word_1_195' title='bbox 467 3485 633 3541; x_wconf 73' lang='lat' dir='ltr'><strong>Vens.</strong></span> <span class='ocrx_word' id='word_1_196' title='bbox 658 3483 748 3540; x_wconf 73' lang='lat'><strong>29.</strong></span> <span class='ocrx_word' id='word_1_197' title='bbox 776 3481 952 3552; x_wconf 87' lang='lat' dir='ltr'><strong>Longe</strong></span> <span class='ocrx_word' id='word_1_198' title='bbox 992 3481 1136 3535; x_wconf 84' lang='lat' dir='ltr'><strong>abest</strong></span> <span class='ocrx_word' id='word_1_199' title='bbox 1169 3478 1427 3534; x_wconf 88' lang='lat' dir='ltr'><strong>Dominus</strong></span> <span class='ocrx_word' id='word_1_200' title='bbox 1480 3477 1544 3531; x_wconf 82' lang='lat' dir='ltr'><strong>ab</strong></span> <span class='ocrx_word' id='word_1_201' title='bbox 1584 3477 1785 3548; x_wconf 85' lang='lat' dir='ltr'><strong>impiis.</strong></span> <span class='ocrx_word' id='word_1_202' title='bbox 1852 3474 1980 3534; x_wconf 88' lang='lat' dir='ltr'><strong>Pro-</strong></span> 
     </span>
    </p>
   </div>
   <div class='ocr_carea' id='block_1_33' title="bbox 392 3572 1977 3644">
    <p class='ocr_par' dir='ltr' id='par_1_33' title="bbox 392 3572 1977 3644">
     <span class='ocr_line' id='line_1_33' title="bbox 392 3572 1977 3644; baseline -0.004 -10"><span class='ocrx_word' id='word_1_203' title='bbox 392 3578 480 3634; x_wconf 92' lang='lat' dir='ltr'><strong>cul</strong></span> <span class='ocrx_word' id='word_1_204' title='bbox 508 3578 650 3633; x_wconf 84' lang='lat' dir='ltr'><strong>Deus</strong></span> <span class='ocrx_word' id='word_1_205' title='bbox 674 3577 742 3631; x_wconf 85' lang='lat' dir='ltr'><strong>ab</strong></span> <span class='ocrx_word' id='word_1_206' title='bbox 773 3576 841 3631; x_wconf 91' lang='lat' dir='ltr'><strong>iis</strong></span> <span class='ocrx_word' id='word_1_207' title='bbox 868 3583 1001 3640; x_wconf 88' lang='lat' dir='ltr'><strong>stat,</strong></span> <span class='ocrx_word' id='word_1_208' title='bbox 1031 3572 1127 3644; x_wconf 92' lang='lat' dir='ltr'><strong>qui</strong></span> <span class='ocrx_word' id='word_1_209' title='bbox 1169 3572 1325 3628; x_wconf 90' lang='lat' dir='ltr'><strong>illum</strong></span> <span class='ocrx_word' id='word_1_210' title='bbox 1361 3586 1459 3642; x_wconf 89' lang='lat' dir='ltr'><strong>per</strong></span> <span class='ocrx_word' id='word_1_211' title='bbox 1498 3572 1641 3627; x_wconf 90' lang='lat' dir='ltr'><strong>bona</strong></span> <span class='ocrx_word' id='word_1_212' title='bbox 1676 3585 1841 3642; x_wconf 87' lang='lat' dir='ltr'><strong>opera</strong></span> <span class='ocrx_word' id='word_1_213' title='bbox 1865 3587 1977 3628; x_wconf 88' lang='lat' dir='ltr'><strong>non</strong></span> 
     </span>
    </p>
   </div>
   <div class='ocr_carea' id='block_1_34' title="bbox 394 3660 1977 3734">
    <p class='ocr_par' dir='ltr' id='par_1_34' title="bbox 394 3660 1977 3734">
     <span class='ocr_line' id='line_1_34' title="bbox 394 3660 1977 3734; baseline -0.003 -10"><span class='ocrx_word' id='word_1_214' title='bbox 394 3670 685 3734; x_wconf 82' lang='lat' dir='ltr'><strong>honorant,</strong></span> <span class='ocrx_word' id='word_1_215' title='bbox 719 3684 786 3722; x_wconf 89' lang='lat' dir='ltr'><strong>ne</strong></span> <span class='ocrx_word' id='word_1_216' title='bbox 842 3665 908 3721; x_wconf 88' lang='lat' dir='ltr'><strong>ad</strong></span> <span class='ocrx_word' id='word_1_217' title='bbox 950 3664 1368 3722; x_wconf 85' lang='lat' dir='ltr'><strong>similitudinem</strong></span> <span class='ocrx_word' id='word_1_218' title='bbox 1422 3662 1574 3719; x_wconf 89' lang='lat' dir='ltr'><strong>illius</strong></span> <span class='ocrx_word' id='word_1_219' title='bbox 1636 3660 1842 3718; x_wconf 81' lang='lat' dir='ltr'><strong>faciant</strong></span> <span class='ocrx_word' id='word_1_220' title='bbox 1880 3663 1977 3720; x_wconf 88' lang='lat' dir='ltr'><strong>bo-</strong></span> 
     </span>
    </p>
   </div>
   <div class='ocr_carea' id='block_1_35' title="bbox 392 3775 545 3815">
    <p class='ocr_par' dir='ltr' id='par_1_35' title="bbox 392 3775 545 3815">
     <span class='ocr_line' id='line_1_35' title="bbox 392 3775 545 3815; baseline -0.02 0"><span class='ocrx_word' id='word_1_221' title='bbox 392 3775 545 3815; x_wconf 88' lang='lat' dir='ltr'><strong>num.</strong></span> 
     </span>
    </p>
   </div>
   <div class='ocr_carea' id='block_1_36' title="bbox 463 3876 1977 3957">
    <p class='ocr_par' dir='ltr' id='par_1_36' title="bbox 463 3876 1977 3957">
     <span class='ocr_line' id='line_1_36' title="bbox 463 3876 1977 3957; baseline -0.003 -15"><span class='ocrx_word' id='word_1_222' title='bbox 463 3890 653 3942; x_wconf 84' lang='lat' dir='ltr'><strong>Preces</strong></span> <span class='ocrx_word' id='word_1_223' title='bbox 681 3887 956 3957; x_wconf 65' lang='lat' dir='ltr'><strong>justorum</strong></span> <span class='ocrx_word' id='word_1_224' title='bbox 971 3884 1211 3940; x_wconf 76' lang='lat' dir='ltr'><strong>exaudit.</strong></span> <span class='ocrx_word' id='word_1_225' title='bbox 1240 3882 1389 3938; x_wconf 84' lang='lat' dir='ltr'><strong>Votis</strong></span> <span class='ocrx_word' id='word_1_226' title='bbox 1421 3897 1636 3949; x_wconf 86' lang='lat' dir='ltr'><strong>eorum,</strong></span> <span class='ocrx_word' id='word_1_227' title='bbox 1657 3883 1749 3953; x_wconf 89' lang='lat' dir='ltr'><strong>qui</strong></span> <span class='ocrx_word' id='word_1_228' title='bbox 1775 3876 1977 3939; x_wconf 87' lang='lat' dir='ltr'><strong>secun-</strong></span> 
     </span>
    </p>
   </div>
   <div class='ocr_carea' id='block_1_37' title="bbox 394 3972 1973 4051">
    <p class='ocr_par' dir='ltr' id='par_1_37' title="bbox 394 3972 1973 4051">
     <span class='ocr_line' id='line_1_37' title="bbox 394 3972 1973 4051; baseline -0.002 -15"><span class='ocrx_word' id='word_1_229' title='bbox 394 3982 527 4035; x_wconf 86' lang='lat' dir='ltr'><strong>dum</strong></span> <span class='ocrx_word' id='word_1_230' title='bbox 561 3982 732 4051; x_wconf 89' lang='lat' dir='ltr'><strong>legem</strong></span> <span class='ocrx_word' id='word_1_231' title='bbox 767 3972 1328 4048; x_wconf 77' lang='lat' dir='ltr'><strong>ejusConver3antur,</strong></span> <span class='ocrx_word' id='word_1_232' title='bbox 1376 3990 1436 4031; x_wconf 91' lang='lat' dir='ltr'><strong>se</strong></span> <span class='ocrx_word' id='word_1_233' title='bbox 1482 3975 1697 4031; x_wconf 80' lang='lat' dir='ltr'><strong>facilem</strong></span> <span class='ocrx_word' id='word_1_234' title='bbox 1739 3978 1973 4047; x_wconf 66' lang='lat' dir='ltr'><strong>praebet;</strong></span> 
     </span>
    </p>
   </div>
   <div class='ocr_carea' id='block_1_38' title="bbox 393 4063 1976 4139">
    <p class='ocr_par' dir='ltr' id='par_1_38' title="bbox 393 4063 1976 4139">
     <span class='ocr_line' id='line_1_38' title="bbox 393 4063 1976 4139; baseline -0.003 -12"><span class='ocrx_word' id='word_1_235' title='bbox 393 4073 545 4139; x_wconf 87' lang='lat' dir='ltr'><strong>ipsos</strong></span> <span class='ocrx_word' id='word_1_236' title='bbox 575 4070 745 4135; x_wconf 90' lang='lat' dir='ltr'><strong>enim,</strong></span> <span class='ocrx_word' id='word_1_237' title='bbox 780 4076 1005 4139; x_wconf 87' lang='lat' dir='ltr'><strong>propter</strong></span> <span class='ocrx_word' id='word_1_238' title='bbox 1046 4064 1432 4130; x_wconf 87' lang='lat' dir='ltr'><strong>imitationem,</strong></span> <span class='ocrx_word' id='word_1_239' title='bbox 1459 4063 1603 4119; x_wconf 88' lang='lat' dir='ltr'><strong>inter</strong></span> <span class='ocrx_word' id='word_1_240' title='bbox 1653 4081 1788 4121; x_wconf 90' lang='lat' dir='ltr'><strong>suos</strong></span> <span class='ocrx_word' id='word_1_241' title='bbox 1815 4081 1976 4124; x_wconf 88' lang='lat' dir='ltr'><strong>assu-</strong></span> 
     </span>
    </p>
   </div>
   <div class='ocr_carea' id='block_1_39' title="bbox 392 4163 515 4217">
    <p class='ocr_par' dir='ltr' id='par_1_39' title="bbox 392 4163 515 4217">
     <span class='ocr_line' id='line_1_39' title="bbox 392 4163 515 4217; baseline 0 0"><span class='ocrx_word' id='word_1_242' title='bbox 392 4163 515 4217; x_wconf 87' lang='lat' dir='ltr'><strong>mit.</strong></span> 
     </span>
    </p>
   </div>
   <div class='ocr_carea' id='block_1_40' title="bbox 464 4265 1974 4338">
    <p class='ocr_par' dir='ltr' id='par_1_40' title="bbox 464 4265 1974 4338">
     <span class='ocr_line' id='line_1_40' title="bbox 464 4265 1974 4338; baseline -0.003 -16"><span class='ocrx_word' id='word_1_243' title='bbox 464 4267 658 4323; x_wconf 80' lang='lat' dir='ltr'><strong>Melior</strong></span> <span class='ocrx_word' id='word_1_244' title='bbox 703 4279 780 4323; x_wconf 85' lang='lat' dir='ltr'><strong>est</strong></span> <span class='ocrx_word' id='word_1_245' title='bbox 831 4276 1065 4338; x_wconf 63' lang='lat' dir='ltr'><strong>quastus</strong></span> <span class='ocrx_word' id='word_1_246' title='bbox 1124 4284 1320 4337; x_wconf 84' lang='lat' dir='ltr'><strong>parvus</strong></span> <span class='ocrx_word' id='word_1_247' title='bbox 1377 4282 1496 4321; x_wconf 76' lang='lat' dir='ltr'><strong>cum</strong></span> <span class='ocrx_word' id='word_1_248' title='bbox 1545 4265 1765 4336; x_wconf 83' lang='lat' dir='ltr'><strong>justitia</strong></span> <span class='ocrx_word' id='word_1_249' title='bbox 1816 4281 1974 4335; x_wconf 87' lang='lat' dir='ltr'><strong>quam</strong></span> 
     </span>
    </p>
   </div>
   <div class='ocr_carea' id='block_1_41' title="bbox 1684 236 2327 299">
    <p class='ocr_par' dir='ltr' id='par_1_41' title="bbox 1684 236 2327 299">
     <span class='ocr_line' id='line_1_41' title="bbox 1684 236 2327 299; baseline -0.003 0"><span class='ocrx_word' id='word_1_250' title='bbox 1684 236 2042 299; x_wconf 84' lang='lat' dir='ltr'><strong>PROCOPII</strong></span> <span class='ocrx_word' id='word_1_251' title='bbox 2084 236 2327 298; x_wconf 71' lang='grc' dir='ltr'><strong>ῧΑΖιΕΙ</strong></span> 
     </span>
    </p>
   </div>
   <div class='ocr_carea' id='block_1_42' title="bbox 458 346 2042 422">
    <p class='ocr_par' dir='ltr' id='par_1_42' title="bbox 458 346 2042 422">
     <span class='ocr_line' id='line_1_42' title="bbox 458 346 2042 422; baseline 0.001 -19"><span class='ocrx_word' id='word_1_252' title='bbox 458 348 828 419; x_wconf 78' lang='lat' dir='ltr'><strong>Eleemosynis</strong></span> <span class='ocrx_word' id='word_1_253' title='bbox 874 357 922 401; x_wconf 86' lang='lat' dir='ltr'><strong>et</strong></span> <span class='ocrx_word' id='word_1_254' title='bbox 965 346 1091 418; x_wconf 73' lang='lat' dir='ltr'><strong>ﬁdei</strong></span> <span class='ocrx_word' id='word_1_255' title='bbox 1129 349 1335 406; x_wconf 81' lang='lat' dir='ltr'><strong>artibus</strong></span> <span class='ocrx_word' id='word_1_256' title='bbox 1396 359 1696 422; x_wconf 84' lang='lat' dir='ltr'><strong>purgantur</strong></span> <span class='ocrx_word' id='word_1_257' title='bbox 1723 360 1962 419; x_wconf 83' lang='lat' dir='ltr'><strong>peccata.</strong></span> <span class='ocrx_word' id='word_1_258' title='bbox 1996 358 2042 414; x_wconf 78' lang='grc' dir='ltr'><strong>Α</strong></span> 
     </span>
    </p>
   </div>
   <div class='ocr_carea' id='block_1_43' title="bbox 3520 237 3663 302">
    <p class='ocr_par' dir='ltr' id='par_1_43' title="bbox 3520 237 3663 302">
     <span class='ocr_line' id='line_1_43' title="bbox 3520 237 3663 302; baseline 0.021 -3"><span class='ocrx_word' id='word_1_259' title='bbox 3520 237 3663 302; x_wconf 76' lang='lat'><strong>1380</strong></span> 
     </span>
    </p>
   </div>
   <div class='ocr_carea' id='block_1_44' title="bbox 2154 347 3666 421">
    <p class='ocr_par' dir='ltr' id='par_1_44' title="bbox 2154 347 3666 421">
     <span class='ocr_line' id='line_1_44' title="bbox 2154 347 3666 421; baseline 0.001 -17"><span class='ocrx_word' id='word_1_260' title='bbox 2154 348 2628 418; x_wconf 71' lang='grc' dir='ltr'><strong>Ἐλεημοσύναις</strong></span> <span class='ocrx_word' id='word_1_261' title='bbox 2674 348 2771 403; x_wconf 77' lang='grc' dir='ltr'><strong>καί</strong></span> <span class='ocrx_word' id='word_1_262' title='bbox 2838 349 3123 403; x_wconf 78' lang='grc' dir='ltr'><strong>πίστεσιν</strong></span> <span class='ocrx_word' id='word_1_263' title='bbox 3163 347 3666 421; x_wconf 76' lang='grc' dir='ltr'><strong>ἀποκαθαίρονται</strong></span> 
     </span>
    </p>
   </div>
   <div class='ocr_carea' id='block_1_45' title="bbox 2081 440 3665 511">
    <p class='ocr_par' dir='ltr' id='par_1_45' title="bbox 2081 440 3665 511">
     <span class='ocr_line' id='line_1_45' title="bbox 2081 440 3665 511; baseline -0.001 -17"><span class='ocrx_word' id='word_1_264' title='bbox 2081 442 2379 510; x_wconf 78' lang='grc' dir='ltr'><strong>ἁμαρτίαι.</strong></span> <span class='ocrx_word' id='word_1_265' title='bbox 2404 440 2531 502; x_wconf 82' lang='grc' dir='ltr'>Τοῖς</span> <span class='ocrx_word' id='word_1_266' title='bbox 2574 441 2878 510; x_wconf 81' lang='grc' dir='ltr'><strong>οίκτιρμοῖς</strong></span> <span class='ocrx_word' id='word_1_267' title='bbox 2952 440 3058 492; x_wconf 86' lang='grc' dir='ltr'><strong>τῶν</strong></span> <span class='ocrx_word' id='word_1_268' title='bbox 3095 440 3364 511; x_wconf 72' lang='grc' dir='ltr'><strong>πενήτων,</strong></span> <span class='ocrx_word' id='word_1_269' title='bbox 3397 443 3492 495; x_wconf 75' lang='grc' dir='ltr'><strong>καὶ</strong></span> <span class='ocrx_word' id='word_1_270' title='bbox 3539 443 3665 503; x_wconf 80' lang='grc' dir='ltr'><strong>ταῖς</strong></span> 
     </span>
    </p>
   </div>
   <div class='ocr_carea' id='block_1_46' title="bbox 2081 528 3668 604">
    <p class='ocr_par' dir='ltr' id='par_1_46' title="bbox 2081 528 3668 604">
     <span class='ocr_line' id='line_1_46' title="bbox 2081 528 3668 604; baseline 0.001 -19"><span class='ocrx_word' id='word_1_271' title='bbox 2081 533 2162 597; x_wconf 83' lang='grc' dir='ltr'><strong>είς</strong></span> <span class='ocrx_word' id='word_1_272' title='bbox 2195 533 2287 586; x_wconf 82' lang='grc' dir='ltr'><strong>τὸν</strong></span> <span class='ocrx_word' id='word_1_273' title='bbox 2322 532 2456 587; x_wconf 85' lang='grc' dir='ltr'><strong>Θεὸν</strong></span> <span class='ocrx_word' id='word_1_274' title='bbox 2501 531 2769 601; x_wconf 77' lang='grc' dir='ltr'><strong>πίστεσιν,</strong></span> <span class='ocrx_word' id='word_1_275' title='bbox 2828 528 2905 596; x_wconf 84' lang='grc' dir='ltr'><strong>ὡς</strong></span> <span class='ocrx_word' id='word_1_276' title='bbox 2962 533 3306 604; x_wconf 82' lang='grc' dir='ltr'><strong>Δημιουργδν</strong></span> <span class='ocrx_word' id='word_1_277' title='bbox 3328 538 3422 588; x_wconf 79' lang='grc' dir='ltr'><strong>καὶ</strong></span> <span class='ocrx_word' id='word_1_278' title='bbox 3442 549 3668 604; x_wconf 83' lang='grc' dir='ltr'><strong>προνοη-</strong></span> 
     </span>
    </p>
   </div>
   <div class='ocr_carea' id='block_1_47' title="bbox 2080 621 3665 695">
    <p class='ocr_par' dir='ltr' id='par_1_47' title="bbox 2080 621 3665 695">
     <span class='ocr_line' id='line_1_47' title="bbox 2080 621 3665 695; baseline -0.001 -18"><span class='ocrx_word' id='word_1_279' title='bbox 2080 622 2179 695; x_wconf 75' lang='grc' dir='ltr'><strong>τὴν</strong></span> <span class='ocrx_word' id='word_1_280' title='bbox 2210 624 2301 678; x_wconf 81' lang='grc' dir='ltr'><strong>καὶ</strong></span> <span class='ocrx_word' id='word_1_281' title='bbox 2332 623 2546 694; x_wconf 76' lang='grc' dir='ltr'><strong>κριτὴν,</strong></span> <span class='ocrx_word' id='word_1_282' title='bbox 2574 622 2935 677; x_wconf 82' lang='grc' dir='ltr'><strong>ὲκπλύνονται</strong></span> <span class='ocrx_word' id='word_1_283' title='bbox 2964 624 3023 676; x_wconf 78' lang='grc' dir='ltr'><strong>αἱ</strong></span> <span class='ocrx_word' id='word_1_284' title='bbox 3043 621 3139 677; x_wconf 81' lang='grc' dir='ltr'><strong>τοῦ</strong></span> <span class='ocrx_word' id='word_1_285' title='bbox 3187 622 3396 692; x_wconf 78' lang='grc' dir='ltr'><strong>ἀγαθοῦ</strong></span> <span class='ocrx_word' id='word_1_286' title='bbox 3438 623 3536 675; x_wconf 80' lang='grc' dir='ltr'><strong>καὶ</strong></span> <span class='ocrx_word' id='word_1_287' title='bbox 3560 621 3665 691; x_wconf 83' lang='grc' dir='ltr'><strong>τῆς</strong></span> 
     </span>
    </p>
   </div>
   <div class='ocr_carea' id='block_1_48' title="bbox 2081 715 3406 789">
    <p class='ocr_par' dir='ltr' id='par_1_48' title="bbox 2081 715 3406 789">
     <span class='ocr_line' id='line_1_48' title="bbox 2081 715 3406 789; baseline -0.002 -18"><span class='ocrx_word' id='word_1_288' title='bbox 2081 716 2341 789; x_wconf 82' lang='grc' dir='ltr'><strong>ἀληθείας</strong></span> <span class='ocrx_word' id='word_1_289' title='bbox 2389 717 2477 771; x_wconf 86' lang='grc' dir='ltr'><strong>διά</strong></span> <span class='ocrx_word' id='word_1_290' title='bbox 2502 716 2701 772; x_wconf 88' lang='grc' dir='ltr'><strong>κακίαν</strong></span> <span class='ocrx_word' id='word_1_291' title='bbox 2724 717 2818 770; x_wconf 72' lang='grc' dir='ltr'><strong>καὶ</strong></span> <span class='ocrx_word' id='word_1_292' title='bbox 2844 716 3064 785; x_wconf 79' lang='grc' dir='ltr'><strong>ἄγνοιαν</strong></span> <span class='ocrx_word' id='word_1_293' title='bbox 3091 715 3406 787; x_wconf 86' lang='grc' dir='ltr'><strong>ἀποτυχίαι.</strong></span> 
     </span>
    </p>
   </div>
   <div class='ocr_carea' id='block_1_49' title="bbox 2158 838 3663 915">
    <p class='ocr_par' dir='ltr' id='par_1_49' title="bbox 2158 838 3663 915">
     <span class='ocr_line' id='line_1_49' title="bbox 2158 838 3663 915; baseline -0.005 -16"><span class='ocrx_word' id='word_1_294' title='bbox 2158 844 2242 910; x_wconf 83' lang='grc' dir='ltr'><strong>Τῷ</strong></span> <span class='ocrx_word' id='word_1_295' title='bbox 2268 844 2339 898; x_wconf 77' lang='grc' dir='ltr'><strong>δὲ</strong></span> <span class='ocrx_word' id='word_1_296' title='bbox 2368 846 2532 915; x_wconf 77' lang='grc' dir='ltr'><strong>φόϐῳ</strong></span> <span class='ocrx_word' id='word_1_297' title='bbox 2570 843 2794 911; x_wconf 78' lang='grc' dir='ltr'><strong>Κυρίου</strong></span> <span class='ocrx_word' id='word_1_298' title='bbox 2845 841 3111 897; x_wconf 64' lang='grc' dir='ltr'><strong>ἐκκλίνει</strong></span> <span class='ocrx_word' id='word_1_299' title='bbox 3153 839 3274 907; x_wconf 77' lang='grc' dir='ltr'><strong>πᾶς</strong></span> <span class='ocrx_word' id='word_1_300' title='bbox 3301 840 3421 896; x_wconf 79' lang='grc' dir='ltr'><strong>ἀπὸ</strong></span> <span class='ocrx_word' id='word_1_301' title='bbox 3450 838 3663 895; x_wconf 76' lang='grc' dir='ltr'><strong>κακοῦ.</strong></span> 
     </span>
    </p>
   </div>
   <div class='ocr_carea' id='block_1_50' title="bbox 2080 931 3667 1008">
    <p class='ocr_par' dir='ltr' id='par_1_50' title="bbox 2080 931 3667 1008">
     <span class='ocr_line' id='line_1_50' title="bbox 2080 931 3667 1008; baseline -0.004 -17"><span class='ocrx_word' id='word_1_302' title='bbox 2080 935 2171 1008; x_wconf 82' lang='grc' dir='ltr'><strong>Τῷ</strong></span> <span class='ocrx_word' id='word_1_303' title='bbox 2206 937 2253 991; x_wconf 82' lang='grc' dir='ltr'><strong>δ’</strong></span> <span class='ocrx_word' id='word_1_304' title='bbox 2304 938 2371 990; x_wconf 79' lang='grc' dir='ltr'><strong>ἐκ</strong></span> <span class='ocrx_word' id='word_1_305' title='bbox 2418 937 2655 999; x_wconf 83' lang='grc' dir='ltr'><strong>πίστεως</strong></span> <span class='ocrx_word' id='word_1_306' title='bbox 2679 934 2810 1005; x_wconf 88' lang='grc' dir='ltr'><strong>θείῳ</strong></span> <span class='ocrx_word' id='word_1_307' title='bbox 2836 934 2931 988; x_wconf 71' lang='grc' dir='ltr'><strong>καὶ</strong></span> <span class='ocrx_word' id='word_1_308' title='bbox 2984 931 3303 1002; x_wconf 84' lang='grc' dir='ltr'><strong>Δεσποτικῷ</strong></span> <span class='ocrx_word' id='word_1_309' title='bbox 3359 932 3512 1004; x_wconf 80' lang='grc' dir='ltr'><strong>φόὁῳ</strong></span> <span class='ocrx_word' id='word_1_310' title='bbox 3557 932 3667 987; x_wconf 68' lang='grc' dir='ltr'><strong>ἀπὸ</strong></span> 
     </span>
    </p>
   </div>
   <div class='ocr_carea' id='block_1_51' title="bbox 2078 1024 3659 1100">
    <p class='ocr_par' dir='ltr' id='par_1_51' title="bbox 2078 1024 3659 1100">
     <span class='ocr_line' id='line_1_51' title="bbox 2078 1024 3659 1100; baseline -0.004 -16"><span class='ocrx_word' id='word_1_311' title='bbox 2078 1030 2177 1100; x_wconf 84' lang='grc' dir='ltr'><strong>τῆς</strong></span> <span class='ocrx_word' id='word_1_312' title='bbox 2205 1030 2405 1092; x_wconf 86' lang='grc' dir='ltr'><strong>κακίας</strong></span> <span class='ocrx_word' id='word_1_313' title='bbox 2463 1028 2825 1098; x_wconf 76' lang='grc' dir='ltr'><strong>ἐκφεύγουσιν</strong></span> <span class='ocrx_word' id='word_1_314' title='bbox 2863 1024 3105 1090; x_wconf 74' lang='grc' dir='ltr'><strong>ἅπαντες</strong></span> <span class='ocrx_word' id='word_1_315' title='bbox 3138 1042 3153 1056; x_wconf 74' lang='grc' dir='ltr'><strong>ο</strong></span> <span class='ocrx_word' id='word_1_316' title='bbox 3184 1027 3214 1079; x_wconf 99' lang='lat'><strong>6</strong></span> <span class='ocrx_word' id='word_1_317' title='bbox 3242 1026 3517 1080; x_wconf 74' lang='grc' dir='ltr'><strong>πιστεύων</strong></span> <span class='ocrx_word' id='word_1_318' title='bbox 3551 1024 3659 1094; x_wconf 84' lang='grc' dir='ltr'><strong>γὰρ</strong></span> 
     </span>
    </p>
   </div>
   <div class='ocr_carea' id='block_1_52' title="bbox 2081 1116 3667 1193">
    <p class='ocr_par' dir='ltr' id='par_1_52' title="bbox 2081 1116 3667 1193">
     <span class='ocr_line' id='line_1_52' title="bbox 2081 1116 3667 1193; baseline -0.003 -18"><span class='ocrx_word' id='word_1_319' title='bbox 2081 1122 2161 1191; x_wconf 84' lang='grc' dir='ltr'><strong>τῷ</strong></span> <span class='ocrx_word' id='word_1_320' title='bbox 2191 1122 2400 1193; x_wconf 83' lang='grc' dir='ltr'><strong>Κυρίῳ,</strong></span> <span class='ocrx_word' id='word_1_321' title='bbox 2433 1121 2681 1190; x_wconf 67' lang='grc' dir='ltr'><strong>φοϐεῖται</strong></span> <span class='ocrx_word' id='word_1_322' title='bbox 2712 1118 2815 1190; x_wconf 77' lang='grc' dir='ltr'><strong>τὴν</strong></span> <span class='ocrx_word' id='word_1_323' title='bbox 2835 1116 3058 1173; x_wconf 86' lang='grc' dir='ltr'><strong>κόλασιν</strong></span> <span class='ocrx_word' id='word_1_324' title='bbox 3091 1135 3106 1150; x_wconf 78' lang='grc' dir='ltr'><strong>ο</strong></span> <span class='ocrx_word' id='word_1_325' title='bbox 3136 1119 3165 1172; x_wconf 94' lang='lat'><strong>6</strong></span> <span class='ocrx_word' id='word_1_326' title='bbox 3194 1118 3253 1173; x_wconf 83' lang='grc' dir='ltr'><strong>δὲ</strong></span> <span class='ocrx_word' id='word_1_327' title='bbox 3312 1116 3518 1188; x_wconf 83' lang='grc' dir='ltr'><strong>ταύτην</strong></span> <span class='ocrx_word' id='word_1_328' title='bbox 3567 1135 3667 1187; x_wconf 65' lang='grc' dir='ltr'><strong>φο-</strong></span> 
     </span>
    </p>
   </div>
   <div class='ocr_carea' id='block_1_53' title="bbox 2082 1208 3320 1284">
    <p class='ocr_par' dir='ltr' id='par_1_53' title="bbox 2082 1208 3320 1284">
     <span class='ocr_line' id='line_1_53' title="bbox 2082 1208 3320 1284; baseline -0.002 -17"><span class='ocrx_word' id='word_1_329' title='bbox 2082 1212 2176 1266; x_wconf 78' lang='grc' dir='ltr'><strong>σού</strong></span> <span class='ocrx_word' id='word_1_330' title='bbox 2186 1230 2369 1284; x_wconf 86' lang='grc' dir='ltr'><strong>μενος,</strong></span> <span class='ocrx_word' id='word_1_331' title='bbox 2398 1211 2797 1283; x_wconf 72' lang='grc' dir='ltr'><strong>ἐγκρατεύεται</strong></span> <span class='ocrx_word' id='word_1_332' title='bbox 2831 1209 2940 1265; x_wconf 82' lang='grc' dir='ltr'><strong>ἀπὸ</strong></span> <span class='ocrx_word' id='word_1_333' title='bbox 2968 1209 3079 1263; x_wconf 86' lang='grc' dir='ltr'><strong>τῶν</strong></span> <span class='ocrx_word' id='word_1_334' title='bbox 3106 1208 3320 1264; x_wconf 85' lang='grc' dir='ltr'><strong>παθῶν.</strong></span> 
     </span>
    </p>
   </div>
   <div class='ocr_carea' id='block_1_54' title="bbox 2153 1324 3663 1411">
    <p class='ocr_par' dir='ltr' id='par_1_54' title="bbox 2153 1324 3663 1411">
     <span class='ocr_line' id='line_1_54' title="bbox 2153 1324 3663 1411; baseline -0.005 -17"><span class='ocrx_word' id='word_1_335' title='bbox 2153 1346 2258 1411; x_wconf 81' lang='grc' dir='ltr'><strong>κη’.</strong></span> <span class='ocrx_word' id='word_1_336' title='bbox 2298 1339 2543 1409; x_wconf 83' lang='grc' dir='ltr'><strong>Καρδίαι</strong></span> <span class='ocrx_word' id='word_1_337' title='bbox 2568 1324 2818 1392; x_wconf 78' lang='grc' dir='ltr'><strong>δῖκαίων</strong></span> <span class='ocrx_word' id='word_1_338' title='bbox 2845 1334 3147 1406; x_wconf 78' lang='grc' dir='ltr'><strong>μελετῶσι</strong></span> <span class='ocrx_word' id='word_1_339' title='bbox 3176 1336 3432 1401; x_wconf 80' lang='grc' dir='ltr'><strong>πίστεις.</strong></span> <span class='ocrx_word' id='word_1_340' title='bbox 3450 1333 3527 1387; x_wconf 68' lang='grc' dir='ltr'><strong>’Δί</strong></span> <span class='ocrx_word' id='word_1_341' title='bbox 3556 1333 3663 1387; x_wconf 83' lang='grc' dir='ltr'><strong>τῶν</strong></span> 
     </span>
    </p>
   </div>
   <div class='ocr_carea' id='block_1_55' title="bbox 2080 1425 3662 1502">
    <p class='ocr_par' dir='ltr' id='par_1_55' title="bbox 2080 1425 3662 1502">
     <span class='ocr_line' id='line_1_55' title="bbox 2080 1425 3662 1502; baseline -0.004 -16"><span class='ocrx_word' id='word_1_342' title='bbox 2080 1432 2221 1487; x_wconf 87' lang='grc' dir='ltr'><strong>κατά</strong></span> <span class='ocrx_word' id='word_1_343' title='bbox 2243 1432 2371 1495; x_wconf 79' lang='grc' dir='ltr'><strong>τοὺς</strong></span> <span class='ocrx_word' id='word_1_344' title='bbox 2398 1431 2576 1492; x_wconf 81' lang='grc' dir='ltr'><strong>θείους</strong></span> <span class='ocrx_word' id='word_1_345' title='bbox 2602 1430 2802 1502; x_wconf 81' lang='grc' dir='ltr'><strong>νόμους</strong></span> <span class='ocrx_word' id='word_1_346' title='bbox 2844 1427 3284 1499; x_wconf 80' lang='grc' dir='ltr'><strong>πολιτευομένων</strong></span> <span class='ocrx_word' id='word_1_347' title='bbox 3313 1425 3512 1497; x_wconf 74' lang='grc' dir='ltr'><strong>ψυχαὶ,</strong></span> <span class='ocrx_word' id='word_1_348' title='bbox 3542 1428 3662 1489; x_wconf 86' lang='grc' dir='ltr'><strong>ταῖς</strong></span> 
     </span>
    </p>
   </div>
   <div class='ocr_carea' id='block_1_56' title="bbox 2081 1517 3662 1594">
    <p class='ocr_par' dir='ltr' id='par_1_56' title="bbox 2081 1517 3662 1594">
     <span class='ocr_line' id='line_1_56' title="bbox 2081 1517 3662 1594; baseline -0.004 -17"><span class='ocrx_word' id='word_1_349' title='bbox 2081 1523 2218 1594; x_wconf 75' lang='grc' dir='ltr'><strong>πρὸς</strong></span> <span class='ocrx_word' id='word_1_350' title='bbox 2272 1524 2370 1586; x_wconf 75' lang='grc' dir='ltr'><strong>τὰς</strong></span> <span class='ocrx_word' id='word_1_351' title='bbox 2400 1521 2739 1584; x_wconf 85' lang='grc' dir='ltr'><strong>Δεσποτικὰς</strong></span> <span class='ocrx_word' id='word_1_352' title='bbox 2788 1518 3012 1583; x_wconf 71' lang='grc' dir='ltr'><strong>ἐντολὰς</strong></span> <span class='ocrx_word' id='word_1_353' title='bbox 3064 1517 3401 1581; x_wconf 82' lang='grc' dir='ltr'><strong>εὐπειθείαις</strong></span> <span class='ocrx_word' id='word_1_354' title='bbox 3433 1518 3662 1588; x_wconf 75' lang='grc' dir='ltr'><strong>ένασχο-</strong></span> 
     </span>
    </p>
   </div>
   <div class='ocr_carea' id='block_1_57' title="bbox 2078 1610 3667 1685">
    <p class='ocr_par' dir='ltr' id='par_1_57' title="bbox 2078 1610 3667 1685">
     <span class='ocr_line' id='line_1_57' title="bbox 2078 1610 3667 1685; baseline -0.003 -18"><span class='ocrx_word' id='word_1_355' title='bbox 2078 1613 2300 1667; x_wconf 81' lang='grc' dir='ltr'><strong>λοῦνται</strong></span> <span class='ocrx_word' id='word_1_356' title='bbox 2322 1613 2638 1680; x_wconf 80' lang='grc' dir='ltr'><strong>διαπαντὸς,</strong></span> <span class='ocrx_word' id='word_1_357' title='bbox 2672 1612 2748 1678; x_wconf 84' lang='grc' dir='ltr'><strong>ὡς</strong></span> <span class='ocrx_word' id='word_1_358' title='bbox 2780 1612 2917 1685; x_wconf 80' lang='grc' dir='ltr'><strong>μηδὲ</strong></span> <span class='ocrx_word' id='word_1_359' title='bbox 2951 1610 3095 1666; x_wconf 83' lang='grc' dir='ltr'><strong>κατὰ</strong></span> <span class='ocrx_word' id='word_1_360' title='bbox 3141 1610 3379 1665; x_wconf 80' lang='grc' dir='ltr'><strong>διάνοιαν</strong></span> <span class='ocrx_word' id='word_1_361' title='bbox 3410 1610 3667 1682; x_wconf 78' lang='grc' dir='ltr'><strong>ἀμαρτά-</strong></span> 
     </span>
    </p>
   </div>
   <div class='ocr_carea' id='block_1_58' title="bbox 2012 1703 2560 1775">
    <p class='ocr_par' dir='ltr' id='par_1_58' title="bbox 2012 1703 2560 1775">
     <span class='ocr_line' id='line_1_58' title="bbox 2012 1703 2560 1775; baseline 0.004 -18"><span class='ocrx_word' id='word_1_362' title='bbox 2012 1711 2055 1765; x_wconf 71' lang='grc' dir='ltr'><strong>Β</strong></span> <span class='ocrx_word' id='word_1_363' title='bbox 2083 1723 2194 1758; x_wconf 88' lang='grc' dir='ltr'><strong>νειν</strong></span> <span class='ocrx_word' id='word_1_364' title='bbox 2216 1703 2560 1775; x_wconf 79' lang='grc' dir='ltr'><strong>βουλόμεναι.</strong></span> 
     </span>
    </p>
   </div>
   <div class='ocr_carea' id='block_1_59' title="bbox 2151 1830 3664 1907">
    <p class='ocr_par' dir='ltr' id='par_1_59' title="bbox 2151 1830 3664 1907">
     <span class='ocr_line' id='line_1_59' title="bbox 2151 1830 3664 1907; baseline -0.001 -20"><span class='ocrx_word' id='word_1_365' title='bbox 2151 1835 2348 1901; x_wconf 82' lang='grc' dir='ltr'><strong>Στόμα</strong></span> <span class='ocrx_word' id='word_1_366' title='bbox 2385 1832 2454 1887; x_wconf 81' lang='grc' dir='ltr'><strong>δὲ</strong></span> <span class='ocrx_word' id='word_1_367' title='bbox 2480 1832 2718 1907; x_wconf 77' lang='grc' dir='ltr'><strong>ἀσεϐῶν</strong></span> <span class='ocrx_word' id='word_1_368' title='bbox 2736 1833 3128 1903; x_wconf 79' lang='grc' dir='ltr'><strong>ἀποκρίνεται</strong></span> <span class='ocrx_word' id='word_1_369' title='bbox 3151 1830 3328 1889; x_wconf 79' lang='grc' dir='ltr'><strong>κακά.</strong></span> <span class='ocrx_word' id='word_1_370' title='bbox 3356 1830 3479 1886; x_wconf 80' lang='grc' dir='ltr'><strong>Τῶν</strong></span> <span class='ocrx_word' id='word_1_371' title='bbox 3500 1830 3559 1885; x_wconf 71' lang='grc' dir='ltr'><strong>δὲ</strong></span> <span class='ocrx_word' id='word_1_372' title='bbox 3588 1830 3664 1902; x_wconf 77' lang='grc' dir='ltr'><strong>μὴ</strong></span> 
     </span>
    </p>
   </div>
   <div class='ocr_carea' id='block_1_60' title="bbox 2078 1924 3664 1997">
    <p class='ocr_par' dir='ltr' id='par_1_60' title="bbox 2078 1924 3664 1997">
     <span class='ocr_line' id='line_1_60' title="bbox 2078 1924 3664 1997; baseline -0.002 -17"><span class='ocrx_word' id='word_1_373' title='bbox 2078 1924 2144 1980; x_wconf 86' lang='grc' dir='ltr'><strong>δι’</strong></span> <span class='ocrx_word' id='word_1_374' title='bbox 2168 1925 2389 1994; x_wconf 74' lang='grc' dir='ltr'><strong>ἀγαθῶν</strong></span> <span class='ocrx_word' id='word_1_375' title='bbox 2414 1924 2592 1996; x_wconf 77' lang='grc' dir='ltr'><strong>ἔργων</strong></span> <span class='ocrx_word' id='word_1_376' title='bbox 2624 1926 2910 1997; x_wconf 83' lang='grc' dir='ltr'><strong>τιμώντων</strong></span> <span class='ocrx_word' id='word_1_377' title='bbox 2932 1925 3088 1990; x_wconf 83' lang='grc' dir='ltr'><strong>Θεὸν,</strong></span> <span class='ocrx_word' id='word_1_378' title='bbox 3121 1926 3217 1980; x_wconf 78' lang='grc' dir='ltr'><strong>καὶ</strong></span> <span class='ocrx_word' id='word_1_379' title='bbox 3240 1924 3374 1979; x_wconf 79' lang='grc' dir='ltr'><strong>αὐτὸ</strong></span> <span class='ocrx_word' id='word_1_380' title='bbox 3430 1924 3494 1978; x_wconf 86' lang='grc' dir='ltr'><strong>τδ</strong></span> <span class='ocrx_word' id='word_1_381' title='bbox 3551 1942 3664 1994; x_wconf 75' lang='grc' dir='ltr'><strong>φω-</strong></span> 
     </span>
    </p>
   </div>
   <div class='ocr_carea' id='block_1_61' title="bbox 2079 2015 3659 2088">
    <p class='ocr_par' dir='ltr' id='par_1_61' title="bbox 2079 2015 3659 2088">
     <span class='ocr_line' id='line_1_61' title="bbox 2079 2015 3659 2088; baseline 0.001 -21"><span class='ocrx_word' id='word_1_382' title='bbox 2079 2016 2296 2087; x_wconf 78' lang='grc' dir='ltr'><strong>νητικὸν</strong></span> <span class='ocrx_word' id='word_1_383' title='bbox 2352 2016 2605 2088; x_wconf 76' lang='grc' dir='ltr'><strong>ὄργανον,</strong></span> <span class='ocrx_word' id='word_1_384' title='bbox 2662 2018 2727 2071; x_wconf 76' lang='grc' dir='ltr'><strong>ἐκ</strong></span> <span class='ocrx_word' id='word_1_385' title='bbox 2761 2015 3198 2088; x_wconf 81' lang='grc' dir='ltr'><strong>περισσεύματος</strong></span> <span class='ocrx_word' id='word_1_386' title='bbox 3256 2015 3358 2087; x_wconf 81' lang='grc' dir='ltr'><strong>τῆς</strong></span> <span class='ocrx_word' id='word_1_387' title='bbox 3412 2016 3659 2088; x_wconf 82' lang='grc' dir='ltr'><strong>καρδίας,</strong></span> 
     </span>
    </p>
   </div>
   <div class='ocr_carea' id='block_1_62' title="bbox 2079 2107 3661 2181">
    <p class='ocr_par' dir='ltr' id='par_1_62' title="bbox 2079 2107 3661 2181">
     <span class='ocr_line' id='line_1_62' title="bbox 2079 2107 3661 2181; baseline -0.001 -20"><span class='ocrx_word' id='word_1_388' title='bbox 2079 2126 2216 2177; x_wconf 87' lang='grc' dir='ltr'><strong>πονη</strong></span> <span class='ocrx_word' id='word_1_389' title='bbox 2228 2109 2303 2180; x_wconf 83' lang='grc' dir='ltr'><strong>ρὰ</strong></span> <span class='ocrx_word' id='word_1_390' title='bbox 2323 2112 2438 2172; x_wconf 83' lang='grc' dir='ltr'><strong>τοῖς</strong></span> <span class='ocrx_word' id='word_1_391' title='bbox 2470 2108 2746 2181; x_wconf 73' lang='grc' dir='ltr'><strong>ἐρωτῶσιν</strong></span> <span class='ocrx_word' id='word_1_392' title='bbox 2787 2109 3139 2179; x_wconf 80' lang='grc' dir='ltr'><strong>ἀπολογεῖται</strong></span> <span class='ocrx_word' id='word_1_393' title='bbox 3173 2126 3185 2139; x_wconf 90' lang='grc'><strong>·</strong></span> <span class='ocrx_word' id='word_1_394' title='bbox 3215 2108 3269 2162; x_wconf 81' lang='grc' dir='ltr'><strong>τί</strong></span> <span class='ocrx_word' id='word_1_395' title='bbox 3299 2108 3409 2181; x_wconf 82' lang='grc' dir='ltr'><strong>γὰρ</strong></span> <span class='ocrx_word' id='word_1_396' title='bbox 3437 2107 3504 2161; x_wconf 77' lang='grc' dir='ltr'><strong>ἂν</strong></span> <span class='ocrx_word' id='word_1_397' title='bbox 3525 2109 3661 2180; x_wconf 75' lang='grc' dir='ltr'><strong>χρή-</strong></span> 
     </span>
    </p>
   </div>
   <div class='ocr_carea' id='block_1_63' title="bbox 2079 2199 3498 2275">
    <p class='ocr_par' dir='ltr' id='par_1_63' title="bbox 2079 2199 3498 2275">
     <span class='ocr_line' id='line_1_63' title="bbox 2079 2199 3498 2275; baseline 0 -21"><span class='ocrx_word' id='word_1_398' title='bbox 2079 2218 2240 2273; x_wconf 90' lang='grc' dir='ltr'><strong>σιμον</strong></span> <span class='ocrx_word' id='word_1_399' title='bbox 2269 2201 2562 2275; x_wconf 78' lang='grc' dir='ltr'><strong>φθέγξαιτο</strong></span> <span class='ocrx_word' id='word_1_400' title='bbox 2589 2202 2619 2254; x_wconf 91' lang='lat'><strong>6</strong></span> <span class='ocrx_word' id='word_1_401' title='bbox 2656 2203 2728 2274; x_wconf 82' lang='grc' dir='ltr'><strong>μή</strong></span> <span class='ocrx_word' id='word_1_402' title='bbox 2768 2220 2822 2257; x_wconf 86' lang='grc' dir='ltr'><strong>τι</strong></span> <span class='ocrx_word' id='word_1_403' title='bbox 2850 2201 3227 2273; x_wconf 87' lang='grc' dir='ltr'><strong>διανοούμενος</strong></span> <span class='ocrx_word' id='word_1_404' title='bbox 3255 2199 3498 2270; x_wconf 78' lang='grc' dir='ltr'><strong>ἀγαθὸνς</strong></span> 
     </span>
    </p>
   </div>
   <div class='ocr_carea' id='block_1_64' title="bbox 2147 2324 3660 2397">
    <p class='ocr_par' dir='ltr' id='par_1_64' title="bbox 2147 2324 3660 2397">
     <span class='ocr_line' id='line_1_64' title="bbox 2147 2324 3660 2397; baseline -0.001 -18"><span class='ocrx_word' id='word_1_405' title='bbox 2147 2328 2352 2380; x_wconf 79' lang='grc' dir='ltr'><strong>Δεκταί</strong></span> <span class='ocrx_word' id='word_1_406' title='bbox 2376 2325 2536 2396; x_wconf 79' lang='grc' dir='ltr'><strong>παρὰ</strong></span> <span class='ocrx_word' id='word_1_407' title='bbox 2560 2327 2753 2397; x_wconf 81' lang='grc' dir='ltr'><strong>Κυρίῳ</strong></span> <span class='ocrx_word' id='word_1_408' title='bbox 2778 2327 2904 2383; x_wconf 78' lang='grc' dir='ltr'><strong>ὁδοί</strong></span> <span class='ocrx_word' id='word_1_409' title='bbox 2954 2324 3193 2397; x_wconf 77' lang='grc' dir='ltr'><strong>ἀνδρῶν</strong></span> <span class='ocrx_word' id='word_1_410' title='bbox 3234 2325 3500 2381; x_wconf 79' lang='grc' dir='ltr'><strong>δικαίων.</strong></span> <span class='ocrx_word' id='word_1_411' title='bbox 3553 2325 3660 2378; x_wconf 76' lang='grc' dir='ltr'><strong>Εὐ-</strong></span> 
     </span>
    </p>
   </div>
   <div class='ocr_carea' id='block_1_65' title="bbox 2080 2415 3659 2491">
    <p class='ocr_par' dir='ltr' id='par_1_65' title="bbox 2080 2415 3659 2491">
     <span class='ocr_line' id='line_1_65' title="bbox 2080 2415 3659 2491; baseline -0.001 -21"><span class='ocrx_word' id='word_1_412' title='bbox 2080 2417 2412 2491; x_wconf 86' lang='grc' dir='ltr'><strong>παράδεκτοι</strong></span> <span class='ocrx_word' id='word_1_413' title='bbox 2439 2417 2519 2490; x_wconf 81' lang='grc' dir='ltr'><strong>τῷ</strong></span> <span class='ocrx_word' id='word_1_414' title='bbox 2550 2418 2739 2490; x_wconf 81' lang='grc' dir='ltr'><strong>Κυρίῳ</strong></span> <span class='ocrx_word' id='word_1_415' title='bbox 2763 2419 2982 2474; x_wconf 78' lang='grc' dir='ltr'><strong>πάντων</strong></span> <span class='ocrx_word' id='word_1_416' title='bbox 3024 2417 3146 2491; x_wconf 85' lang='grc' dir='ltr'><strong>Θεῷ</strong></span> <span class='ocrx_word' id='word_1_417' title='bbox 3172 2419 3227 2473; x_wconf 77' lang='grc' dir='ltr'><strong>αἱ</strong></span> <span class='ocrx_word' id='word_1_418' title='bbox 3270 2416 3415 2472; x_wconf 84' lang='grc' dir='ltr'><strong>κατά</strong></span> <span class='ocrx_word' id='word_1_419' title='bbox 3456 2415 3659 2486; x_wconf 77' lang='grc' dir='ltr'><strong>γνῶσιν</strong></span> 
     </span>
    </p>
   </div>
   <div class='ocr_carea' id='block_1_66' title="bbox 2080 2510 3655 2585">
    <p class='ocr_par' dir='ltr' id='par_1_66' title="bbox 2080 2510 3655 2585">
     <span class='ocr_line' id='line_1_66' title="bbox 2080 2510 3655 2585; baseline -0.001 -21"><span class='ocrx_word' id='word_1_420' title='bbox 2080 2512 2176 2564; x_wconf 79' lang='grc' dir='ltr'><strong>καὶ</strong></span> <span class='ocrx_word' id='word_1_421' title='bbox 2205 2510 2407 2582; x_wconf 82' lang='grc' dir='ltr'><strong>ἀρετὴν</strong></span> <span class='ocrx_word' id='word_1_422' title='bbox 2436 2510 2546 2564; x_wconf 85' lang='grc' dir='ltr'><strong>τῶν</strong></span> <span class='ocrx_word' id='word_1_423' title='bbox 2575 2511 2882 2582; x_wconf 77' lang='grc' dir='ltr'><strong>ἀμέμπτως</strong></span> <span class='ocrx_word' id='word_1_424' title='bbox 2936 2510 3200 2583; x_wconf 79' lang='grc' dir='ltr'><strong>βιούντων</strong></span> <span class='ocrx_word' id='word_1_425' title='bbox 3237 2513 3455 2585; x_wconf 84' lang='grc' dir='ltr'><strong>πορεῖαι</strong></span> <span class='ocrx_word' id='word_1_426' title='bbox 3484 2526 3500 2542; x_wconf 73' lang='grc'><strong><em>⁸</em></strong></span> <span class='ocrx_word' id='word_1_427' title='bbox 3530 2510 3655 2563; x_wconf 66' lang='lat' dir='ltr'><strong>6m-</strong></span> 
     </span>
    </p>
   </div>
   <div class='ocr_carea' id='block_1_67' title="bbox 2079 2593 3653 2670">
    <p class='ocr_par' dir='ltr' id='par_1_67' title="bbox 2079 2593 3653 2670">
     <span class='ocr_line' id='line_1_67' title="bbox 2079 2593 3653 2670; baseline 0 -19"><span class='ocrx_word' id='word_1_428' title='bbox 2079 2598 2460 2668; x_wconf 84' lang='grc' dir='ltr'><strong>τυγχανόντων</strong></span> <span class='ocrx_word' id='word_1_429' title='bbox 2481 2597 2671 2663; x_wconf 79' lang='grc' dir='ltr'><strong>αὐτοῦ,</strong></span> <span class='ocrx_word' id='word_1_430' title='bbox 2702 2593 2794 2651; x_wconf 73' lang='grc' dir='ltr'><strong>οἷα</strong></span> <span class='ocrx_word' id='word_1_431' title='bbox 2836 2599 2934 2670; x_wconf 79' lang='grc' dir='ltr'><strong>μὲν</strong></span> <span class='ocrx_word' id='word_1_432' title='bbox 2965 2598 3156 2663; x_wconf 79' lang='grc' dir='ltr'><strong>τέλους</strong></span> <span class='ocrx_word' id='word_1_433' title='bbox 3210 2598 3321 2652; x_wconf 84' lang='grc' dir='ltr'><strong>τῶν</strong></span> <span class='ocrx_word' id='word_1_434' title='bbox 3377 2596 3653 2667; x_wconf 80' lang='grc' dir='ltr'><strong>γνωστῶν.</strong></span> 
     </span>
    </p>
   </div>
   <div class='ocr_carea' id='block_1_68' title="bbox 2077 2685 3662 2764">
    <p class='ocr_par' dir='ltr' id='par_1_68' title="bbox 2077 2685 3662 2764">
     <span class='ocr_line' id='line_1_68' title="bbox 2077 2685 3662 2764; baseline -0.001 -20"><span class='ocrx_word' id='word_1_435' title='bbox 2077 2690 2155 2754; x_wconf 81' lang='grc' dir='ltr'><strong>ὡς</strong></span> <span class='ocrx_word' id='word_1_436' title='bbox 2183 2690 2442 2762; x_wconf 76' lang='grc' dir='ltr'><strong>ἀληθείας</strong></span> <span class='ocrx_word' id='word_1_437' title='bbox 2461 2707 2475 2722; x_wconf 76' lang='grc' dir='ltr'><strong>ο</strong></span> <span class='ocrx_word' id='word_1_438' title='bbox 2514 2685 2601 2744; x_wconf 77' lang='grc' dir='ltr'><strong>οἷα</strong></span> <span class='ocrx_word' id='word_1_439' title='bbox 2636 2690 2693 2746; x_wconf 81' lang='grc' dir='ltr'><strong>δὲ</strong></span> <span class='ocrx_word' id='word_1_440' title='bbox 2715 2691 2903 2755; x_wconf 81' lang='grc' dir='ltr'><strong>τέλους</strong></span> <span class='ocrx_word' id='word_1_441' title='bbox 2949 2690 3058 2746; x_wconf 85' lang='grc' dir='ltr'><strong>τῶν</strong></span> <span class='ocrx_word' id='word_1_442' title='bbox 3083 2692 3366 2764; x_wconf 85' lang='grc' dir='ltr'><strong>πρακτῶν,</strong></span> <span class='ocrx_word' id='word_1_443' title='bbox 3389 2691 3467 2756; x_wconf 83' lang='grc' dir='ltr'><strong>ὡς</strong></span> <span class='ocrx_word' id='word_1_444' title='bbox 3516 2691 3662 2760; x_wconf 83' lang='grc' dir='ltr'><strong>ἀγα-</strong></span> 
     </span>
    </p>
   </div>
   <div class='ocr_carea' id='block_1_69' title="bbox 2080 2781 2197 2837">
    <p class='ocr_par' dir='ltr' id='par_1_69' title="bbox 2080 2781 2197 2837">
     <span class='ocr_line' id='line_1_69' title="bbox 2080 2781 2197 2837; baseline 0.009 -2"><span class='ocrx_word' id='word_1_445' title='bbox 2080 2781 2197 2837; x_wconf 84' lang='grc' dir='ltr'><strong>θοῦ.</strong></span> 
     </span>
    </p>
   </div>
   <div class='ocr_carea' id='block_1_70' title="bbox 2153 2907 3664 2980">
    <p class='ocr_par' dir='ltr' id='par_1_70' title="bbox 2153 2907 3664 2980">
     <span class='ocr_line' id='line_1_70' title="bbox 2153 2907 3664 2980; baseline -0.002 -17"><span class='ocrx_word' id='word_1_446' title='bbox 2153 2909 2255 2965; x_wconf 83' lang='grc' dir='ltr'><strong>Διὰ</strong></span> <span class='ocrx_word' id='word_1_447' title='bbox 2275 2908 2345 2965; x_wconf 73' lang='grc' dir='ltr'><strong>δὲ</strong></span> <span class='ocrx_word' id='word_1_448' title='bbox 2375 2908 2574 2964; x_wconf 80' lang='grc' dir='ltr'><strong>αὐτῶν</strong></span> <span class='ocrx_word' id='word_1_449' title='bbox 2596 2909 2698 2964; x_wconf 78' lang='grc' dir='ltr'><strong>καὶ</strong></span> <span class='ocrx_word' id='word_1_450' title='bbox 2730 2912 2784 2963; x_wconf 82' lang='grc' dir='ltr'><strong>οἱ</strong></span> <span class='ocrx_word' id='word_1_451' title='bbox 2822 2907 3023 2980; x_wconf 79' lang='grc' dir='ltr'><strong>ἐχθροί</strong></span> <span class='ocrx_word' id='word_1_452' title='bbox 3040 2911 3207 2978; x_wconf 65' lang='grc' dir='ltr'><strong>φίλοι</strong></span> <span class='ocrx_word' id='word_1_453' title='bbox 3247 2909 3537 2980; x_wconf 71' lang='grc' dir='ltr'><strong>γίνονται.</strong></span> <span class='ocrx_word' id='word_1_454' title='bbox 3559 2908 3664 2961; x_wconf 75' lang='grc' dir='ltr'><strong>Διά</strong></span> 
     </span>
    </p>
   </div>
   <div class='ocr_carea' id='block_1_71' title="bbox 2080 2998 3663 3073">
    <p class='ocr_par' dir='ltr' id='par_1_71' title="bbox 2080 2998 3663 3073">
     <span class='ocr_line' id='line_1_71' title="bbox 2080 2998 3663 3073; baseline 0.001 -21"><span class='ocrx_word' id='word_1_455' title='bbox 2080 3000 2284 3053; x_wconf 85' lang='grc' dir='ltr'><strong>τούτων</strong></span> <span class='ocrx_word' id='word_1_456' title='bbox 2308 3000 2386 3067; x_wconf 87' lang='grc' dir='ltr'><strong>δὲ,</strong></span> <span class='ocrx_word' id='word_1_457' title='bbox 2411 3001 2486 3064; x_wconf 85' lang='grc' dir='ltr'><strong>ὡς</strong></span> <span class='ocrx_word' id='word_1_458' title='bbox 2510 3001 2823 3071; x_wconf 81' lang='grc' dir='ltr'><strong>δυναμένων</strong></span> <span class='ocrx_word' id='word_1_459' title='bbox 2852 3001 2948 3055; x_wconf 77' lang='grc' dir='ltr'><strong>καὶ</strong></span> <span class='ocrx_word' id='word_1_460' title='bbox 3005 2999 3226 3073; x_wconf 78' lang='grc' dir='ltr'><strong>ἑτέρους</strong></span> <span class='ocrx_word' id='word_1_461' title='bbox 3250 2998 3534 3072; x_wconf 85' lang='grc' dir='ltr'><strong>καθαίρειν</strong></span> <span class='ocrx_word' id='word_1_462' title='bbox 3561 3000 3663 3053; x_wconf 76' lang='grc' dir='ltr'><strong>καὶ</strong></span> 
     </span>
    </p>
   </div>
   <div class='ocr_carea' id='block_1_72' title="bbox 2079 3089 3664 3162">
    <p class='ocr_par' dir='ltr' id='par_1_72' title="bbox 2079 3089 3664 3162">
     <span class='ocr_line' id='line_1_72' title="bbox 2079 3089 3664 3162; baseline 0 -18"><span class='ocrx_word' id='word_1_463' title='bbox 2079 3090 2343 3156; x_wconf 82' lang='grc' dir='ltr'><strong>τελειοῦν,</strong></span> <span class='ocrx_word' id='word_1_464' title='bbox 2365 3094 2460 3147; x_wconf 76' lang='grc' dir='ltr'><strong>καὶ</strong></span> <span class='ocrx_word' id='word_1_465' title='bbox 2479 3093 2636 3146; x_wconf 72' lang='grc' dir='ltr'><strong>αὐτοὶ</strong></span> <span class='ocrx_word' id='word_1_466' title='bbox 2656 3094 2704 3146; x_wconf 93' lang='grc' dir='ltr'><strong>οί</strong></span> <span class='ocrx_word' id='word_1_467' title='bbox 2730 3091 2821 3146; x_wconf 81' lang='grc' dir='ltr'><strong>διὰ</strong></span> <span class='ocrx_word' id='word_1_468' title='bbox 2850 3091 3051 3147; x_wconf 87' lang='grc' dir='ltr'><strong>κακίαν</strong></span> <span class='ocrx_word' id='word_1_469' title='bbox 3080 3093 3175 3146; x_wconf 77' lang='grc' dir='ltr'><strong>καὶ</strong></span> <span class='ocrx_word' id='word_1_470' title='bbox 3201 3092 3430 3160; x_wconf 78' lang='grc' dir='ltr'><strong>ἀγνοιαν</strong></span> <span class='ocrx_word' id='word_1_471' title='bbox 3458 3089 3664 3162; x_wconf 76' lang='grc' dir='ltr'><strong>θεομά-</strong></span> 
     </span>
    </p>
   </div>
   <div class='ocr_carea' id='block_1_73' title="bbox 2079 3180 3666 3255">
    <p class='ocr_par' dir='ltr' id='par_1_73' title="bbox 2079 3180 3666 3255">
     <span class='ocr_line' id='line_1_73' title="bbox 2079 3180 3666 3255; baseline -0.001 -20"><span class='ocrx_word' id='word_1_472' title='bbox 2079 3201 2185 3253; x_wconf 86' lang='grc' dir='ltr'><strong>χοι,</strong></span> <span class='ocrx_word' id='word_1_473' title='bbox 2219 3184 2313 3237; x_wconf 81' lang='grc' dir='ltr'>τοῦ</span> <span class='ocrx_word' id='word_1_474' title='bbox 2342 3183 2623 3255; x_wconf 84' lang='grc' dir='ltr'><strong>μολυσμοῦ</strong></span> <span class='ocrx_word' id='word_1_475' title='bbox 2657 3182 2766 3236; x_wconf 86' lang='grc' dir='ltr'><strong>τῶν</strong></span> <span class='ocrx_word' id='word_1_476' title='bbox 2799 3183 3005 3239; x_wconf 80' lang='grc' dir='ltr'><strong>παθῶν.</strong></span> <span class='ocrx_word' id='word_1_477' title='bbox 3026 3181 3413 3255; x_wconf 77' lang='grc' dir='ltr'><strong>καθαρθέντες,</strong></span> <span class='ocrx_word' id='word_1_478' title='bbox 3445 3182 3538 3235; x_wconf 68' lang='grc' dir='ltr'><strong>καὶ</strong></span> <span class='ocrx_word' id='word_1_479' title='bbox 3564 3180 3666 3234; x_wconf 75' lang='grc' dir='ltr'><strong>τοῦ</strong></span> 
     </span>
    </p>
   </div>
   <div class='ocr_carea' id='block_1_74' title="bbox 2081 3271 3657 3346">
    <p class='ocr_par' dir='ltr' id='par_1_74' title="bbox 2081 3271 3657 3346">
     <span class='ocr_line' id='line_1_74' title="bbox 2081 3271 3657 3346; baseline -0.001 -17"><span class='ocrx_word' id='word_1_480' title='bbox 2081 3274 2311 3338; x_wconf 77' lang='grc' dir='ltr'><strong>σκότους</strong></span> <span class='ocrx_word' id='word_1_481' title='bbox 2333 3276 2432 3345; x_wconf 85' lang='grc' dir='ltr'><strong>τῆς</strong></span> <span class='ocrx_word' id='word_1_482' title='bbox 2464 3275 2687 3344; x_wconf 87' lang='grc' dir='ltr'><strong>ἀγνοίας</strong></span> <span class='ocrx_word' id='word_1_483' title='bbox 2721 3275 3152 3346; x_wconf 80' lang='grc' dir='ltr'><strong>ἀπαλλαγέντες,</strong></span> <span class='ocrx_word' id='word_1_484' title='bbox 3180 3271 3301 3345; x_wconf 84' lang='grc' dir='ltr'><strong>Θεῷ</strong></span> <span class='ocrx_word' id='word_1_485' title='bbox 3328 3274 3397 3326; x_wconf 80' lang='grc' dir='ltr'><strong>δι’</strong></span> <span class='ocrx_word' id='word_1_486' title='bbox 3450 3271 3657 3346; x_wconf 76' lang='grc' dir='ltr'><strong>ἀρετῆς</strong></span> 
     </span>
    </p>
   </div>
   <div class='ocr_carea' id='block_1_75' title="bbox 2078 3366 2837 3438">
    <p class='ocr_par' dir='ltr' id='par_1_75' title="bbox 2078 3366 2837 3438">
     <span class='ocr_line' id='line_1_75' title="bbox 2078 3366 2837 3438; baseline 0.003 -17"><span class='ocrx_word' id='word_1_487' title='bbox 2078 3368 2174 3421; x_wconf 72' lang='grc' dir='ltr'><strong>καὶ</strong></span> <span class='ocrx_word' id='word_1_488' title='bbox 2199 3366 2455 3438; x_wconf 81' lang='grc' dir='ltr'><strong>γνώσεως</strong></span> <span class='ocrx_word' id='word_1_489' title='bbox 2484 3368 2837 3424; x_wconf 75' lang='grc' dir='ltr'><strong>οἰκειοῦνται.</strong></span> 
     </span>
    </p>
   </div>
   <div class='ocr_carea' id='block_1_76' title="bbox 2149 3492 3666 3568">
    <p class='ocr_par' dir='ltr' id='par_1_76' title="bbox 2149 3492 3666 3568">
     <span class='ocr_line' id='line_1_76' title="bbox 2149 3492 3666 3568; baseline 0.001 -20"><span class='ocrx_word' id='word_1_490' title='bbox 2149 3492 2257 3550; x_wconf 88' lang='grc' dir='ltr'><strong>κθ’.</strong></span> <span class='ocrx_word' id='word_1_491' title='bbox 2288 3494 2539 3562; x_wconf 73' lang='grc' dir='ltr'><strong>Μακρὸν</strong></span> <span class='ocrx_word' id='word_1_492' title='bbox 2570 3494 2783 3564; x_wconf 77' lang='grc' dir='ltr'><strong>ἀπέχει</strong></span> <span class='ocrx_word' id='word_1_493' title='bbox 2823 3494 2968 3561; x_wconf 84' lang='grc' dir='ltr'><strong>Θεὸς</strong></span> <span class='ocrx_word' id='word_1_494' title='bbox 3009 3494 3130 3549; x_wconf 82' lang='grc' dir='ltr'><strong>ἀπὸ</strong></span> <span class='ocrx_word' id='word_1_495' title='bbox 3163 3494 3421 3551; x_wconf 78' lang='grc' dir='ltr'><strong>ἀσεϐῶν.</strong></span> <span class='ocrx_word' id='word_1_496' title='bbox 3459 3495 3666 3568; x_wconf 78' lang='grc' dir='ltr'><strong>Πόῥρω</strong></span> 
     </span>
    </p>
   </div>
   <div class='ocr_carea' id='block_1_77' title="bbox 2076 3585 3664 3660">
    <p class='ocr_par' dir='ltr' id='par_1_77' title="bbox 2076 3585 3664 3660">
     <span class='ocr_line' id='line_1_77' title="bbox 2076 3585 3664 3660; baseline 0.001 -21"><span class='ocrx_word' id='word_1_497' title='bbox 2076 3588 2105 3640; x_wconf 94' lang='lat'><strong>6</strong></span> <span class='ocrx_word' id='word_1_498' title='bbox 2139 3585 2270 3651; x_wconf 81' lang='grc' dir='ltr'><strong>Θεὸς</strong></span> <span class='ocrx_word' id='word_1_499' title='bbox 2323 3587 2432 3641; x_wconf 84' lang='grc' dir='ltr'><strong>τῶν</strong></span> <span class='ocrx_word' id='word_1_500' title='bbox 2476 3586 2657 3660; x_wconf 79' lang='grc' dir='ltr'><strong>μὴ’δι’</strong></span> <span class='ocrx_word' id='word_1_501' title='bbox 2708 3585 3076 3657; x_wconf 88' lang='grc' dir='ltr'><strong>ἀγαθοεργίας</strong></span> <span class='ocrx_word' id='word_1_502' title='bbox 3152 3588 3436 3658; x_wconf 83' lang='grc' dir='ltr'><strong>τιμώντων</strong></span> <span class='ocrx_word' id='word_1_503' title='bbox 3498 3587 3664 3641; x_wconf 73' lang='grc' dir='ltr'><strong>αὑτὸν</strong></span> 
     </span>
    </p>
   </div>
   <div class='ocr_carea' id='block_1_78' title="bbox 2076 3677 3666 3751">
    <p class='ocr_par' dir='ltr' id='par_1_78' title="bbox 2076 3677 3666 3751">
     <span class='ocr_line' id='line_1_78' title="bbox 2076 3677 3666 3751; baseline 0.002 -20"><span class='ocrx_word' id='word_1_504' title='bbox 2076 3677 2372 3745; x_wconf 85' lang='grc' dir='ltr'><strong>διίσταται,</strong></span> <span class='ocrx_word' id='word_1_505' title='bbox 2401 3679 2477 3742; x_wconf 87' lang='grc' dir='ltr'><strong>ὡς</strong></span> <span class='ocrx_word' id='word_1_506' title='bbox 2507 3680 2583 3750; x_wconf 80' lang='grc' dir='ltr'><strong>μὴ</strong></span> <span class='ocrx_word' id='word_1_507' title='bbox 2614 3678 2739 3733; x_wconf 77' lang='grc' dir='ltr'><strong>καθ’</strong></span> <span class='ocrx_word' id='word_1_508' title='bbox 2766 3678 3026 3749; x_wconf 89' lang='grc' dir='ltr'><strong>ὁμοίωσιν</strong></span> <span class='ocrx_word' id='word_1_509' title='bbox 3054 3678 3221 3733; x_wconf 78' lang='grc' dir='ltr'><strong>αὐτοῦ</strong></span> <span class='ocrx_word' id='word_1_510' title='bbox 3277 3679 3666 3751; x_wconf 71' lang='grc' dir='ltr'><strong>ἐργαζομένων</strong></span> 
     </span>
    </p>
   </div>
   <div class='ocr_carea' id='block_1_79' title="bbox 2076 3769 2387 3838">
    <p class='ocr_par' dir='ltr' id='par_1_79' title="bbox 2076 3769 2387 3838">
     <span class='ocr_line' id='line_1_79' title="bbox 2076 3769 2387 3838; baseline 0.01 -15"><span class='ocrx_word' id='word_1_511' title='bbox 2076 3769 2138 3823; x_wconf 77' lang='grc' dir='ltr'><strong>τὸ</strong></span> <span class='ocrx_word' id='word_1_512' title='bbox 2161 3770 2387 3838; x_wconf 86' lang='grc' dir='ltr'><strong>ἀγαθόν.</strong></span> 
     </span>
    </p>
   </div>
   <div class='ocr_carea' id='block_1_80' title="bbox 2149 3894 3669 3964">
    <p class='ocr_par' dir='ltr' id='par_1_80' title="bbox 2149 3894 3669 3964">
     <span class='ocr_line' id='line_1_80' title="bbox 2149 3894 3669 3964; baseline 0.002 -15"><span class='ocrx_word' id='word_1_513' title='bbox 2149 3894 2376 3964; x_wconf 86' lang='grc' dir='ltr'><strong>Εὐχαῐς</strong></span> <span class='ocrx_word' id='word_1_514' title='bbox 2402 3895 2471 3948; x_wconf 80' lang='grc' dir='ltr'><strong>δὲ</strong></span> <span class='ocrx_word' id='word_1_515' title='bbox 2506 3895 2752 3950; x_wconf 79' lang='grc' dir='ltr'><strong>δικαίων</strong></span> <span class='ocrx_word' id='word_1_516' title='bbox 2772 3896 3085 3951; x_wconf 78' lang='grc' dir='ltr'><strong>ὑπακούει.</strong></span> <span class='ocrx_word' id='word_1_517' title='bbox 3138 3897 3250 3960; x_wconf 85' lang='grc' dir='ltr'><strong>Τὰς</strong></span> <span class='ocrx_word' id='word_1_518' title='bbox 3285 3896 3331 3949; x_wconf 79' lang='grc' dir='ltr'><strong>δ’</strong></span> <span class='ocrx_word' id='word_1_519' title='bbox 3389 3896 3669 3962; x_wconf 78' lang='grc' dir='ltr'><strong>ἐντεύξεις</strong></span> 
     </span>
    </p>
   </div>
   <div class='ocr_carea' id='block_1_81' title="bbox 2074 3981 3669 4058">
    <p class='ocr_par' dir='ltr' id='par_1_81' title="bbox 2074 3981 3669 4058">
     <span class='ocr_line' id='line_1_81' title="bbox 2074 3981 3669 4058; baseline 0.004 -24"><span class='ocrx_word' id='word_1_520' title='bbox 2074 3981 2186 4035; x_wconf 86' lang='grc' dir='ltr'><strong>τῶν</strong></span> <span class='ocrx_word' id='word_1_521' title='bbox 2215 3982 2357 4036; x_wconf 89' lang='grc' dir='ltr'><strong>κατά</strong></span> <span class='ocrx_word' id='word_1_522' title='bbox 2385 3983 2585 4055; x_wconf 90' lang='grc' dir='ltr'><strong>νόμους</strong></span> <span class='ocrx_word' id='word_1_523' title='bbox 2613 3984 2779 4039; x_wconf 82' lang='grc' dir='ltr'><strong>αὐτοῦ</strong></span> <span class='ocrx_word' id='word_1_524' title='bbox 2809 3984 3246 4058; x_wconf 81' lang='grc' dir='ltr'><strong>πολιτευομένων</strong></span> <span class='ocrx_word' id='word_1_525' title='bbox 3263 3986 3570 4055; x_wconf 87' lang='grc' dir='ltr'><strong>προσίεται,</strong></span> <span class='ocrx_word' id='word_1_526' title='bbox 3589 3986 3669 4052; x_wconf 83' lang='grc' dir='ltr'><strong>ὡς</strong></span> 
     </span>
    </p>
   </div>
   <div class='ocr_carea' id='block_1_82' title="bbox 2076 4073 3100 4147">
    <p class='ocr_par' dir='ltr' id='par_1_82' title="bbox 2076 4073 3100 4147">
     <span class='ocr_line' id='line_1_82' title="bbox 2076 4073 3100 4147; baseline 0.004 -20"><span class='ocrx_word' id='word_1_527' title='bbox 2076 4073 2167 4127; x_wconf 77' lang='grc' dir='ltr'><strong>διὰ</strong></span> <span class='ocrx_word' id='word_1_528' title='bbox 2202 4074 2492 4146; x_wconf 80' lang='grc' dir='ltr'><strong>μιμήσεως</strong></span> <span class='ocrx_word' id='word_1_529' title='bbox 2522 4075 2912 4146; x_wconf 85' lang='grc' dir='ltr'><strong>οίκειουμένων</strong></span> <span class='ocrx_word' id='word_1_530' title='bbox 2932 4076 3100 4147; x_wconf 74' lang='grc' dir='ltr'><strong>αὐτῷ.</strong></span> 
     </span>
    </p>
   </div>
   <div class='ocr_carea' id='block_1_83' title="bbox 2146 4268 3659 4342">
    <p class='ocr_par' dir='ltr' id='par_1_83' title="bbox 2146 4268 3659 4342">
     <span class='ocr_line' id='line_1_83' title="bbox 2146 4268 3659 4342; baseline 0.007 -21"><span class='ocrx_word' id='word_1_531' title='bbox 2146 4268 2463 4336; x_wconf 81' lang='grc' dir='ltr'><strong>Κρείσσων</strong></span> <span class='ocrx_word' id='word_1_532' title='bbox 2515 4269 2688 4338; x_wconf 77' lang='grc' dir='ltr'><strong>ὀλίγη</strong></span> <span class='ocrx_word' id='word_1_533' title='bbox 2742 4269 2933 4338; x_wconf 68' lang='grc' dir='ltr'><strong>λῆψις</strong></span> <span class='ocrx_word' id='word_1_534' title='bbox 2958 4270 3106 4339; x_wconf 86' lang='grc' dir='ltr'><strong>μετὰ</strong></span> <span class='ocrx_word' id='word_1_535' title='bbox 3162 4270 3579 4341; x_wconf 77' lang='grc' dir='ltr'><strong>δικαιοσύνης,</strong></span> <span class='ocrx_word' id='word_1_536' title='bbox 3615 4275 3659 4342; x_wconf 79' lang='grc' dir='ltr'><em>ἢ</em></span> 
     </span>
    </p>
   </div>
   <div class='ocr_carea' id='block_1_84' title="bbox 394 4357 1977 4452">
    <p class='ocr_par' dir='ltr' id='par_1_84' title="bbox 394 4357 1974 4430">
     <span class='ocr_line' id='line_1_84' title="bbox 394 4357 1974 4430; baseline -0.002 -15"><span class='ocrx_word' id='word_1_537' title='bbox 394 4360 549 4415; x_wconf 79' lang='lat' dir='ltr'><strong>multi</strong></span> <span class='ocrx_word' id='word_1_538' title='bbox 579 4360 869 4427; x_wconf 81' lang='lat' dir='ltr'><strong>productus</strong></span> <span class='ocrx_word' id='word_1_539' title='bbox 917 4375 1037 4413; x_wconf 84' lang='lat' dir='ltr'><strong>cum</strong></span> <span class='ocrx_word' id='word_1_540' title='bbox 1094 4359 1393 4430; x_wconf 80' lang='lat' dir='ltr'><strong>iniquitate.</strong></span> <span class='ocrx_word' id='word_1_541' title='bbox 1424 4357 1616 4413; x_wconf 78' lang='lat' dir='ltr'><strong>Melior</strong></span> <span class='ocrx_word' id='word_1_542' title='bbox 1651 4365 1736 4412; x_wconf 88' lang='lat' dir='ltr'><strong>est</strong></span> <span class='ocrx_word' id='word_1_543' title='bbox 1770 4372 1974 4427; x_wconf 89' lang='lat' dir='ltr'><strong>parvus</strong></span> 
     </span>
    </p>
   </div>
   <div class='ocr_carea' id='block_1_85' title="bbox 2096 4357 3663 4452">
    <p class='ocr_par' dir='ltr' id='par_1_85' title="bbox 2096 4358 3663 4445">
     <span class='ocr_line' id='line_1_85' title="bbox 2096 4358 3663 4445; baseline 0.005 -35"><span class='ocrx_word' id='word_1_544' title='bbox 2096 4362 2281 4413; x_wconf 74' lang='grc' dir='ltr'><strong>τολλὰ</strong></span> <span class='ocrx_word' id='word_1_545' title='bbox 2300 4358 2643 4429; x_wconf 72' lang='grc' dir='ltr'><strong>γεννήματα</strong></span> <span class='ocrx_word' id='word_1_546' title='bbox 2665 4360 2817 4430; x_wconf 80' lang='grc' dir='ltr'><strong>μετὰ</strong></span> <span class='ocrx_word' id='word_1_547' title='bbox 2853 4359 3108 4428; x_wconf 79' lang='grc' dir='ltr'><strong>ἀδικίας.</strong></span> <span class='ocrx_word' id='word_1_548' title='bbox 3161 4363 3439 4445; x_wconf 60' lang='grc' dir='ltr'><strong>Κρείττευν</strong></span> <span class='ocrx_word' id='word_1_549' title='bbox 3505 4364 3663 4418; x_wconf 70' lang='grc' dir='ltr'><strong>ἐστὶν</strong></span> 
     </span>
    </p>
   </div>
   <div class='ocr_carea' id='block_1_86' title="bbox 390 4443 1977 4530">
    <p class='ocr_par' dir='ltr' id='par_1_86' title="bbox 390 4443 1975 4517">
     <span class='ocr_line' id='line_1_86' title="bbox 390 4443 1975 4517; baseline -0.003 -13"><span class='ocrx_word' id='word_1_550' title='bbox 390 4465 456 4504; x_wconf 69' lang='lat' dir='ltr'><strong>ex</strong></span> <span class='ocrx_word' id='word_1_551' title='bbox 494 4447 663 4517; x_wconf 86' lang='lat' dir='ltr'><strong>jnstis</strong></span> <span class='ocrx_word' id='word_1_552' title='bbox 701 4446 982 4501; x_wconf 86' lang='lat' dir='ltr'><strong>laboribus</strong></span> <span class='ocrx_word' id='word_1_553' title='bbox 1024 4455 1353 4516; x_wconf 84' lang='lat' dir='ltr'><strong>proventus,</strong></span> <span class='ocrx_word' id='word_1_554' title='bbox 1409 4445 1475 4500; x_wconf 89' lang='lat' dir='ltr'><strong>ad</strong></span> <span class='ocrx_word' id='word_1_555' title='bbox 1517 4444 1633 4501; x_wconf 86' lang='lat' dir='ltr'><strong>sola</strong></span> <span class='ocrx_word' id='word_1_556' title='bbox 1697 4443 1975 4499; x_wconf 83' lang='lat' dir='ltr'><strong>suiliciens</strong></span> 
     </span>
    </p>
   </div>
   <div class='ocr_carea' id='block_1_87' title="bbox 2096 4443 3667 4530">
    <p class='ocr_par' dir='ltr' id='par_1_87' title="bbox 2096 4443 3667 4530">
     <span class='ocr_line' id='line_1_87' title="bbox 2096 4443 3667 4530; baseline 0.006 -26"><span class='ocrx_word' id='word_1_557' title='bbox 2096 4469 2143 4505; x_wconf 78' lang='grc' dir='ltr'><strong>εκ</strong></span> <span class='ocrx_word' id='word_1_558' title='bbox 2186 4451 2411 4506; x_wconf 88' lang='grc' dir='ltr'><strong>δικαίων</strong></span> <span class='ocrx_word' id='word_1_559' title='bbox 2476 4453 2655 4507; x_wconf 83' lang='grc' dir='ltr'><strong>πόνων</strong></span> <span class='ocrx_word' id='word_1_560' title='bbox 2691 4454 2864 4525; x_wconf 86' lang='grc' dir='ltr'><strong>μικρά</strong></span> <span class='ocrx_word' id='word_1_561' title='bbox 2894 4454 3146 4526; x_wconf 77' lang='grc' dir='ltr'><strong>εἰσφορὰ,</strong></span> <span class='ocrx_word' id='word_1_562' title='bbox 3196 4458 3279 4520; x_wconf 86' lang='grc' dir='ltr'><strong>είς</strong></span> <span class='ocrx_word' id='word_1_563' title='bbox 3312 4443 3450 4528; x_wconf 75' lang='grc' dir='ltr'><strong>μόνα</strong></span> <span class='ocrx_word' id='word_1_564' title='bbox 3488 4459 3667 4530; x_wconf 70' lang='grc' dir='ltr'><strong>ἐπαρ-</strong></span> 
     </span>
    </p>
   </div>
   <div class='ocr_carea' id='block_1_88' title="bbox 390 4534 1977 4606">
    <p class='ocr_par' dir='ltr' id='par_1_88' title="bbox 390 4534 1977 4606">
     <span class='ocr_line' id='line_1_88' title="bbox 390 4534 1977 4606; baseline -0.002 -12"><span class='ocrx_word' id='word_1_565' title='bbox 390 4539 730 4602; x_wconf 86' lang='lat' dir='ltr'><strong>uccessaria,</strong></span> <span class='ocrx_word' id='word_1_566' title='bbox 764 4551 927 4606; x_wconf 86' lang='lat' dir='ltr'><strong>quam</strong></span> <span class='ocrx_word' id='word_1_567' title='bbox 957 4537 1111 4590; x_wconf 82' lang='lat' dir='ltr'><strong>lucra</strong></span> <span class='ocrx_word' id='word_1_568' title='bbox 1143 4537 1315 4589; x_wconf 88' lang='lat' dir='ltr'><strong>multa</strong></span> <span class='ocrx_word' id='word_1_569' title='bbox 1350 4549 1553 4606; x_wconf 89' lang='lat' dir='ltr'><strong>rapace</strong></span> <span class='ocrx_word' id='word_1_570' title='bbox 1586 4534 1814 4590; x_wconf 84' lang='lat' dir='ltr'><strong>avaritia</strong></span> <span class='ocrx_word' id='word_1_571' title='bbox 1841 4549 1977 4591; x_wconf 90' lang='lat' dir='ltr'><strong>con-</strong></span> 
     </span>
    </p>
   </div>
   <div class='ocr_carea' id='block_1_89' title="bbox 387 4641 600 4702">
    <p class='ocr_par' dir='ltr' id='par_1_89' title="bbox 387 4641 600 4702">
     <span class='ocr_line' id='line_1_89' title="bbox 387 4641 600 4702; baseline -0.005 -16"><span class='ocrx_word' id='word_1_572' title='bbox 387 4641 600 4702; x_wconf 80' lang='lat' dir='ltr'><strong>get-ala.</strong></span> 
     </span>
    </p>
   </div>
   <div class='ocr_carea' id='block_1_90' title="bbox 460 4751 1975 4831">
    <p class='ocr_par' dir='ltr' id='par_1_90' title="bbox 460 4751 1975 4831">
     <span class='ocr_line' id='line_1_90' title="bbox 460 4751 1975 4831; baseline -0.001 -21"><span class='ocrx_word' id='word_1_573' title='bbox 460 4753 569 4810; x_wconf 85' lang='lat' dir='ltr'><strong>Car</strong></span> <span class='ocrx_word' id='word_1_574' title='bbox 603 4753 827 4831; x_wconf 76' lang='lat' dir='ltr'><strong>hominis</strong></span> <span class='ocrx_word' id='word_1_575' title='bbox 858 4752 1103 4821; x_wconf 72' lang='lat' dir='ltr'><strong>expendit</strong></span> <span class='ocrx_word' id='word_1_576' title='bbox 1121 4751 1296 4822; x_wconf 80' lang='lat' dir='ltr'><strong>justa,</strong></span> <span class='ocrx_word' id='word_1_577' title='bbox 1332 4752 1411 4806; x_wconf 85' lang='lat' dir='ltr'><strong>ita</strong></span> <span class='ocrx_word' id='word_1_578' title='bbox 1446 4761 1504 4806; x_wconf 87' lang='lat' dir='ltr'><strong>ut</strong></span> <span class='ocrx_word' id='word_1_579' title='bbox 1537 4754 1630 4808; x_wconf 82' lang='lat' dir='ltr'><strong>sub</strong></span> <span class='ocrx_word' id='word_1_580' title='bbox 1667 4752 1771 4809; x_wconf 85' lang='lat' dir='ltr'><strong>Deo</strong></span> <span class='ocrx_word' id='word_1_581' title='bbox 1824 4771 1975 4827; x_wconf 84' lang='lat' dir='ltr'><strong>gres-</strong></span> 
     </span>
    </p>
   </div>
   <div class='ocr_carea' id='block_1_91' title="bbox 392 4845 1976 4917">
    <p class='ocr_par' dir='ltr' id='par_1_91' title="bbox 392 4845 1976 4917">
     <span class='ocr_line' id='line_1_91' title="bbox 392 4845 1976 4917; baseline 0 -16"><span class='ocrx_word' id='word_1_582' title='bbox 392 4864 485 4902; x_wconf 82' lang='lat' dir='ltr'><strong>sus</strong></span> <span class='ocrx_word' id='word_1_583' title='bbox 533 4863 659 4901; x_wconf 86' lang='lat' dir='ltr'><strong>suos</strong></span> <span class='ocrx_word' id='word_1_584' title='bbox 698 4845 919 4917; x_wconf 84' lang='lat' dir='ltr'><strong>dirigat.</strong></span> <span class='ocrx_word' id='word_1_585' title='bbox 975 4845 1186 4900; x_wconf 73' lang='lat' dir='ltr'><strong>Animae</strong></span> <span class='ocrx_word' id='word_1_586' title='bbox 1236 4845 1381 4902; x_wconf 92' lang='lat' dir='ltr'><strong>illius</strong></span> <span class='ocrx_word' id='word_1_587' title='bbox 1422 4845 1536 4917; x_wconf 92' lang='lat' dir='ltr'><strong>(qui</strong></span> <span class='ocrx_word' id='word_1_588' title='bbox 1572 4846 1805 4904; x_wconf 82' lang='lat' dir='ltr'><strong>viriliter</strong></span> <span class='ocrx_word' id='word_1_589' title='bbox 1866 4856 1976 4905; x_wconf 89' lang='lat' dir='ltr'><strong>stat</strong></span> 
     </span>
    </p>
   </div>
   <div class='ocr_carea' id='block_1_92' title="bbox 392 4934 1970 5007">
    <p class='ocr_par' dir='ltr' id='par_1_92' title="bbox 392 4934 1970 5007">
     <span class='ocr_line' id='line_1_92' title="bbox 392 4934 1970 5007; baseline -0.003 -15"><span class='ocrx_word' id='word_1_590' title='bbox 392 4945 581 4993; x_wconf 86' lang='lat' dir='ltr'><strong>contra</strong></span> <span class='ocrx_word' id='word_1_591' title='bbox 604 4936 885 5007; x_wconf 84' lang='lat' dir='ltr'><strong>passiones</strong></span> <span class='ocrx_word' id='word_1_592' title='bbox 903 4936 1075 5005; x_wconf 87' lang='lat' dir='ltr'><strong>suas),</strong></span> <span class='ocrx_word' id='word_1_593' title='bbox 1097 4934 1424 4989; x_wconf 86' lang='lat' dir='ltr'><strong>revolvenda</strong></span> <span class='ocrx_word' id='word_1_594' title='bbox 1442 4944 1570 4991; x_wconf 88' lang='lat' dir='ltr'><strong>sunt</strong></span> <span class='ocrx_word' id='word_1_595' title='bbox 1588 4936 1681 4990; x_wconf 88' lang='lat' dir='ltr'><strong>Dei</strong></span> <span class='ocrx_word' id='word_1_596' title='bbox 1699 4936 1970 5002; x_wconf 87' lang='lat' dir='ltr'><strong>mandata,</strong></span> 
     </span>
    </p>
   </div>
   <div class='ocr_carea' id='block_1_93' title="bbox 391 5022 1385 5094">
    <p class='ocr_par' dir='ltr' id='par_1_93' title="bbox 391 5022 1385 5094">
     <span class='ocr_line' id='line_1_93' title="bbox 391 5022 1385 5094; baseline -0.003 -15"><span class='ocrx_word' id='word_1_597' title='bbox 391 5024 467 5080; x_wconf 90' lang='lat' dir='ltr'><strong>ita</strong></span> <span class='ocrx_word' id='word_1_598' title='bbox 495 5034 554 5081; x_wconf 91' lang='lat' dir='ltr'><strong>ut</strong></span> <span class='ocrx_word' id='word_1_599' title='bbox 578 5034 736 5079; x_wconf 87' lang='lat' dir='ltr'><strong>actus</strong></span> <span class='ocrx_word' id='word_1_600' title='bbox 761 5038 890 5079; x_wconf 79' lang='lat' dir='ltr'><strong>suos</strong></span> <span class='ocrx_word' id='word_1_601' title='bbox 911 5023 966 5078; x_wconf 95' lang='lat' dir='ltr'><strong>in</strong></span> <span class='ocrx_word' id='word_1_602' title='bbox 998 5023 1141 5078; x_wconf 90' lang='lat' dir='ltr'><strong>bono</strong></span> <span class='ocrx_word' id='word_1_603' title='bbox 1164 5022 1385 5094; x_wconf 84' lang='lat' dir='ltr'><strong>dirigat.</strong></span> 
     </span>
    </p>
   </div>
   <div class='ocr_carea' id='block_1_94' title="bbox 463 5217 1969 5289">
    <p class='ocr_par' dir='ltr' id='par_1_94' title="bbox 463 5217 1969 5289">
     <span class='ocr_line' id='line_1_94' title="bbox 463 5217 1969 5289; baseline 0.001 -16"><span class='ocrx_word' id='word_1_604' title='bbox 463 5219 629 5275; x_wconf 75' lang='lat' dir='ltr'><strong>Vsus.</strong></span> <span class='ocrx_word' id='word_1_605' title='bbox 666 5219 756 5275; x_wconf 81' lang='lat'><strong>&#39;50.</strong></span> <span class='ocrx_word' id='word_1_606' title='bbox 805 5217 1007 5273; x_wconf 82' lang='lat' dir='ltr'><strong>Oculus</strong></span> <span class='ocrx_word' id='word_1_607' title='bbox 1049 5218 1376 5289; x_wconf 75' lang='lat' dir='ltr'><strong>prospiciens</strong></span> <span class='ocrx_word' id='word_1_608' title='bbox 1411 5218 1549 5274; x_wconf 81' lang='lat' dir='ltr'><strong>bona</strong></span> <span class='ocrx_word' id='word_1_609' title='bbox 1579 5235 1672 5274; x_wconf 91' lang='lat' dir='ltr'><strong>cor</strong></span> <span class='ocrx_word' id='word_1_610' title='bbox 1706 5220 1969 5289; x_wconf 74' lang='lat' dir='ltr'><strong>iaztiﬁcat.</strong></span> 
     </span>
    </p>
   </div>
   <div class='ocr_carea' id='block_1_95' title="bbox 386 5307 1972 5381">
    <p class='ocr_par' dir='ltr' id='par_1_95' title="bbox 386 5307 1972 5381">
     <span class='ocr_line' id='line_1_95' title="bbox 386 5307 1972 5381; baseline 0.003 -20"><span class='ocrx_word' id='word_1_611' title='bbox 386 5307 597 5365; x_wconf 84' lang='lat' dir='ltr'><strong>Divinis</strong></span> <span class='ocrx_word' id='word_1_612' title='bbox 629 5307 907 5365; x_wconf 88' lang='lat' dir='ltr'><strong>mandatis</strong></span> <span class='ocrx_word' id='word_1_613' title='bbox 935 5309 1005 5364; x_wconf 89' lang='lat' dir='ltr'><strong>ab</strong></span> <span class='ocrx_word' id='word_1_614' title='bbox 1024 5310 1204 5364; x_wconf 87' lang='lat' dir='ltr'><strong>anima</strong></span> <span class='ocrx_word' id='word_1_615' title='bbox 1237 5310 1482 5381; x_wconf 88' lang='lat' dir='ltr'><strong>practice</strong></span> <span class='ocrx_word' id='word_1_616' title='bbox 1510 5312 1765 5381; x_wconf 82' lang='lat' dir='ltr'><strong>gustatis,</strong></span> <span class='ocrx_word' id='word_1_617' title='bbox 1808 5311 1972 5367; x_wconf 84' lang='lat' dir='ltr'><strong>intel-</strong></span> 
     </span>
    </p>
   </div>
   <div class='ocr_carea' id='block_1_96' title="bbox 384 5401 1969 5473">
    <p class='ocr_par' dir='ltr' id='par_1_96' title="bbox 384 5401 1969 5473">
     <span class='ocr_line' id='line_1_96' title="bbox 384 5401 1969 5473; baseline 0.003 -18"><span class='ocrx_word' id='word_1_618' title='bbox 384 5401 561 5473; x_wconf 85' lang='lat' dir='ltr'><strong>ligens</strong></span> <span class='ocrx_word' id='word_1_619' title='bbox 588 5401 677 5457; x_wconf 91' lang='lat' dir='ltr'><strong>ille</strong></span> <span class='ocrx_word' id='word_1_620' title='bbox 706 5401 1012 5471; x_wconf 88' lang='lat' dir='ltr'><strong>spiritualis</strong></span> <span class='ocrx_word' id='word_1_621' title='bbox 1045 5402 1261 5465; x_wconf 91' lang='lat' dir='ltr'><strong>oculus,</strong></span> <span class='ocrx_word' id='word_1_622' title='bbox 1304 5403 1398 5473; x_wconf 89' lang='lat' dir='ltr'><strong>qui</strong></span> <span class='ocrx_word' id='word_1_623' title='bbox 1431 5402 1760 5472; x_wconf 88' lang='lat' dir='ltr'><strong>(theoretice</strong></span> <span class='ocrx_word' id='word_1_624' title='bbox 1804 5404 1969 5459; x_wconf 87' lang='lat' dir='ltr'><strong>verba</strong></span> 
     </span>
    </p>
   </div>
   <div class='ocr_carea' id='block_1_97' title="bbox 385 5492 1969 5566">
    <p class='ocr_par' dir='ltr' id='par_1_97' title="bbox 385 5492 1969 5566">
     <span class='ocr_line' id='line_1_97' title="bbox 385 5492 1969 5566; baseline 0.002 -18"><span class='ocrx_word' id='word_1_625' title='bbox 385 5494 522 5564; x_wconf 77' lang='lat' dir='ltr'><strong>legis</strong></span> <span class='ocrx_word' id='word_1_626' title='bbox 552 5494 826 5565; x_wconf 84' lang='lat' dir='ltr'><strong>percipit),</strong></span> <span class='ocrx_word' id='word_1_627' title='bbox 874 5494 930 5549; x_wconf 90' lang='lat' dir='ltr'><strong>in</strong></span> <span class='ocrx_word' id='word_1_628' title='bbox 967 5492 1217 5548; x_wconf 87' lang='lat' dir='ltr'><strong>videndis</strong></span> <span class='ocrx_word' id='word_1_629' title='bbox 1266 5493 1377 5547; x_wconf 90' lang='lat' dir='ltr'><strong>illis</strong></span> <span class='ocrx_word' id='word_1_630' title='bbox 1438 5494 1713 5563; x_wconf 89' lang='lat' dir='ltr'><strong>spirituali</strong></span> <span class='ocrx_word' id='word_1_631' title='bbox 1767 5496 1969 5566; x_wconf 79' lang='lat' dir='ltr'><strong>gaudio</strong></span> 
     </span>
    </p>
   </div>
   <div class='ocr_carea' id='block_1_98' title="bbox 386 5582 1967 5658">
    <p class='ocr_par' dir='ltr' id='par_1_98' title="bbox 386 5582 1967 5658">
     <span class='ocr_line' id='line_1_98' title="bbox 386 5582 1967 5658; baseline 0.004 -21"><span class='ocrx_word' id='word_1_632' title='bbox 386 5586 624 5638; x_wconf 84' lang='lat' dir='ltr'><strong>animam</strong></span> <span class='ocrx_word' id='word_1_633' title='bbox 659 5586 852 5653; x_wconf 87' lang='lat' dir='ltr'><strong>replet,</strong></span> <span class='ocrx_word' id='word_1_634' title='bbox 887 5593 1199 5656; x_wconf 86' lang='lat' dir='ltr'><strong>gustantem</strong></span> <span class='ocrx_word' id='word_1_635' title='bbox 1241 5595 1295 5639; x_wconf 91' lang='lat' dir='ltr'><strong>et</strong></span> <span class='ocrx_word' id='word_1_636' title='bbox 1329 5582 1625 5654; x_wconf 89' lang='lat' dir='ltr'><strong>videntem,</strong></span> <span class='ocrx_word' id='word_1_637' title='bbox 1663 5587 1790 5658; x_wconf 86' lang='lat' dir='ltr'><strong>quia</strong></span> <span class='ocrx_word' id='word_1_638' title='bbox 1841 5604 1967 5644; x_wconf 87' lang='lat' dir='ltr'><strong>sua-</strong></span> 
     </span>
    </p>
   </div>
   <div class='ocr_carea' id='block_1_99' title="bbox 389 5676 787 5731">
    <p class='ocr_par' dir='ltr' id='par_1_99' title="bbox 389 5676 787 5731">
     <span class='ocr_line' id='line_1_99' title="bbox 389 5676 787 5731; baseline -0.003 0"><span class='ocrx_word' id='word_1_639' title='bbox 389 5676 471 5731; x_wconf 80' lang='lat' dir='ltr'><strong>vis</strong></span> <span class='ocrx_word' id='word_1_640' title='bbox 501 5676 787 5730; x_wconf 87' lang='lat' dir='ltr'><strong>Dominus.</strong></span> 
     </span>
    </p>
   </div>
   <div class='ocr_carea' id='block_1_100' title="bbox 2079 4543 3666 4621">
    <p class='ocr_par' dir='ltr' id='par_1_100' title="bbox 2079 4543 3666 4621">
     <span class='ocr_line' id='line_1_100' title="bbox 2079 4543 3666 4621; baseline 0.006 -25"><span class='ocrx_word' id='word_1_641' title='bbox 2079 4543 2251 4597; x_wconf 81' lang='grc' dir='ltr'><strong>κοῦσα</strong></span> <span class='ocrx_word' id='word_1_642' title='bbox 2287 4543 2358 4597; x_wconf 86' lang='grc' dir='ltr'><strong>τὰ</strong></span> <span class='ocrx_word' id='word_1_643' title='bbox 2386 4545 2683 4612; x_wconf 85' lang='grc' dir='ltr'><strong>ἀναγκαῖα,</strong></span> <span class='ocrx_word' id='word_1_644' title='bbox 2731 4547 2765 4617; x_wconf 82' lang='grc' dir='ltr'>ἢ</span> <span class='ocrx_word' id='word_1_645' title='bbox 2796 4548 3007 4618; x_wconf 84' lang='grc' dir='ltr'><strong>μεγάλη</strong></span> <span class='ocrx_word' id='word_1_646' title='bbox 3055 4547 3113 4615; x_wconf 80' lang='grc' dir='ltr'>ἐξ</span> <span class='ocrx_word' id='word_1_647' title='bbox 3170 4549 3430 4621; x_wconf 82' lang='grc' dir='ltr'><strong>ἁρπαγῆς</strong></span> <span class='ocrx_word' id='word_1_648' title='bbox 3468 4552 3666 4606; x_wconf 84' lang='grc' dir='ltr'><strong>πλεον-</strong></span> 
     </span>
    </p>
   </div>
   <div class='ocr_carea' id='block_1_101' title="bbox 2080 4632 2809 4707">
    <p class='ocr_par' dir='ltr' id='par_1_101' title="bbox 2080 4632 2809 4707">
     <span class='ocr_line' id='line_1_101' title="bbox 2080 4632 2809 4707; baseline 0.005 -22"><span class='ocrx_word' id='word_1_649' title='bbox 2080 4632 2312 4696; x_wconf 84' lang='grc' dir='ltr'><strong>εκτικῶς</strong></span> <span class='ocrx_word' id='word_1_650' title='bbox 2343 4632 2809 4707; x_wconf 79' lang='grc' dir='ltr'><strong>θησαυριζομένη.</strong></span> 
     </span>
    </p>
   </div>
   <div class='ocr_carea' id='block_1_102' title="bbox 2148 4760 3662 4832">
    <p class='ocr_par' dir='ltr' id='par_1_102' title="bbox 2148 4760 3662 4832">
     <span class='ocr_line' id='line_1_102' title="bbox 2148 4760 3662 4832; baseline 0.003 -16"><span class='ocrx_word' id='word_1_651' title='bbox 2148 4760 2373 4829; x_wconf 83' lang='grc' dir='ltr'><strong>Καρδία</strong></span> <span class='ocrx_word' id='word_1_652' title='bbox 2398 4760 2622 4830; x_wconf 79' lang='grc' dir='ltr'><strong>ἀνδρὸς</strong></span> <span class='ocrx_word' id='word_1_653' title='bbox 2644 4762 2965 4832; x_wconf 71' lang='grc' dir='ltr'><strong>λογιζέσθω</strong></span> <span class='ocrx_word' id='word_1_654' title='bbox 2997 4764 3218 4830; x_wconf 80' lang='grc' dir='ltr'><strong>δίκαια,</strong></span> <span class='ocrx_word' id='word_1_655' title='bbox 3245 4765 3347 4820; x_wconf 75' lang='grc' dir='ltr'><strong>ἵνα</strong></span> <span class='ocrx_word' id='word_1_656' title='bbox 3382 4766 3499 4820; x_wconf 75' lang='grc' dir='ltr'><strong>ὑπὸ</strong></span> <span class='ocrx_word' id='word_1_657' title='bbox 3549 4767 3662 4821; x_wconf 82' lang='grc' dir='ltr'><strong>τοῦ</strong></span> 
     </span>
    </p>
   </div>
   <div class='ocr_carea' id='block_1_103' title="bbox 2080 4851 3659 4931">
    <p class='ocr_par' dir='ltr' id='par_1_103' title="bbox 2080 4851 3659 4931">
     <span class='ocr_line' id='line_1_103' title="bbox 2080 4851 3659 4931; baseline 0.003 -24"><span class='ocrx_word' id='word_1_658' title='bbox 2080 4852 2230 4907; x_wconf 86' lang='grc' dir='ltr'><strong>Θεοῦ</strong></span> <span class='ocrx_word' id='word_1_659' title='bbox 2262 4851 2554 4921; x_wconf 77' lang='grc' dir='ltr'><strong>διορθωθῇ</strong></span> <span class='ocrx_word' id='word_1_660' title='bbox 2593 4854 2666 4908; x_wconf 87' lang='grc' dir='ltr'><strong>τὰ</strong></span> <span class='ocrx_word' id='word_1_661' title='bbox 2696 4856 3030 4926; x_wconf 73' lang='grc' dir='ltr'><strong>διαδήματα</strong></span> <span class='ocrx_word' id='word_1_662' title='bbox 3056 4857 3265 4912; x_wconf 83' lang='grc' dir='ltr'><strong>αὐτοῦ.</strong></span> <span class='ocrx_word' id='word_1_663' title='bbox 3302 4859 3365 4912; x_wconf 83' lang='grc' dir='ltr'><strong>Ἦ</strong></span> <span class='ocrx_word' id='word_1_664' title='bbox 3388 4859 3534 4931; x_wconf 59' lang='grc' dir='ltr'><strong>ψυχὴ</strong></span> <span class='ocrx_word' id='word_1_665' title='bbox 3560 4859 3659 4913; x_wconf 74' lang='grc' dir='ltr'><strong>τοῦ</strong></span> 
     </span>
    </p>
   </div>
   <div class='ocr_carea' id='block_1_104' title="bbox 2077 4941 3658 5015">
    <p class='ocr_par' dir='ltr' id='par_1_104' title="bbox 2077 4941 3658 5015">
     <span class='ocr_line' id='line_1_104' title="bbox 2077 4941 3658 5015; baseline 0.001 -19"><span class='ocrx_word' id='word_1_666' title='bbox 2077 4943 2220 4996; x_wconf 88' lang='grc' dir='ltr'><strong>κατά</strong></span> <span class='ocrx_word' id='word_1_667' title='bbox 2249 4941 2359 4996; x_wconf 83' lang='grc' dir='ltr'><strong>τῶν</strong></span> <span class='ocrx_word' id='word_1_668' title='bbox 2406 4941 2596 4997; x_wconf 85' lang='grc' dir='ltr'><strong>παθῶν</strong></span> <span class='ocrx_word' id='word_1_669' title='bbox 2637 4943 3027 5015; x_wconf 80' lang='grc' dir='ltr'><strong>ἀνδριζομένου</strong></span> <span class='ocrx_word' id='word_1_670' title='bbox 3063 4943 3379 4998; x_wconf 81' lang='grc' dir='ltr'><strong>διανοείσθω</strong></span> <span class='ocrx_word' id='word_1_671' title='bbox 3407 4945 3505 5009; x_wconf 73' lang='grc' dir='ltr'><strong>τὰς</strong></span> <span class='ocrx_word' id='word_1_672' title='bbox 3558 4945 3658 4998; x_wconf 77' lang='grc' dir='ltr'><strong>τοῦ</strong></span> 
     </span>
    </p>
   </div>
   <div class='ocr_carea' id='block_1_105' title="bbox 2075 5032 3658 5110">
    <p class='ocr_par' dir='ltr' id='par_1_105' title="bbox 2075 5032 3658 5110">
     <span class='ocr_line' id='line_1_105' title="bbox 2075 5032 3658 5110; baseline 0.004 -24"><span class='ocrx_word' id='word_1_673' title='bbox 2075 5032 2212 5087; x_wconf 82' lang='grc' dir='ltr'><strong>Θεοῦ</strong></span> <span class='ocrx_word' id='word_1_674' title='bbox 2240 5032 2464 5096; x_wconf 78' lang='grc' dir='ltr'><strong>ἐντολάς</strong></span> <span class='ocrx_word' id='word_1_675' title='bbox 2490 5049 2505 5065; x_wconf 88' lang='grc'><strong>·</strong></span> <span class='ocrx_word' id='word_1_676' title='bbox 2535 5033 2611 5097; x_wconf 82' lang='grc' dir='ltr'><strong>ὡς</strong></span> <span class='ocrx_word' id='word_1_677' title='bbox 2643 5033 2712 5087; x_wconf 84' lang='grc' dir='ltr'><strong>ἂν</strong></span> <span class='ocrx_word' id='word_1_678' title='bbox 2742 5034 3014 5089; x_wconf 82' lang='grc' dir='ltr'><strong>ὑπἀὐτοῦ</strong></span> <span class='ocrx_word' id='word_1_679' title='bbox 3033 5036 3473 5091; x_wconf 85' lang='grc' dir='ltr'><strong>κατευθυνθῶσιν</strong></span> <span class='ocrx_word' id='word_1_680' title='bbox 3491 5040 3554 5092; x_wconf 75' lang='grc' dir='ltr'><strong>έν</strong></span> <span class='ocrx_word' id='word_1_681' title='bbox 3581 5040 3658 5110; x_wconf 80' lang='grc' dir='ltr'><strong>τῷ</strong></span> 
     </span>
    </p>
   </div>
   <div class='ocr_carea' id='block_1_106' title="bbox 2075 5124 3343 5200">
    <p class='ocr_par' dir='ltr' id='par_1_106' title="bbox 2075 5124 3343 5200">
     <span class='ocr_line' id='line_1_106' title="bbox 2075 5124 3343 5200; baseline 0.004 -22"><span class='ocrx_word' id='word_1_682' title='bbox 2075 5124 2265 5195; x_wconf 88' lang='grc' dir='ltr'><strong>ἀγαθῷ</strong></span> <span class='ocrx_word' id='word_1_683' title='bbox 2295 5124 2389 5177; x_wconf 85' lang='grc' dir='ltr'><strong>τοῦ</strong></span> <span class='ocrx_word' id='word_1_684' title='bbox 2421 5125 2663 5179; x_wconf 84' lang='grc' dir='ltr'><strong>τοιούτου</strong></span> <span class='ocrx_word' id='word_1_685' title='bbox 2688 5126 2976 5196; x_wconf 82' lang='grc' dir='ltr'><strong>ἀνθρώπου</strong></span> <span class='ocrx_word' id='word_1_686' title='bbox 3006 5129 3064 5181; x_wconf 80' lang='grc' dir='ltr'>αι</span> <span class='ocrx_word' id='word_1_687' title='bbox 3093 5128 3343 5200; x_wconf 79' lang='grc' dir='ltr'><strong>πράξεις.</strong></span> 
     </span>
    </p>
   </div>
   <div class='ocr_carea' id='block_1_107' title="bbox 2143 5227 3654 5304">
    <p class='ocr_par' dir='ltr' id='par_1_107' title="bbox 2143 5227 3654 5304">
     <span class='ocr_line' id='line_1_107' title="bbox 2143 5227 3654 5304; baseline 0.007 -23"><span class='ocrx_word' id='word_1_688' title='bbox 2143 5228 2207 5283; x_wconf 89' lang='grc' dir='ltr'><strong>λ’.</strong></span> <span class='ocrx_word' id='word_1_689' title='bbox 2234 5227 2478 5297; x_wconf 74' lang='grc' dir='ltr'><strong>Θεωρῶν</strong></span> <span class='ocrx_word' id='word_1_690' title='bbox 2505 5229 2815 5300; x_wconf 71' lang='grc' dir='ltr'><strong>ὀφθαλμὸς</strong></span> <span class='ocrx_word' id='word_1_691' title='bbox 2842 5231 3020 5300; x_wconf 78' lang='grc' dir='ltr'><strong>καλὰ,</strong></span> <span class='ocrx_word' id='word_1_692' title='bbox 3045 5234 3354 5302; x_wconf 72' lang='grc' dir='ltr'><strong>εὐφραίνει</strong></span> <span class='ocrx_word' id='word_1_693' title='bbox 3382 5234 3654 5304; x_wconf 80' lang='grc' dir='ltr'><strong>καρδίαν.</strong></span> 
     </span>
    </p>
   </div>
   <div class='ocr_carea' id='block_1_108' title="bbox 2075 5318 3657 5394">
    <p class='ocr_par' dir='ltr' id='par_1_108' title="bbox 2075 5318 3657 5394">
     <span class='ocr_line' id='line_1_108' title="bbox 2075 5318 3657 5394; baseline 0.007 -23"><span class='ocrx_word' id='word_1_694' title='bbox 2075 5318 2187 5389; x_wconf 80' lang='grc' dir='ltr'><strong>Τῆς</strong></span> <span class='ocrx_word' id='word_1_695' title='bbox 2209 5319 2529 5390; x_wconf 85' lang='grc' dir='ltr'><strong>πρακτικῶς</strong></span> <span class='ocrx_word' id='word_1_696' title='bbox 2553 5321 2901 5392; x_wconf 85' lang='grc' dir='ltr'><strong>γευσαμένης</strong></span> <span class='ocrx_word' id='word_1_697' title='bbox 2936 5321 3115 5394; x_wconf 79' lang='grc' dir='ltr'><strong>ψυχῆς</strong></span> <span class='ocrx_word' id='word_1_698' title='bbox 3156 5322 3267 5377; x_wconf 84' lang='grc' dir='ltr'><strong>τῶν</strong></span> <span class='ocrx_word' id='word_1_699' title='bbox 3295 5324 3456 5379; x_wconf 84' lang='grc' dir='ltr'><strong>θείων</strong></span> <span class='ocrx_word' id='word_1_700' title='bbox 3494 5327 3657 5385; x_wconf 55' lang='grc' dir='ltr'><strong>ἔντο-</strong></span> 
     </span>
    </p>
   </div>
   <div class='ocr_carea' id='block_1_109' title="bbox 2073 5409 3657 5492">
    <p class='ocr_par' dir='ltr' id='par_1_109' title="bbox 2073 5409 3657 5492">
     <span class='ocr_line' id='line_1_109' title="bbox 2073 5409 3657 5492; baseline 0.004 -29"><span class='ocrx_word' id='word_1_701' title='bbox 2073 5409 2203 5475; x_wconf 88' lang='grc' dir='ltr'><strong>λῶν,</strong></span> <span class='ocrx_word' id='word_1_702' title='bbox 2242 5411 2270 5463; x_wconf 92' lang='lat'><strong>6</strong></span> <span class='ocrx_word' id='word_1_703' title='bbox 2293 5409 2512 5479; x_wconf 82' lang='grc' dir='ltr'><strong>θεωρῶν</strong></span> <span class='ocrx_word' id='word_1_704' title='bbox 2536 5413 2661 5477; x_wconf 71' lang='grc' dir='ltr'><strong>τοὺς</strong></span> <span class='ocrx_word' id='word_1_705' title='bbox 2690 5412 2883 5481; x_wconf 87' lang='grc' dir='ltr'><strong>λόγους</strong></span> <span class='ocrx_word' id='word_1_706' title='bbox 2921 5414 3104 5468; x_wconf 81' lang='grc' dir='ltr'><strong>αὐτῶν</strong></span> <span class='ocrx_word' id='word_1_707' title='bbox 3135 5415 3320 5487; x_wconf 78' lang='grc' dir='ltr'><strong>νοερδς</strong></span> <span class='ocrx_word' id='word_1_708' title='bbox 3349 5416 3657 5492; x_wconf 69' lang='grc' dir='ltr'><strong>ὀφθαλμὸς,</strong></span> 
     </span>
    </p>
   </div>
   <div class='ocr_carea' id='block_1_110' title="bbox 2073 5504 3660 5582">
    <p class='ocr_par' dir='ltr' id='par_1_110' title="bbox 2073 5504 3660 5582">
     <span class='ocr_line' id='line_1_110' title="bbox 2073 5504 3660 5582; baseline 0.006 -26"><span class='ocrx_word' id='word_1_709' title='bbox 2073 5504 2129 5557; x_wconf 83' lang='grc' dir='ltr'><strong>ὲν</strong></span> <span class='ocrx_word' id='word_1_710' title='bbox 2186 5506 2275 5574; x_wconf 69' lang='grc' dir='ltr'><strong>τῇ¹</strong></span> <span class='ocrx_word' id='word_1_711' title='bbox 2314 5504 2519 5558; x_wconf 83' lang='grc' dir='ltr'><strong>τούτων</strong></span> <span class='ocrx_word' id='word_1_712' title='bbox 2548 5504 2782 5577; x_wconf 73' lang='grc' dir='ltr'><strong>αὑτοψίᾳ</strong></span> <span class='ocrx_word' id='word_1_713' title='bbox 2813 5508 2988 5576; x_wconf 80' lang='grc' dir='ltr'><strong>χαρᾶς</strong></span> <span class='ocrx_word' id='word_1_714' title='bbox 3034 5509 3414 5581; x_wconf 83' lang='grc' dir='ltr'><strong>πνευματικῆς</strong></span> <span class='ocrx_word' id='word_1_715' title='bbox 3443 5511 3660 5582; x_wconf 84' lang='grc' dir='ltr'><strong>ταύτην</strong></span> 
     </span>
    </p>
   </div>
   <div class='ocr_carea' id='block_1_111' title="bbox 2071 5596 3660 5675">
    <p class='ocr_par' dir='ltr' id='par_1_111' title="bbox 2071 5596 3660 5675">
     <span class='ocr_line' id='line_1_111' title="bbox 2071 5596 3660 5675; baseline 0.006 -26"><span class='ocrx_word' id='word_1_716' title='bbox 2071 5597 2293 5666; x_wconf 77' lang='grc' dir='ltr'><strong>πληροῖ,</strong></span> <span class='ocrx_word' id='word_1_717' title='bbox 2324 5596 2671 5669; x_wconf 84' lang='grc' dir='ltr'><strong>γευσαμένην</strong></span> <span class='ocrx_word' id='word_1_718' title='bbox 2702 5598 2795 5652; x_wconf 78' lang='grc' dir='ltr'><strong>καὶ</strong></span> <span class='ocrx_word' id='word_1_719' title='bbox 2833 5598 3179 5672; x_wconf 82' lang='grc' dir='ltr'><strong>θεασαμένην</strong></span> <span class='ocrx_word' id='word_1_720' title='bbox 3204 5601 3286 5656; x_wconf 83' lang='grc' dir='ltr'><strong>ὄτι</strong></span> <span class='ocrx_word' id='word_1_721' title='bbox 3332 5603 3575 5675; x_wconf 68' lang='grc' dir='ltr'><strong>χρηστὸς</strong></span> <span class='ocrx_word' id='word_1_722' title='bbox 3632 5609 3660 5659; x_wconf 79' lang='lat'><strong>6</strong></span> 
     </span>
    </p>
   </div>
   <div class='ocr_carea' id='block_1_112' title="bbox 2072 5687 2298 5759">
    <p class='ocr_par' dir='ltr' id='par_1_112' title="bbox 2072 5687 2298 5759">
     <span class='ocr_line' id='line_1_112' title="bbox 2072 5687 2298 5759; baseline 0.004 -18"><span class='ocrx_word' id='word_1_723' title='bbox 2072 5687 2298 5759; x_wconf 80' lang='grc' dir='ltr'><strong>Κύριος.</strong></span> 
     </span>
    </p>
   </div>
  </div>
