3904 6200
2396 112 2427 131 α-

259 198 410 296 ιῖνὸί
1330 248 1862 316 COMMENTARII
1898 256 1978 317 ΙΝ
2013 258 2466 322 PROVERBIA.
3401 266 3528 336 l382

321 353 492 424 Φήμη
542 355 612 409 δὲ
659 356 852 427 ἀγαθὴ
900 360 1119 415 πιαίνει
1169 361 1340 421 ὀστᾶ.
1396 364 1462 419 Ἦ
1489 366 1534 420 δ’
1561 367 1622 433 ἐξ
1672 369 1824 440 ἀκοῆς

2019 370 2174 426 Bona
2203 371 2354 441 fama
2383 374 2596 443 saginat
2623 387 2763 428 ossa.
2792 371 2956 430 Fama
3001 376 3070 433 de
3114 376 3316 436 divinis
3370 396 3529 437 nian-

256 444 425 515 μόνης
474 446 792 502 είσδύνουσα
814 458 815 461 ‘
840 449 923 513 είς
975 450 1156 522 ψυχὴν
1207 452 1318 507 τῶν
1384 454 1546 510 θείων
1602 458 1824 513 ἐντολῶν

1949 463 2091 518 datis
2132 464 2374 519 animam
2408 478 2506 534 per
2534 465 2713 521 solum
2746 466 2994 522 auditum
3033 478 3363 541 oecupante,
3397 490 3525 529 cum

252 535 432 605 φήμη·
465 535 524 589 ἐν
552 538 619 607 τῇ
648 536 857 592 τούτων
898 540 1110 612 ιστορίει
1143 542 1335 613 τρέφει
1366 544 1466 608 τὰς
1486 545 1643 618 δίκην
1663 547 1824 602 anan

1949 551 2189 622 exposita
2219 552 2448 619 fuerim,
2478 554 2689 609 vividas
2711 555 2907 611 animae
2932 557 3098 621 vires.
3117 560 3325 616 ossium
3349 577 3524 629 more,

252 627 552 690 τονωτικάς
579 626 788 699 ταύτης
819 629 1104 704 δυνάμεις,
1134 633 1683 705 διανιστῶσαταύτας
1699 641 1824 713 πρὸς

1949 640 2195 697 nutriunt
2228 649 2283 698 et
2307 643 2429 698 illas
2465 644 2531 697 ad
2567 644 2905 714 operaticum
2939 647 3180 718 erigunt.

254 718 518 791 ἐργασίαν
551 719 754 777 αὐτῶν.
2385 745 2394 753 ‘

323 844 423 914 λβ⁰.
462 846 569 912 ⁸⁸ος
596 846 913 903 ἀπωθεῖται
952 849 1250 917 παιδείαν,
1305 853 1478 923 μισεῖ
1503 855 1725 911 ἑαυτόν
1754 871 1769 888 ⁶
1801 860 1835 912 ό

252 934 321 988 δὲ
350 935 547 1005 τηρῶν
574 937 894 1009 ἐλέγχους,
929 940 1132 1011 ἀγαπᾷ
1176 943 1294 1012 τὴν
1321 945 1541 1002 ἑαυτοῦ
1597 948 1833 1018 ψυχήν.

269 1020 327 1074 '0
359 1022 824 1095 ἀποπεμπόμενος
841 1028 970 1092 τοὺς
996 1030 1133 1100 πρὸς
1177 1031 1465 1104 διόρθωσιν
1517 1035 1837 1108 ἐπιτιμητι-

2010 856 2175 913 Vens.
2218 856 2308 913 32.
2348 859 2452 925 Qui
2491 860 2681 930 objicit
2728 862 3089 933 disciplinam,
3121 869 3347 939 seipsum
3377 868 3525 934 odit;

1936 947 2027 1016 qui
2078 958 2257 1002 autem
2297 949 2683 1017 inerepationes
2748 953 3003 1020 custodit,
3059 950 3252 1026 diligit'
3287 959 3522 1012 animam

1937 1052 2113 1090 suam.
2178 1036 2285 1103 Qui
2336 1039 2666 1109 castigantia
2718 1042 2903 1109 verba,
2942 1042 3000 1097 in
3033 1058 3189 1101 suam
3217 1048 3522 1109 correctio-

255 1114 385 1178 κοὺς
415 1115 630 1185 λόγους,
662 1118 857 1189 ἐχθρὸς
882 1120 1078 1174 ἑαυτοῦ
1101 1122 1512 1189 ἀποδείκνυται,
1571 1127 1649 1195 ὡς
1695 1129 1835 1184 ἀπο-

256 1207 717 1277 στρεφόμενοςτά
768 1211 1117 1283 συμφέροντα
1161 1214 1339 1286 ἐαυτῷ
1381 1233 1395 1249 ο
1441 1218 1470 1271 ὁ
1496 1218 1554 1272 δὲ
1610 1219 1836 1285 τούτους

252 1298 382 1381 παρ’
415 1299 595 1371 ἑαυτῷ
625 1300 934 1370 φυλάσσων,
969 1304 1113 1373 φιλεί
1137 1305 1237 1379 τὴν
1272 1308 1465 1364 ἑαυτοῦ
1491 1310 1692 1386 ψυχὴν,
1735 1312 1835 1385 τὴν

249 1377 525 1463 ’σωτηρίαν
559 1392 764 1465 ταύτης
792 1395 992 1464 ζητῶν.

250 1540 259 1545 -
320 1520 420 1591 λγ’.
450 1522 639 1589 Φόϐος
656 1523 902 1592 Κυρίου,
928 1523 1168 1579 παιδεία
1192 1526 1299 1580 καὶ
1327 1526 1517 1597 σοφία
1542 1529 1641 1583 καί
1673 1527 1832 1600 ἀρχὴ

1938 1142 2066 1183 nem
2107 1130 2336 1193 emissa,
2371 1131 2669 1201 respuerit,
2702 1133 2789 1188 sui
2824 1133 3005 1204 ipsius
3035 1136 3297 1194 inimicus
3329 1148 3521 1195 osten-

1936 1219 2108 1286 ditur,
2160 1222 2309 1291 quod
2362 1222 2467 1277 sibi
2520 1223 2865 1294 proﬁcientia
2908 1227 3226 1298 abjecerit;
3282 1231 3377 1301 qui
3429 1234 3522 1289 illa
3587 1306 3596 1314 θ

1937 1309 2085 1364 intra
2136 1324 2196 1367 se
2273 1310 2565 1378 custodit,
2625 1312 2805 1385 diligit
2858 1316 3099 1372 animam
3173 1328 3227 1374 et
3284 1321 3523 1387 salutem

1934 1400 2152 1470 quaerit.

2008 1523 2178 1582 Vens.
2209 1526 2299 1584 55.
2338 1528 2524 1584 Timor
2546 1528 2761 1585 Domini
2791 1531 3074 1601 disciplina
3126 1543 3177 1590 et
3230 1539 3519 1608 sapientia,

247 1611 432 1681 δόξης
481 1613 953 1683 ἀποκριθήσεται
1001 1615 1180 1687 αὐτῇ.
1236 1618 1297 1672 ’0
1353 1620 1687 1686 Δεσποτικὸς
1735 1623 1824 1676 καὶ

1949 1625 1985 1671 ιι
2013 1618 2226 1673 initium
2277 1618 2464 1691 gloria:
2508 1621 2896 1691 respondebunt
2943 1624 3048 1679 illi.
3099 1627 3420 1685 Dominicus
3467 1639 3562 1715 et.

249 1705 390 1770 θεῖος
418 1705 583 1775 φόσος
629 1707 764 1771 τοὺς
789 1708 888 1778 μὲν
913 1711 1252 1782 πρακτικοὺς
1282 1712 1527 1770 παιδεύει
1559 1716 1824 1772 ἐκκλίνειν

1949 1709 2154 1766 liviuus
2173 1711 2340 1767 timor
2357 1720 2583 1783 agentes
2604 1714 2797 1771 edocet
2833 1724 2893 1771 nt
2919 1716 3197 1774 declinent
3235 1734 3266 1775 a
3294 1723 3438 1778 malo
3468 1735 3525 1779 et

248 1794 357 1849 ἀπὸ
378 1797 573 1864 κακοῦ,
599 1800 695 1853 καὶ
720 1801 894 1854 ποιεῖν
923 1801 1126 1871 ἀγαθόν
1153 1818 1170 1837 ⁸
1206 1804 1334 1868 τοὺς
1360 1803 1419 1858 δὲ
1449 1806 1824 1877 θεωρητικοὺς

1949 1802 2142 1857 'aciant
2176 1802 2384 1858 bonum
2433 1823 2448 1860 :
2496 1805 2916 1862 considerantes
2971 1816 3154 1864 autem
3202 1813 3394 1868 sanius
3433 1815 3522 1869 in-

251 1888 460 1959 σοφίζει
499 1890 789 1960 ἐκφεύγειν
852 1893 953 1961 τὴν
975 1895 1099 1948 κατ’
1132 1894 1384 1963 αἴσθησιν
1435 1898 1674 1968 ἀπάτην,
1732 1899 1824 1952 καὶ

1949 1893 2096 1948 ιιι-υἰι
2130 1901 2190 1948 ut
2220 1894 2470 1950 fallacias
2506 1910 2772 1952 sensuum
2805 1903 2983 1953 vitent
3010 1906 3066 1954 et
3088 1909 3271 1957 mente
3296 1904 3522 1975 capiant

248 1983 448 2053 χωρεῖν
472 1981 610 2051 πρὸς
636 1982 736 2052 τὴν
766 1983 907 2038 κατά
941 1984 1068 2037 νοῦν
1102 1986 1159 2038 ἑν
1193 1986 1477 2057 πνεύματι,
1492 1987 1692 2056 γνῶσιν
1716 1989 1824 2044 τῶν

1949 1985 2273 2054 ιρίτὶιυοίεηι
2293 1984 2443 2041 illam
2475 1988 2787 2048 scientiam.
2816 2004 2939 2060 quae
2963 1991 3111 2046 circa
3146 2006 3331 2049 rerum
3376 1997 3522 2052 exsi-

247 2073 305 2125 ὲν
332 2073 446 2134 τοῖς
477 2068 596 2125 οὖσι
626 2070 801 2142 λόγων
835 2088 849 2103 ο
879 2075 938 2128 ἐν
962 2069 1043 2137 οἷς
1069 2075 1203 2140 Θεὸς
1249 2077 1434 2141 αὐτοῖς
1462 2079 1577 2142 τοῖς
1607 2077 1824 2151 θεωρη-

1949 2077 2186 2132 nentiam
2221 2085 2499 2134 versatur.
2516 2078 2615 2137 His
2651 2080 2706 2136 in
2740 2082 2906 2140 rebus
2938 2084 3166 2139 omnino
3197 2087 3518 2148 manifesta-

243 2165 420 2225 wco‘i;
455 2165 676 2247 πάντως
717 2166 1211 2240 ὲμφανισθήσεται,
1246 2170 1275 2222 ό
1302 2164 1476 2236 αίτιος
1505 2171 1606 2241 τῆς
1646 2172 1706 2228 ὲν
1755 2175 1822 2245 τῇ

1949 2164 2083 2218 )itur
2116 2166 2440 2222 theoreticis
2470 2167 2583 2223 illis
2613 2167 2785 2230 Deus.
2813 2171 2910 2241 qui
2939 2178 3026 2228 est
3062 2186 3235 2229 causa
3267 2175 3438 2231 totius
3462 2177 3516 2231 in

244 2254 421 2310 κτίσει
457 2256 900 2329 μεγαλειότητος.

828 2404 1085 2460 ΚΕΦΔΛ.
1115 2405 1234 2474 ις’.

318 2537 389 2586 α’.
426 2528 628 2584 Πάντα
665 2529 739 2585 τὰ
761 2528 908 2600 ἔργα
937 2529 1047 2585 τοῦ
1081 2533 1388 2601 ταπεινοῦ,
1410 2535 1641 2604 ,φανερὰ
1669 2535 1830 2604 παρὰ

246 2621 326 2688 τῷ
339 2621 477 2688 Θεῷ.
495 2623 651 2677 Πᾶσα
676 2624 709 2694 ὴ
731 2622 982 2695 ἀνάρετος
1000 2622 1245 2679 πολιτεία
1270 2624 1361 2679 τοῦ
1378 2627 1824 2700 ταπεινόφρονος,

246 2712 348 2767 κᾶν
387 2713 718 2783 κέκρυπται,
752 2712 829 2784 μὴ
855 2712 955 2784 τὴν
982 2713 1114 2784 παρ’
1165 2713 1474 2785 ἀνθρώπων
1523 2716 1682 2784 δόξαν
1729 2716 1830 2788 ζη-

245 2801 486 2866 τοῦντος,
538 2801 678 2856 ἀλλὰ
732 2801 853 2874 Θεῷ
882 2802 1016 2875 δήλη
1076 2803 1408 2876 καθέστηκε,
1451 2805 1530 2877 τῷ
1565 2805 1826 2876 ἐπιγινὼ-

248 2909 428 2946 σκοντι
492 2893 655 2947 αὐτὸν
719 2895 784 2947 ἐκ
848 2893 948 2964 τῆς
976 2894 1171 2966 καλῆς-
1209 2896 1319 2951 τῶν
1348 2896 1526 2969 ἔργων
1565 2898 1829 2969 ἀναστρο-

248 2986 378 3055 φῆς.

1928 2254 2214 2311 creatione
2244 2257 2669 2327 magnitudinis.

2561 2396 2714 2453 CAP.
2748 2398 2886 2456 XVI.

2003 2519 2172 2577 Vsus.
2203 2521 2260 2576 2.
2330 2520 2527 2579 Omnia
2578 2540 2739 2595 opera
2800 2527 3029 2586 hominis
3062 2533 3350 2603 manifesta
3396 2548 3518 2592 sunt

1929 2611 2074 2681 apud
2103 2610 2288 2668 Deum.
2313 2612 2593 2672 Praestans
2641 2621 2998 2676 conversatio
3051 2622 3293 2682 hominis
3341 2627 3411 2683 de
3460 2644 3521 2686 se

1931 2697 2215 2756 humiliter
2239 2701 2559 2766 sentientis,
2603 2705 2821 2761 etiamsi
2861 2708 3191 2766 abscondita
3234 2712 3307 2767 sit
3378 2712 3522 2784 (ipse

1930 2789 2077 2845 enim
2107 2806 2220 2846 non
2246 2792 2447 2862 quaerit
2474 2794 2704 2863 gloriam
2733 2798 2879 2867 apud
2910 2799 3214 2872 homines),
3245 2803 3302 2859 in
3326 2812 3520 2874 aperto

1931 2890 2041 2939 stat
2068 2898 2253 2939 coram
2282 2883 2410 2949 Deo,
2436 2889 2797 2956 cognoscenti
2828 2889 2983 2945 illum
3009 2906 3075 2947 ex
3116 2893 3350 2964 pulchra
3388 2910 3520 2967 ope-

1947 2989 2071 3029 rum
2113 2975 2383 3048 gestione.

314 3090 379 3147 δ’.
413 3095 478 3147 Ol
500 3093 571 3149 δὲ
621 3093 859 3160 ἀσεϐεῖς
893 3096 963 3150 ἐν
990 3095 1181 3166 ἡμέρᾳ
1208 3097 1367 3166 κακῇ
1419 3095 1724 3153 όλοῦνται.
1756 3097 1822 3149 (ii

2000 3099 2170 3158 Vsus.
2213 3103 2268 3159 4.
2300 3103 2465 3176 Impii
2501 3108 2555 3162 in
2584 3108 2669 3162 die
2698 3107 2844 3162 mala
2861 3109 3128 3178 peribunt.
3162 3109 3269 3177 Qui
3313 3126 3424 3168 non
3446 3127 3517 3169 ex

245 3184 302 3237 δὲ
327 3183 402 3257 μὴ
434 3184 494 3251 ἐξ
518 3184 693 3256 ἔργων
715 3185 1057 3259 δικαιοσύνης
1090 3187 1356 3259 τιμῶντες
1379 3187 1535 3256 Θεὸν,
1565 3190 1824 3264 ὲνήμέρᾳ

1949 3193 2201 3263 operibus
2226 3194 2455 3265 iustitiae
2480 3198 2650 3254 Deum
2688 3199 2986 3265 honorant,
3019 3200 3076 3255 in
3114 3200 3205 3256 die
3231 3201 3326 3257 ira:
3345 3210 3401 3258 et
3427 3219 3517 3259 re-

244 3273 417 3346 ὀργῆς
444 3274 610 3329 αὐτοῦ
648 3277 744 3330 καὶ
764 3277 1195 3346 ἀνταποδόσεως,
1221 3295 1227 3300 ·
1262 3279 1595 3335 ἀπολοῦνται
1648 3299 1824 3354 παρα-

1953 3283 2247 3342 ributionis
2285 3287 2458 3358 ipsius
2483 3289 2760 3360 peribunt,
2798 3290 3033 3349 immissi
3066 3290 3121 3346 in
3149 3292 3481 3364 gehennam.

248 3367 596 3440 πεμφθέντες
636 3370 718 3433 είς
748 3370 997 3438 γέενναν.

314 3503 376 3553 ε’.
423 3496 781 3567 ’Δκὰθαρτος
818 3498 979 3567 ,παρὰ
1007 3499 1199 3568 Κυρίῳ
1213 3498 1333 3566 πᾶς
1355 3500 1821 3570 ὑψηλοκὰρδιος.

2001 3499 2167 3557 Vens.
2210 3504 2265 3560 5.
2297 3503 2548 3575 Impurus
2598 3510 2742 3578 apud
2785 3509 3076 3565 Dominum
3118 3516 3287 3571 omnis
3317 3516 3511 3574 elatus.

250 3588 484 3660 Βέδηλος
523 3588 678 3660 παρὰ
709 3589 788 3660 τῷ
824 3590 923 3644 τοῦ
980 3591 1184 3654 παντὸς
1233 3592 1506 3665 Δεσπότῃ,
1566 3591 1668 3647 κᾶν
1709 3591 1823 3661 βίου

1949 3589 2226 3659 Profanus,
2254 3595 2400 3666 apud
2449 3612 2635 3652 rerum
2669 3604 2914 3657 omnium
2953 3602 3267 3671 Dominum,
3298 3609 3515 3665 etiamsi

248 3680 594 3751 καθαρότητα
628 3680 1017 3744 ἐπιδείκνυται,
1067 3681 1285 3748 ἀλαζὼν
1313 3682 1462 3746 ἄπας
1496 3685 1591 3738 καὶ
1621 3683 1824 3756 ὑπερή-

1949 3681 2060 3737 vitae
2112 3685 2408 3752 puritatem
2441 3701 2553 3756 prae
2599 3703 2659 3743 se
2700 3689 2890 3757 ferret,
2943 3694 3127 3749 omnis
3174 3695 3416 3765 jactator
3460 3710 3515 3758 et

248 3789 415 3840 φανός
445 3788 460 3804 ⁸
486 3774 874 3830 ἀντιτάσσεται
908 3773 1037 3846 (γὰρ
1059 3775 1222 3845 Θεῷ).
1308 3798 1325 3803 ο
1632 3800 1633 3803 η

1949 3772 2216 3829 ιυδιίωἰεε
2255 3775 2584 3833 adversatur
2614 3779 2782 3849 (enim
2813 3781 2971 3855 Deo).

318 3899 475 3967 Xeth
502 3899 570 3953 δὲ
594 3898 798 3971 χεζοας
811 3899 1095 3968 ἐμϐαλὼν
1120 3899 1364 3965 ἀδίκως,
1398 3901 1511 3954 οὐκ
1547 3898 1823 3967 ἀθωωθή-

1996 3901 2222 3957 Μαηιιηι
2273 3906 2328 3960 in
2389 3924 2580 3964 manus
2623 3913 2716 3982 qui
2737 3913 2935 3983 injuste
2974 3917 3172 3990 injicit,
3218 3921 3363 3975 haud
3408 3924 3511 3978 int-

246 4007 436 4047 σεται.
475 3994 532 4046 '0
556 3992 612 4045 δὲ
650 3990 732 4063 τῷ
763 3991 997 4063 καμάτῳ
1042 3992 1142 4062 τῆς
1181 3991 1390 4056 οἰκείας
1451 3991 1664 4086 χειρὸςᾲ
1694 3993 1823 4056 τοὺς

1949 4012 2091 4049 turus
2151 3996 2337 4053 abibit.
2391 3999 2494 4067 Qui
2552 4002 2727 4059 labori
2775 4009 3013 4078 propria:
3067 4026 3263 4068 manus
3315 4030 3512 4086 operas

244 4083 354 4137 τῶν
403 4083 701 4155 ἀλλοτρίων
751 4082 954 4155 χειρῶν
998 4083 1197 4145 πόνους
1228 4082 1379 4156 παρά
1409 4085 1588 4138 πάντα
1615 4084 1822 4138 δίκαιον

1949 4088 2162 4142 diarum
2219 4104 2481 4145 manuum
2518 4103 2712 4149 contra
2752 4112 2972 4155 omnem
3000 4101 3209 4171 justam
3239 4108 3510 4163 rationem

243 4174 401 4245 λόγον
435 4175 766 4247 προσμίξας,
799 4175 862 4228 οὐ
899 4174 1150 4239 τεύξεται
1184 4173 1516 4245 συγγνώμης
1537 4176 1690 4245 παρά
1725 4173 1819 4228 τοῦ

1949 4179 2305 4245 Idmiscuerit,
2370 4196 2400 4236 a
2445 4182 2599 4252 justo
2657 4199 2990 4265 cunctorum
3044 4193 3257 4262 judice,
3321 4197 3375 4251 in
3424 4198 3515 4255 die

241 4266 455 4358 διμαίου
479 4267 585 4321 τῶν
626 4268 764 4321 ὅλων
797 4266 992 4340 κριτοῦ
1053 4270 1111 4321 ἐν
1148 4265 1332 4339 ἡμέρᾳ
1379 4266 1818 4331 ἀνταποδόσεως.

1931 4270 2335 4339 retributionis,
2374 4277 2589 4331 veniam
2630 4293 2740 4334 non
2770 4279 3057 4338 obtinebit.

328 4357 508 4465 Ἀἷρχὴ
535 4395 677 4451 ὀδοῦ
704 4396 953 4467 ἀγαθῆς,
971 4397 1039 4451 τὸ
1067 4396 1262 4451 ποιεῖν
1282 4395 1499 4451 δίκαια.
1528 4396 1820 4468 Εἰσαγωγή

2000 4391 2221 4448 Initium
2257 4396 2352 4449 via-
2377 4397 2548 4463 bones,
2570 4400 2744 4470 facere
2761 4405 2936 4473 justo.
2969 4405 3231 4466 Introitus
3253 4411 3319 4467 ad
3345 4413 3516 4469 vitam

165 4479 168 4481 “
246 4482 362 4536 ἐστι
389 4485 488 4554 τῆς
510 4484 806 4554 εύαρέστου
840 4485 959 4556 Θεῷ
1013 4486 1198 4556 βιοτῆς
1257 4487 1290 4556 ἡ
1324 4485 1413 4541 διὰ
1438 4485 1547 4539 τῶν
1580 4487 1821 4540 ἀντικει-

247 4575 426 4647 μένων
459 4578 527 4647 τῇ
568 4576 740 4648 κακίᾳ
772 4577 951 4647 ἔργων
983 4578 1250 4651 κάθαρσις
1288 4580 1397 4633 τῶν
1432 4579 1619 4634 παθῶν
1651 4597 1664 4612 ·
1702 4580 1820 4651 μεθ’

243 4670 364 4741 ἧνή
398 4670 650 4741 προκοπή
674 4686 733 4721 τε
776 4671 921 4742 καὶὴ
953 4672 1251 4736 τελείωσις.

311 4795 500 4849 Δεκτὰ
546 4796 615 4850 δὲ
647 4796 808 4866 παρὰ
856 4796 979 4863 Θεῷ
1002 4798 1273 4866 μᾶλλον-
1302 4800 1341 4870 ἢ
1393 4801 1560 4855 θύειν
1575 4802 1816 4859 θυσίαν.

246 4885 635 4956 Εύπρόσδεκτα
666 4888 724 4942 δὲ
754 4889 824 4944 τὰ
850 4888 1075 4944 τοιαῦτα
1106 4889 1243 4961 ἔργα
1276 4891 1395 4964 Θεῷ
1444 4892 1585 4966 ὑπὲρ
1603 4890 1819 4964 ’ἀλόγων

241 4974 396 5041 ζώων
419 4978 848 5052 ὁλοκαυτώματα
881 4996 896 5011 °
942 4981 1018 5046 ὠς
1048 4981 1147 5051 τῆς
1193 4984 1397 5055 caput»;
1423 4985 1721 5057 νεκροῦντα
1757 4987 1819 5042 τὸ

244 5069 521 5142 φρόνημα,
593 5072 691 5127 καὶ
728 5072 932 5144 ταύτην
983 5073 1279 5145 εὐάρεστον
1307 5076 1456 5147 αὐτῷ
1498 5077 1689 5134 θυσίαν
1749 5079 1818 5134 δι’

241 5160 497 5234 ἐναρέτου
529 5164 804 5229 πολιτείας
830 5165 1225 5222 ἀποτελοῦντα.

322 5381 386 5437 '0
408 5382 603 5452 ζηλῶν
638 5383 747 5440 τὸν
775 5385 1016 5453 Κύριον,
1043 5386 1291 5456 εὑρήσει
1312 5386 1538 5458 γνῶσιν
1553 5390 1705 5461 μετὰ
1727 5391 1815 5447 διο

237 5469 589 5543 καιοσύνης.
627 5475 685 5530 '0
719 5476 855 5530 Θεοῦ
885 5478 1163 5549 ἐπιτυχεῖν
1219 5480 1529 5550 ἐφιέμενος,
1561 5483 1814 5549 τεύξεται

236 5566 333 5637 τῆς
357 5568 681 5639 ὲμπράκτου
707 5569 964 5638 γνώσεως
983 5569 1091 5623 τῶν
1119 5571 1293 5641 ἁγίων
1336 5573 1501 5628 αὑτοῦ
1558 5576 1810 5632 ἐντολῶν.

306 5676 456 5733 Οίδὲ
485 5677 670 5745 ὀρθῶς
701 5676 1020 5749 ζητοῦντες
1072 5661 1280 5748 αὐτὸν,
1326 5683 1701 5752 εὑρήσουσιν
1737 5690 1815 5742 εί-

1930 4482 2041 4539 Deo
2064 4492 2369 4556 acceptam,
2402 4497 2488 4543 est
2518 4492 2831 4561 puriﬁcatio
2864 4500 3185 4566 passionum
3221 4517 3319 4572 per
3344 4519 3515 4576 opera

1930 4575 2153 4631 malitiae
2209 4580 2497 4648 opposita;
2561 4598 2687 4639 cum
2729 4586 2822 4640 illa
2858 4595 2913 4642 et
2979 4590 3262 4660 profectus
3298 4604 3350 4650 et
3385 4575 3515 4666 pro-

1930 4665 2112 4722 fcctio.

2000 4795 2155 4863 Apud
2185 4794 2356 4850 Deum
2405 4801 2572 4871 magis
2619 4814 2831 4874 accepta
2899 4825 3059 4879 quam
3092 4814 3405 4883 sacri/icore
3425 4833 3516 4871 sa.

1927 4885 2154 4956 criﬁcio.
2200 4886 2374 4944 Multo
2404 4895 2717 4963 acceptiora
2787 4907 2916 4954 sunt
2960 4900 3194 4959 Domino
3236 4906 3513 4977 ejusmodi

1927 4992 2115 5049 opera,
2140 4995 2305 5050 quam
2325 4981 2649 5039 holocausta
2669 4987 3131 5048 irrationabilium
3149 4997 3471 5055 animalium
3496 5019 3513 5053 :

1926 5074 2123 5143 spiritu
2184 5074 2330 5129 enim
2374 5077 2709 5135 mortiﬁcant
2766 5097 3010 5152 carnem,
3069 5103 3261 5159 quam,
3321 5103 3516 5149 sancta

1926 5166 2348 5223 conversatione
2383 5182 2505 5237 sua,
2542 5169 2598 5225 in
2628 5170 2736 5228 Deo
2757 5183 2974 5255 gratum
3020 5181 3353 5240 sacriﬁcium
3390 5203 3515 5257 per-

1926 5255 2136 5312 ﬁciunt.

1998 5388 2105 5456 Qui
2155 5392 2346 5461 quwrit
2412 5392 2737 5467 Dominum},
2776 5400 2998 5457 inveniet
3069 5405 3345 5460 scientiam
3393 5422 3515 5462 cunt

1914 5481 2159 5550 justitia.
2200 5483 2305 5550 Qui
2354 5484 2447 5541 Dei
2490 5491 2822 5561 assequendi
2863 5494 3099 5566 cupidus
3144 5506 3253 5564 est,
3289 5512 3513 5571 COtIIpa-

1924 5578 2071 5633 rabit
2102 5579 2208 5635 sibi
2235 5583 2535 5650 practieam
2564 5585 2852 5644 scientiam
2876 5590 3264 5649 mandatorum
3292 5594 3435 5664 ejus.

1995 5693 2100 5761 Qui
2149 5704 2286 5751 recte
2348 5700 2619 5772 requirunt
2657 5719 2797 5772 eunt,
2848 5705 3111 5766 invenient
3157 5723 3357 5778 pacem.
3391 5710 3521 5776 Qui,
