3950 6206
318 5462 371 5503 “x

419 220 559 289 1383

1751 219 2099 282 PROCOPIl
2132 219 2376 281 GAZ/EI

3550 221 3694 290 1384

412 331 721 392 secundum
753 329 1025 395 ordinem,
1061 335 1211 385 recte
1245 328 1313 384 ad
1348 327 1638 385 Dominum
1670 331 2002 400 procedunt,

2124 332 2322 401 γήνην.
2346 333 2409 387 Οί
2433 332 2489 386 δὲ
2522 331 2663 387 κατά
2677 330 2830 400 τάξιν
2857 331 3283 405 εὐθυποροῦντες
3313 342 3443 408 πρὸς
3459 335 3690 407 Κύριον.

413 439 594 495 neque
628 421 844 479 delectu
871 421 1098 477 virtutis
1142 437 1321 492 neque
1352 436 1582 478 excessu
1613 421 1669 476 in
1720 424 2009 493 passiones

412 517 630 575 detersi
680 515 909 583 fuerint,
969 513 1433 584 perfectissimam
1501 513 2008 585 impassibilitatem

425 613 505 683 (in
533 619 801 681 quantum
837 608 1050 663 homini
1080 607 1365 679 possibile)
1393 607 1791 677 obsequemur.

484 719 694 775 Cuncta
725 735 883 788 opera
906 715 1263 772 Domini'cum
1286 717 1704 789 justitiaJusta
1731 725 1860 773 sunt
1890 733 2010 771 om-

336 862 339 863 ν
413 812 529 877 nia,
575 825 920 879 quascunque
966 824 1146 864 rerum
1185 818 1512 865 cunctarum
1568 808 1833 866 Dominus
1874 809 2004 864 επεν

413 904 571 959 cerit.
607 903 663 956 Si
700 902 877 957 bonus
906 901 1182 979 amigitur,
1216 904 1473 972 praesenti
1505 912 1751 974 tempore
1770 905 2008 974 castiga-

412 1003 505 1073 tur
536 994 592 1047 in
620 994 825 1059 quibus
859 1000 1121 1063 tanquam
1151 992 1317 1046 homo
1343 992 1602 1063 deliquit;
1640 994 1717 1049 ita
1746 1003 1805 1048 ut
1834 995 1887 1049 in
1920 993 2006 1049 [ιιι

414 1092 541 1138 turo
594 1082 744 1137 solas
799 1082 1067 1136 bonorum
1129 1096 1355 1151 operum
1416 1083 1807 1139 retributiones
1854 1097 2010 1139 rece-

415 1186 628 1245 ptnrus.

491 1285 836 1342 Custodielur
863 1287 1058 1355 impius
1084 1288 1140 1341 in
1197 1287 1336 1342 diem
1377 1287 1596 1343 malam.
1636 1284 1901 1344 Servatur
1948 1288 2003 1343 in

411 1374 669 1447 praesenti
703 1373 853 1439 felix,
886 1375 979 1445 qui
1022 1373 1188 1430 Deum
1223 1390 1319 1445 per
1355 1374 1499 1430 bona
1542 1391 1709 1447 opera
1757 1392 1865 1431 non
1907 1375 2007 1431 bo-

412 1474 594 1521 norat.
622 1463 983 1535 Longanimis
1007 1474 1093 1521 est
1119 1465 1265 1539 Deus
1295 1467 1465 1523 relate
1517 1467 1588 1522 ad
1629 1467 1783 1523 illum
1829 1484 2005 1539 usque

413 1558 468 1611 in
493 1556 635 1612 diem
668 1552 1356 1623 iraa‘etmanil‘estationis;
1393 1573 1540 1615 nunc
1577 1559 1839 1615 retribuit
1861 1560 2003 1615 bona

2114 427 2212 476 καὶ
2261 424 2400 495 μήτε
2427 424 2563 494 πρὸς
2587 424 2656 477 τὰ
2699 424 2823 478 κατ’
2855 424 3099 495 ἔλλειψιν
3146 429 3243 497 τῆς
3274 427 3477 498 ἀρετῆς
3514 427 3692 500 πάθη,

2117 516 2256 586 μήτε
2281 515 2421 586 πρὸς
2444 515 2513 570 τὰ
2545 515 2673 569 καθ’
2699 516 3006 589 ὑπερϐολὴν
3033 516 3384 588 τρεπόμενοι,
3412 517 3697 573 τελειοτά-

2109 622 2232 675 της,
2268 603 2344 668 ὡς
2378 606 2599 674 ἐφικτὸν
2641 605 2935 677 ἀνθρώπῳ,
2963 604 3235 670 ἀπαθείας
3272 607 3692 679 ἀξιωθήσονται.

2181 721 2244 770 ε’.
2289 715 2491 770 Πάντα
2533 716 2604 770 τὰ
2626 718 2770 787 ἔργα
2806 718 3029 787 Κυρίου
3073 719 3225 788 μετὰ
3276 718 3693 788 δικαιοσύνης.

2108 805 2311 863 Δίκαια
2362 807 2543 861 πάντα
2593 809 2685 862 ὅσα
2729 808 2795 862 ἂν
2825 807 2854 860 ό
2886 808 2993 862 τῶν
3026 809 3164 863 ὅλων
3197 810 3474 879 Δεσπότης
3505 813 3632 881 ποιῇ
3676 828 3692 841 ο

2108 899 2213 953 κᾶν
2235 898 2442 969 ἀγαθὸς
2460 899 2517 953 δὲ
2552 900 2652 971 μὲν
2685 887 2997 973 δυσπραγῇ,
3021 901 3427 973 τιμωρούμενος
3463 903 3606 957 κατά
3631 904 3696 956 τὸ

2109 993 2305 1063 παρὸν,
2338 986 2413 1047 ὧν
2444 992 2518 1057 ὡς
2541 992 2831 1063 ἄνθρωπος
2854 993 3282 1065 ἐπλημμέλησεν
3324 1012 3338 1025 ·
3361 995 3509 1059 ὅπως
3548 996 3694 1050 κατά

2106 1086 2167 1139 τὸ
2233 1085 2428 1156 μέλλον
2461 1085 2631 1157 μόνας
2666 1086 2775 1141 τῶν
2824 1085 3047 1155 ἀγαθῶν
3098 1086 3279 1158 Ξργων
3313 1086 3546 1158 λήψεται
3591 1089 3697 1153 τὰς

2108 1177 2229 1230 ἀντι
2237 1176 2367 1247 μισθ
2376 1174 2481 1241 ίας.

2177 1292 2563 1347 Φυλάσσεται
2601 1292 2669 1346 δὲ
2710 1293 2745 1345 ό
2787 1292 3017 1362 ἀσεϐὴς
3065 1295 3155 1362 εις
3209 1296 3438 1365 ἡμέραν
3472 1297 3692 1366 κακήν.

2107 1385 2369 1456 Τηρεῖται
2403 1385 2461 1439 δὲ
2489 1385 2785 1456 εὐπραγῶν
2823 1385 2966 1440 κατά
2988 1386 3051 1440 τὸ
3082 1387 3279 1457 παρὸν,
3306 1389 3336 1441 ὁ
3368 1388 3443 1459 μὴ
3469 1389 3533 1442 δι’
3556 1374 3699 1457 ἀγα-

2107 1474 2364 1547 θοεργίας
2411 1477 2587 1548 τιμῶν
2616 1477 2711 1531 τὸν
2732 1476 2867 1532 Θεόν
2902 1494 2915 1506 ·
2976 1478 3466 1551 μακροθυμοῦντος
3494 1480 3695 1535 τούτου

2107 1567 2196 1619 ἐπ’
2223 1564 2393 1638 αὐτῷ.
2425 1567 2531 1631 ἕως
2554 1567 2767 1640 ἡμέρας
2801 1567 2971 1638 ὀργῆς
2999 1567 3096 1623 καὶ
3140 1568 3556 1640 ἀποκαλύψεως,
3598 1574 3697 1625 καὶ

412 1650 541 1720 quia
581 1648 792 1718 pulchri
828 1647 962 1718 quid
993 1650 1167 1718 egerit
1198 1619 1462 1705 illezscit
1485 1651 1631 1707 enim
1666 1650 1815 1707 Deus
1838 1652 2000 1707 talem

2124 1619 2455 1721 ἰποδιδόντος
2476 1619 2627 1728 ᾲῖιτῖξ,
2656 1619 2974 1727 hisiis;
3001 1619 3125 1712 se.
3144 1619 3697 1729 ὲέεᾷέῖἐιρἒτᾶςέτιζζ

412 1742 688 1798 hominem
716 1778 731 1804 ,
773 1740 977 1796 exhinc
1029 1740 1341 1804 dolorosus,
1400 1742 1468 1797 ad
1539 1751 1687 1798 recta
1724 1759 2004 1816 nunquam

411 1846 537 1887 esse
563 1828 963 1885 reducendum.

484 1939 653 1999 Vsns.
680 1943 767 1999 10.
808 1942 1078 1999 Divinatio
1107 1944 1161 1997 in
1191 1941 1348 1998 labiis
1374 1943 1532 2014 regis.
1574 1945 1633 1997 ln
1661 1944 2007 2001 sermonibus

409 2035 637 2090 omnino
668 2037 813 2107 regis
850 2035 945 2092 Dei
975 2036 1286 2091 futurorum
1314 2044 1398 2091 est
1430 2036 1691 2107 pronotio
1726 2054 1741 2091 :
1789 2038 2007 2109 suppli-

411 2125 496 2179 cia
527 2136 729 2181 aeterna
760 2126 1006 2180 minatur
1044 2125 1471 2195 peccatoribus:
1504 2125 1651 2180 bona
1704 2136 1889 2181 autem
1925 2127 2009 2181 in-

413 2218 570 2271 linita
613 2218 880 2289 promittit
931 2218 1066 2284 illis,
1122 2218 1219 2289 qui
1298 2217 1676 2275 indesinenter
1747 2218 2007 2275 mandata

412 2314 535 2383 ejus
559 2318 749 2367 sancta
782 2309 1094 2381 perﬁciunt.

480 2511 543 2567 In
563 2512 772 2582 judicio
796 2527 898 2566 non
924 2511 1128 2567 errabit
1153 2528 1212 2567 os
1236 2513 1372 2583 ejus.
1412 2511 1601 2569 Relate
1650 2512 1720 2568 ad
1760 2512 2007 2568 futurum

404 2602 676 2674 judicium
714 2603 1085 2674 superjustos
1114 2610 1170 2658 et
1202 2604 1858 2674 peccatoresjustissima
1913 2604 2007 2660 Dei

412 2690 712 2756 sententia,
747 2690 958 2760 absque
991 2705 1184 2746 errore
1214 2698 1301 2747 est
1329 2708 1342 2745 :
1368 2691 1557 2762 itaque
1587 2691 1687 2746 bos
1713 2690 2004 2762 justiﬁcat,

416 2782 543 2837 illos
575 2790 759 2836 autem
786 2782 1141 2837 condemnat.

2109 1752 2295 1817 καλὸν,
2320 1751 2509 1822 ἐπειδὴ
2537 1747 2648 1805 οἶδε
2678 1750 2867 1805 τοῦτον
2897 1752 2972 1823 μὴ
3008 1750 3100 1805 διά
3122 1750 3233 1805 τῶν
3258 1753 3492 1808 ἐνταῦθα
3512 1752 3694 1822 λυπη-

2114 1842 2222 1913 ρῶν
2249 1840 2773 1914 διορθωθησόμενον.

2176 1961 2228 2009 ι’.
2258 1954 2558 2009 Μαντεῒον
2584 1955 2684 2008 ἐπὶ
2715 1955 2947 2023 χείλεσι
2972 1953 3300 2021 βασιλέως.
3344 1954 3430 2008 Ἐν
3460 1955 3574 2019 τοῖς
3601 1954 3697 2010 λό-

2109 2063 2226 2116 γοις
2254 2046 2347 2100 τοῦ
2376 2046 2765 2117 παμϐασιλέως
2796 2048 2955 2115 Θεοῦ,
3036 2047 3153 2101 τῶν
3181 2046 3485 2117 μελλόντων
3514 2046 3694 2102 ἐνιστ.

2110 2139 2421 2211 πρόγνωσις
2482 2153 2497 2169 °
2571 2138 2931 2203 ἀπειλοῦντος
3013 2140 3114 2208 μὲν
3176 2142 3288 2203 τοῖς
3343 2139 3694 2210 ἀμετανόητα

2117 2231 2530 2304 ἁμαρτάνουσιν
2568 2231 2788 2286 αἰώνιον
2826 2233 3048 2287 κόλασιν
3080 2272 3097 2299 ,
3128 2231 3600 2302 ἐπαγγελλομένου
3630 2232 3695 2286 δὲ

2110 2326 2225 2387 τοῖς
2289 2324 2718 2397 ἁπαραλείπτως
2759 2325 3154 2395 ἐργαζομένοις
3172 2324 3274 2389 τὰς
3302 2323 3465 2394 ἁγίας
3523 2323 3694 2377 αὑτοῦ

2110 2415 2355 2481 ἐντολὰς.
2387 2416 2455 2470 τὰ
2477 2417 2814 2487 ἁτελεύτητα
2844 2415 3044 2487 ἀγαθά.

2194 2530 2298 2583 Ἐν
2318 2530 2388 2583 δὲ
2411 2531 2609 2599 κρίσει
2661 2531 2734 2585 οὐ
2755 2529 2842 2599 μὴ
2868 2527 3151 2598 πλανηθῇ
3171 2529 3239 2583 τὸ
3267 2529 3464 2598 στόμα
3478 2527 3691 2583 αὐτοῦ.

2124 2622 2189 2677 Ἦ
2229 2622 2287 2675 δὲ
2340 2622 2484 2676 κατά
2535 2622 2636 2694 τὴν
2673 2622 2976 2693 μέλλουσαν
3035 2622 3217 2693 κρίσιν
3268 2620 3362 2675 ἐπί
3379 2637 3437 2673 τε
3476 2622 3588 2682 τοῖς
3612 2619 3695 2673 δι-

2116 2714 2293 2777 καίοις
2326 2715 2421 2767 καὶ
2448 2717 2562 2777 τοῖς
2591 2713 2937 2785 ἁμαρτωλοῖς
2974 2714 3290 2783 δικαιοτάτη
3333 2712 3526 2767 τούτου
3560 2711 3697 2767 ἀπό-

2112 2822 2299 2875 φασις,
2336 2806 2588 2877 ἀπλανής
2608 2808 2755 2859 ἐστιν
2771 2846 2786 2871 ,
2820 2806 2897 2870 ὡς
2927 2804 3143 2876 ἀληθῶς
3158 2806 3284 2869 τοὺς
3306 2805 3404 2876 μὲν
3424 2801 3696 2858 δικαιοῦν-

2113 2913 2225 2960 τος,
2254 2897 2379 2961 τοὺς
2407 2897 2465 2951 δὲ
2503 2898 2947 2968 κατακρίνοντος.

483 2993 646 3052 Vsus.
670 2996 756 3051 il.
779 2994 997 3050 Panda:
1027 2996 1263 3061 trutina,
1282 2997 1496 3067 justitia
1518 2990 1668 3066 apud
1700 2996 2004 3055 Dominum.

2196 3015 2285 3070 ια’.
2327 3012 2507 3082 Ῥοπὴ
2562 3010 2760 3083 ζυγοῦ,
2815 3012 3170 3081 δικαιοσύνη
3223 3012 3385 3082 παρὰ
3445 3012 3692 3080 Κυρίου.

417 3084 597 3142 Veluti
626 3095 828 3143 statera
857 3087 923 3141 ad
957 3088 1137 3156 majus
1180 3088 1391 3156 pondus
1427 3089 1681 3155 inclinat,
1719 3090 1799 3146 sic
1822 3106 2002 3145 rerum

2124 3105 2317 3179 )idtrrep
2353 3125 2438 3169 τις
2471 3105 2635 3174 ζυγὸς
2664 3105 2800 3175 πρὸς
2831 3104 2891 3158 τὸ
2928 3105 3111 3159 πλεῖον
3144 3105 3247 3174 τῆς
3295 3104 3464 3175 ὁλκῆς
3481 3104 3692 3175 ῥέπων,

413 3179 655 3234 omnium
698 3178 912 3232 Domini
939 3178 1173 3247 justitia,
1196 3193 1382 3247 qnam,
1413 3179 1467 3233 in
1491 3179 1578 3235 die
1606 3180 1819 3249 iudicii,
1837 3196 2006 3252 opera

411 3279 601 3325 nostra
628 3270 770 3325 bona
812 3278 866 3323 et
888 3271 1031 3323 mala
1059 3270 1387 3340 ponderabit
1417 3289 1431 3338 ;
1458 3273 1506 3327 si
1566 3272 1818 3342 graviora
1854 3274 2009 3330 inve-

414 3363 559 3418 nerit
586 3378 753 3433 opera
776 3363 943 3426 bona,
991 3362 1335 3432 justiﬁcabit,
1361 3363 1409 3419 si
1463 3373 1643 3421 autem
1676 3368 1838 3433 mala,
1872 3382 2008 3423 con-

413 3449 715 3506 demnabit.
1826 3448 1829 3453 ’

488 3565 661 3631 Opera
694 3561 810 3632 ejus
832 3561 1064 3618 lancula:
1090 3563 1278 3633 justas.
1331 3563 1601 3621 Beneﬁcia
1626 3565 1748 3644 ejus
1767 3582 1922 3639 teque
1950 3568 2006 3623 in

414 3668 608 3710 omnes
638 3653 1024 3710 ell'undentur:
1085 3655 1140 3709 in
1177 3656 1589 3713 resurrectione
1620 3657 1771 3714 dabit
1824 3660 2004 3714 omni-

418 3747 522 3803 bus
584 3749 1050 3819 incorruptionem
1100 3750 1398 3807 voluntatis
1440 3758 1497 3805 et
1541 3759 1773 3815 naturae,
1823 3752 1896 3806 ita
1948 3762 2007 3808 ut

415 3858 518 3896 nec
549 3842 772 3897 malitiae
812 3858 914 3899 nec
948 3845 1111 3898 morti
1143 3845 1376 3915 subjecti
1407 3822 1810 3912 sintfattamen
1837 3860 2007 3901 unus-

414 3936 668 4007 quisque,
721 3952 820 4007 pro
871 3937 1085 3993 ratione
1144 3938 1416 3993 factorum
1444 3939 1500 3993 in
1566 3938 1675 3994 vita
1729 3954 1849 4006 sua,
1920 3953 2006 3994 re-

415 4031 605 4101 cipiet.

495 4161 663 4218 Vnus.
699 4162 788 4218 l2.
822 4163 1166 4219 Abominatio
1190 4165 1299 4236 regi
1321 4165 1524 4235 faciens
1567 4164 1735 4219 mala.
1788 4164 2004 4220 Invisus

414 4262 499 4309 est
538 4255 728 4309 mundi
772 4254 1025 4322 Domino,
1074 4258 1166 4326 qui
1213 4269 1378 4326 opera
1442 4253 1573 4309 facit
1628 4262 1821 4310 contra
1882 4252 2004 4324 ejus

416 4353 724 4414 praecepta;
754 4345 953 4400 etenim
990 4361 1086 4415 per
1140 4361 1281 4412 eam,
1314 4361 1435 4414 quae
1472 4346 1631 4415 juxta
1687 4346 1834 4416 leges
1860 4345 2001 4400 divi-

414 4451 519 4491 nas
559 4446 664 4499 est,
698 4437 1192 4502 conversationem,
1221 4436 1509 4516 ordinatur
1542 4436 1720 4490 anima
1749 4450 1847 4490 ceu
1879 4434 1999 4505 qui-

415 4528 539 4582 dam
595 4529 828 4581 thronus
882 4527 947 4581 ad
997 4526 1492 4596 requiescendum;
1524 4525 1607 4584 sic
1637 4526 1692 4581 in
1724 4541 1790 4581 ea
1830 4525 1997 4591 Deus,

415 4635 599 4675 rerum
632 4618 877 4673 omnium
917 4632 1105 4670 causa.

489 4726 625 4782 Cum
666 4724 881 4795 justitia
912 4734 1251 4795 prwparatur
1301 4724 1519 4781 thronus
1559 4725 1783 4795 imperii.
1834 4724 2000 4780 Valde

418 4817 789 4887 acceptabiles
820 4826 954 4873 sunt
990 4818 1100 4873 Deo
1123 4820 1368 4873 omnium
1400 4820 1516 4890 regi
1546 4828 1598 4875 et
1622 4818 1821 4890 cupido
1843 4827 1895 4874 et
1918 4819 1999 4872 in-

414 4906 676 4976 dignatio,
699 4906 999 4962 secundum
1025 4915 1232 4962 rectum
1256 4907 1522 4977 judicium
1550 4907 1847 4963 ordinatae:
1884 4906 1999 4960 [nec

417 4996 562 5050 enim
605 4996 810 5051 bonum
863 4999 1058 5071 diligit,
1103 4997 1195 5054 illa
1227 5007 1409 5055 autem
1460 4999 1663 5053 malum
1716 4998 2000 5053 abomina-

412 5094 525 5143 tur.

490 5198 659 5256 Vsus.
695 5201 781 5256 15.
810 5200 976 5256 Grata
997 5205 1106 5274 regi
1127 5204 1266 5258 labia
1279 5206 1455 5274 justo.
1485 5203 1669 5274 Diligit
1696 5215 1997 5264 sermoucs.

415 5293 508 5362 qui
544 5293 831 5348 veritatem
864 5294 1197 5350 conﬁtentur
1227 5304 1282 5350 et
1332 5295 1679 5350 mendacium
1733 5308 1840 5347 non
1898 5292 2001 5345 tin-

413 5392 546 5455 gunl
574 5395 797 5457 propter
826 5385 1079 5441 timorem
1115 5386 1418 5441 hominum.

473 5496 637 5552 Vsus.
686 5498 774 5554 l4.
807 5497 902 5553 Ira
950 5500 1107 5569 regis,
1141 5500 1356 5553 nuntius
1407 5482 1766 5553 mortis.Cum
1813 5509 1999 5551 rerum

506 5587 656 5639 nium
701 5587 986 5648 Deminus,
1021 5587 1331 5642 secundum
1379 5587 1648 5658 judicium
1694 5596 1747 5642 et
1781 5586 1845 5641 ad
1876 5602 2000 5641 cor-

534 5676 735 5742 iouem,
772 5681 1156 5736 tribulationcs
1191 5683 1243 5735 in
1283 5682 1533 5749 praesenti
1568 5680 1799 5747 inducit,
1832 5680 1999 5735 veluti

2107 3199 2278 3261 οὕτως
2296 3201 2330 3267 η
2360 3195 2453 3251 τοῦ
2485 3195 2754 3249 Δεσπότου
2776 3196 2885 3249 τῶν
2902 3195 3041 3251 ὅλων
3063 3194 3401 3267 δικαιοσύνη,
3423 3195 3487 3249 τὰ
3505 3194 3700 3261 ἀγαθὰ

2108 3291 2264 3363 ἡμῶν
2290 3290 2426 3362 ἔργα
2450 3289 2541 3342 καὶ⁵
2564 3289 2630 3342 τά
2655 3288 2884 3361 πονηρὰ,
2901 3288 2960 3341 ὲν
2990 3288 3174 3359 ἡμέρᾳ
3201 3287 3457 3359 κρίσεως,
3481 3286 3688 3341 ταλανο

2106 3384 2340 3439 τεύουσα
2378 3400 2392 3414 ο
2423 3383 2519 3437 καὶ
2558 3384 2607 3436 εί
2632 3384 2732 3453 μὲν
2762 3383 2831 3436 τά
2860 3381 3004 3436 καλὰ
3056 3381 3194 3452 ἔργα
3218 3381 3440 3434 πλείονα
3461 3380 3688 3451 εὑρεθῇ,

2107 3476 2391 3531 δικαιοῦσα
2423 3492 2438 3507 ⁸
2469 3474 2595 3529 εἰδὲ
2617 3474 2687 3529 τὰ
2720 3474 2888 3541 κακὰ,
2916 3473 3344 3543 κατακρίνουσα.

2185 3590 2262 3645 Τὰ
2286 3589 2355 3644 δὲ
2376 3592 2521 3658 ἔργα
2554 3587 2763 3653 αὑτοῦ,
2799 3587 3058 3658 στάθμια
3107 3587 3331 3641 δίκαια.
3355 3587 3421 3640 Δί
3457 3585 3503 3639 δ’
3536 3586 3698 3654 εὔερ-

2108 3681 2290 3749 γεσίαι
2316 3680 2507 3733 τούτου
2569 3680 2765 3750 ἐπίσης
2788 3680 2867 3742 εἰς
2899 3680 3106 3742 πάντας
3127 3678 3697 3749 ὲκκέχυνταιβωρουι

2111 3769 2274 3842 μένου
2310 3771 2475 3825 πᾶσιν
2504 3771 2561 3823 ὲν
2582 3772 2648 3840 τῇ
2697 3769 2996 3823 ἀναστάσει
3028 3769 3090 3821 τὸ
3137 3772 3238 3838 τῆς
3306 3768 3698 3840 προαιρέσεως

2109 3864 2203 3916 καὶ
2232 3862 2294 3916 τὸ
2322 3863 2421 3932 τῆς
2448 3862 2665 3933 φύσεως
2686 3861 2966 3933 ἄφθαρτον
3004 3876 3019 3892 ο
3077 3861 3155 3926 ὡς
3183 3862 3383 3925 κακίας
3410 3862 3501 3914 καὶ
3530 3860 3699 3913 Θανά-

2107 3972 2200 4009 του
2234 3956 2430 4025 μηκέτι
2483 3955 2891 4026 ἐνεργουμένων
2926 3972 2941 3985 ο
2990 3955 3096 4009 κᾶν
3143 3955 3371 4015 ἕκαστος
3413 3951 3698 4016 ἀναλόγως

2110 4048 2474 4121 ἀπολαμϐάνει
2500 4051 2612 4112 τοῖς
2657 4047 3077 4119 πεπραγμένοις
3103 4047 3160 4099 ἐν
3210 4050 3275 4117 τῇ
3316 4063 3477 4099 αυτου
3514 4044 3695 4115 βιοτῇ.

2182 4157 2272 4228 ιβ’.
2297 4158 2613 4229 Βδέλυγμα
2639 4157 2898 4223 ,ϐασιλεῖ
2916 4160 2949 4211 ὀ
2970 4156 3159 4212 ποιῶν
3213 4156 3390 4211 κακά.
3442 4156 3695 4225 Μισητός

2108 4253 2225 4304 ὲστι
2256 4250 2335 4321 τῷ
2374 4249 2469 4304 τοῦ
2509 4249 2713 4313 παντὸς
2764 4250 3030 4324 Δεσπότῃ,
3060 4248 3120 4313 ὃς
3177 4249 3246 4302 τά
3309 4248 3439 4316 παρ’
3472 4246 3696 4318 ἐντολὴν

2110 4340 2276 4395 αὑτοῦ
2299 4341 2437 4413 ἔργα
2463 4344 2608 4395 ποιεῖ
2642 4357 2655 4370 ·
2687 4342 2775 4396 διά
2828 4342 2938 4413 γὰρ
2964 4342 3061 4413 τῆς
3092 4340 3235 4394 κατὰ
3260 4339 3459 4411 νόμους
3510 4338 3694 4401 θείους

2105 4434 2381 4498 πολιτείας
2430 4435 2806 4507 εὐτρεπίζεται
2849 4437 2882 4505 ἡ
2947 4435 3093 4505 ψυχὴ
3138 4434 3218 4497 είς
3280 4432 3341 4487 τὸ
3388 4430 3697 4487 ἀναπαύειν

2105 4527 2180 4591 ὥς
2207 4545 2289 4591 τις
2318 4527 2525 4597 Θρόνος,
2558 4528 2642 4597 ἐφ’
2684 4530 2850 4599 ἑαυτῇ
2891 4527 3047 4593 Θεὸν,
3105 4525 3205 4597 τὴν
3240 4526 3457 4581 πάντων
3482 4525 3692 4579 αἰτίαν.
3746 4539 3753 4544 ·

2190 4724 2353 4779 Μετὰ
2376 4725 2486 4795 γὰρ
2513 4724 2905 4793 δικαιοσύνης
2960 4724 3317 4795 ἐτοιμάζεται
3341 4726 3567 4793 θρόνος
3583 4725 3695 4792 ἄρα

2121 4815 2259 4886 χῆς.
2314 4817 2701 4887 Εὑπρόσδεκτα
2755 4816 2875 4887 Θεῷ
2927 4817 3003 4888 τῷ
3048 4817 3266 4870 πάντων
3319 4815 3548 4887 βασιλεῖ,
3576 4816 3695 4886 ἦτε

2106 4905 2370 4977 ἐπιθυμία
2400 4906 2494 4959 καὶ
2525 4905 2777 4975 όθυμὸς,
2807 4908 2935 4960 ὅταν
2973 4907 3093 4959 κατ’
3130 4904 3295 4977 όρθὴν
3324 4904 3575 4976 κρίσιν,ὴ
3594 4904 3697 4975 μὲν

2105 4998 2167 5053 τδ
2192 4998 2395 5066 ἀγαθὸν
2432 4998 2596 5066 φιλεῖ,
2645 5000 2673 5051 ὁ
2702 4998 2759 5051 δὲ
2793 4999 2855 5051 τὸ
2885 4998 3052 5066 κακὸν
3086 4997 3456 5069 βδελύττηται.

2185 5202 2277 5266 ιγ’.
2313 5198 2501 5253 Δεκτὰ
2524 5199 2785 5264 ,βασιλεῖ
2817 5201 2990 5269 χείλη
3019 5200 3239 5256 δίκαια.
3281 5200 3617 5266 ’Δσπάζεται
3648 5201 3700 5256 δ’

2103 5285 2258 5354 οὗτος
2287 5295 2412 5355 τοὺς
2447 5292 2842 5362 ὁμολογοῦντας
2877 5292 2938 5345 τὸ
2980 5294 3179 5363 ἀληθὲς
3233 5293 3446 5363 λόγους,
3480 5296 3581 5349 καὶ
3609 5297 3695 5366 μὴ

2104 5383 2581 5453 ὑποκρινομένους
2602 5383 2663 5436 τδ
2710 5372 2905 5453 ψεῦδος
2931 5385 3018 5438 διά
3052 5385 3219 5454 φόϐον
3247 5384 3618 5457 ἀνθρώπινον.

2180 5497 2262 5550 ιδ’.
2315 5498 2513 5567 Ott/(dc
2559 5498 2869 5565 βασιίιέως
2893 5537 2909 5564 ,
2975 5497 3232 5567 ἅγγελος
3290 5501 3582 5553 θανάτου.
3629 5503 3699 5554 ’11

2106 5590 2244 5643 κατὰ
2278 5588 2458 5660 κρίσιν
2490 5607 2583 5643 του
2616 5591 2885 5662 Δεσπότου
2917 5595 3026 5644 τῶν
3058 5593 3196 5645 ὅλων
3258 5604 3531 5663 επαγωγη
3563 5597 3705 5668 πρὸς

2104 5679 2411 5751 διόρθωσιν,
2462 5681 2569 5736 τῶν
2617 5680 2762 5737 κατὰ
2819 5683 2879 5735 τὸ
2939 5683 3114 5753 παρὸν
3162 5680 3446 5753 ολισερῶν,
3477 5680 3563 5749 ὥς
3616 5702 3708 5751 τις
