3950 6206
185 281 188 284 ·
257 247 396 316 1385

1271 247 1802 310 ΕΟΜΜΕΝΤΑΒΠ
1869 249 1947 310 ΙΝ
1993 252 2441 313 PROVERBIA.

3353 255 3490 318 1386

251 365 484 436 ἄγγελος
512 363 815 434 προμηνύει
845 361 942 432 τὴν
971 361 1066 413 ἐπὶ
1085 362 1196 424 τοῖς
1243 363 1633 434 ἀμετανοήτοις
1683 366 1820 418 κατὰ

1963 368 2044 422 uis
2067 369 2298 423 ntmtius
2327 369 2792 438 impmnitentibus
2813 369 3058 440 prmdicit
3089 369 3210 428 illos
3233 370 3284 424 in
3309 370 3492 430 futuro

251 459 314 512 τὸ
337 458 526 530 μέλλον
557 457 814 528 στέρησιν
839 455 1028 518 αὑτοῦ,
1052 453 1151 524 τῆς
1176 453 1344 520 ὄντως
1373 455 1538 526 ζωῆς.

336 592 506 658 Ἀνὴρ
527 590 596 644 δὲ
619 590 834 658 σοφὸς,
861 588 1205 653 ἑξιλὰσεται
1233 591 1444 644 αὐτόν.
1472 589 1742 652 Γενναίως
1771 591 1824 642 δ’

255 683 554 754 ὑπομείνας
601 683 670 734 τά
715 679 958 748 ἀλγεινὰ,
1017 681 1045 732 ὀ
1093 679 1343 732 ἐντεῦθεν
1377 681 1436 733 ὲν
1479 682 1826 752 συναισθήσει

255 775 546 843 γενόμενος
598 771 705 824 τῶν
735 770 953 824 οἰκείων
1011 769 1524 842 πλημμελημάτων,
1581 771 1676 824 καὶ
1725 771 1829 840 τῆς

257 865 344 918 ἐπ’
381 865 564 926 αὐτοῖς
590 862 892 932 μελλούσης
923 861 1222 926 κολάσεως,
1259 863 1356 915 καὶ
1395 860 1488 915 τὸν
1518 861 1650 916 ἴδιον
1711 861 1827 930 βίον

255 955 712 1027 διορθωσάμενος,
741 953 835 1008 τὸν
865 953 965 1024 μὲν
1025 953 1197 1023 θυμὸν
1249 953 1414 1007 αὐτοῦ
1469 955 1830 1024 ἀποστρέψει,

259 1046 618 1098 ἐπισπάσεται
651 1043 708 1096 δὲ
732 1044 830 1114 τὴν
860 1041 1170 1114 εὐμένειαν.

331 1185 410 1233 ιε’.
462 1178 558 1231 Ἐν
583 1176 730 1247 φωτὶ
755 1173 925 1244 ζωῆς,
954 1175 1086 1241 υίὸς
1105 1173 1431 1240 βασιλέως.
1477 1172 1566 1225 Ἐν
1588 1171 1666 1241 τῷ
1693 1170 1834 1241 φωτὶ

261 1272 496 1340 ὑπάρχει
520 1269 628 1322 τῶν
653 1267 881 1322 ἐντολῶν
926 1267 1022 1320 τοῦ
1053 1266 1153 1334 τῆς
1179 1264 1528 1336 δικαιοσύνης
1571 1261 1779 1324 Ἠλίου,
1805 1262 1834 1313 ὁ

255 1360 348 1416 διὰ
366 1361 464 1430 τῆς
491 1362 568 1422 είς
591 1360 724 1412 Θεὸν
756 1359 852 1412 καί
880 1359 971 1412 τὸν
1000 1357 1228 1428 πλησίον
1277 1356 1518 1425 ἀγάπης,
1549 1354 1662 1418 υἱὸς
1691 1353 1836 1407 κατὰ

261 1451 420 1522 χάριν
456 1449 621 1504 αὑτοῦ
645 1448 738 1503 τοῦ
769 1450 990 1504 πάντων
1015 1445 1365 1510 δεσπόζοντος
1393 1443 1644 1512 γενέσθαι
1669 1457 1837 1494 κατα-

262 1543 493 1608 ξιωθείς.

334 1659 398 1710 υἱ
422 1656 490 1710 δὲ
521 1655 884 1724 προσδεκτοί
935 1654 1116 1721 αὐτῷ,
1146 1653 1348 1722 ὥσπερ
1377 1654 1562 1723 νέφος
1595 1653 1834 1720 ὄψιμον.

263 1750 326 1802 Οί
357 1749 414 1802 δὲ
449 1749 867 1819 προσδεχόμενοι
903 1749 1032 1818 παρ’
1064 1747 1256 1812 αὐτοῦ,
1281 1748 1357 1810 ὡς
1383 1747 1470 1800 διὰ
1501 1745 1598 1816 τὴν
1631 1745 1711 1807 είς
1741 1744 1838 1797 αύ-

261 1840 353 1892 τὺν
374 1840 556 1892 πίστιν
577 1838 652 1910 τῷ
684 1839 834 1910 φόὸῳ
859 1839 967 1891 τῶν
997 1839 1272 1892 κολάσεων
1301 1836 1586 1899 δουλικῶς,
1610 1836 1719 1889 ἀπὸ
1741 1835 1834 1886 τοῦ

263 1930 531 2000 προτέρου
557 1931 658 1999 τῆς
682 1932 879 1993 κακίας
907 1929 1046 1999 βίου,
1063 1930 1158 1984 ἐπὶ
1179 1929 1322 1982 τέλει
1341 1930 1438 1998 τῆς
1467 1928 1675 1989 οἰκείας
1691 1923 1838 1994 ζωῆς

261 2024 703 2096 ἐπιστρέφοντες,
735 2026 828 2078 καὶ
873 2025 974 2088 τὰς
1008 2024 1087 2093 τῷ
1147 2023 1378 2095 φλογμῷ
1413 2023 1522 2075 τῶν
1571 2020 1836 2074 ἑκουσίων

257 2119 474 2182 παθῶν,
531 2119 712 2188 πάσης
773 2120 1148 2188 πνευματικῆς
1221 2117 1424 2176 νοτίδος
1481 2114 1838 2186 στερηθείσας

261 2210 436 2282 ψυχὰς
469 2209 922 2280 καθυγραίνοντες
950 2213 1015 2281 τῇ
1035 2210 1122 2262 διὰ
1140 2208 1432 2272 κατάνυξιν
1453 2206 1561 2259 τῶν
1587 2205 1838 2276 δακρύων

267 2308 385 2375 ῥοῇ,
416 2303 596 2374 ὀψίμῳ
621 2305 832 2357 ἐοίκασι
857 2303 1016 2372 νέφει
1065 2303 1162 2355 καὶ
1187 2301 1486 2374 δροσίζοντι
1511 2300 1608 2368 τὴν
1642 2297 1840 2368 ξηραν-

265 2395 446 2447 θεῖσαν
478 2395 582 2464 γῆν
606 2393 682 2463 τῷ
713 2393 926 2464 θερινοῦ
967 2393 1212 2463 φλογμοῦ
1241 2390 1502 2445 καύσωνι.

337 2511 430 2570 ις’.
456 2506 714 2560 Νοσσιιιί
763 2505 985 2574 σοφίας
1043 2505 1417 2573 αἱρετώτεραι
1455 2501 1734 2572 χρυσίου.
1771 2501 1846 2553 At

264 2597 356 2650 τοῦ
395 2597 510 2660 νοὸς
529 2597 860 2668 Θεωρητικαὶ
904 2597 1068 2664 ἕξεις,
1097 2597 1163 2660 ἃς
1205 2591 1358 2658 οὗτος
1396 2593 1623 2663 δυνάμει
1650 2591 1838 2661 σοφίας

265 2686 522 2756 πηγνύων
577 2689 634 2740 ἐν
691 2687 982 2756 πνεύματι,
1039 2687 1132 2740 ὲπί
1158 2704 1218 2739 τε
1241 2689 1309 2758 τῇ
1353 2683 1603 2752 αἰσθήσει
1648 2683 1741 2736 καὶ
1770 2685 1837 2752 τῇ

266 2778 554 2849 φαντασίᾳ,
606 2782 663 2833 ἐν
693 2779 916 2844 ταύταις
967 2779 1066 2843 τὰς
1100 2779 1363 2851 περὶτῶν
1405 2777 1572 2830 ὄντων
1619 2775 1840 2844 ἀληθεῖς

264 2871 419 2936 δόξας
457 2871 600 2926 κατὰ
651 2873 890 2927 διάνοιαν
918 2867 1007 2926 οἷά
1033 2889 1188 2936 τινας
1237 2869 1513 2940 ὰπογεννᾷ
1555 2860 1836 2934 νεοττοὺς,

267 2962 674 3033 προτιμώτεραι
711 2963 942 3035 ὀὸρύζου
983 2963 1228 3034 χρυσίου,
1265 2961 1340 3026 ὡς
1365 2965 1419 3014 ἐν
1445 2961 1576 3032 πυρὶ
1604 2963 1723 3025 ταῖς
1748 2959 1839 3013 λο-

1928 473 2050 512 vera
2084 461 2189 514 vita
2219 460 2512 516 orbandos.
2579 503 2581 506 .

2011 593 2102 647 Vir
2128 597 2340 664 sapiens
2367 593 2676 664 propitiabit
2713 595 2888 650 illum.
2939 595 3043 661 Qui
3078 596 3332 650 dolorosa
3362 597 3496 649 viri-

1929 685 2051 740 liter
2089 687 2314 752 suffert,
2373 688 2502 742 hinc
2555 687 2901 756 prepriorum
2958 685 3286 742 deﬂetorum
3361 701 3500 741 con-

1935 779 2188 845 scientia,
2211 779 2359 833 illius
2389 787 2568 834 autem
2591 779 2754 834 futuri
2775 779 3056 848 supplicii,
3077 793 3230 834 suam
3261 779 3425 832 vitam
3443 777 3498 831 in

1934 869 2126 924 melius
2161 871 2394 936 reducit,
2426 872 2563 925 iram
2601 871 2692 926 Dei
2721 871 2918 925 avertit
2938 877 2992 924 et
3017 871 3138 940 ejus
3171 869 3503 924 benevolen-

1933 958 2061 1012 tiam
2094 959 2196 1016 sibi
2227 969 2530 1031 comparat.

2003 1183 2171 1238 Vens.
2204 1183 2290 1236 15.
2315 1183 2378 1236 In
2395 1183 2589 1236 lumine
2605 1183 2725 1235 vita:
2739 1183 2881 1250 ﬁlius
2899 1179 3074 1252 Regis.
3097 1179 3152 1234 In
3167 1179 3374 1234 iumine
3396 1179 3508 1249 agit

1937 1276 2313 1329 mandatorum
2339 1272 2744 1342 Solisjustitite,
2773 1270 3088 1342 crgaDeum
3117 1281 3169 1324 et
3195 1271 3502 1340 proximum

1935 1363 2224 1422 charitate.
2253 1361 2397 1416 ﬁlius
2442 1377 2537 1431 per
2572 1363 2805 1430 gratiam
2833 1361 3011 1432 ipsius
3037 1359 3280 1412 omnium
3317 1355 3506 1410 Domi-

1937 1454 2146 1512 naloris
2183 1449 2296 1504 ﬁeri
2329 1450 2649 1519 promeruit.

2011 1671 2117 1736 Qui
2161 1679 2336 1726 autem
2370 1672 2574 1740 accepti
2598 1681 2720 1725 sunt
2753 1673 2823 1738 ei,
2867 1671 3002 1726 velut
3029 1671 3196 1726 imber
3219 1669 3506 1724 serotinus.

1940 1763 2044 1829 Qui
2097 1772 2278 1818 autem
2335 1765 2545 1834 accepti
2599 1773 2728 1818 sunt
2779 1764 2847 1818 ab
2891 1763 3034 1832 ipso,
3087 1769 3364 1830 quatenus
3409 1774 3510 1830 per

1940 1851 2100 1907 ﬁdem
2126 1855 2182 1908 in
2215 1855 2392 1921 ipsum
2421 1854 2718 1924 servilique
2747 1869 3037 1923 pinnarum
3061 1860 3234 1916 metu,
3267 1867 3296 1905 ιι
3327 1851 3512 1921 priore

1939 1959 2197 2014 perverso
2221 1947 2390 2010 victu,
2432 1946 2498 2000 ad
2543 1946 2704 2000 linem
2750 1947 2986 2016 propriae
3009 1945 3160 2008 vitae,
3186 1959 3247 2000 se
3271 1958 3510 1998 convcr-

1940 2042 2082 2102 tunt,
2127 2044 2290 2107 atque
2321 2038 2558 2103 animas,
2584 2038 3021 2094 voluntariorum
3077 2035 3267 2090 ardore
3297 2035 3513 2105 passioo

1939 2140 2070 2178 num
2103 2127 2250 2180 omni
2277 2127 2550 2196 spirituali
2589 2127 2819 2182 humore
2853 2127 3098 2194 orbatae,
3135 2125 3513 2196 compunctio-

1939 2218 2026 2272 nis
2056 2217 2420 2290 lacrymarum
2453 2221 2588 2274 rivis
2623 2219 2881 2290 irrigant,
2915 2221 3076 2276 imbri
3126 2219 3370 2274 serotiuo
3397 2227 3511 2273 ter-

1939 2319 2166 2375 ramque
2207 2308 2377 2361 aestivi
2411 2309 2613 2364 caloris
2645 2318 2780 2364 aestu
2835 2310 3198 2366 dessiccatam
3235 2309 3508 2378 irriganti,

1941 2395 2149 2450 similes
2188 2407 2336 2452 sunt.

2011 2507 2177 2564 Vens.
2217 2509 2299 2566 l6.
2347 2509 2484 2565 Nidi
2534 2513 2810 2576 sapientia:
2853 2513 3313 2570 desiderabiliores
3355 2529 3511 2568 auro.

1943 2595 2308 2668 Speculativae
2329 2605 2531 2658 mentis
2557 2605 2932 2674 Operationes,
2967 2620 3106 2676 quas
3137 2605 3254 2675 ipsa
3291 2605 3512 2676 sapien-

1942 2687 2030 2741 tia:
2069 2699 2270 2746 Virtute
2316 2707 2652 2763 componens
2699 2695 2756 2749 in
2804 2695 3084 2750 intellectu
3123 2711 3399 2767 sensuque
3447 2711 3513 2749 ac

1942 2777 2353 2851 imaginatione,
2397 2785 2468 2838 ibi
2517 2801 2675 2841 veras
2705 2785 2852 2840 circa
2883 2801 2948 2842 ea
2993 2801 3098 2857 qua
3131 2797 3258 2843 sunt
3303 2788 3512 2843 doctri-

1940 2885 2060 2934 nas,
2105 2887 2202 2942 per
2251 2874 2658 2944 cogitationem,
2711 2877 2858 2932 velut
2917 2879 3210 2948 quamdam
3258 2887 3514 2952 procreat

1942 2960 2123 3014 avium
2161 2964 2390 3032 prolem,
2417 2965 2622 3037 obryso
2651 2967 3002 3037 praeferenda:
3025 2977 3155 3024 sunt
3186 2985 3341 3034 auro,
3376 2987 3514 3041 qua-

264 3056 448 3122 γικαῖς
491 3053 744 3124 βασάνοις
793 3054 1244 3125 δοκιμαζόμεναι,
1307 3055 1401 3108 καὶ
1453 3053 1596 3108 κατὰ
1637 3054 1835 3121 γνῶσιν

1954 3069 2100 3108 :enus
2119 3055 2349 3110 rationis
2377 3059 2728 3114 tentameutis
2746 3071 2803 3114 ut
2821 3061 2874 3114 in
2903 3061 3026 3132 igne
3045 3063 3285 3132 probatae
3309 3077 3510 3118 secun-

267 3149 299 3200 ὰ
307 3164 372 3216 με
381 3146 525 3199 ίωτοι
555 3145 940 3216 εὑρισκόμεναι

331 3260 590 3316 Νοσσιαί
635 3258 705 3313 δὲ
759 3258 1132 3329 φρονήσεως,
1164 3256 1536 3327 αἱρετώτεραι
1558 3258 1710 3327 ὑπὲρ
1733 3260 1838 3328 dp-

265 3353 492 3422 γύριον.
547 3353 612 3405 Ai
641 3351 698 3405 δὲ
727 3349 822 3404 τοῦ
852 3351 1012 3419 λόγου
1045 3351 1348 3421 πρακτικαὶ
1380 3350 1546 3416 ἕξεις,
1585 3349 1652 3414 ἃς
1681 3345 1839 3414 οὗτος

265 3444 490 3512 δυνάμει
525 3444 840 3514 φρονήσεως
905 3443 997 3496 ἐπὶ
1040 3447 1106 3513 τῇ
1146 3443 1412 3513 ἐπιθυμίᾳ
1445 3443 1647 3513 καὶτῷ
1681 3443 1838 3514 θυμῷ

267 3535 548 3604 πηγνύων,
593 3535 650 3586 ὲν
705 3534 914 3594 τούτοις
951 3533 1074 3586 κατ’
1121 3535 1449 3586 ἐπιστασίαν
1485 3533 1588 3596 τὰς
1636 3533 1838 3604 ἀρετὰς

266 3621 354 3679 οἷά
406 3641 558 3686 τινας
603 3623 854 3684 νεοττοὺς
905 3623 1166 3688 προάγει,
1221 3622 1486 3690 ἀργυρίου
1532 3621 1838 3690 τηλαυγοῦς

267 3709 696 3784 προτιμώτεραι,
749 3711 839 3764 διὰ
881 3710 996 3779 βίου
1047 3710 1398 3782 καθαρότητα.
1446 3715 1541 3766 καὶ
1588 3712 1836 3782 λαμπρό-

267 3819 426 3870 τητα.

339 3913 424 3978 ιζ’.
463 3913 650 3982 Τρίόοι
695 3910 845 3980 ζωῆς
902 3910 1292 3964 ἐκκλίνουσιν
1353 3911 1470 3964 ἀπὸ
1503 3911 1724 3964 κακῶν.
1772 3913 1836 3964 Ai

268 4006 386 4058 κατ’
416 4003 618 4074 ἀρετὴν
648 4002 758 4056 ἀπὸ
791 4001 1100 4072 εἰσαγωγῆς
1149 4001 1236 4054 διὰ
1269 4003 1552 4072 προκοπῆς
1585 4003 1720 4074 πρὸς
1749 4019 1838 4055 τε·-

267 4094 516 4163 λειὰτητα
546 4095 762 4161 πορεῖαι
817 4091 918 4162 τῆς
955 4091 1332 4162 πνευματικῆς
1354 4091 1498 4162 ζωῆς
1526 4091 1620 4143 τοῦ
1649 4091 1838 4162 εὐαρε-

269 4187 412 4236 στεῖν
443 4181 560 4252 Θεῷ
587 4182 930 4244 σπεύδοντος,
988 4181 1063 4244 ὡς
1105 4181 1284 4246 πάσας
1345 4181 1701 4252 κατορθοῦσαι
1739 4181 1840 4246 τὰς

267 4276 504 4342 ἐντολὰς,
539 4278 720 4329 πᾶσαν
765 4275 964 4330 κακίαν
991 4275 1372 4344 ἐκφεύγουσιν.

1939 3143 2177 3214 dumque
2209 3146 2494 3202 scientiam
2526 3149 2750 3221 integra:
2783 3161 3031 3222 repertae.

2009 3255 2080 3312 Et
2121 3259 2234 3312 nidi
2256 3261 2552 3328 prudentia:
2590 3265 2930 3332 pretiosiores
2957 3277 3198 3337 argento.
3245 3267 3514 3325 Practiere

1941 3367 2122 3407 autem
2173 3354 2404 3409 rationis
2450 3357 2824 3424 operationes,
2869 3374 3006 3429 quas
3041 3360 3158 3428 ipsa
3200 3361 3514 3430 prudentia:

1941 3442 2166 3508 virtute,
2217 3442 2271 3496 in
2297 3444 2581 3498 voluntate
2621 3452 2676 3500 et
2723 3447 2780 3500 in
2830 3446 2998 3502 corde
3033 3463 3385 3518 componens,
3435 3451 3514 3506 ibi

1941 3543 2038 3598 per
2089 3531 2490 3586 incubationem
2525 3533 2758 3590 virtutes
2809 3537 2954 3590 sicut
2987 3539 3278 3607 quamdam
3327 3543 3512 3598 avium

1942 3619 2148 3684 prolem
2183 3622 2464 3688 producit,
2499 3635 2725 3693 argento
2766 3627 3100 3696 profulgenti
3136 3639 3360 3702 propter
3390 3635 3513 3689 vitaz

1939 3707 2230 3776 puritatem
2261 3719 2314 3763 et
2347 3711 2645 3767 claritatem
2677 3723 2806 3770 sunt
2842 3719 3206 3784 praeferenda.

2013 3907 2179 3965 Vens.
2209 3911 2294 3966 l7.
2324 3910 2540 3967 Semin
2581 3915 2698 3969 vita:
2729 3915 3000 3972 declinant
3037 3923 3281 3977 amatis.
3313 3923 3393 3978 Illi
3423 3940 3514 3980 se—

1943 4003 2184 4056 cundum
2219 4003 2476 4058 virtutem
2512 4005 2582 4060 ab
2617 4009 2841 4063 exordio
2864 4051 2878 4075 ,
2913 4026 3008 4079 per
3042 4027 3386 4083 progressus,
3417 4031 3512 4072 us-

1943 4109 2048 4162 que
2077 4093 2142 4146 ad
2169 4095 2465 4148 terminum
2489 4099 2736 4154 tramites
2767 4100 2819 4154 in
2845 4103 3114 4171 spirituali
3140 4105 3376 4163 hominis
3405 4107 3512 4162 Deo

1940 4183 2158 4252 placere
2209 4185 2467 4241 conantis
2520 4188 2657 4256 vita,
2689 4203 2962 4260 quatenus
3010 4205 3205 4250 cuncta
3261 4199 3513 4255 inlaudata

1943 4275 2230 4340 ordinant,
2264 4293 2482 4334 onmem
2508 4283 2772 4338 malitiam
2805 4283 3094 4355 eﬂ‘ugiunt.

349 4387 554 4456 Μῆκος
581 4387 650 4440 δὲ
672 4389 840 4452 βίου,
868 4388 996 4442 ὁδοί
1029 4387 1444 4456 δικαιοσύνης.
1497 4382 1664 4442 Mirm.
1702 4389 1758 4442 δὲ
1787 4391 1835 4444 α1

2015 4387 2314 4459 Longitudo
2352 4403 2529 4448 autem
2573 4397 2717 4461 uiue,
2773 4397 2871 4452 vim
2903 4399 3159 4469 justitia'.
3211 4402 3342 4474 Ipsae
3386 4421 3513 4464 vero

269 4482 409 4536 κατὰ
439 4481 564 4544 τοὺς
605 4482 783 4544 θείους
842 4484 1040 4552 νόμους
1092 4483 1380 4548 πολιτεῖαι,
1435 4483 1579 4554 ζωῆς
1625 4484 1836 4538 ποιοῦσι

267 4573 615 4642 παράτασιν·
679 4571 787 4624 ἀπδ
839 4573 938 4640 τῆς
1011 4573 1348 4643 προσκαίρου
1420 4575 1557 4644 πρὸς
1626 4575 1724 4644 τὴν
1779 4577 1838 4628 ὲν

268 4661 388 4731 Θεῷ
439 4661 831 4732 ἀτελεύτητον,
887 4662 1014 4726 τοὺς
1065 4663 1354 4736 ἑλομένους
1419 4665 1587 4728 αὑτὰς
1657 4683 1838 4738 παρα-

269 4751 604 4822 πέμπουσαι.

352 4867 413 4919 Ὀ
443 4867 773 4936 δεχόμενος
809 4865 1110 4930 παιδείαν,
1157 4869 1226 4922 ἐν
1275 4870 1516 4938 ἀγαθοῖς
1549 4871 1738 4926 ἔσται.
1781 4872 1836 4924 '0

269 4957 604 5026 εὐχαρίστως
635 4957 920 5026 ὑπομένων
945 4957 1044 5020 τὰς
1066 4957 1172 5010 τῶν
1193 4962 1464 5014 ἀκουσίων
1493 4963 1672 5016 πόνων
1703 4963 1838 5032 πρὸς

267 5046 549 5118 διόρθωσιν
579 5047 895 5116 ἐπαγωγὰς,
930 5048 1040 5114 ἕξει
1061 5051 1482 5120 μισθαποδοσίαν
1501 5056 1570 5109 τά
1591 5059 1646 5108 ἐν
1661 5055 1834 5122 ἑπαγ-

268 5137 472 5205 γελίαις
499 5138 696 5206 ἀγαθά.

350 5250 412 5302 '0
433 5249 502 5302 δὲ
521 5251 860 5318 φυλάσσων
902 5251 1216 5322 ἐλέγχους,
1270 5258 1728 5326 σοφοῦ-θήσεται.
1778 5261 1835 5312 ’0

265 5341 323 5394 δὲ
345 5341 526 5412 τηρῶν
545 5343 642 5404 τὰς
655 5343 974 5410 δηλοποιοὺς
997 5345 1402 5420 πάσηςκακίας
1424 5347 1574 5412 “ista;
1591 5350 1830 5414 ἐντολὰς,

263 5431 358 5484 τοῦ
390 5432 556 5496 ὅντως
584 5433 789 5500 ἀγαθοῦ
817 5435 1140 5506 ἐπιστήμων
1171 5439 1476 5508 γενήσεται.

341 5547 444 5612 Ὃς
477 5545 781 5614 φυλάσσει
841 5549 948 5612 τὰς
1003 5547 1222 5604 ἑαυτοῦ
1277 5552 1477 5619 ὁδοὺς,
1511 5555 1680 5622 τηρεῖ
1719 5555 1832 5622 τὴν

263 5630 478 5688 ἑαυτοῦ
505 5633 735 5702 ψυχήν.
773 5637 868 5697 '0;
893 5637 979 5688 διὰ
1011 5637 1155 5688 θεῖον
1189 5638 1356 5704 φόϐον
1385 5644 1544 5711 τηρεῖ
1580 5645 1676 5708 τὰς
1707 5648 1828 5698 κατ’

539 5725 810 5787 Parnm.
846 5729 962 5788 Gn.
999 5732 1356 5792 LXXXVII.

1935 4479 2094 4550 juxta
2135 4480 2350 4538 divinas
2395 4483 2543 4554 leges
2585 4487 2778 4558 agendi
2833 4489 2933 4544 viae
2972 4491 3141 4544 vitam
3187 4496 3510 4562 extendunt,

1940 4571 2212 4642 siquidem
2244 4573 2330 4658 ab,
2355 4589 2418 4628 ea
2452 4591 2575 4646 quae
2613 4587 2991 4634 momentanea
3031 4582 3250 4636 estvita
3287 4586 3354 4640 ad
3388 4603 3510 4642 eam

1938 4681 2060 4734 quae
2093 4667 2220 4721 inde
2277 4677 2362 4724 est
2413 4673 2772 4740 sempiterna,
2811 4675 2903 4744 qui
2927 4685 3234 4746 sequuntur
3269 4693 3362 4734 eas
3386 4695 3512 4750 pcr-

1939 4757 2165 4812 ducunt.

2011 4873 2115 4936 Qui
2141 4874 2480 4942 disciplinam
2513 4879 2716 4946 recipit,
2776 4880 2830 4932 in
2863 4879 3014 4934 bonis
3057 4884 3179 4935 erit.
3217 4881 3317 4948 Qui
3355 4893 3512 4954 grate

1939 4964 2172 5018 sus-tinet
2202 4967 2604 5022 involuntarios
2629 4969 2844 5024 labores
2868 4972 2935 5025 ad
2965 4973 3362 5029 correctionem
3380 4991 3510 5030 cou-

1939 5051 2200 5110 ducentes
2229 5057 2536 5113 mercedem
2567 5059 2788 5115 habebit
2827 5065 3094 5132 promissa
3131 5065 3292 5120 bona.
3549 5049 3552 5054 ’

2009 5263 2112 5329 Qui
2143 5275 2314 5320 autem
2338 5277 2652 5322 commenta
2673 5282 2872 5335 servat,
2903 5274 3106 5339 sapiens
3131 5275 3242 5343 ﬁet.
3275 5273 3378 5342 Qui
3413 5275 3508 5330 de-

1939 5359 2361 5413 monstrationes
2391 5361 2570 5414 oimiis
2607 5365 2980 5430 pcrversitatis
3013 5365 3282 5431 observat,
3319 5367 3504 5421 divina

1937 5457 2204 5516 prmcepta
2240 5451 2351 5503 veri
2375 5451 2502 5506 boni
2528 5467 2842 5524 cognoscet.

2008 5553 2113 5619 Qui
2163 5561 2390 5612 custodit
2435 5563 2547 5616 vias
2591 5583 2740 5630 sitas,
2782 5568 3017 5638 invigilat
3069 5583 3224 5632 super
3269 5569 3505 5623 animam

1935 5662 2106 5700 summ
2153 5650 2254 5713 Qui
2301 5653 2370 5706 ob
2417 5653 2506 5710 Dei
2541 5659 2790 5714 timorem
2849 5663 2966 5718 vias
3022 5677 3154 5718 suas
3201 5669 3507 5722 secundum

3005 5753 3078 5814 h5-
