3950 6206
251 319 390 386 1389

1273 317 1806 380 COMMENTARH
1845 321 1924 380 ΙΝ
1955 321 2414 384 PROVERBIA.

3374 313 3508 376 12100

249 437 410 506 μόνον
439 433 499 487 τὸ
533 435 599 505 τῇ
657 429 912 502 αίσθήσει
961 429 1172 497 δοκοῦν,
1199 431 1442 484 ἐπαινεῖν
1488 432 1732 503 ἣψέγειν
1761 433 1821 486 τὸ

1939 411 2098 488 solam
2149 449 2348 490 sensus
2397 429 2866 486 existimationem
2913 428 3136 482 laudare
3171 425 3253 479 vel
3299 424 3511 492 vitupe-

247 543 320 579 πα
329 527 560 598 ρατυχὺν
591 523 998 596 μεμαθήκασιν.

315 625 426 685 κγ’.
461 615 692 685 Καρδία
728 613 948 683 σοφοῦ.
999 613 1212 680 νοήσει
1237 613 1310 668 τὰ
1350 613 1470 668 ἀπὸ
1526 613 1635 668 τοῦ
1669 613 1823 668 ἰδίου

244 711 562 780 στόματος.
597 707 704 760 Τοῦ
742 706 966 760 συνετοῦ
1004 707 1037 778 ἡ
1065 705 1212 776 ψυχὴ
1237 705 1508 775 γνώσεται
1559 707 1826 778 πρότερον

243 801 312 854 τὰ
361 801 548 852 δέοντα
599 797 866 870 ῥηθῆναι,
921 797 1018 851 καὶ
1073 795 1217 850 οὕτω
1277 795 1452 850 ταῦτα
1513 797 1824 866 προαγαγεῖ

244 889 338 943 τοῦ
389 889 692 960 στόματος·
729 889 824 942 καὶ
879 888 998 958 οὐχ,
1036 887 1112 950 ὡς
1173 887 1356 956 ἔτυχε,
1407 887 1475 939 τά
1521 889 1594 956 μὴ
1634 885 1824 940 δέοντα

247 979 561 1048 φθέγξεται.

326 1070 456 1124 Ἐπὶ
491 1071 560 1123 δὲ
593 1072 826 1138 χείλεσι
873 1071 1116 1139 φορέσει
1160 1069 1683 1140 ἐπιγνωμοσύνην.
1727 1069 1825 1123 Ab-

245 1161 336 1225 τὸς
361 1163 418 1215 δὲ
443 1163 538 1214 ἐπὶ
558 1166 624 1234 τῇ
647 1151 754 1215 τῶν
777 1161 1010 1232 χειλέων
1046 1160 1248 1224 ἀνοίξει
1292 1159 1669 1230 περιϐαλεῖται
1699 1162 1824 1213 ὲπί·

246 1269 446 1318 γνωσιν
473 1253 568 1307 τοῦ
599 1255 904 1324 πρέποντος
932 1252 1149 1324 καιροῦ,
1185 1256 1266 1313 εἰς
1293 1254 1354 1306 τὸ
1387 1255 1564 1306 εἰπεῖν
1587 1253 1622 1307 ἃ.
1654 1255 1822 1323 λαλη-

243 1344 406 1414 θῆναι
441 1346 758 1416 προέγνιυκε
800 1346 1008 1399 δέοντα.
1443 1351 1448 1360 ³

317 1435 416 1488 κδ’.
443 1437 630 1502 Κηρία
647 1435 908 1503 μέλιτος,
929 1436 1100 1502 λόγοι
1132 1434 1337 1488 καλοί.
1381 1435 1446 1486 υί
1499 1435 1632 1505 πρὸς
1676 1435 1820 1488 διδα-

249 1525 478 1579 σκαλίαν
523 1526 720 1594 ἀγαθοὶ
779 1526 950 1594 λόγοι,
991 1525 1149 1592 δίκην
1197 1525 1412 1595 μέλιτος
1459 1525 1688 1595 κηρίων,
1718 1525 1824 1576 sisi.

241 1615 690 1686 διεσκευασμένοι
723 1616 1021 1678 πολυειδῶς
1041 1633 1052 1645 ·
1078 1613 1220 1668 ὥστε
1252 1614 1602 1686 καταλλήλως
1625 1617 1691 1686 τῇ
1715 1614 1824 1668 τῶν

243 1709 550 1779 δεχομένων
585 1710 812 1780 δυνάμει
835 1709 1224 1780 ἁρμόττεσθαι.

316 1771 648 1872 fidenam;
707 1771 775 1856 δὲ
827 1771 1046 1866 (ποτῶν,
1105 1803 1270 1870 ιασις
1301 1802 1532 1871 ψυχῆς.
1585 1801 1652 1856 Ἦ
1679 1801 1740 1856 δὲ
1769 1802 1824 1854 ὲν
1859 1771 1900 1825 Β

241 1893 450 1957 τούτοις
476 1895 896 1964 ὲγκεκρυμμένη
948 1894 1024 1957 ώς
1071 1895 1128 1948 έν
1163 1913 1270 1948 τισι
1325 1895 1576 1965 σίμϐλοις
1621 1895 1824 1964 γλυκυ-

243 1986 377 2057 τάτη
413 1986 612 2054 γνῶσις
630 1986 730 2055 τῆς
758 1987 1042 2057 ἀληθείας.
1063 1987 1332 2057 θεραπεία
1349 1987 1586 2058 ὑπάρχει
1613 1987 1816 2056 ψυχῆς,

243 2077 468 2140 σκότους
498 2077 664 2148 αὐτὴν
688 2077 914 2145 ἀγνοίας
966 2077 1310 2132 ἀπαλλάττου
1321 2095 1407 2130 σα.

311 2173 410 2220 κε’.
443 2167 620 2221 Εἰσὶν
649 2165 774 2220 ὁδοὶ
813 2165 1108 2220 δοκοῦσαι
1139 2161 1293 2220 εἶναι
1322 2167 1486 2234 ὀρθαί
1516 2165 1694 2234 ἀνδρί
1710 2184 1720 2195 ·
1751 2165 1824 2220 τὰ

237 2257 442 2328 μέντοι
501 2258 818 2313 τελευταῖα
879 2258 1080 2312 αὐτῶν
1127 2259 1346 2324 ,ϐλέπει
1399 2261 1488 2324 είς
1549 2257 1824 2326 πυθμένα

239 2352 410 2418 ᾅδου.
453 2351 788 2422 Ὑπάρχουσι
819 2351 1086 2404 πολιτεῖαί
1126 2369 1294 2414 τινες.
1322 2351 1378 2405 αἳ
1417 2349 1506 2403 διὰ
1537 2349 1596 2400 τὸ
1623 2349 1821 2418 ἐπίκη-

247 2461 340 2512 ρον
371 2444 468 2514 ἡδὺ
499 2444 596 2496 καὶ
626 2443 889 2508 ἐπίδοξον,
910 2441 1223 2514 νομίζονται
1257 2458 1362 2495 τινι
1393 2439 1668 2512 ἀνθρώπῳ
1689 2456 1822 2507 τυγ-

241 2535 425 2604 χάνειν
455 2533 652 2588 καλαί·
671 2535 740 2588 τά
755 2533 812 2586 δὲ
840 2533 968 2603 τέλη
993 2532 1220 2596 τούτων,
1245 2533 1324 2596 είς
1351 2531 1513 2602 βάθος
1544 2529 1821 2594 ἀπωλείας

240 2626 364 2696 ὁρᾷ.
396 2625 510 2695 Τῆς
555 2625 664 2696 γὰρ
714 2625 836 2678 κατ’
892 2624 1148 2694 αἴσθησιν
1196 2624 1412 2695 ἡδονῆς,
1451 2622 1604 2684 τέλος
1658 2621 1820 2693 ὀδύνη

241 2716 361 2769 ἐστί
381 2733 396 2746 ·
425 2718 520 2770 καὶ
543 2717 640 2786 τῆς
667 2715 916 2770 διακένου
947 2716 1129 2786 δόξηςέ
1165 2717 1198 2787 ἠ
1226 2716 1445 2787 ἀτιμία.

311 2815 424 2874 κς’.
461 2809 642 2876 Ἀνὴρ
677 2809 748 2862 ἐν
777 2809 991 2874 πόνοις
1019 2808 1196 2862 πονεῖ
1243 2807 1456 2874 ἐαυτῷ,
1495 2811 1592 2866 καί
1622 2811 1818 2866 ἐκϐιά-

241 2897 392 2960 ζεται
419 2900 638 2954 ἑαυτοῦ
658 2900 773 2968 τὴν
803 2899 1126 2954 ἀπώλειαν.
1165 2900 1486 2970 ¹Ἄνθρωπός
1505 2919 1592 2966 τις
1621 2901 1699 2972 τῷ
1735 2902 1822 2954 δο-

241 2993 358 3045 κεῖν
390 2993 580 3064 μοχθεί
617 2992 756 3061 ὑπὲρ
812 2991 1028 3054 ἑαυτοῦ,
1069 2993 1126 3044 ὲν
1158 2991 1380 3062 μόχθοις
1411 2993 1628 3057 πολλοῖς
1656 2993 1820 3047 πλεο-

241 3084 506 3148 νεκτικῶς
555 3083 802 3138 πλουτῶν
823 3123 836 3146 ,
893 3082 988 3137 καὶ⁵
1023 3082 1364 3153 τυραννικῶς
1415 3083 1776 3156 δοξαζόμενος
1801 3103 1815 3116 ·
1847 3113 1889 3166 C

241 3177 362 3228 ἐπεὶ
384 3175 440 3228 δὲ
476 3175 718 3238 κίνδυνος
741 3175 914 3228 ταῦτα
945 3175 1148 3246 ψυχῆς,
1193 3175 1492 3246 βιαστικῶς
1519 3178 1818 3232 ἐπισπᾶται

241 3267 270 3319 δ
293 3267 532 3328 τοιοῦτος
557 3266 648 3320 τὸν
679 3267 810 3320 ίδιον
847 3267 1088 3338 ὀλεθρον.

323 3361 388 3411 ’0
420 3359 620 3424 μέντοι
643 3360 914 3426 σκολιὸς,
942 3359 1040 3413 ἐπὶ
1067 3359 1148 3425 τῷ
1179 3360 1400 3415 ἑαυτοῦ
1435 3365 1686 3432 στόματι
1716 3379 1820 3430 5:0-

231 3447 326 3516 psi
370 3449 484 3514 τὴν
509 3449 834 3505 ἀπώλειαν.
892 3452 952 3504 '0
985 3450 1168 3521 μέντοι
1203 3449 1430 3520 γνώμην
1481 3451 1620 3522 ἔχων
1659 3469 1819 3522 στρε-

241 3539 392 3609 eam.
429 3541 525 3594 καὶ
557 3541 814 3610 βλάπτειν
867 3543 954 3594 ἀεὶ
1003 3541 1264 3610 μελετῶν,
1299 3542 1362 3593 οὑ
1400 3542 1597 3594 πολλοῦ
1643 3543 1820 3596 δεῖται

177 3647 186 3654 ·
239 3629 488 3698 καμάτου
510 3631 590 3692 είς
614 3631 816 3700 βλάϐην
847 3629 1012 3684 αὐτοῦ
1038 3646 1052 3660 °
1082 3631 1220 3684 ἀλλὰ
1259 3632 1410 3700 παρὰ
1439 3629 1518 3701 τῷ
1551 3633 1666 3702 ίδίῳ
1699 3633 1820 3686 στό-

243 3734 376 3787 ματι
421 3719 514 3772 τὸν
571 3719 766 3773 ἑαυτοῦ
825 3721 1150 3791 ἐπιφέρεται
1209 3722 1462 3792 ὄλεθρον·
1545 3724 1820 3793 προξενῶν

239 3811 518 3865 ἀπώλειαν
543 3812 744 3882 ἑαυτῷ,
772 3812 832 3877 ἐξ
851 3807 928 3866 ὧν
965 3813 1124 3866 εἴωθε
1161 3813 1514 3884 φθέγγεσθαι·
1547 3815 1698 3886 παρὰ
1721 3815 1820 3884 μὲν

239 3903 400 3970 Θεοῦ,
428 3903 526 3973 τὴν
573 3905 715 3958 κατά
747 3905 954 3974 ψυχήν·
992 3905 1142 3974 παρὰ
1175 3905 1231 3959 δὲ
1268 3905 1376 3960 τῶν
1415 3906 1821 3977 ὲνωτιζομένων

239 3993 306 4047 τά
337 3995 468 4065 παρ’
493 3995 660 4048 αὐτοῦ
679 3995 971 4064 λεγόμενα,
999 3995 1098 4065 τὴν
1130 3995 1271 4049 κατά
1299 3995 1480 4065 σῶμα.

310 4087 414 4150 κζ’.
446 4085 616 4156 Ἀνὴρ
639 4087 864 4156 ἄφρων,
891 4088 1140 4156 ὀρύσσει
1168 4085 1360 4152 ἐαυτῷ
1381 4089 1554 4143 κακά.
1573 4089 1818 4162 ’Λνθρω-

239 4193 339 4241 sto;
362 4177 418 4238 ὃς
451 4177 526 4248 μὴ
545 4177 611 4232 τὰ
645 4177 841 4231 ἑαυτοῦ
897 4178 1248 4247 συμφέροντα
1275 4177 1662 4245 διαλογίζεται.
1693 4179 1817 4234 καθ’

241 4267 434 4321 ἑαυτοῦ
461 4267 767 4338 ἐξευρίσκει
798 4269 865 4323 τὰ
898 4269 1188 4339 βλαπτικὰ,
1213 4270 1445 4324 ἐπινοῶν
1473 4270 1540 4324 τὰ
1579 4275 1714 4341 πρὸς
1737 4271 1818 4324 ol-

239 4361 394 4413 κείαν
415 4359 712 4415 ἀπώλειαν.

1929 539 2052 578 rare
2087 525 2230 593 quod
2258 525 2502 578 occurrit
2533 521 2871 578 didicerunt.

2005 615 2164 670 Vsus.
2195 617 2288 670 25.
2315 615 2420 670 Cor
2463 616 2718 686 sapientis
2765 611 3022 684 cogitabit
3061 625 3177 680 quin
3217 607 3418 676 profert
3451 625 3509 660 os

1925 709 2060 778 ejus.
2089 708 2386 763 Prudentis
2411 710 2594 762 anima
2635 707 2788 778 prius
2835 713 3132 775 cognoscet
3163 717 3226 757 ea
3255 716 3378 770 quae
3402 699 3510 754 dici

1927 803 2208 866 convenit,
2235 802 2430 870 sicque
2463 801 2556 854 illa
2581 807 2706 854 ante
2725 813 2790 852 os
2815 798 3100 866 producet,
3128 809 3226 848 nec
3253 809 3372 862 qum
3401 807 3511 846 non

1927 905 2168 968 oportet,
2203 907 2261 952 ut
2285 895 2548 958 occurrit,
2578 894 2850 963 loquetur.

2001 1081 2068 1136 Et
2101 1083 2154 1135 ενι
2185 1081 2344 1136 labiis
2382 1079 2622 1148 portabit
2661 1073 3092 1144 intelligentiam.
3127 1071 3246 1140 Ipse
3279 1083 3408 1124 vero
3444 1067 3510 1123 ad

1925 1173 2128 1226 ostium
2178 1171 2450 1224 labiorum
2501 1164 2910 1222 observantiam
2951 1159 3098 1216 modi
3135 1157 3513 1214 convenientis

1925 1261 2302 1317 circumducet
2329 1260 2395 1313 ait
2419 1257 2752 1328 loquendum
2783 1269 2848 1310 ea
2883 1267 3006 1325 quae
3038 1255 3408 1320 congruenter
3427 1247 3512 1300 di-

1929 1351 2104 1405 cenda
2143 1349 2537 1418 pra-cognovit.

1995 1441 2164 1496 Vens.
2190 1441 2282 1494 24.
2305 1439 2480 1493 Favus
2508 1439 2680 1492 mellis
2715 1435 2922 1506 pulchri
2969 1447 3260 1487 sermones.
3283 1428 3512 1484 Sermo-

1925 1549 2022 1588 nes
2057 1533 2122 1584 ail
2154 1530 2537 1585 erndiendium
2571 1529 2722 1594 boni,
2745 1525 2851 1580 favi
2885 1524 3063 1579 mellis
3098 1523 3298 1582 instar,
3325 1519 3512 1572 multi-

1927 1621 2174 1678 formiter
2204 1621 2276 1676 ita
2329 1621 2720 1690 disponuntur,
2753 1625 2814 1673 ut
2841 1627 2966 1688 apte
2997 1613 3394 1686 accipientium
3427 1609 3511 1665 fa-

1925 1712 2118 1769 cultati
2146 1711 2652 1767 accommodentur.

2001 1805 2070 1860 Et
2105 1804 2326 1858 dulcedo
2357 1819 2539 1858 eorum
2569 1803 2762 1856 anima:
2789 1801 3026 1855 sanatio.
3053 1799 3186 1864 Quae
3212 1801 3265 1849 ln
3285 1795 3366 1850 eis
3386 1793 3514 1848 abs-

1926 1897 2187 1952 conditur
2217 1904 2276 1950 ut
2311 1896 2364 1949 in
2409 1893 2742 1964 quibusdam
2775 1877 3032 1946 alveariis
3069 1887 3390 1943 dulcissima
3417 1900 3512 1938 ve-

1925 1985 2111 2039 ritatis
2152 1985 2400 2054 cognitio
2431 1983 2702 2037 medicina
2729 1991 2814 2036 est
2838 1981 3065 2034 animae:
3101 1979 3241 2032 bare
3264 1975 3513 2045 ignoran-

1925 2077 2014 2132 tia!
2041 2076 2280 2132 tenebris
2309 2075 2532 2130 liberat.

1994 2167 2160 2222 Vsus.
2189 2165 2280 2222 25.
2311 2163 2446 2219 Sunt
2477 2165 2574 2218 viae
2606 2177 2721 2232 qua
2748 2161 2988 2215 ridentur
3016 2161 3214 2212 homini
3244 2169 3424 2222 rectm,
3459 2169 3512 2210 et

1925 2268 2100 2314 tamen
2141 2258 2436 2311 nouissima
2475 2271 2660 2310 eorum
2693 2253 2762 2305 ad
2813 2252 3064 2320 abyssum
3121 2251 3317 2318 inferni
3342 2252 3512 2303 dedu-

1921 2361 2066 2406 cunt.
2098 2353 2410 2404 Occurrunt
2437 2346 2688 2418 qutudam
2727 2345 2827 2398 vite
2852 2359 2972 2412 quae
3006 2351 3226 2413 propter
3247 2343 3510 2396 caducam

1917 2441 2324 2514 jucunditatem
2377 2447 2430 2494 et
2473 2439 2705 2509 gloriam
2740 2438 2958 2492 cuidam
2997 2435 3205 2490 homini
3249 2442 3512 2504 putantur

1921 2533 2140 2588 evenire
2206 2532 2391 2598 bonae;
2459 2531 2552 2586 sed
2618 2530 2800 2584 exitus
2837 2543 3032 2584 earum
3083 2527 3137 2581 in
3188 2527 3509 2580 barathrum

1921 2621 2244 2692 perditionis
2261 2627 2492 2691 spectat.
2517 2619 2803 2674 Sensnalis
2829 2619 2973 2672 enim
2999 2617 3292 2688 voluptatis
3323 2615 3512 2669 termi-

1923 2727 2030 2766 nus
2056 2721 2142 2768 est
2167 2711 2560 2776 conturbatio;
2591 2717 2646 2764 et
2678 2709 2860 2762 inanis
2891 2707 3102 2776 gloria,
3129 2705 3508 2776 opprobrium.

1998 2805 2274 2861 Vcss.26.
2319 2808 2492 2860 Homo
2533 2807 2788 2860 laborans
2839 2804 3050 2857 laborat
3103 2803 3203 2856 sibi
3243 2791 3512 2870 suamque

1921 2908 2194 2970 extorquet
2217 2899 2588 2968 perditionem.
2625 2898 2802 2952 Homo
2825 2895 3046 2966 quidam
3093 2894 3160 2949 ad
3191 2891 3510 2964 [algendum

1923 2991 2138 3046 laborat
2185 2990 2312 3057 sibi,
2355 2991 2410 3044 in
2449 2989 2638 3046 multis
2685 2989 2965 3044 laboribus
2995 2985 3194 3057 cupide
3229 2985 3510 3040 ditescens

1923 3089 1980 3135 et
2018 3081 2255 3150 superbe
2289 3080 2529 3152 glorians
2563 3098 2576 3134 :
2611 3095 2734 3136 eum
2783 3090 2964 3134 autem
3001 3079 3116 3134 inec
3153 3087 3282 3133 sunt
3314 3076 3512 3130 auium

1925 3170 2264 3240 periculum,
2323 3171 2594 3225 violenter
2665 3171 2755 3224 ille
2813 3185 2968 3224 suam
3035 3167 3264 3222 attrahit
3325 3168 3511 3238 perni-

1923 3259 2085 3313 ciem.

1989 3355 2217 3406 Astutus
2251 3363 2426 3406 autem
2471 3355 2526 3407 in
2561 3371 2650 3409 ore
2681 3371 2776 3409 suo
2802 3356 2939 3424 gerit
2979 3355 3214 3408 ruinam.
3250 3353 3510 3420 Quivero

1923 3445 2211 3500 scientiam
2246 3446 2410 3502 habet
2451 3447 2700 3502 dolosam
2736 3459 2792 3504 et
2820 3463 3035 3518 seraper
3067 3461 3266 3502 nocere
3295 3446 3504 3508 studet,

1921 3537 1970 3590 ei
2005 3552 2113 3590 non
2151 3538 2326 3592 multo
2355 3552 2496 3608 Opus
2529 3548 2614 3595 est
2641 3539 2826 3594 labore
2859 3541 2924 3592 ad
2969 3553 3124 3593 suam
3169 3539 3504 3608 perniciem:

1921 3627 2016 3682 sed
2055 3627 2108 3680 in
2145 3642 2241 3682 ore
2269 3628 2494 3698 proprio
2529 3645 2685 3684 suam
2729 3631 2942 3684 ruinam
2977 3631 3140 3700 gerit.
3173 3627 3250 3682 Ex
3285 3630 3351 3684 iis
3383 3645 3508 3700 quae

1921 3719 2104 3774 dicere
2157 3721 2448 3775 consuevit
2493 3720 2598 3774 sibi
2647 3728 2804 3790 parat
2861 3719 3253 3790 perditionem,
3310 3721 3510 3774 anima:

1921 3811 2140 3881 quidem
2180 3813 2326 3882 apud
2371 3811 2563 3877 Deum,
2595 3812 2848 3884 corporis
2882 3825 3062 3869 autem
3097 3813 3238 3883 apud
3275 3828 3370 3868 eos
3409 3813 3508 3882 qui

1921 3905 2086 3960 verba
2115 3905 2291 3975 ipsius
2324 3905 2577 3962 audiunt.

1991 4087 2156 4145 Vsus.
2194 4090 2284 4144 27.
2339 4089 2433 4144 Vir
2466 4091 2768 4158 imprudens
2805 4091 2940 4160 fodit
2981 4092 3082 4146 sibi
3125 4091 3288 4146 mala.
3331 4089 3504 4146 llomn

1920 4175 2010 4245 qui
2029 4175 2096 4230 ad
2125 4191 2184 4230 se
2207 4178 2530 4246 pertinentia
2552 4195 2662 4233 non
2687 4189 2990 4250 computat,
3017 4175 3280 4236 adversus
3305 4191 3504 4236 semet-

1921 4265 2097 4334 ipsum
2143 4267 2353 4322 invenit
2406 4270 2622 4332 uociva,
2668 4271 2996 4341 excogitans
3037 4286 3160 4340 quae
3191 4271 3400 4326 ducunt
3434 4274 3504 4326 ait

1920 4359 2092 4428 ipsius
2127 4358 2364 4412 ruinam.

321 4450 446 4502 Ἐπί
497 4449 566 4502 δὲ
601 4449 716 4504 τῶν
746 4451 966 4506 ἑαυτοῦ
1025 4450 1274 4520 χειλέων
1299 4449 1640 4520 θησαυρίζει
1669 4451 1808 4520 πῦρ.

1993 4451 2060 4504 Et
2087 4451 2138 4505 in
2163 4451 2323 4504 labiis
2353 4451 2467 4505 suis
2501 4452 2830 4506 tltesaurizat
2861 4453 3054 4523 ignem.
3091 4453 3156 4506 Et
3183 4456 3236 4508 in
3275 4469 3370 4508 ore
3400 4470 3501 4509 sao

252 4542 340 4594 ‘Ev
363 4541 419 4595 δὲ
446 4541 526 4613 τῷ
575 4541 806 4612 στόματι
845 4545 1034 4610 αὐτοῦ,
1073 4545 1297 4611 συνάγει
1331 4545 1578 4615 ῥήματα,
1617 4545 1818 4598 κακίαν

240 4633 460 4688 ἃπασαν
489 4633 784 4690 ὲκκαίοντα
811 4637 960 4707 παρὰ
985 4639 1096 4698 τοῖς
1126 4637 1436 4691 ἀκούουσιν.

309 4731 418 4796 κη’.
459 4725 628 4794 Ἀνὴρ
655 4725 926 4791 σκολιὸς,
949 4725 1342 4796 διαπέμπεται
1369 4727 1544 4782 κακά.
1575 4728 1817 4798 ’Ἄνθρω-

238 4834 340 4882 πος
365 4819 504 4872 κατά
549 4817 778 4889 γνώμην
839 4817 1118 4888 στρεϐλδς,
1141 4819 1503 4890 παραπέμπει
1525 4819 1610 4871 διὰ
1633 4819 1816 4888 μέσων

237 4909 344 4961 τῶν
360 4909 680 4976 ἐπιτηδείων
693 4910 772 4972 εἰς
791 4909 850 4962 τὸ
861 4909 1156 4979 ὑπουργεῖν
1175 4911 1244 4964 τά
1265 4909 1430 4964 αὐτοῦ
1451 4909 1813 4980 βουλεύματα,

236 4997 364 5062 τοὺς
389 4999 446 5050 ὲν
481 5001 546 5070 τῇ
587 4999 734 5070 ψυχῇ
783 4998 948 5052 αὐτοῦ
989 4997 1398 5068 μελετωμένους
1451 4997 1636 5060 δόλους
1677 4996 1816 5049 κατά

236 5089 346 5149 τῶν
379 5087 716 5156 ἀγαπώντων
755 5088 1038 5156 ἀλλήλους.

307 5181 414 5234 Καὶ
450 5177 770 5246 λαμπτῆρα
813 5177 1000 5231 δόλου
1041 5177 1376 5246 πυρσεύσει
1425 5177 1663 5244 κακοῗςο
1714 5177 1814 5230 καὶ

237 5267 560 5338 διαχωρίζει
602 5271 840 5338 φίλους.
899 5269 1007 5321 Καὶ
1057 5267 1203 5321 οὕτω
1255 5269 1460 5338 πυρσὸν
1509 5269 1814 5342 υπανάπτει

239 5362 454 5430 ἀπάτης
487 5361 682 5420 ἐντοῖς
735 5359 1130 5429 πειθαρχοῦσιν
1177 5361 1324 5431 αὐτῷ
1366 5341 1661 5431 ὑπουργοῖς
1715 5361 1814 5430 τῆς

239 5450 438 5513 κακίας
457 5467 470 5480 ·
506 5451 602 5503 καὶ
629 5451 716 5504 διά
745 5454 971 5517 τούτων,
1005 5453 1080 5517 ὡς
1118 5453 1185 5506 δι’
1211 5453 1462 5524 ὁργάνων
1493 5455 1814 5520 τινῶν,τοῦς

237 5541 554 5612 ἡνωμένους
602 5541 670 5594 δι’
725 5543 947 5614 ἀγάπης
1001 5544 1350 5616 εἰλικρινοῦς,
1411 5545 1507 5598 ἀπ’
1571 5545 1813 5616 ἀλλήλων

237 5632 522 5702 διίστησιν,
555 5631 756 5704 ἔχθραν
779 5635 884 5688 ἀνά
913 5634 1078 5706 μέσον
1098 5637 1278 5691 αὐτῶν
1309 5635 1586 5702 ἐμόαλών,

309 5724 408 5780 κθ’.
429 5725 608 5794 ’Δνὶιρ
633 5727 978 5797 παράνομος
1039 5726 1428 5792 ἀποπειμῑται
1471 5729 1684 5796 φίλων,
1715 5729 1810 5782 καὶ

1919 4542 2084 4596 verba
2115 4556 2331 4597 omnem
2354 4542 2618 4598 malitiam
2638 4543 2780 4614 apud
2806 4545 3088 4602 auditores
3119 4545 3498 4608 accendentia.

1919 4630 2147 4701 colligit.

1991 4721 2158 4778 Vens.
2205 4721 2296 4777 98.
2361 4722 2456 4776 Vir
2511 4733 2722 4780 astutus
2776 4726 3036 4798 dispergit
3093 4727 3260 4782 mala.
3327 4727 3501 4782 [lotun

1919 4815 2148 4868 scientia
2188 4814 2438 4880 dolosus,
2471 4817 2614 4870 inter
2668 4817 2922 4872 homines
2959 4818 3026 4872 ad
3057 4817 3347 4873 favendum
3383 4821 3500 4872 suis

1917 4907 2166 4960 consiliis
2210 4907 2458 4970 idoneos,
2485 4923 2624 4978 quos
2658 4909 2713 4962 in
2741 4909 2908 4962 corde
2929 4924 3032 4963 suo
3071 4910 3368 4964 meditatus
3415 4919 3502 4964 est

1915 4999 2094 5062 dolos,
2127 4999 2394 5056 adversus
2425 5009 2669 5056 mutuam
2701 4999 3364 5068 babentesdilectioncm,
3385 5003 3499 5057 dis-

1917 5091 2170 5145 seminat.

1987 5181 2056 5235 Et
2081 5182 2252 5251 facem
2293 5183 2509 5236 astutice
2547 5182 2816 5236 succendit
2863 5185 3142 5252 perversis.
3198 5187 3500 5256 amicosque

1915 5273 2198 5342 disiungit.
2237 5271 2304 5326 Et
2335 5273 2418 5328 sic
2451 5272 2680 5328 fallaciae
2711 5271 2886 5329 facem
2924 5275 3066 5330 inter
3093 5275 3414 5330 obedientes
3445 5275 3496 5330 ei

1917 5365 2295 5434 perversitatis
2323 5363 2606 5432 cperarios
2635 5363 2951 5431 succendit;
2985 5375 3038 5420 et
3067 5381 3164 5436 per
3187 5381 3304 5432 eos,
3333 5365 3494 5436 quasi

1916 5469 2011 5524 per
2060 5453 2308 5524 quaedam
2343 5453 2730 5518 instrumenta,
2771 5455 3019 5512 sinceras
3049 5457 3322 5518 homines,
3361 5453 3494 5508 cha-

1917 5545 2078 5599 ritate
2109 5545 2402 5608 adunatos,
2437 5545 2506 5600 ab
2529 5545 2761 5601 invicem
2786 5546 3024 5618 sejungit
3058 5545 3242 5602 medio
3273 5546 3490 5600 illorum

1915 5637 2256 5692 inimicitiam
2285 5637 2606 5707 ingerendo.

1989 5728 2152 5786 Vens.
2183 5730 2272 5787 29.
2321 5728 2414 5785 Vir
2461 5731 2694 5799 iniustus
2729 5733 2928 5790 amicos
2973 5743 3138 5791 tentet
3173 5743 3224 5790 et
3255 5747 3348 5803 per
3379 5730 3492 5787 ria:
