3950 6206
318 314 453 379 I393

1323 328 1532 391 COMM
1542 334 1860 400 ΕΝΤΑΒῙΙ
1921 344 2007 403 IN
2046 346 2291 409 PROVE
2301 351 2480 410 ΙὶΒῚᾹ
2488 398 2501 409 .

3429 363 3559 428 ιλιι

394 428 497 480 Ἐν
514 426 582 480 δὲ
606 427 891 498 ἀδελφοῖς
913 431 1193 488 διελεῖται
1220 437 1397 507 μέρη.
1439 442 1535 496 Ἐν
1549 443 1605 496 δὲ
1631 449 1750 511 ταῖς
1770 465 1853 521 πει

1972 506 1973 512 η
2071 453 2142 509 Et
2170 458 2307 512 inter
2337 461 2531 527 fratres
2565 460 2755 517 dividet
2780 473 2974 532 partes.
3016 466 3122 522 Sed
3176 470 3317 525 inter
3364 475 3571 530 animae

311 512 371 564 τὸ
401 513 605 580 ἀγαθὸν
635 515 988 584 ὁμονοούσαις
1038 521 1295 594 ψυχικαῖς
1341 528 1641 601 δυνάμεσι,
1668 538 1759 590 τὸν
1790 512 1853 591 ἓν

311 599 460 626 διηη-
509 607 604 626 ,μ
664 607 817 626 ,μη-
933 611 946 626 .
1033 612 1056 626 ..
1171 614 1182 626 .
1352 621 1363 626 -
1485 622 1494 626 -
1591 624 1603 626 ,

1990 549 2264 615 potentias
2317 552 2384 605 ad
2437 552 2640 607 bonum
2688 556 3093 626 conspirantes,
3129 576 3290 615 unam
3344 563 3558 619 virtutis

303 599 462 699 λόγον
506 607 605 699 τῇς
655 607 856 699 ἀρετῆς
899 611 980 673 είς
1026 612 1316 687 διαφόρους
1338 599 1540 690 ἀρετὰς
1583 624 1884 699 διαιρήσει,

304 692 511 765 ἑκάστῃ
540 696 768 766 δυνάμει
807 701 1110 773 ἀπονέμων.
1130 706 1231 777 τὴν
1267 709 1582 783 πρόσφορον
1602 730 1616 744 ·
1651 692 1792 786 οἷον,
1815 692 1882 793 τῇ

306 782 407 849 μὲν
456 784 850 881 ἐπιθυμητικῇ,
880 791 978 881 τὴν
1022 782 1504 873 σωφροσύνην·τῇ
1548 803 1605 857 δὲ
1651 782 1880 881 θυμικῇ,

300 871 399 941 τὴν
431 872 708 963 ἀνδρείαν*
738 880 803 948 τῇ
854 878 911 932 δὲ
959 877 1265 956 λογιστικῇ,
1299 887 1399 958 τὴν
1449 871 1746 963 φρόνησιν-ο
1790 871 1882 952 καί

299 965 420 1025 ταῖς
446 961 617 1030 ὅλαις,
645 967 746 1035 τὴν
775 968 1126 1042 δικαιοσύνην
1167 975 1226 1028 ὲν
1262 975 1341 1048 τῷ
1364 978 1463 1045 τὰς
1490 961 1755 1054 ἐλλείψεις
1785 990 1879 1042 καὶ

296 1051 396 1115 τὰς
434 1053 740 1126 ὑπερϐολὰς
777 1059 1069 1129 ἐκφεύγειν
1105 1065 1217 1119 τῶν
1254 1058 1485 1138 ἀρετδῶν.
1647 1051 1658 1054 -
1814 1064 1823 1067 Ἴ

363 1172 430 1234 γ’.
464 1168 693 1239 ’Ὥσπερ
721 1170 1090 1243 δοκιμάζεται
1117 1177 1187 1231 ἐν
1211 1183 1441 1250 καμίνῳ
1476 1183 1734 1256 ἄργυρος
1772 1152 1891 1249 καί,
1940 1230 1951 1239 .

293 1258 559 1325 χρυσὸς,
607 1262 800 1329 οὕτως
845 1266 1125 1321 ἐκλεκτοί
1176 1270 1413 1339 καρδίαι
1460 1276 1621 1345 παρά
1654 1282 1872 1348 Κυρίῳ.

293 1346 561 1438 καθάπερ
583 1353 615 1422 ἡ
634 1352 727 1405 τοῦ
758 1353 1001 1427 ἀργύρου
1031 1356 1214 1426 φύσις,
1249 1362 1345 1415 καὶ
1372 1364 1409 1433 η
1431 1365 1525 1419 τοῦ
1556 1346 1785 1438 χρυσού,
1813 1346 1873 1425 αἱ

290 1436 399 1492 τῶν
427 1438 631 1493 λοιπῶν
662 1442 805 1498 ὑλῶν
832 1446 1177 1519 τιμιώτεραι,
1209 1451 1268 1505 ὲν
1310 1454 1395 1526 τῷ
1430 1436 1873 1528 πυρίέξετάζον-

288 1544 399 1600 ται,
446 1529 607 1603 είπερ
649 1531 759 1587 εἷεν
803 1536 1119 1609 ἀκίϐδηλοι·
1149 1547 1578 1617 τοιουτοτρόπως
1624 1554 1719 1606 καὶ
1757 1554 1871 1608 τῶν

290 1618 499 1673 πολλῶν
527 1623 585 1675 αἱ
617 1627 945 1697 προέχουσαι
978 1632 1120 1686 κατὰ
1148 1634 1376 1708 γνώμην
1403 1640 1594 1711 ψυχαὶ,
1616 1645 1767 1717 παρὰ
1790 1646 1868 1717 τῷ

287 1709 396 1802 τῶν
444 1712 581 1768 ὅλων
630 1718 876 1791 Δεσπότῃ
909 1722 1051 1792 Θεῷ.
1106 1727 1185 1798 Τῇ
1224 1728 1335 1797 γὰρ
1374 1709 1512 1802 περῖ
1555 1709 1723 1790 αὐτού
1770 1709 1866 1794 καὶ

286 1801 394 1854 τῶν
425 1804 590 1858 αὑτοῦ
623 1810 944 1878 ποιημάτων
970 1814 1160 1887 ἀληθεῖ
1185 1818 1332 1893 δόξῃ,
1358 1801 1459 1877 καί
1476 1830 1598 1889 ταῖς
1620 1832 1869 1898 παναγάο

286 1890 399 1956 θοις
430 1894 595 1949 αὐτοῦ
622 1899 883 1967 ἐντολαῖς,
910 1905 973 1958 τὸ
999 1908 1143 1961 κατά
1171 1890 1374 1978 γνῶσιν
1394 1916 1453 1967 ἑν
1471 1921 1591 1982 ταῖς
1615 1890 1866 1990 λογικοῖς

285 1983 728 2082 βασάνοιςᾲδίκην
756 1995 960 2082 χρυσοῦ
991 1999 1284 2067 ἀμείωτον,
1303 2007 1397 2059 καὶ
1427 2007 1486 2059 τὸ
1517 2010 1643 2062 κατ’
1663 1983 1871 2082 ἀρετὴν

281 2075 339 2123 ὲν
371 2073 503 2143 βίῳ.
535 2076 693 2168 δίκην
720 2081 963 2153 ἀργύρου
1014 2085 1270 2155 διαφανὲς
1313 2094 1411 2147 καὶ
1460 2073 1714 2168 λαμπρὸν
1754 2073 1865 2155 τῶν

280 2164 534 2220 τοιούτων
569 2167 758 2239 ψυχῶν
792 2173 1170 2245 δοκιμάζεται.

346 2274 409 2328 δ’.
448 2280 645 2345 Κακὸς
682 2284 976 2340 ὑπακούει
1022 2290 1335 2358 γλώσσαις
1382 2297 1767 2367 παρανόμων.
1798 2299 1860 2351 '0

280 2369 617 2438 κεκτημένος
641 2374 866 2445 γνώμην
897 2379 1097 2450 κακὴν,
1129 2384 1250 2445 ταῖς
1284 2386 1642 2454 συμϐουλίαις
1670 2387 1859 2440 πείθε-

276 2471 368 2508 ται
410 2458 518 2512 τῶν
564 2462 638 2532 μὴ
667 2468 1027 2535 τηρησάντων
1054 2470 1146 2525 τὸν
1174 2472 1333 2542 λόγον
1363 2477 1487 2529 καθ’
1512 2477 1573 2531 δν
1601 2479 1859 2546 γεγόνασι

278 2547 377 2617 τῆς
412 2552 682 2621 πονηρίας
719 2559 1068 2629 πνευμάτων.

348 2660 583 2749 Δίκαιος
613 2663 682 2717 δὲ
705 2668 777 2721 οὐ
811 2672 1099 2741 προσέχει
1128 2676 1360 2744 χείλεσι
1386 2679 1699 2749 ψευδέσιν.
1716 2683 1776 2736 '0
1801 2684 1859 2737 δὲ

280 2748 442 2845 θείοις
469 2753 656 2822 νόμοις
686 2757 952 2829 ὑπείκων,
980 2765 1082 2828 τὰς
1110 2748 1405 2840 ἀπατηλὰς
1424 2771 1709 2845 ὑποθήκας
1756 2777 1860 2830 αὑ·-

278 2838 391 2893 τῶν
427 2843 489 2894 οὐ
530 2846 836 2915 προσίεται.

276 3138 567 3194 ἐπίσταται
612 3144 898 3215 κρίμασιν,
931 3150 1484 3220 ἀποπεσόντα,αὒτδν
1529 3158 1622 3214 τὸν
1666 3160 1859 3215 τούτου

278 3230 655 3305 Πλαστουργδν
684 3241 1008 3310 παροργίζει
1030 3258 1044 3274 ’
1071 3244 1153 3298 ὅτι
1189 3246 1263 3317 μὴ
1286 3248 1379 3300 τὸν
1398 3248 1683 3321 ἄνθρωπον
1702 3255 1857 3324 τιμᾷ,

273 3322 335 3373 τὸ
361 3326 705 3396 τιμιώματον
729 3329 851 3411 Θεῷ
880 3333 1067 3404 κτῆμα
1088 3337 1183 3390 καὶ
1204 3339 1560 3409 οἰκειότατον,
1590 3341 1727 3398 ἀλλὰ
1754 3322 1857 3416 γῆς

273 3417 506 3487 ῥέουσαν
542 3420 676 3496 ὕλην
714 3428 809 3480 καὶ
846 3428 997 3482 κάτω
1036 3430 1331 3500 μένουσαν.

355 3601 410 3651 ’0,
441 3601 510 3654 δὲ
535 3603 860 3674 ἐπικαίρων
882 3609 1294 3682 ἀπολλυμένῳ
1313 3655 1329 3679 ,
1365 3617 1477 3670 οὐκ
1498 3617 1851 3688 460601508-

269 3709 380 3746 ται.
406 3694 516 3746 Καὶ
537 3697 567 3748 ό
588 3698 904 3765 ἐπεγγελῶν
932 3699 1033 3769 τῷ,
1052 3700 1166 3755 εἴτε
1194 3704 1335 3759 κατά
1349 3704 1549 3778 ψυχὴν,
1569 3709 1679 3762 sits
1710 3710 1852 3765 κατὰ

268 3782 429 3851 σῶμα
459 3785 844 3852 κινδυνεύοντι,
861 3790 962 3844 οὐκ
990 3791 1282 3859 ἀνεύθυνος
1309 3794 1514 3863 ἔσεται,
1537 3798 1675 3851 ἀλλὰ
1693 3800 1852 3864 δίκας

266 3874 376 3926 sits
406 3875 550 3929 κατά
575 3877 638 3929 τὸ
660 3878 855 3951 παρὸν,
884 3881 995 3934 εἴτε
1025 3884 1167 3938 κατὰ
1193 3885 1256 3940 τὸ
1287 3887 1847 3962 μέλλονβίσπραχθή-

266 3980 421 4018 σεται
452 3969 606 4037 παρά
646 3968 742 4021 τοῦ
784 3970 998 4027 δικαίου
1023 3975 1238 4045 κριτοῦ,
1264 3978 1450 4051 ἐπειδὴ
1476 3978 1649 4044 οὓτως
1668 3983 1847 4053 ἀσυμ-

263 4056 452 4121 παθῶς
491 4059 621 4129 περὶ
658 4060 750 4114 τὸν
785 4063 1001 4134 όμοφυῆ
1038 4066 1277 4136 διετέθη.

342 4147 406 4201 ⁸0
430 4148 500 4202 δὲ
524 4149 1205 4224 ἐπισπλαγχνιζόμενος,
1228 4157 1645 4226 ἐλεηθήσεται.
1680 4163 1738 4216 '0
1779 4163 1838 4217 δὲ

261 4238 543 4310 σπλάγχνα
575 4242 761 4306 ἐλέους
790 4244 1102 4315 ὑπανοίγων
1132 4246 1304 4318 αὐτῷ,
1351 4248 1444 4303 τὸν
1468 4249 1563 4304 τοῦ
1593 4252 1730 4306 Θεοῦ
1760 4255 1838 4320 εις

259 4328 454 4385 ἑαυτὸν
490 4334 853 4390 ἐπισπάσεται
889 4336 1074 4393 ἔλεον⁸
1115 4339 1360 4411 tamen;
1393 4341 1470 4407 ὡς
1507 4343 1763 4414 ἠλέησεν.

327 4517 413 4575 ς’,
445 4510 759 4582 Στέφανος.
786 4518 1094 4587 ’γερόντων
1144 4523 1328 4579 τέκνα
1392 4526 1640 4582 τέκνων.
1698 4530 1836 4595 Δόξα

253 4601 445 4670 ὥσπερ
467 4605 581 4666 τοῖς
601 4605 722 4658 καθ’
747 4605 962 4676 ἡλικίαν
983 4613 1399 4688 πρεσϐυτέροις,
1418 4618 1524 4672 υἱοὶ
1545 4619 1655 4675 τῶν
1678 4621 1835 4690 υίῶν,

252 4692 397 4747 οὕτω
440 4697 553 4758 τοῖς
600 4696 744 4749 κατὰ
777 4698 993 4755 σύνεσιν
1024 4709 1296 4778 γηραιοῖς,
1326 4710 1375 4761 oi
1406 4711 1472 4763 ἐκ
1497 4710 1608 4764 τῶν
1640 4728 1835 4784 γεννη-

253 4784 453 4838 θέντων
503 4787 685 4850 αύτοῖς
734 4787 821 4842 διὰ
874 4792 975 4862 τῆς
1028 4799 1410 4871 πνευματικῆς
1473 4800 1830 4870 διδασκαλίας

1988 638 2255 694 rationem
2302 641 2371 725 ad
2416 644 2599 700 varias
2627 645 2861 702 virtutes
2903 647 3221 714 diurihuet,
3262 654 3559 725 unicuique

1988 731 2245 799 potentia:
2279 720 2688 792 convenientem
2736 740 3064 808 assignans;
3114 745 3215 807 sic,
3241 746 3550 815 appetitiva:

1986 820 2419 892 moderantiam;
2448 828 2713 883 animosa:
2740 828 3156 901 fortitudinem;
3185 835 3439 890 rationali
3468 850 3555 891 sa-

1983 910 2274 981 pientiam;
2305 922 2361 969 et
2389 917 2649 973 omnibus
2675 919 2947 988 justitiam
2996 923 3064 977 ad
3096 923 3342 980 defectus
3379 933 3433 980 et
3459 942 3553 981 ex-

1981 1015 2170 1056 cessus
2204 1002 2259 1057 in
2286 1002 2585 1060 virtutibus
2615 1006 2959 1064 devitandas.

2049 1203 2212 1261 Vsus.
2244 1205 2299 1261 3.
2336 1204 2484 1262 Sicut
2515 1210 2570 1262 in
2606 1208 2824 1277 fornace
2861 1214 3156 1279 probantur
3190 1227 3461 1286 argentm
3502 1227 3551 1269 et
3580 1240 3584 1245 ο

1976 1315 2193 1367 aurum,
2216 1300 2301 1355 ita
2328 1318 2360 1355 a
2395 1302 2503 1356 Deo
2537 1304 2707 1357 electa
2739 1306 2923 1358 corda.
2955 1305 3421 1371 Quemadmodum
3458 1327 3551 1365 ar-

1973 1395 2118 1465 genti
2139 1404 2195 1451 et
2228 1396 2346 1451 auri
2373 1395 2726 1461 substantia,
2760 1414 2880 1468 qum.
2909 1401 3123 1455 cmteris
3148 1404 3393 1460 materiis
3420 1415 3549 1460 sunt

1972 1487 2357 1554 pretiosiores,
2394 1488 2450 1543 in
2482 1490 2610 1560 igne
2634 1495 2945 1556 tentantur,
2975 1508 3045 1546 an
3086 1509 3273 1550 revera
3307 1496 3417 1550 sint
3448 1513 3549 1566 pn-

1971 1592 2068 1643 rte,
2100 1577 2173 1631 ita
2203 1591 2232 1629 a
2260 1576 2393 1644 Deo,
2422 1579 2670 1633 omnium
2700 1579 3071 1647 dominatore,
3103 1584 3398 1639 multormn
3431 1586 3548 1641 ani-

1969 1684 2070 1723 ma:
2119 1668 2335 1724 ratione
2382 1669 2779 1738 praecellentes.
2826 1669 3042 1725 Etenim
3092 1688 3224 1728 vero
3263 1675 3332 1729 de
3383 1690 3450 1730 eo
3494 1685 3549 1730 et

1898 1785 1941 1840 Β
1969 1760 2145 1830 ipsius
2173 1761 2433 1831 operibus
2466 1759 2721 1815 doctrina
2766 1769 2933 1831 atque
2960 1764 3184 1832 optimis
3229 1764 3352 1831 ejus
3392 1782 3549 1819 nian-

1969 1850 2137 1915 datis,
2183 1850 2330 1920 quod
2383 1851 2685 1907 secundum
2735 1853 3024 1909 scientiam
3080 1856 3135 1909 in
3190 1856 3573 1913 rationalibus.

1967 1940 2324 1999 tentamentis
2371 1942 2522 1995 velut
2564 1956 2760 1996 aurum
2812 1953 2901 1999 est
2943 1945 3244 2016 integrum,
3291 1954 3347 2003 et
3399 1951 3544 2019 quod

1965 2033 2268 2089 secundum
2311 2033 2577 2089 virtutem
2625 2034 2683 2088 in
2716 2036 2830 2089 vita
2874 2035 3021 2092 sicut
3068 2047 3356 2109 argentum
3406 2042 3551 2096 Inci-

1963 2123 2093 2179 dum
2136 2124 2596 2197 splendidumque
2633 2124 2826 2180 talium
2861 2127 3171 2185 animarum
3205 2139 3312 2195 est,
3352 2131 3545 2203 digno-

1963 2215 2163 2272 scitur.

2033 2327 2206 2383 νιος.
2238 2329 2294 2382 4.
2325 2327 2508 2381 Malus
2546 2328 2849 2398 iniquorum
2885 2329 3083 2400 linguis
3109 2348 3290 2387 aurem
3321 2333 3538 2402 prabet.

1960 2419 2062 2485 Qui
2106 2419 2301 2472 malam
2337 2418 2499 2473 habet
2532 2426 2797 2485 mentem,
2842 2435 3076 2490 nequam
3110 2421 3401 2490 spirituum
3442 2425 3567 2495 qui.

1960 2510 2233 2564 rationem
2263 2508 2320 2563 in
2353 2524 2464 2578 qua
2500 2509 2613 2564 nati
2640 2518 2798 2566 erant
2835 2525 2944 2566 non
2991 2524 3372 2582 servaverunt,
3401 2531 3567 2572 conm

1959 2600 2099 2655 siliis
2128 2608 2302 2669 paret.

2029 2710 2222 2766 Justus
2253 2718 2426 2765 autem
2450 2710 2609 2767 labiis
2639 2713 2983 2769 mendacibus
3020 2732 3125 2771 non
3154 2717 3401 2772 attendit.
3427 2715 3561 2785 Qui,

1959 2812 2140 2858 autem
2188 2804 2394 2871 legibus
2442 2802 2648 2862 divinis
2677 2814 2863 2876 paret,
2918 2805 3145 2864 fallaces
3183 2824 3374 2864 eorum
3413 2810 3534 2881 opi-

1959 2893 2153 2950 niones
2185 2910 2296 2949 non
2327 2896 2538 2966 recipit.

2029 3008 2195 3065 Vens.
2231 3008 2283 3064 5.
2345 3009 2451 3076 Qui
2493 3026 2776 3080 pauperem
2846 3012 3031 3069 irridet
3082 3012 3367 3069 Faetorem
3416 3016 3535 3085 ejus

1884 3109 2258 3174 cexasperat.
2288 3098 2393 3168 Qui
2445 3104 2652 3172 spernit
2710 3102 2989 3160 hominem
3040 3104 3272 3172 divitiis,
3324 3106 3537 3175 judicio

1962 3191 2108 3262 quod
2136 3191 2281 3249 Deus
2303 3192 2475 3265 novit,
2494 3192 2839 3257 destitutum,
2862 3195 3042 3264 ipsum
3067 3194 3385 3265 hujusmodi
3428 3197 3535 3251 Fa-

1961 3288 2169 3338 ctorem
2205 3281 2421 3348 irritat;
2451 3281 2577 3353 quia
2611 3297 2720 3337 non
2752 3282 3280 3339 honorathomiuem
3311 3301 3532 3356 posscs—

1959 3371 2171 3429 sionem
2216 3372 2327 3429 Deo
2371 3373 2613 3429 maxime
2645 3374 2943 3443 pretiosam
2993 3390 3057 3430 ac
3088 3381 3392 3445 propriam,
3436 3381 3531 3435 sed

1958 3464 2320 3520 substantiam
2347 3481 2379 3520 e
2418 3472 2566 3520 terra
2599 3464 2911 3522 eﬂluentem
2943 3476 2999 3522 et
3039 3467 3272 3525 inferius
3304 3485 3530 3527 manen-

1958 3562 2086 3609 tem.

2025 3642 2095 3697 Et
2126 3646 2216 3715 qui
2247 3645 2411 3699 ruina
2441 3645 2662 3700 la'tatur
2691 3647 2933 3714 alterius,
2967 3666 3072 3703 non
3093 3651 3191 3703 erit
3219 3652 3525 3718 impunitus.

1953 3733 2058 3800 Qui
2105 3736 2222 3791 sive
2256 3737 2438 3790 anima
2473 3737 2591 3792 sive
2650 3753 2882 3809 corpore
2938 3740 3344 3808 periclitantem
3398 3743 3526 3795 irrio

1952 3823 2068 3888 det,
2100 3839 2207 3879 non
2240 3825 2346 3881 erit
2380 3825 2711 3897 impunitus,
2746 3827 2840 3883 sed
2869 3828 2985 3883 sive
3009 3827 3062 3881 in
3100 3828 3371 3899 praesenti.
3413 3828 3533 3884 sive

1952 3915 2006 3969 in
2048 3914 2254 3982 futuro,
2289 3917 2437 3987 quod
2469 3932 2685 3987 aequum
2717 3928 2825 3986 est,
2844 3930 3097 3989 reposcet
3125 3920 3193 3974 ab
3228 3920 3320 3975 illo
3342 3919 3527 3991 justus

1942 4006 2132 4076 judex,
2162 4023 2228 4062 eo
2258 4009 2401 4078 quod
2433 4008 2645 4080 absque
2674 4009 3057 4090 misericordia
3099 4010 3178 4066 sic
3220 4025 3347 4081 erga
3386 4025 3522 4065 con-

1946 4094 2203 4150 tribulem
2236 4111 2297 4151 se
2318 4095 2594 4152 habuerit.

2016 4183 2122 4249 Qui
2155 4194 2333 4240 autem
2363 4187 2668 4242 misericors
2688 4195 2767 4243 est
2789 4187 3211 4243 misericordiam
3240 4204 3523 4259 consequo—

1943 4285 2050 4330 tur.
2079 4275 2185 4342 Qui
2215 4287 2399 4333 autem
2429 4280 2479 4334 ei
2515 4281 2729 4336 viscera
2757 4278 3151 4336 misericordiae
3181 4280 3389 4348 pandit,
3423 4279 3514 4333 Dei

1941 4365 2385 4422 misericordiam
2414 4369 2469 4423 in
2499 4385 2560 4425 se
2591 4380 2904 4425 convertet:
2938 4370 3082 4426 sicut
3111 4370 3371 4426 misertus
3409 4379 3514 4434 est,

1868 4444 1916 4502 ι)
1944 4459 2027 4514 sic
2060 4459 2497 4515 misericordiam
2520 4461 2811 4516 obtinebit.

2011 4550 2178 4610 Vens.
2209 4552 2265 4607 6.
2297 4551 2510 4609 Corona
2557 4570 2741 4609 senum
2791 4553 2896 4623 ﬁlii
2932 4554 3197 4623 ﬁliorum.
3240 4550 3515 4618 Quemad-
3596 4616 3610 4625 _

1937 4645 2159 4700 modum
2192 4643 2365 4716 gloria
2417 4646 2812 4718 longaevorum,
2866 4645 2961 4701 lilii
2993 4645 3255 4709 ﬁliorum,
3299 4643 3373 4696 ita
3420 4658 3511 4698 sa-

1935 4735 2139 4805 pientia
2183 4751 2376 4792 senum
2419 4736 2620 4806 gloria,
2655 4736 2770 4791 nati
2801 4751 2868 4791 es
2899 4735 2981 4791 eis
3014 4750 3155 4805 quos
3192 4733 3296 4804 ipsi
3348 4734 3513 4803 spiri-

1932 4825 2066 4880 tuali
2111 4825 2400 4895 disciplina
2440 4836 2774 4897 genueram.
2822 4825 3036 4881 Etenim
3086 4840 3196 4880 non
3240 4836 3509 4896 perpetuo

250 4876 625 4947 ὁμοιοτρόπως
656 4880 1051 4951 ἀποτεχθέντες
1073 4902 1088 4916 ·
1115 4885 1250 4942 διότι
1282 4891 1384 4945 οὐκ
1411 4891 1619 4956 ἀτελῶς
1651 4894 1830 4948 ἐδίδα-

1972 4876 2377 4983 οουετυηιίεοιι
2406 4876 2700 4988 magistros
2727 4918 2962 4973 aliorum
2986 4931 3119 4973 suos
3144 4918 3401 4989 proprios
3428 4916 3509 4974 di.

250 4967 370 5032 ξαν,
398 4967 513 5021 ἀλλ’
538 4968 743 5040 ἑτέρων
764 4970 1118 5041 διδασκάλους
1145 4979 1272 5043 τοὺς
1309 4982 1545 5048 οἰκείους
1568 4986 1829 5041 ἀποτελέ-

252 5074 341 5110 σαι
381 5057 611 5143 ἴσχυσαν
653 5062 926 5133 μαθητάς.

318 5151 611 5221 Καύχημα
637 5152 705 5205 δὲ
736 5154 984 5223 τέκνων,
1005 5159 1257 5228 πατέρες
1286 5164 1505 5219 αὐτῶν.
1548 5167 1828 5242 Καύχημα

245 5240 300 5294 δὲ
330 5242 581 5315 καθάπερ
605 5244 719 5298 τῶν
743 5248 884 5303 κατὰ
913 5252 1089 5323 σάρκα
1112 5254 1269 5319 υἱῶν,
1295 5258 1343 5309 oi
1382 5258 1589 5312 τούτων
1620 5240 1818 5329 γονεῖς.

241 5331 336 5384 τὸν
362 5332 525 5388 αὐτὸν
545 5334 743 5405 τρόπον
775 5340 871 5393 καὶ
894 5340 1001 5395 τῶν
1030 5344 1170 5398 κατὰ
1198 5344 1417 5417 πνεῦμα
1437 5388 1452 5411 ,
1482 5350 1532 5402 oi
1566 5368 1815 5422 πνευμα-

1929 5005 2170 5076 scipulos
2197 5008 2459 5076 perlicere
2489 5009 2800 5064 valuerunt.

1995 5176 2067 5231 Et
2093 5178 2264 5249 gloria
2296 5180 2532 5250 ﬁliorum
2567 5192 2745 5251 patres
2771 5201 2975 5239 eorum.
3010 5186 3165 5244 Sicut
3198 5194 3501 5250 carnalium

1923 5268 2157 5324 ﬁliorum
2184 5271 2382 5340 gloria,
2414 5272 2656 5341 ipsorum
2690 5277 2988 5346 genitores,
3015 5281 3094 5336 sie
3122 5284 3312 5339 eodem
3340 5288 3500 5344 modo

1920 5361 2287 5429 spiritualium
2306 5371 2558 5417 natorum
2578 5363 2748 5421 decus
2766 5375 2894 5422 sunt
2916 5369 3008 5439 qui
3029 5373 3496 5441 spiritualitereos

241 5422 408 5480 ταῶς
453 5424 682 5488 τούτους
726 5430 1116 5499 ἀποτεκόντες·
1152 5437 1247 5491 καὶ
1296 5439 1404 5511 γὰρ
1446 5440 1523 5503 ὼς
1569 5443 1659 5495 ἐπί
1708 5461 1818 5498 τινι

1972 5463 2246 5508 iuuerunt.
2266 5452 2402 5508 Nam
2430 5464 2489 5508 ut
2512 5455 2581 5511 de
2605 5458 2840 5527 quadam
2863 5422 3490 5536 Ιιαίτοιίίἶοιοξύοὶίοιῖιι

244 5513 449 5583 κλήρῳ,
476 5518 546 5587 τῇ
573 5517 795 5591 εὐκλείᾳ
819 5522 933 5576 τῶν
966 5531 1330 5611 γεννητόρων,
1367 5535 1414 5585 oi
1447 5534 1551 5587 υἱοὶ
1580 5536 1814 5605 ἐναϐρύ-

241 5617 441 5659 νονται.

314 5696 419 5749 T05
451 5702 691 5769 πιστοῦ,
720 5704 861 5773 ὅλος
894 5712 926 5763 ὀ
954 5714 1179 5782 κόσμος
1212 5715 1329 5770 τῶν
1352 5718 1686 5787 χρημάτων.
1704 5721 1807 5775 Τοῦ

290 5810 321 5835 ἰ

1919 5553 2134 5612 patrum
2168 5544 2263 5599 lilii
2295 5546 2629 5615 gloriantur.

1984 5722 2066 5777 Ad
2107 5725 2313 5795 ﬁdelem
2348 5729 2667 5787 tmircrsitas
2701 5732 3094 5792 thesaurorum.
3127 5735 3228 5802 Qui
3265 5737 3493 5796 [initam
