3950 6206
442 317 580 385 1395

1753 322 2097 382 PROCOPII
2138 322 2377 382 (ὶΑΖᾹΞῐ

3565 318 3718 383 1396

437 426 490 481 in
514 429 681 482 Iteum
707 426 938 498 adeptus
969 435 1053 484 est
1088 427 1270 493 ﬁdem,
1307 427 1476 498 ipsius
1507 435 1591 483 est
1623 433 1736 481 tota
1776 428 1999 483 divitia-

2124 428 2333 482 ιεσαίαν
2359 430 2440 492 είς
2472 427 2606 482 Θεὸν
2641 426 2981 498 κεκτημένου
3006 426 3210 491 πίστιν,
3231 422 3377 479 ἅπαν
3405 424 3463 478 τδ
3486 425 3711 493 πλῆθος

439 537 556 575 rum
599 522 911 585 multitudo,
942 532 1130 593 utpote
1159 523 1254 595 qui
1293 524 1537 578 omnium
1571 522 1914 580 Fabricatori
1946 540 2011 580 ac

435 614 708 683 provisori
732 628 792 669 se
825 615 1134 668 committet
1165 625 1215 668 et
1247 614 1446 669 exinde
1480 629 1641 669 omne
1671 613 2007 670 desiderium

433 704 687 774 complet.
722 703 823 760 Hic
853 705 1021 768 enim,
1047 704 1184 760 nihil
1210 707 1371 760 etiam
1396 705 1622 769 habens,
1652 706 1837 761 omnia
1864 722 1993 778 pos-

435 796 600 852 sidet.
1892 806 1900 813 ‘

507 910 589 965 Ad
617 910 883 979 inﬁdelem
926 927 1043 966 vero
1093 910 1367 982 nequidem
1402 911 1609 967 obolus.
1634 911 1793 969 illius
1823 920 2005 967 autem

433 1003 525 1069 qui
568 1002 677 1057 Deo
722 1017 830 1057 non
866 1002 1114 1067 conlidit,
1158 1018 1261 1058 nec
1293 1016 1437 1059 unus
1482 1014 1566 1059 est
1603 1004 1817 1068 obolns,
1873 1004 2005 1058 nihil

436 1092 603 1147 fidum
636 1101 690 1147 et
714 1094 910 1149 stabile
954 1093 1268 1165 possidens,
1306 1096 1531 1151 etiamsi
1569 1097 1791 1151 multam
1824 1097 2004 1166 possi—

440 1184 571 1240 deat
594 1185 913 1241 divitiarum
944 1188 1182 1257 copiam.

507 1297 670 1355 Vsus.
698 1299 750 1353 7.
789 1298 913 1354 Non
942 1310 1227 1371 congruent
1267 1300 1590 1369 imprudenti
1623 1300 1771 1355 labia
1795 1300 2002 1371 ﬁdelia.

433 1389 513 1444 llli
543 1391 633 1459 qui
656 1392 826 1446 Deum
850 1391 903 1446 in
927 1393 1094 1446 corde
1107 1407 1212 1446 non
1240 1392 1398 1462 gerit,
1427 1393 1542 1448 sive
1566 1400 1712 1447 metu
1741 1402 2003 1461 tanquam

436 1480 745 1545 Dominum,
764 1482 878 1537 sive
899 1497 1086 1538 amore
1108 1490 1368 1552 tanquam
1390 1483 1609 1537 Patrem
1630 1498 1728 1554 per
1750 1485 2001 1553 gratiam,

433 1570 715 1631 credibilia
741 1589 851 1628 non
877 1582 1041 1629 erunt
1078 1574 1253 1644 ipsius
1287 1585 1481 1630 sancta
1510 1587 1808 1644 praecepta.

503 1684 617 1739 Nec
632 1684 781 1755 justo
812 1685 958 1740 labia
1001 1685 1301 1740 mendacia.
1329 1683 1438 1741 Nec
1480 1686 1529 1740 ei
1564 1686 1658 1756 qui
1699 1686 2001 1742 secundum

2112 523 2231 574 ἐστι
2258 520 2367 573 τῶν
2398 500 2730 591 χρημάτῶν,
2764 518 2913 590 αὐτῷ
2948 519 3027 589 τῷ
3054 517 3381 589 Δημιουργῷ
3408 516 3518 569 τῶν
3558 517 3713 570 ὅλων

2112 612 2206 666 καὶ
2236 613 2506 682 προνοητῇ
2538 610 2731 664 ἑαυτὸν
2766 609 3133 673 ἀνατιθέντος,
3166 607 3418 661 κακείθεν
3447 606 3711 678 πληρου-

2114 702 2279 773 μένου
2332 703 2432 774 τὴν
2486 703 2707 774 χρείαν·
2760 702 2843 755 διὸ
2892 694 3073 769 οὗτος,
3102 701 3196 754 καὶ
3244 699 3408 772 μηδὲν
3438 699 3606 770 ἔχων,
3633 700 3714 754 τὰ

2112 795 2292 850 πάντα
2329 793 2572 863 κατέχει.

2184 905 2295 960 Τοῦ
2326 903 2396 959 δὲ
2424 904 2710 967 ἀπίστου,
2750 903 2893 960 οὐδὲ
2935 903 3170 969 ὀϐολός.
3210 900 3317 956 Τοῦ
3362 901 3420 956 δὲ
3461 901 3585 971 Θεῷ
3622 901 3714 970 μὴ

2111 994 2483 1062 πιστεύοντος,
2509 994 2618 1048 οὐδ’
2642 993 2827 1057 ὀϐολός
2859 996 3007 1047 ἐστιν
3041 990 3120 1056 εἷς
3143 1031 3159 1054 ,
3190 992 3353 1063 μηδὲν
3382 992 3581 1047 πιστὸν
3605 1008 3711 1044 κε-

2106 1085 2385 1155 κτημένου
2421 1087 2517 1140 καὶ
2551 1085 2790 1155 βέϐαιον,
2821 1082 2922 1137 κᾶν
2974 1083 3178 1155 πολλὴν
3222 1076 3379 1146 οὗτος
3425 1083 3705 1153 κέκτηται

2107 1179 2435 1249 περιουσίαν
2473 1180 2792 1251 χρημάτων.

2178 1276 2243 1354 ξ’.
2289 1292 2412 1359 Οὐχ
2442 1291 2692 1360 ἁρμόσει
2717 1290 2931 1360 ἄφρονι
2974 1288 3145 1359 χείλη
3190 1287 3396 1342 πιστά.
3436 1287 3557 1340 Οὐκ
3601 1286 3702 1339 εὕ-

2107 1378 2679 1450 παράδεκτοιέσονται
2702 1382 2782 1453 τῷ
2819 1381 2892 1451 μὴ
2923 1380 3272 1451 περιφέροντι
3306 1377 3438 1431 Θεὸν
3462 1378 3525 1429 ὲν
3550 1394 3700 1443 καρ-

2103 1467 2224 1541 δίᾳ,
2253 1468 2353 1522 εἴθ’
2382 1468 2456 1532 ὼς
2486 1470 2761 1540 Δεσπότην
2784 1470 2955 1541 φόϐῳ,
2985 1470 3085 1523 εἶθ’
3108 1470 3183 1532 ὡς
3212 1467 3356 1522 κατὰ
3380 1468 3548 1538 χάριν
3574 1468 3702 1521 Πα-

2105 1559 2241 1629 τέρα
2271 1559 2443 1630 πόθῳ,
2477 1563 2530 1614 αἱ
2568 1562 2719 1630 ἆγιαι
2744 1561 2907 1615 αὐτοῦ
2940 1559 3171 1614 ὲντολαί.

2178 1668 2331 1723 Οὐδὲ
2357 1667 2565 1735 δικαίῳ
2595 1671 2770 1737 χείλη
2812 1669 3029 1738 ψευδῆ.
3072 1669 3206 1722 Οὐδὲ
3248 1666 3328 1736 τῷ
3367 1667 3487 1721 κατ’
3517 1663 3701 1727 αὑτᾶς

432 1776 539 1830 ista
584 1777 738 1840 vivit,
787 1777 1009 1832 fallaces
1038 1776 1239 1832 diaboli
1267 1775 1580 1833 doctrinae:
1625 1778 1809 1834 nullus
1858 1778 2003 1833 enim

2124 1759 2535 1830 πολιτευομένῳ,
2564 1762 2620 1813 αἱ
2667 1760 2757 1814 τοῦ
2788 1760 3032 1821 διαϐόλου
3061 1759 3338 1827 ἀπατηλαὶ
3369 1759 3650 1826 ὑποθῆκαι
3678 1775 3693 1787 ’

433 1863 544 1919 Deo
569 1875 623 1920 et
646 1863 818 1920 Satan
856 1865 1067 1921 servire
1103 1874 1306 1934 potest.

504 1972 672 2031 Vens.
714 1975 768 2030 8.
809 1972 1012 2030 Merces
1045 1975 1347 2045 gratiarum
1379 1974 1670 2044 disciplina
1715 1975 2008 2029 utentibus.

433 2066 535 2122 Per
585 2068 839 2121 mandata
893 2067 1144 2122 mercede
1183 2068 1506 2122 conducunt
1530 2066 1776 2137 Spiritus
1828 2067 2010 2122 sancti

431 2158 572 2212 dona
596 2157 661 2213 ad
694 2158 1055 2214 deducentem
1078 2159 1146 2214 ab
1167 2159 1424 2231 opposito
1448 2159 1503 2214 in
1532 2158 1740 2215 bonum
1760 2169 2008 2214 nostram

430 2256 596 2309 vitam
629 2254 1030 2312 institutionem
1051 2271 1148 2313 eos
1170 2257 1262 2327 qui
1293 2256 1436 2311 hanc
1451 2255 1766 2311 admittunt.
1789 2255 2010 2326 Absque

430 2349 576 2403 enim
600 2349 831 2420 spiritus
859 2350 1040 2416 donis,
1061 2350 1280 2414 timore,
1318 2349 1566 2420 inquam,
1599 2346 1923 2404 fortitudine
1954 2357 2011 2403 et

431 2441 679 2507 czeteris,
733 2442 970 2499 neminis
1007 2443 1118 2499 vita
1170 2441 1561 2498 mandatorum
1610 2441 1904 2513 disciplina
1949 2441 2006 2495 in

432 2532 626 2587 melius
669 2542 928 2589 mutatur.

503 2728 841 2802 Quocumque
866 2746 921 2787 se
950 2733 1203 2797 verterit,
1238 2730 1593 2802 prosperabit.
1625 2728 1770 2785 Bene
1804 2741 2001 2799 proce-

429 2823 520 2876 det
549 2821 675 2877 talis
707 2822 1003 2889 institutio,
1037 2825 1120 2879 vel
1157 2824 1212 2879 in
1244 2822 1493 2879 adversis
1527 2839 1543 2876 :
1576 2821 1826 2878 insinuat
1873 2821 2002 2889 qui-

429 2913 552 2966 dem
581 2914 636 2968 in
667 2916 977 2982 alacritate,
1012 2916 1384 2987 iucundorum
1417 2913 1850 2970 moderationem
1879 2929 1897 2979 ;
1945 2912 2000 2966 in

431 3003 725 3061 aﬂlictione
748 3016 951 3070 autem,
984 3008 1341 3063 molestorum
1378 3005 1749 3062 tolerantiam.

504 3195 666 3252 Vens.
698 3198 751 3251 9.
780 3198 885 3264 Qui
915 3198 1051 3253 celat
1079 3198 1297 3263 delicta,
1320 3198 1512 3267 quierit
1541 3198 1855 3252 amicitiam.
1890 3197 1998 3265 Qui

431 3285 684 3341 scandala
706 3286 776 3340 ab
802 3287 927 3342 aliis
953 3287 1057 3343 sibi
1082 3286 1209 3341 data
1239 3286 1593 3353 dissimulat,
1619 3301 1746 3342 cum
1769 3285 1848 3343 eis
1866 3288 2004 3341 ami-

431 3376 615 3430 citiam
646 3385 866 3433 nectere
901 3377 1072 3447 cupit.

501 3486 608 3550 Qui
653 3495 828 3541 autem
858 3503 891 3540 a
930 3470 1148 3542 celando
1171 3487 1435 3553 abhorret,
1467 3488 1671 3543 amicos
1702 3497 1752 3543 et
1782 3490 2001 3559 propin-

430 3593 560 3646 quos
602 3576 814 3632 dividit.
863 3578 968 3644 Qui
1013 3589 1196 3635 autem
1250 3596 1281 3635 a
1327 3579 1535 3636 talibus
1575 3579 1996 3637 dissimulandis

432 3668 715 3736 abhorret,
764 3669 969 3726 alienat
1013 3679 1068 3725 et
1115 3671 1404 3742 diligentes
1454 3686 1515 3727 se
1561 3679 1615 3725 et
1649 3670 1757 3727 sibi
1804 3686 2005 3742 genere

430 3760 767 3830 propinquos
802 3777 815 3814 :
857 3775 984 3815 nam
1026 3761 1272 3816 vicissim
1310 3759 1454 3817 facta
1477 3758 1860 3831 iudicantibus
1893 3760 2003 3815 itu-

433 3852 695 3921 possibile
715 3860 799 3909 est
833 3868 942 3907 non
975 3853 1208 3908 inveniri
1240 3853 1520 3908 scandala.

498 4054 661 4111 Vens.
690 4055 778 4110 ill.
811 4055 1105 4112 Conterunt
1126 4056 1282 4110 mina:
1302 4070 1396 4108 cor
1424 4054 1723 4123 prudentis.
1764 4054 2005 4111 Protcrit

427 4154 487 4211 et,
506 4147 574 4202 ab
605 4146 963 4202 inclinatione
1008 4148 1062 4202 in
1102 4147 1306 4201 malum
1354 4146 1553 4202 avertit
1579 4146 1867 4216 prudentis
1887 4146 2007 4201 ani-

428 4252 575 4294 mam
620 4239 794 4295 solum
845 4241 1009 4295 etiam
1059 4240 1287 4295 verbum
1330 4239 1780 4295 comminativum
1830 4239 2005 4296 :talis

427 4326 575 4381 enim
620 4330 705 4383 vir
752 4328 940 4399 fugere
985 4330 1127 4384 mala
1176 4330 1458 4399 praevenit,
1504 4337 1799 4400 antequam
1839 4344 1903 4386 ea
1933 4331 2005 4386 sit

427 4424 712 4487 expertus.

500 4526 811 4596 Imprudens
842 4542 1016 4584 autent
1043 4530 1367 4599 ﬂagellatus,
1404 4547 1506 4583 non
1550 4530 1842 4586 erudiatur.
1895 4533 2002 4585 lm-

429 4619 671 4686 prndens
704 4626 910 4683 autem,
959 4619 1123 4672 etiam
1159 4631 1283 4688 post
1326 4620 1514 4689 plagas
1563 4631 1783 4691 propter
1827 4622 2001 4691 ipsius

428 4706 627 4761 delicta
669 4707 776 4763 sibi
810 4706 1069 4774 inﬂictas,
1111 4724 1283 4778 quare
1309 4709 1674 4764 tentationum
1717 4711 1996 4773 incursus,

428 4797 794 4869 permissione
834 4799 1044 4867 divina,
1081 4793 1187 4856 sibi
1214 4798 1543 4865 inferantur,
1574 4819 1680 4856 non
1715 4804 1996 4873 agnoscit;

428 4887 736 4959 exindeque
768 4890 930 4945 vitam
963 4905 1118 4945 suam
1149 4905 1257 4944 non
1292 4887 1579 4945 reformat.
1615 4915 1619 4919 -

505 5094 668 5153 Vens.
726 5097 813 5153 il.
859 5096 1257 5154 Controversias
1301 5100 1525 5154 suscitat
1566 5101 1738 5154 omnis
1804 5099 1998 5154 malus.

429 5184 778 5241 Contradicit
820 5186 914 5242 Dei
961 5189 1237 5245 mandatis
1280 5190 1465 5245 omnis
1494 5189 1714 5260 quisibi
1743 5190 2003 5261 proponit

431 5276 656 5344 malum,
683 5292 958 5335 excusans
981 5282 1365 5346 excusationes
1393 5283 1448 5337 in
1485 5282 1749 5353 peccatis.
1816 5314 1825 5330 ι

498 5409 757 5466 Dominus
775 5421 950 5467 autem
973 5414 1215 5485 angelum
1264 5415 1726 5471 immisericordem
1759 5415 2006 5470 immittet

367 5554 370 5557 .
426 5503 497 5555 ei.
542 5501 904 5575 Omnipotens
969 5515 1152 5560 autem
1213 5508 1357 5560 Dens
1398 5507 1646 5562 ultricem
1701 5507 2004 5577 potentiam

432 5592 695 5663 adversus
730 5610 853 5650 eum
909 5596 1191 5658 immittet,
1241 5612 1362 5665 quae
1409 5598 1615 5665 juStam
1656 5599 1831 5668 ipsius
1868 5599 2005 5651 iram

430 5690 621 5735 contra
660 5684 812 5739 illum
849 5686 897 5740 ei
950 5686 1237 5742 denuntiet
1294 5687 1399 5754 Qtti
1438 5689 1585 5743 enim
1631 5691 1697 5746 ad
1746 5689 2004 5745 mandata

2113 1853 2290 1917 οὐδεὶς
2326 1854 2435 1922 γὰρ
2472 1852 2592 1922 Θεῷ
2631 1854 2725 1906 καὶ
2759 1853 2938 1905 Σατᾶν
2976 1850 3250 1905 δουλεύειν
3285 1850 3532 1904 δύναται.

2181 1972 2251 2037 η’.
2288 1964 2517 2030 Μισθὸς
2543 1964 2822 2033 χαρίτων,
2844 1966 2885 2033 ἠ
2909 1963 3148 2019 παιδεία
3176 1963 3302 2029 τοῖς
3334 1961 3694 2032 χρωμένοις.

2111 2054 2446 2109 Μισθοῦνται
2470 2055 2559 2109 διὰ
2586 2056 2696 2108 τῶν
2730 2054 2978 2117 ἐντολῶν,
3008 2054 3077 2108 τὰ
3105 2053 3201 2109 τοῦ
3224 2054 3485 2121 παναγίου
3528 2053 3699 2106 Πνεῦ-

2113 2164 2282 2217 ματος
2304 2146 2639 2217 χαρίσματα,
2668 2148 2748 2209 εἰς
2780 2145 2878 2216 τὴν
2903 2146 3242 2216 μετάγουσαν
3270 2144 3376 2199 ἀπὸ
3402 2143 3497 2196 τοῦ
3531 2146 3695 2196 ὲναν-

2109 2239 2225 2292 τίου
2285 2239 2366 2301 είς
2409 2237 2471 2291 τὺ
2519 2237 2724 2306 ἀγαθὸν
2774 2239 2867 2291 τὸν
2917 2239 3184 2310 ἡμέτερον
3219 2237 3333 2307 βίον
3379 2237 3691 2297 παίδευσιν,

2108 2331 2235 2395 τοὺς
2261 2330 2547 2401 μετιόντας
2571 2330 2742 2402 αὐτήν
2762 2346 2777 2362 σ
2808 2330 2938 2384 ἄνευ
2972 2330 3081 2400 γάρ
3107 2329 3217 2382 τῶν
3243 2328 3337 2381 τοῦ
3366 2327 3694 2396 Πνεῦματος

2108 2424 2485 2495 χαρισμάτων,
2515 2423 2606 2476 τοῦ
2657 2421 2847 2491 φόῦου,
2876 2422 3040 2493 φημὶ,
3072 2422 3166 2474 καὶ
3206 2420 3306 2490 τῆς
3353 2419 3561 2488 ἰσχύος,
3594 2421 3697 2471 καὶ

2105 2515 2215 2568 τῶν
2247 2515 2470 2579 λοιπῶν,
2505 2514 2628 2567 οὐδέ
2654 2529 2802 2575 τινος
2837 2513 2950 2582 βίος
2982 2515 3049 2582 τῇ
3077 2512 3184 2565 τῶν
3212 2509 3440 2563 ἐντολῶν
3481 2525 3695 2577 κατορ-

2107 2604 2270 2659 θώσει
2309 2605 2446 2676 πρὸς
2483 2605 2544 2657 τὺ
2583 2603 2794 2674 βέλτιον
2835 2602 3246 2673 μεταϐάλλεται.

2178 2714 2261 2775 Οὗ
2294 2718 2347 2773 δ’
2373 2718 2452 2773 ἂν
2476 2718 2832 2788 ἐπιστρέψῃ,
2875 2716 3330 2783 εὐοδωθήσεται.
3368 2713 3697 2785 Εὐθυπορή-

2105 2828 2188 2865 σει
2233 2810 2290 2864 δὲ
2340 2811 2374 2881 ἡ
2422 2809 2648 2879 τοιαύτη
2682 2809 2964 2873 παίδευσις
2991 2811 3086 2863 atat
3123 2811 3181 2862 ὲν
3229 2810 3341 2871 τοῖς
3371 2806 3693 2871 ἐναντίοις,

2103 2896 2409 2969 ἐμποιοῦσα
2447 2897 2543 2950 ἐπὶ
2576 2896 2676 2966 μὲν
2704 2899 2827 2958 ταῖς
2867 2896 3155 2966 εὐθυμίαις
3175 2937 3190 2959 ,
3222 2894 3551 2964 ἐγκράτειαν
3578 2894 3696 2946 τῶν

2099 2990 2301 3062 ἡδέων·
2335 2990 2428 3043 ἐπὶ
2457 2988 2513 3041 δὲ
2545 2990 2666 3052 τατς
2695 2987 3048 3059 δυσθυμίαις,
3070 2986 3343 3057 ὑπομονὴν
3369 2985 3480 3038 τῶν
3501 2984 3697 3055 ἀλγει-

2036 3107 2080 3166 c
2113 3104 2239 3142 νων.

2177 3200 2242 3255 θ’.
2289 3202 2387 3264 "Oc
2438 3201 2687 3268 κρύπτει
2731 3197 3098 3263 ἀδικήματα,
3151 3193 3306 3261 ζητεῖ
3350 3194 3586 3263 δειλίαν.
3634 3191 3698 3245 '0

2104 3289 2365 3361 παρορῶν
2408 3290 2475 3363 τὰ
2511 3290 2640 3362 παρ’
2662 3289 2867 3360 ἑτέρων
2907 3290 2988 3352 εἰς
3028 3287 3189 3340 αὐτὸν
3218 3286 3476 3355 γινόμενα
3514 3285 3699 3337 σκάν-

2102 3379 2257 3445 δαλα,
2288 3380 2446 3434 ποθεῖ
2471 3381 2533 3433 τὸ
2562 3379 2945 3453 συμφιλιάζειν
2972 3379 3178 3440 αὐτοῖς.

2180 3490 2285 3557 ’ος
2312 3488 2381 3544 δὲ
2412 3489 2580 3557 μισεῖ
2599 3491 2904 3557 κρύπτειν,
2931 3488 3198 3555 διίστησι
3228 3488 3447 3557 φίλους
3475 3487 3575 3540 καὶ
3602 3488 3695 3540 ol-

2103 3584 2329 3648 κοίους.
2362 3584 2458 3645 ⁸ος
2488 3582 2536 3635 δ’
2557 3581 2963 3653 ἀποστρέφεται
2989 3581 3052 3633 τὸ
3076 3578 3526 3651 παραδλέπεσθαι
3553 3580 3696 3632 ταῦο

2102 3689 2194 3733 τα,
2226 3671 2503 3744 ἐχθραίνει
2553 3670 2682 3734 τούς
2727 3668 2787 3723 τε
2834 3668 3123 3738 φιλοῦντας
3149 3670 3332 3731 αὑτὸν,
3364 3670 3460 3724 καὶ
3486 3669 3696 3732 αὐτοὺς·

2102 3765 2229 3827 τοὺς
2257 3763 2402 3818 κατὰ
2428 3764 2584 3833 γένος
2611 3761 3133 3833 προσῳκειωμένους
3178 3760 3361 3833 αὐτῷ*
3409 3762 3528 3824 τοῖς
3574 3760 3697 3829 γὰρ

2106 3854 2453 3925 ἀνακρίνουσι
2484 3853 2554 3907 τὰ
2588 3853 2860 3924 ἀλλήλων,
2889 3851 3150 3907 ἀδύνατον
3197 3849 3275 3922 μὴ
3324 3849 3695 3919 εὑρίσκεσθαι.

2106 3946 2400 4001 σκάνδαλα.

2175 4065 2226 4113 ι’.
2270 4061 2574 4128 Συπρίὄει
2595 4057 2815 4125 ἀπειλὴ
2840 4053 3094 4124 καρδίαν
3114 4053 3426 4122 φρονίμου.
3469 4050 3691 4122 Συνθλᾷ

2105 4152 2201 4205 καὶ
2226 4151 2329 4219 τῆς
2363 4150 2499 4224 πρὸς
2532 4150 2595 4203 τὸ
2623 4149 2792 4203 κακὸν
2815 4147 2994 4219 ὁρμῆς
3025 4142 3342 4199 ἀναστέλλει
3367 4142 3467 4212 τὴν
3502 4141 3692 4212 ψυχὴν

2102 4241 2197 4295 τοῦ
2228 4241 2536 4312 ὲχέφρονος,
2565 4242 2661 4296 καὶ
2703 4241 2861 4312 μόνος
2902 4236 3257 4308 άπειλητικδς
3304 4235 3496 4303 λόγος·
3548 4251 3693 4304 προ-

2104 4334 2297 4403 φθάνει
2322 4334 2432 4404 γὰρ
2469 4332 2498 4384 ὁ
2542 4332 2783 4397 τοιοῦτος
2811 4331 2951 4403 ἀνὴρ
2983 4329 3082 4400 τὴν
3118 4327 3229 4382 τῶν
3259 4327 3449 4381 κακῶν
3477 4327 3685 4395 φυγὴν,

2031 4434 2075 4490 ι)
2105 4426 2210 4499 πρὸ
2239 4428 2337 4497 τῆς
2371 4425 2569 4498 πείρας
2606 4425 2811 4479 αὐτῶν.

2178 4540 2418 4608 ’Ἄφρων
2455 4534 2525 4590 δὲ
2563 4536 2975 4606 μαστιγωθεὶς,
3002 4538 3114 4590 οὐκ
3144 4533 3590 4588 αίσθὰνεται.⁹0
3625 4532 3689 4589 δὲ

2102 4629 2350 4698 ἀνόητος,
2380 4628 2475 4681 καὶ
2505 4626 2640 4698 μετὰ
2669 4627 2768 4689 τὰς
2796 4625 3237 4696 ὲπενηνεγμένας
3267 4624 3416 4693 αὐτῷ
3439 4623 3668 4693 πλήγὰς

2100 4720 2214 4773 τῶν
2245 4719 2794 4790 πεπλημμελημένων
2827 4718 2977 4789 αὐτῷ
3020 4717 3227 4782 ἕνεκεν,
3271 4717 3370 4770 οὐκ
3414 4716 3684 4782 ἐπιγινὼο

2104 4826 2223 4862 σκει
2263 4810 2406 4872 τινος
2451 4810 2610 4879 χάριν
2638 4810 2693 4861 αἱ
2721 4809 2831 4861 τῶν
2862 4808 3189 4880 πειρασμῶν
3218 4808 3478 4876 ἐπιφοραὶ
3498 4848 3514 4869 ,
3546 4822 3685 4872 συγ-

2102 4901 2341 4971 χωρήσει
2387 4899 2531 4971 θείᾳ,
2561 4889 2741 4969 τούτῳ
2766 4898 3062 4969 ἐπάγονται
3086 4916 3099 4930 ο
3148 4896 3444 4952 κάντεῦθεν
3475 4897 3570 4949 τὸν
3598 4897 3683 4949 οἱα

2103 4992 2247 5044 κεῖον
2277 4990 2389 5061 βίον
2421 4991 2483 5042 οὐ
2514 4989 2741 5060 διορθοῖ.

2174 5100 2265 5154 ια’.
2302 5098 2672 5167 Ἀντιλογίας
2722 5097 2930 5168 ἐγείρει
2975 5097 3096 5164 πᾶς
3130 5098 3332 5163 κακός.
3374 5094 3678 5161 Ἀντιλέγει

2102 5192 2220 5254 ταῖς
2239 5190 2333 5245 τοῦ
2352 5189 2487 5244 Θεοῦ
2520 5190 2782 5255 ἐντολαῖς,
2806 5193 2915 5254 πᾶς
2937 5189 3369 5261 προαιρούμενος
3387 5189 3448 5241 τὸ
3468 5188 3641 5241 κακόν
3658 5204 3673 5217 ο

2105 5279 2572 5351 προφασιζόμενος
2602 5278 2901 5350 προφάσεις
2930 5280 2987 5332 ἐν
3021 5278 3338 5350 ἁμαρτίαις.

2191 5414 2252 5468 '0
2297 5413 2366 5467 δὲ
2405 5415 2618 5483 Κύριος
2666 5413 2925 5483 dna/tor
2967 5410 3343 5481 ἀνελεήμονα
3382 5410 3678 5480 ἐκπέμψαι

2106 5504 2286 5576 αὐτῷ.
2329 5505 2386 5558 Ὀ
2409 5505 2467 5557 δὲ
2493 5504 2586 5559 τοῦ
2608 5504 2808 5567 παντὸς
2829 5503 3102 5573 Δεσπότης
3125 5504 3276 5569 Θεὸς,
3297 5500 3674 5572 τιμωρητικὴν

2108 5597 2336 5668 δύναμιν
2396 5593 2743 5661 ἐξαποστελεῖ
2793 5596 2884 5648 ἐπ’
2928 5594 3090 5648 αὐτὸν
3122 5635 3137 5654 ,
3196 5591 3673 5661 καταγγέλλουσιν

2110 5687 2281 5751 τούτῳ
2303 5687 2401 5757 τὴν
2426 5690 2543 5742 κατ’
2577 5687 2739 5741 αὑτοῦ
2776 5685 2990 5743 δικαίαν
3017 5687 3207 5741 τούτου
3236 5686 3424 5756 ὀργήν.
3470 5684 3531 5737 ’ὓ
3566 5683 3671 5754 γὰρ
