3950 6206
218 351 357 418 1397

1271 340 1802 402 COMMENTARII
1845 340 1923 399 ΙΝ
1969 340 2423 399 ΡιιυνιιιιΒιΑ.

3347 340 3497 403 1338‘-

213 465 462 541 ματαίως
486 458 929 534 προόαλλόμενος
956 452 1259 526 προφάσεις
1280 492 1297 517 ,
1330 455 1410 517 εἰς
1429 453 1491 507 τὸ
1523 452 1602 525 μὴ
1629 455 1800 508 ποιεῖν

1921 449 2007 506 Dei
2033 465 2151 505 non
2179 446 2555 521 adimplenda,
2610 446 2819 504 frustra
2841 447 3234 504 excusationes
3262 448 3482 521 allegat,

211 556 281 610 τὰ
313 550 622 608 Δεσποτικὰ
671 544 1099 617 προστάγματα.
1138 542 1499 616 παροργίζων
1525 543 1805 608 euomit-

211 646 382 710 καίιος
412 642 520 697 τῶν
547 642 679 712 παρ’
705 635 872 693 αὑτοῦ
907 637 1167 708 πειρᾶται
1194 634 1442 707 πληγῶν.

286 736 375 808 ιβ’.
418 731 790 806 Ἐμπεσεῖται
803 729 1061 802 μέριμνα
1079 728 1255 802 ἀνδρί
1274 729 1549 800 νοήμονι.
1566 725 1817 799 Ἐπέλθῃν

213 828 416 902 μελέτη
463 824 721 897 διηνεκὴς
769 822 991 877 πάντων
1015 821 1124 875 τῶν
1153 819 1369 875 ἐκεῖθεν
1405 818 1796 891 δικαστηρίων,

211 920 492 994 ἀνθρώπῳ,
513 918 773 988 νουνεχεῖ,
806 916 1037 979 καὶτοῖς
1056 912 1415 985 προσκαίροις
1443 912 1534 967 τὸν
1563 910 1690 966 νοῦν
1723 910 1800 982 μὴ

213 1006 765 1081 αίχμαλωτιζομὲνῳ.

293 1101 359 1154 Oi
388 1098 457 1152 es
487 1097 748 1166 ἄφρονες
772 1090 1221 1161 διαλογιοῦνται
1277 1087 1454 1143 κακά.
1512 1088 1579 1142 Οἱ
1621 1086 1684 1141 δὲ
1723 1087 1798 1158 μὴ

213 1190 607 1265 περιφέροντες
657 1184 789 1239 Θεὸν
824 1184 882 1237 ὲν
914 1181 1115 1254 καρδίᾳ
1135 1218 1157 1253 ,
1186 1178 1572 1250 διαλογισμοὺς
1617 1177 1808 1245 ἕξουσι

215 1282 512 1356 πονηροὺς,
536 1280 611 1343 ὡς
646 1277 830 1350 μόνοις
860 1274 1251 1347 προσκείμενοι
1279 1274 1395 1336 τοῖς
1424 1271 1708 1343 φθαρτοῖς.

288 1377 374 1441 ιγ’.
405 1371 511 1435 Ὃς
537 1365 840 1424 ἀποδώσει
876 1362 1034 1419 κακὰ
1060 1364 1194 1418 ἀντὶ
1225 1362 1484 1433 ἀγαθῶν,
1522 1363 1595 1417 οὐ
1630 1377 1801 1428 κινη-

214 1463 463 1533 θήσεται
489 1459 645 1514 nanti
666 1457 738 1513 ἐκ
762 1455 871 1511 τοῦ
896 1456 1070 1511 οίκιιυ
1089 1453 1300 1510 αὐτοῦ.
1343 1453 1801 1524 Νεκρωθήσονται

215 1554 312 1608 καὶ
335 1549 740 1608 ἁτέοὸαλοῦνται
766 1548 866 1621 τὴν
895 1547 1130 1617 κίνησιν,
1166 1544 1238 1599 τὰ
1262 1543 1414 1615 πάθη
1450 1544 1551 1615 τῆς
1599 1543 1800 1615 σαρκὸς

214 1645 312 1700 τοῦ
361 1644 567 1717 ταύτην
618 1641 1035 1706 ὑπωπιάζοντος
1081 1639 1177 1693 καὶ
1227 1637 1534 1704 θλίϐοντος,
1585 1636 1703 1691 ἀνθ’
1727 1630 1803 1690 ὧν

1907 543 2135 599 irritans
2167 543 2342 600 Deum
2374 542 2444 598 ab
2476 541 2597 613 ipso
2618 539 2770 612 juste
2802 540 2989 613 plagis
3005 548 3249 597 tentatur

1971 725 2138 781 Vsus.
2156 726 2243 781 12.
2282 723 2404 779 Viro
2431 724 2675 794 prudenti
2698 724 2994 779 incumbent
3024 738 3187 779 cum.
3213 722 3486 780 Contiaua

1902 826 2230 874 cunctorum
2285 816 2622 886 iudiciorum
2661 818 2899 886 desuper
2950 831 3084 872 cura
3120 817 3340 873 devenit
3367 817 3508 873 viro

1905 909 2167 979 prudenti
2193 909 2288 980 qui
2320 923 2480 964 suam
2516 918 2759 964 mentem
2789 907 2956 963 rebus
2983 907 3356 978 praesentibus
3370 922 3487 963 ser.-

1902 1001 2088 1057 viliter
2121 1002 2365 1057 additam
2388 1016 2497 1057 non
2531 1007 2705 1056 tenet.

1975 1094 2299 1166 Insipientes
2328 1105 2505 1151 autem
2552 1095 2694 1149 male
2731 1094 3134 1165 colioquuntur.
3170 1093 3274 1161 Qui
3303 1104 3515 1151 autem»

1903 1187 1960 1243 in
1992 1188 2160 1244 eorde
2185 1202 2298 1244 non
2325 1188 2510 1245 ferunt
2538 1190 2707 1244 Deum
2737 1188 3014 1259 colloquia
3049 1188 3332 1244 habebunt
3363 1204 3488 1259 per-

1902 1294 2088 1343 versa,
2115 1291 2380 1349 tanquam
2421 1280 2530 1336 soli
2573 1279 2934 1350 subiacentes
2959 1282 3308 1351 corruptelae.

1973 1369 2143 1429 Vnus.
2197 1372 2286 1427 15.
2330 1372 2437 1438 Qui
2484 1388 2582 1439 pro
2622 1372 2773 1427 bonis
2823 1372 2967 1427 mala
3016 1371 3220 1438 reddet,
3245 1373 3393 1427 illius
3421 1388 3513 1426 ex»

1902 1462 2061 1517 domo
2100 1463 2249 1517 mala
2276 1480 2382 1518 non
2408 1463 2651 1518 exibunt.
2685 1462 3165 1519 Mortiﬁeabuntnr
3183 1464 3490 1521 destituen-

1905 1564 2106 1624 tnrque
2139 1540 2291 1609 motu
2323 1553 2511 1609 carnis
2536 1553 2826 1621 passiones
2862 1553 2919 1607 in
2951 1567 3018 1609 eo
3047 1554 3142 1623 qui
3176 1552 3318 1609 lianc
3351 1553 3489 1609 allii—

1904 1647 1991 1718 git
2037 1661 2102 1703 ac
2145 1646 2357 1703 cruciat
2401 1661 2504 1717 pro
2536 1646 2855 1702 carnalibus
2893 1646 2965 1702 ab
2995 1646 3119 1704 istis
3147 1647 3252 1703 sibi
3283 1661 3515 1718 suppeu

214 1737 389 1792 ταῦτα
442 1736 723 1809 ἐπεγείρει
773 1733 925 1804 αὐτῷ
975 1732 1255 1804 σαρκικῶν
1299 1727 1646 1801 ἡδυπαθειῶν
1675 1745 1687 1760 ’
1745 1728 1800 1781 αἳ

1921 1735 2097 1790 litatis
2128 1735 2531 1806 voluptatibus,
2556 1750 2679 1806 quae
2703 1749 2735 1790 a
2764 1736 2958 1792 multis
2985 1744 3259 1792 vocantur
3288 1737 3447 1793 bona:
3470 1756 3517 1793 ιτ

212 1832 326 1895 τοῖς
360 1798 577 1892 πολλοῖς
598 1798 911 1898 νομίζονται
940 1798 1165 1893 ἀγαθαί.
1182 1822 1247 1877 Ἦ
1270 1798 1379 1892 γάρ
1408 1818 1547 1892 σὰρξ
1571 1820 1798 1892 οίκητή-

1921 1840 2047 1881 earo
2080 1826 2225 1882 enim
2253 1798 2627 1883 liabitaculuin
2674 1835 2763 1883 est
2801 1828 3019 1889 animat,
3043 1842 3142 1897 per
3175 1843 3365 1898 quam,
3402 1837 3490 1883 ut-

213 1922 331 1995 ριόν
355 1921 473 1975 ἐστι
503 1921 603 1991 τῆς
630 1917 841 1990 ψυχῆς·
877 1916 945 1970 δι’
978 1916 1046 1988 ἢν
1093 1914 1168 1979 ὡς
1207 1913 1436 1985 λογικήν
1469 1928 1529 1965 τε
1565 1913 1660 1966 καὶ
1689 1929 1799 1966 νοε-

217 2014 337 2084 ρὰν.
366 2010 656 2081 ἄνθρωπος
682 2008 777 2062 καὶ
803 2006 919 2060 ἐστι
949 2007 1045 2059 καὶ
1072 2005 1291 2072 λέγεται
1316 2002 1475 2074 ήμῶν
1509 2003 1760 2065 ἕκαστος.

287 2104 368 2158 ιδ’.
404 2100 726 2166 Ἰἰεουσίαν
767 2097 980 2151 δίδωσι
1025 2097 1254 2165 λόγοις,
1289 2091 1448 2163 ἀρχὴ
1488 2091 1797 2146 δικαιοσύο

211 2209 359 2263 νηςο
394 2191 736 2262 προηγεῖται
770 2189 840 2244 δὲ
873 2187 983 2258 τῆς
1016 2186 1278 2254 ἐνδείας,
1301 2185 1522 2252 στάσις
1553 2184 1655 2239 καί
1685 2183 1828 2254 μὰοη

212 2307 311 2360 κη.
354 2285 696 2357 Ἐλευθερίαν
725 2285 960 2354 παρέχει
988 2283 1104 2345 τοῖς
1132 2281 1334 2349 λόγοις,
1373 2281 1455 2343 είς
1495 2278 1557 2331 τὸ
1599 2278 1798 2347 ἀπερι-

214 2381 507 2445 καλύπτως
531 2378 895 2449 ἀπαγγέλλειν
921 2376 984 2429 τὸ
1004 2374 1228 2446 ἀληθὲς,
1245 2373 1306 2426 τὸ
1331 2374 1396 2426 ὲκ
1419 2372 1518 2441 τῆς
1540 2370 1796 2443 ἐναρέτου

213 2474 489 2534 πολιτείας
511 2471 655 2527 κατὰ
682 2472 790 2524 τῶν
819 2468 1012 2524 παθῶν
1039 2466 1242 2539 κράτος
1262 2481 1277 2495 ·
1315 2465 1507 2519 ἕπεται
1528 2462 1585 2516 δὲ
1608 2463 1672 2532 τῇ
1697 2461 1797 2531 τῆς

217 2567 421 2640 σαρκὸς
446 2567 583 2637 πρὸς
607 2565 666 2617 τὸ
698 2562 937 2633 πνεῦμα,
962 2560 1059 2615 καὶ
1084 2557 1180 2613 τοῦ
1205 2557 1325 2629 βίον
1353 2556 1492 2628 πρὸς
1521 2555 1612 2609 τὸν
1638 2554 1796 2622 λόγον

214 2655 697 2720 ἀντικαταστάσει,
729 2656 763 2726 ἡ
795 2652 947 2723 παρὰ
979 2650 1144 2725 μέρος
1177 2649 1278 2720 τῆς
1320 2646 1579 2718 ἀληθείας
1626 2645 1795 2699 ἔλλει-

212 2753 341 2821 ψιςο
370 2751 499 2806 ὅταν
529 2748 638 2820 γὰρ
694 2747 769 2819 μὴ
813 2744 890 2815 τῷ
941 2743 1087 2813 λόγῳ
1145 2744 1174 2796 ὁ
1230 2741 1343 2813 βίος
1389 2740 1791 2812 συμμαωυρῇ,

216 2844 431 2914 ἀνάγκη
471 2840 732 2913 χωλεύειν
761 2835 997 2892 ἐνταῦθα
1028 2835 1129 2907 τὴν
1159 2834 1436 2905 ἀλήθειαν.

287 2932 372 2989 ιε’.
406 2935 511 3000 ’ος
550 2931 786 2987 δίκαιον
832 2929 1023 2998 κρίνει
1065 2926 1174 2983 τὸν
1212 2926 1443 2992 ἄδικον,
1476 2926 1689 2981 ἄδικον
1728 2926 1797 2980 δὲ

213 3023 326 3078 τὸν
349 3022 606 3088 δίκαιον,
626 3020 960 3089 ἀκάθαρτος
984 3019 1080 3074 καί
1108 3017 1453 3085 βδελυκτὸς
1471 3018 1630 3088 παρὰ
1651 3016 1793 3083 Θεῷ.

1906 1925 2032 1987 pote
2058 1918 2381 1975 rationalem
2410 1928 2464 1974 et
2493 1919 2911 1990 intelligentem,
2937 1919 3319 1990 unusquisque
3384 1936 3488 1976 no-

1907 2019 2084 2066 strum
2120 2024 2173 2069 et
2209 2023 2294 2069 est
2323 2022 2379 2068 et
2407 2011 2817 2069 diciturltomo.

1984 2105 2152 2161 Vens.
2190 2104 2278 2159 14.
2317 2103 2642 2159 Potestatem
2669 2110 2891 2172 praestat
2942 2102 3270 2157 sermonibus
3307 2111 3507 2157 auctam

1906 2203 2039 2255 ritas
2064 2199 2276 2255 uirtutis
2299 2212 2320 2260 ;
2339 2197 2597 2264 praecedit
2623 2205 2799 2249 autem
2816 2195 3078 2264 defectum
3097 2195 3284 2249 seditio
3315 2204 3366 2249 et
3391 2212 3490 2264 pn-

1916 2309 2040 2362 gna.
2069 2290 2402 2345 Libertatem
2442 2287 2648 2355 praebet
2676 2285 3054 2351 sermonibus,
3090 2286 3159 2341 ad
3185 2294 3375 2355 aperte
3397 2303 3491 2342 ve-

1911 2399 2033 2438 rum
2072 2378 2540 2443 annuntiandum,
2571 2393 2695 2448 quae
2727 2394 2791 2433 ex
2820 2377 2945 2432 vitae
2969 2378 3266 2433 virtutibus
3295 2389 3517 2434 contra-

1906 2474 2194 2546 passiones
2239 2471 2418 2527 oritur
2457 2477 2726 2540 potestas.
2765 2467 3032 2539 Sequitur
3074 2476 3259 2523 autem
3297 2471 3489 2528 carnis

1907 2564 2174 2619 adversus
2194 2561 2452 2634 spiritum
2482 2569 2538 2615 et
2565 2560 2692 2616 vitae
2727 2569 2923 2618 contra
2956 2561 3224 2617 rationem
3256 2563 3484 2625 luctam.

1909 2672 1936 2709 a
1967 2654 2217 2712 veritatis
2244 2661 2402 2722 parte
2423 2650 2664 2706 defectio
2701 2669 2713 2704 :
2751 2667 2876 2705 cum
2912 2652 3057 2705 enim
3088 2652 3287 2707 rationi
3329 2654 3486 2708 testi-

1903 2747 2151 2802 monium
2190 2746 2299 2800 vita
2351 2759 2459 2800 non
2499 2742 2698 2807 reddit,
2722 2740 2922 2801 exinde
2955 2743 3240 2801 veritatem
3273 2745 3484 2803 claudi-

1903 2855 2031 2895 care
2077 2854 2309 2896 necesse
2347 2846 2453 2893 est.

1976 2932 2143 2989 Vens.
2175 2932 2262 2988 15.
2295 2931 2411 2997 Qui
2432 2930 2693 3001 injustam
2710 2929 2921 2999 judicat
2942 2932 3166 2997 iustum,
3182 2930 3485 3007 jnstumqne

1902 3026 2187 3096 injustam,
2208 3024 2460 3079 scelestus
2507 3032 2557 3078 et
2589 3022 2965 3079 abominabilis
3006 3034 3128 3078 ante
3165 3023 3350 3079 Deum.
3379 3026 3481 3091 Qui

221 3117 319 3177 ’ος
348 3112 558 3185 νομίζει
583 3113 674 3167 τὸν
703 3114 801 3185 μὲν
833 3110 1244 3184 παραϐαίνοντα
1266 3109 1365 3175 τὰς
1397 3110 1547 3175 θείας
1577 3110 1796 3176 ἐντολὰς

1921 3119 2093 3173 livina
2137 3116 2400 3172 mandata
2443 3115 2940 3186 transgredientem
2975 3123 3136 3169 vocat
3173 3116 3378 3170 bonum
3416 3119 3493 3172 ad.

216 3204 444 3273 ἀγαθὸν,
475 3205 551 3269 ὡς
579 3204 860 3275 ἀπατῆσαι
912 3203 1007 3256 καὶ
1066 3201 1266 3274 βλάψαι
1303 3203 1555 3274 ἰσχυρόν·
1607 3201 1701 3256 τὸν
1744 3203 1803 3257 δὲ

216 3296 421 3361 ταύτας
448 3296 719 3370 τηροῦντα
739 3337 754 3362 ,
802 3295 975 3350 κακὸν
1002 3294 1079 3360 ὡς
1112 3295 1453 3363 ἀνεξικάκως
1488 3295 1560 3349 τὰ
1589 3296 1810 3368 λυπηρὰ

220 3390 480 3462 φέροντα,
514 3390 612 3444 καὶ
640 3389 718 3460 τῷ
748 3389 1009 3457 ἐπάγοντι
1056 3388 1207 3460 αὐτῷ
1235 3387 1410 3443 ταῦτα
1460 3388 1538 3461 μὴ
1591 3389 1809 3443 ἀντιπί-

219 3499 446 3546 πτοντα,
481 3482 737 3553 ὲμπαθής
781 3483 930 3535 ἐστιν
979 3484 1011 3535 ὁ
1058 3480 1327 3545 τοιοῦτος’
1368 3482 1463 3535 καὶ
1508 3481 1598 3535 διὰ
1649 3481 1809 3535 τοῦτο

222 3574 374 3647 παρὰ
392 3575 511 3645 Θεῷ
528 3575 607 3646 τῷ
625 3573 847 3637 ἀπαθεῖ,
871 3572 1098 3644 μισητός
1110 3612 1124 3626 .
1147 3592 1164 3625 ι
1186 3572 1326 3626 Οὐαὶ
1338 3572 1447 3644 γὰρ
1460 3576 1572 3637 τοῖς
1584 3573 1807 3642 λέγουσι

220 3666 284 3720 τὸ
314 3666 553 3737 πονηρὸν
577 3663 762 3730 καλὸν,
787 3664 882 3717 καὶ
910 3664 973 3716 τὸ
1000 3663 1165 3718 καλὸν
1194 3664 1452 3735 πονηρόν.
1488 3683 1506 3714 ι

293 3786 392 3845 ις’.
428 3779 551 3833 Ἵνα
571 3778 628 3831 τί
646 3775 883 3844 ὑπῆρξε
898 3774 1174 3846 χρήματα
1195 3774 1447 3846 ἄφρονα
1467 3775 1807 3844 κτήσασθαι

221 3871 334 3941 γὰρ
360 3868 587 3938 σοφίαν
626 3864 912 3936 ἀκάρδιοζ-
958 3867 1032 3919 οὐ
1077 3865 1426 3935 δυνήσεται.
1466 3866 1566 3930 Τίς
1594 3868 1628 3938 ἡ
1660 3867 1808 3921 αίτία

222 3958 317 4014 τοῦ
347 3955 653 4028 κτήσασθαι
684 3954 936 4019 πλοῦτον,
990 3955 1083 4008 τὸν
1120 3955 1196 4027 μὴ
1234 3957 1293 4009 ὲν
1325 3956 1520 4028 καρδίᾳ
1548 3958 1682 4010 Θεὸν
1712 3974 1808 4010 πε-

224 4051 550 4122 ριφέροντας
598 4047 816 4120 Ἐπειδὴ
840 4047 915 4120 μὴ
936 4044 1048 4102 οἶδε
1078 4047 1263 4112 καλῶς
1297 4048 1446 4119 αὐτῷ
1475 4050 1803 4123 χρήσασθαι.

233 4143 294 4196 '0
314 4142 424 4214 γὰρ
459 4140 697 4195 ἐνταῦθα
723 4140 798 4212 μὴ
816 4140 1132 4213 περιφέρων
1161 4140 1324 4195 αὐτὸν
1343 4180 1359 4205 ,
1390 4140 1507 4209 φῶς
1534 4141 1665 4195 ὅντα
1692 4158 1809 4195 νοε-

204 4233 338 4302 ρὸν,
372 4235 520 4303 σχεῖν
566 4232 840 4303 διάκρισιν
887 4232 990 4305 τὴν
1036 4231 1353 4304 διαιροῦσαν
1399 4232 1460 4287 τὸ
1503 4236 1686 4305 χεῖρον
1711 4233 1806 4287 τοῦ

224 4325 532 4397 κρείττονος
567 4327 671 4380 οὐκ
701 4324 931 4397 ίσχύσει.

300 4442 405 4506 ’ος
437 4439 684 4507 ὑψηλὸν
707 4438 865 4493 ποιεῖ
893 4439 1002 4494 τὸν
1025 4439 1244 4494 ἑαυτοῦ
1274 4434 1463 4509 οἷκον,
1483 4438 1642 4509 ζητεῖ
1658 4456 1807 4497 συν-

225 4528 460 4598 τριϐήν·
494 4532 528 4582 ό
566 4528 635 4582 δὲ
668 4527 1003 4589 meoerer
1046 4528 1153 4584 τοῦ
1179 4527 1415 4598 μαθεῖν,
1462 4530 1807 4601 ἐμπεσεῖται

225 4625 313 4687 εις
348 4619 523 4676 κακά.
560 4622 657 4684 Ὃς
688 4619 817 4690 ὑψοῖ
842 4621 902 4673 τὸ
936 4620 1065 4675 ῐδιον
1112 4619 1334 4691 σκῆνος,
1366 4622 1447 4686 είς
1474 4621 1536 4676 τὸ
1568 4621 1669 4693 τῆς
1701 4622 1807 4693 ψυ-

227 4714 328 4783 χῆς
359 4708 818 4781 κατεπαίρεσθαι,
844 4709 1001 4763 ποθεῖ
1026 4709 1125 4781 τὴν
1151 4710 1288 4765 ίδίαν
1320 4711 1627 4766 ἀπώλειαν·
1661 4715 1759 4767 καὶ
1780 4716 1808 4769 ὁ

227 4799 478 4855 ἐντεῦθεν
500 4799 588 4854 διὰ
611 4799 711 4871 τὴν
732 4799 834 4871 τῆς
860 4801 1181 4872 σωματικῆς
1205 4803 1808 4877 ἀλογίαςίὲπικράτειαν

225 4889 649 4962 ἐμποδιζόμενος
677 4891 883 4960 γνῶναι
913 4893 976 4945 τὺ
1009 4891 1180 4958 ὅντως
1208 4894 1394 4962 καλὸν,
1426 4901 1807 4970 περιπεσεῖται

224 4987 335 5047 τοῖς
366 4982 714 5054 φθοροτεοιοῖς
745 4983 998 5038 πάθεσιν.

296 5096 383 5162 ιζ’.
425 5099 532 5164 Εἰς
553 5098 751 5152 πάντα
779 5098 988 5167 καιρὸν
1006 5100 1185 5169 φίλος
1209 5101 1523 5170 ὑπαρχέτω
1545 5118 1666 5159 σοι.
1686 5103 1806 5174 Θεῷ

224 5190 529 5260 προσφιλὴς
558 5189 698 5245 εἶναι
721 5190 988 5257 σπούδαζε
1009 5233 1024 5257 ,
1046 5192 1106 5256 ὃς
1127 5192 1306 5247 πάντα
1325 5194 1417 5247 τὸν
1437 5195 1629 5264 χρόνον
1651 5196 1804 5252 ἔσται

228 5295 308 5332 σοι
347 5281 585 5351 ἀρωγός.

311 5394 584 5464 Ἀδελφοί
609 5394 681 5447 ἐν
703 5394 995 5464 ἀνάγκαις
1025 5398 1305 5467 χρήσιμοι
1329 5398 1609 5454 ἔστωσαν
1626 5418 1639 5433 α
1665 5403 1803 5456 τού-

231 5502 335 5538 του
366 5484 477 5554 γὰρ
507 5484 685 5554 χάριν
712 5486 1057 5553 γεννῶνται.
1099 5492 1161 5542 Οἱ
1193 5489 1249 5543 δὲ
1286 5490 1373 5543 διὰ
1409 5492 1504 5561 τὴν
1536 5495 1804 5568 ὁμοφοῒαν

231 5580 322 5634 καὶ
345 5577 404 5632 τὸ
424 5578 483 5631 ἓν
511 5580 592 5642 είς
617 5579 708 5633 τὸν
730 5581 865 5634 Θεὸν
896 5581 1058 5646 σέϐας
1080 5582 1317 5653 ἀδελφοὶ,
1348 5584 1473 5639 θάτε
1481 5603 1575 5655 ρος
1592 5586 1805 5660 θατέρῳ

232 5670 494 5743 βοηθείτω
525 5672 582 5726 ἐν
618 5673 1002 5742 περιστάσεσι*
1033 5675 1224 5745 τούτου
1271 5675 1378 5748 γὰρ
1425 5678 1615 5731 ἕνεκεν
1663 5680 1804 5733 κατὰ

228 5782 283 5818 τε
312 5764 406 5837 τὴν
433 5764 593 5837 φύσιν
621 5767 711 5820 καὶ
743 5767 840 5839 τὴν
873 5767 1032 5841 χάριν
1056 5768 1117 5823 τὸ
1148 5769 1405 5839 συγγενὲς
1437 5770 1652 5842 ἔχουσιν
1680 5787 1691 5800 ⁸
1723 5773 1771 5826 ίν
1790 5775 1802 5790 ⁸

1909 3206 2289 3279 decipiendam
2366 3203 2890 3274 impcdiendamque
2965 3213 3337 3274 potestatem;
3392 3205 3489 3259 illa

1908 3314 2039 3353 vero
2072 3296 2500 3357 custodientem,
2551 3294 2802 3359 malum,
2852 3301 3038 3365 utpote
3081 3295 3489 3364 patientermo-

1908 3392 2046 3447 lesta
2095 3390 2389 3454 ferentem,
2438 3397 2495 3444 et
2528 3387 2607 3442 illi
2649 3388 2744 3457 qui
2776 3386 3029 3459 congerit
3074 3387 3179 3441 ista
3221 3387 3327 3441 sibi
3379 3404 3488 3442 non

1911 3483 2283 3545 resistentem,
2320 3480 2447 3535 talis
2499 3478 2728 3534 libidine
2758 3495 2939 3534 eiectis
2971 3488 3077 3543 est,
3106 3488 3159 3534 et
3192 3478 3314 3533 ideo
3347 3480 3489 3549 apud

1909 3571 2079 3626 Deum
2102 3571 2196 3640 qui
2222 3569 2479 3640 passione
2497 3584 2605 3623 non
2630 3577 2880 3623 movetur
2913 3569 3156 3622 odiosus.
3184 3589 3200 3619 ι
3227 3568 3313 3621 νει·
3342 3573 3511 3625 ιιιιιιιΔ

1908 3661 2161 3730 iniquum
2197 3659 2513 3715 dicentibus
2544 3659 2769 3723 bonum,
2806 3666 2860 3713 et
2885 3657 3085 3713 bonum
3118 3661 3339 3713 malum.
3379 3682 3394 3710 ι

1982 3769 2149 3825 Vsus.
2173 3770 2262 3825 16.
2300 3767 2366 3824 Ut
2390 3769 2519 3840 quid
2550 3769 2869 3824 obvenerunt
2894 3770 3217 3837 imprudenti
3246 3772 3444 3827 diuitiw
3470 3776 3495 3826 ."

1908 3863 2103 3917 Ament
2126 3863 2265 3917 enim
2302 3861 2623 3930 sapientiam
2645 3874 2957 3928 comparare
2992 3878 3094 3915 non
3116 3866 3326 3929 poterit.
3359 3863 3493 3930 Quae

1909 3970 2077 4010 causa
2130 3955 2351 4008 divitias
2392 3951 2713 4021 possidendi
2764 3951 2813 4005 ei
2871 3952 2965 4023 qni
3018 3955 3184 4007 Deum
3222 3955 3276 4008 in
3328 3956 3517 4009 corde

1909 4061 2016 4101 non
2043 4046 2259 4117 gestat?
2296 4043 2582 4115 Siquidem
2608 4046 2845 4101 eisltene
2886 4046 2962 4099 uti
2988 4046 3183 4101 nescit.
3217 4045 3320 4113 Qui
3344 4047 3489 4100 enim

1908 4136 2112 4192 ibidem
2137 4153 2248 4193 non
2270 4146 2447 4207 gestat
2482 4137 2656 4204 illum,
2697 4136 2792 4207 qui
2827 4137 3012 4190 lumen
3037 4145 3124 4193 est
3157 4138 3489 4207 prudentia»,

1903 4228 2172 4298 judicium
2218 4229 2361 4300 quod
2398 4228 2555 4300 pejus
2584 4242 2615 4282 a
2646 4228 2875 4284 meliore
2931 4228 3202 4284 discernit
3237 4229 3487 4284 obtinere
3520 4266 3525 4267 κ

1908 4336 2020 4377 ιιοιι
2056 4322 2281 4394 poterit.

1986 4438 2094 4507 Qui
2125 4436 2292 4492 altam
2323 4436 2453 4504 facit
2484 4435 2699 4489 domum
2718 4435 3071 4505 suamquwrit
3096 4436 3509 4498 contritionem;

1914 4539 1965 4586 et
1997 4531 2089 4600 qui
2110 4530 2179 4583 ad
2205 4526 2542 4596 disciplinam
2572 4542 2675 4581 non
2696 4535 2835 4580 recte
2866 4525 3032 4579 tendit
3062 4528 3116 4580 in
3145 4526 3288 4580 mala
3314 4527 3486 4583 cadet.

1909 4621 2015 4689 Qui
2044 4635 2209 4676 suum
2258 4619 2467 4675 exaltat
2503 4618 2947 4687 tabernaculum,
2985 4627 3045 4675 ut
3080 4622 3326 4691 insurgat
3369 4622 3492 4675 ani-

1911 4727 2025 4777 ma,
2058 4726 2216 4769 suam
2262 4708 2545 4766 desiderat
2580 4710 2797 4766 ruinam
2819 4729 2851 4778 ;‘
2874 4720 2932 4767 et
2973 4712 3070 4783 qui
3106 4713 3328 4776 exinde,
3361 4728 3489 4766 car-

1907 4804 2022 4859 nali
2051 4802 2289 4858 amentia
2312 4801 2663 4874 praevalente,
2696 4815 2728 4855 a
2762 4802 3149 4872 cognoscendo
3177 4818 3304 4859 vere
3344 4804 3515 4860 bono.

1909 4896 2228 4968 impeditur,
2252 4895 2309 4951 in
2348 4896 2612 4952 exitiosae
2643 4897 2959 4966 passiones
2977 4895 3204 4951 incidet.

1980 5105 2144 5159 Vens.
2197 5103 2283 5159 l7.
2333 5102 2398 5156 In
2445 5118 2599 5157 omne
2649 5110 2848 5172 tempus
2888 5104 3095 5158 amicus
3129 5105 3196 5159 sit
3224 5106 3337 5160 tibi.
3378 5106 3490 5162 Deo

1906 5197 2141 5252 dilectus
2175 5212 2307 5252 esse
2341 5197 2534 5259 stude,
2599 5196 2692 5264 qui
2741 5196 2891 5250 omni
2936 5205 3183 5267 tempore
3228 5199 3336 5254 erit
3386 5199 3484 5253 tibi

1906 5289 2220 5345 auxiliator.

1982 5403 2205 5459 Fratres
2229 5407 2283 5459 in
2324 5403 2727 5459 necessitatibus
2767 5404 2928 5458 utiles
2954 5405 3060 5459 sint
3089 5421 3107 5459 :
3133 5406 3206 5459 ad
3226 5404 3322 5457 hoc
3345 5404 3481 5457 enim

1905 5496 2022 5549 nati
2044 5506 2186 5551 sunt.
2210 5495 2315 5562 Qui
2341 5497 2826 5567 consanguinitate
2847 5496 3151 5567 eademque
3168 5513 3295 5566 erga
3315 5495 3483 5551 Deum

1906 5588 2176 5660 religione
2214 5596 2344 5643 sunt
2393 5588 2596 5646 fratres
2644 5590 2700 5645 in
2758 5589 3187 5647 necessitatibus
3219 5587 3484 5642 auxilium

1908 5698 2054 5738 unus
2090 5681 2248 5737 alteri
2292 5691 2555 5753 prarstent
2583 5702 2595 5738 :
2627 5684 2695 5737 ad
2734 5685 2836 5739 lioc
2865 5684 3011 5739 enim
3051 5691 3247 5738 natura
3277 5684 3485 5754 gratia-

1906 5790 2013 5845 que
2054 5776 2449 5847 consanguinei
2491 5776 2643 5848 sunt,
2691 5786 2771 5844 ut,
2837 5776 2979 5835 sicut
3026 5778 3189 5834 unius
3238 5778 3524 5865 nzcmbra‘
