3950 6206
455 333 594 398 1399

1751 328 2108 397 PROCOPII
2140 334 2384 397 GAZIEI

3589 329 3739 395 1400

448 446 733 518 corporis,
793 454 960 518 caput
1005 444 1263 503 habentia
1323 444 1643 510 Christum,
1693 444 1751 499 in
1809 454 2040 517 tempore

2163 448 2233 512 ὼς
2254 448 2374 511 ἑνὸς
2405 445 2541 517 μέλη
2577 445 2851 516 σώματος,
2872 443 3112 515 κεφαλὴν
3138 441 3354 513 ἔχοντος
3374 443 3465 496 τδν
3486 443 3731 515 Χριστὸν

449 537 800 594 necessitatis
826 536 931 592 sibi
956 545 1152 592 mutuo
1180 536 1541 591 auxilientur.

523 627 685 682 Vens.
718 628 805 682 18.
839 625 931 680 Vir
958 627 1215 696 insipiens
1243 625 1454 693 plaudit
1479 622 1881 694 congaudetque
1908 625 2030 689 sibi,

449 730 507 774 ut
528 720 619 791 qui
638 719 920 789 sponsione
941 718 1223 788 spopondit
1256 733 1355 787 pro
1378 717 1549 771 amico
1583 729 1682 770 suo
1735 714 1913 771 Homo
1938 717 2034 787 qui

449 826 554 867 nec
589 827 688 867 sua
720 826 821 866 nec
853 811 1087 865 aliorum
1116 807 1406 864 commoda
1427 808 1573 878 sapit
1599 848 1615 873 ,
1642 807 1732 863 sui
1769 821 1963 863 amans
1979 815 2036 863 et

449 919 563 960 non
605 903 715 959 Deo
764 903 1041 974 placitus,
1081 900 1294 971 plaudit
1343 900 1567 971 quidem
1610 907 1668 954 et
1726 898 2037 971 cungaudet

451 997 559 1053 sibi
594 997 662 1052 de
695 996 764 1051 iis
803 1009 926 1067 quae
953 995 1088 1050 dicit
1116 1002 1173 1049 et
1223 993 1371 1065 agit:
1410 991 1879 1063 quemadmodum
1925 991 2034 1047 sibi

451 1091 761 1161 gratulatur
810 1087 879 1143 de
930 1086 1215 1157 voluptate
1256 1084 1449 1140 carnis
1496 1098 1613 1139 sum
1652 1083 1892 1148 dilectae,
1933 1084 2034 1155 qui

447 1180 593 1235 hanc
641 1177 859 1234 tandem
893 1176 950 1231 in
993 1185 1176 1232 actum
1218 1174 1568 1240 tradendam,
1603 1175 1909 1239 ut_virtute
1935 1173 2034 1230 de-

446 1271 649 1335 bitum,
691 1268 945 1341 spondet.
982 1283 1082 1325 nec
1112 1266 1181 1322 ad
1203 1266 1591 1323 mandatorum
1621 1267 2033 1324 exsecutionem

449 1376 571 1417 eam
599 1361 867 1417 stimulat.

522 1542 591 1598 Et
643 1560 801 1614 super
841 1544 989 1598 labia
1021 1560 1124 1598 sua
1162 1544 1379 1615 viasque
1405 1559 1536 1599 suas
1566 1544 1739 1616 ignem
1769 1528 2034 1599 thesauri-

453 1646 563 1693 καί.
597 1635 664 1691 Ει
686 1636 871 1693 verbis
907 1646 964 1692 et
993 1636 1270 1701 moribus,
1303 1650 1401 1706 per
1423 1644 1596 1691 totam
1626 1635 1808 1707 ipsius
1835 1635 2027 1699 vitam,

451 1730 636 1796 ignem
681 1736 947 1784 aeternum
982 1728 1090 1783 sibi
1134 1727 1501 1793 thesauriaat,
1537 1727 1641 1785 etsi
1682 1727 1753 1784 de
1797 1726 1866 1783 iis
1907 1739 2034 1798 qua

453 1822 574 1889 ipse
595 1827 816 1890 reputat
836 1822 979 1875 bona
1008 1819 1245 1874 lctetur.

529 1999 695 2056 Vens.
730 1999 819 2056 19.
856 1998 962 2065 Qui
981 2001 1212 2070 peccatis
1236 2000 1558 2065 delectatur,
1588 1999 1785 2071 gaudet
1817 1998 2037 2069 jurgiis.

454 2092 839 2148 Perversitatis
866 2105 1059 2148 amans
1088 2106 1363 2162 perversae
1383 2105 1651 2147 sensuum
1673 2090 1811 2162 legis
1840 2089 2041 2144 adver-

456 2200 553 2240 sus
601 2184 829 2254 spiritus
891 2185 1066 2255 legem
1132 2185 1442 2241 rebellione
1486 2185 1691 2257 gaudet
1750 2184 2044 2255 ipsamque

453 2276 672 2348 peccati
702 2276 1107 2346 instigatricem
1135 2277 1580 2341 sensualitatem,
1604 2275 1809 2347 spiritu
1838 2273 2041 2330 fortio-

453 2385 569 2425 rem
604 2368 867 2436 reddens,
901 2383 1059 2424 suam
1087 2369 1390 2440 perniciem
1413 2369 1635 2441 querit.
1738 2394 1743 2401 -

529 2592 633 2660 Qui
680 2592 885 2648 exultat
924 2596 1116 2645 ostium
1164 2606 1347 2659 suum,
1377 2591 1568 2660 quierit
1611 2589 1848 2645 ruinam.
1889 2589 2045 2645 Sicut

457 2688 605 2741 enim
635 2684 988 2755 voluptarius
1012 2697 1041 2736 a
1070 2681 1181 2738 Deo
1212 2692 1438 2753 propter
1456 2682 1643 2738 carnis
1668 2681 1898 2737 delicias
1927 2680 2045 2736 dis-

457 2776 625 2841 cedit,
651 2775 726 2829 ita
756 2782 812 2829 et
843 2774 1139 2843 superbus,
1178 2781 1406 2842 propter
1436 2771 1631 2826 anima:
1650 2771 2041 2840 ignorantiam,

457 2867 629 2922 Deum
676 2863 946 2919 bonorum
976 2862 1223 2917 omnium
1259 2871 1545 2917 auctorem
1586 2876 1711 2916 esse
1761 2859 2045 2927 nesciens,

458 2958 693 3026 ideoque
717 2955 822 3010 sibi
859 2968 1087 3025 magnos
1109 2967 1407 3009 successus
1440 2951 1789 3007 adscribens.

534 3068 697 3123 Vsus.
724 3066 815 3121 20.
848 3064 953 3132 Qui
983 3064 1118 3119 duro
1158 3062 1316 3119 corde
1344 3073 1450 3130 est,
1478 3080 1583 3118 non
1607 3061 1838 3118 occurrit
1866 3061 2041 3117 bouis.

2145 539 2390 613 βοηθοῖεν
2427 537 2679 610 ἀλλήλοις
2716 539 2777 592 ἐν
2813 537 3002 609 χρείας
3041 534 3242 607 καιρῷ.

2214 631 2306 703 ιη’.
2340 630 2513 699 Ἀνὴρ
2532 630 2745 700 ἄφρων
2784 627 3089 697 inrepere?
3130 627 3228 682 καί
3268 627 3563 697 ἐπιχαίρει
3588 627 3732 682 ἑαυ-

2141 725 2240 794 τῷ,
2265 726 2346 793 ὡς
2375 727 2472 780 καί
2501 724 2879 796 inuenerat;
2902 723 3086 793 enen
3119 720 3226 781 τὸν
3246 720 3466 776 ἑαυτοῦ
3518 723 3727 790 φίλον.

2144 820 2469 891 Ἀνθρωπος
2496 821 2525 873 ὁ
2562 817 2636 889 μὴ
2664 817 2880 887 φρονῶν
2905 816 2975 869 τὰ
3009 814 3190 886 ἑαυτῷ
3216 813 3311 868 καὶ
3343 814 3551 886 ἑτέροις
3586 830 3730 885 συμ-

2142 913 2400 985 φέροντα,
2431 912 2777 984 αὐτάρεσκος
2827 911 3090 981 ὑπάρχων
3137 908 3235 963 καὶ
3290 907 3367 978 μή
3409 908 3725 977 θεάρεστος,

2140 1005 2509 1074 ιπικαυχᾶται
2542 1002 2640 1074 μὲν
2668 1002 2762 1056 καὶ
2791 1001 3146 1073 εὐφραίνεται
3178 999 3379 1068 ἑαυτῷ,
3410 997 3498 1066 ἔφ’
3522 992 3609 1060 οἷς
3636 996 3731 1049 λέ-

2138 1110 2228 1164 γει
2267 1110 2329 1149 τε
2377 1095 2474 1149 καὶ
2518 1095 2701 1158 ποιεῖ,
2759 1091 3013 1163 καθάπερ
3057 1089 3456 1159 ἐπαγγέλλεται
3490 1090 3556 1158 τῇ
3605 1088 3728 1158 seu.

2138 1187 2343 1260 παθείᾳ
2360 1186 2455 1240 τοῦ
2475 1183 2808 1258 προσφιλοῦς
2830 1181 2998 1237 αὐτοῦ
3022 1182 3275 1254 σαρκίον,
3292 1179 3614 1234 καὶὸ-τοῦτο
3634 1180 3729 1232 ἐπὶ

2138 1278 2283 1333 τέλει
2332 1277 2624 1332 ἀποδοῦναι
2655 1276 2796 1331 κατά
2829 1273 3031 1346 πρᾶξιν
3075 1273 3138 1329 τὸ
3184 1273 3346 1344 χρέος
3376 1272 3477 1342 τῆς
3521 1271 3727 1343 ἀρετῆς

2138 1366 2510 1439 ιγγυώμενος,
2539 1365 2635 1420 καὶ
2667 1364 2743 1437 μὴ
2769 1362 3087 1436 διερεθίζων
3117 1362 3251 1417 αὐτδ
3279 1361 3415 1433 πρὸς
3459 1361 3728 1433 ἐργασίαν

2139 1457 2250 1510 τῶν
2287 1456 2540 1512 ἐντολῶν.

2222 1544 2356 1599 Ἐπί
2386 1545 2456 1599 δὲ
2480 1544 2599 1599 τῶν
2629 1544 2850 1599 ἐαυτοῦ
2876 1541 3129 1614 χειλέων
3160 1541 3261 1596 καὶ
3291 1539 3449 1597 ὁδῶν
3473 1540 3600 1609 πῦρ
3625 1542 3728 1606 θη-

2138 1634 2424 1703 σαυρίζει.
2459 1634 2548 1687 Ἐν
2589 1633 2647 1687 δὲ
2690 1635 2803 1697 τοῖς
2828 1632 2962 1704 παρ’
2983 1631 3111 1702 ὃλην
3142 1630 3309 1685 αὐτοῦ
3335 1631 3434 1702 τὴν
3462 1628 3614 1700 ζωὴν
3643 1629 3728 1680 λό-

2138 1742 2258 1795 γοις
2286 1742 2347 1779 τε
2378 1724 2473 1778 καὶ
2500 1722 2923 1795 ἄπιτηδεύμααι,
2954 1723 3016 1776 τὸ
3045 1720 3263 1777 αίὼνιον
3291 1721 3729 1793 ἀποθησαυρίζει

2071 1819 2117 1876 Β
2144 1817 2258 1890 πῦρ
2290 1815 2468 1887 ἑαυτῷ
2487 1858 2502 1882 ,
2535 1815 2639 1869 xiv
2667 1818 2834 1888 χαίρῃ
2875 1815 2972 1869 ἐπὶ
3007 1814 3219 1879 τούτοις
3245 1814 3321 1878 ὡς
3349 1815 3727 1885 νομιζομένοις

2142 1909 2294 1981 αὐτῷ
2330 1910 2581 1977 ἀγαθοῖς.

2216 1998 2303 2052 ιθ’.
2343 1999 2818 2068 Φιλαραρτήμων
2839 1996 3032 2066 χαίρει
3047 1994 3289 2065 μάχαις.
3319 1996 3381 2049 '0
3399 1996 3499 2067 τῆς
3526 1995 3728 2059 κακίας

2142 2089 2377 2162 δραστὴς
2426 2090 2856 2161 επευφραίνεται
2907 2092 3030 2151 ταῖς
3080 2087 3199 2142 κατ’
3222 2087 3395 2159 αὐτὴν
3432 2088 3529 2141 τοῦ
3561 2088 3723 2158 νόμον

2141 2183 2242 2253 τῆς
2272 2181 2579 2253 αἰσθήσεως
2608 2182 2745 2255 πρὸς
2778 2182 2869 2234 τὸν
2915 2180 3084 2251 νόμον
3117 2180 3213 2233 τοῦ
3256 2177 3381 2243 νὼς
3426 2183 3724 2233 ἀντικατα-

2146 2275 2421 2339 στάσεσιν,
2454 2273 2551 2327 καὶ
2596 2272 2770 2345 αὐτὴν
2823 2273 2923 2344 τὴν
2968 2272 3073 2343 τῆς
3120 2272 3395 2342 ἁμαρτίας
3421 2272 3723 2339 είσαγωγὸν

2144 2365 2398 2436 αἴσθησιν
2441 2364 2911 2434 ὲπικρατεστέραν
2955 2363 3130 2416 ποιῶν
3164 2361 3260 2416 τοῦ
3291 2361 3430 2428 νοὸς,
3475 2363 3727 2434 ἐπιζητεί

2144 2457 2245 2528 τήν
2285 2457 2422 2511 ίδίαν
2458 2456 2761 2511 ἀπώλειαν.

2227 2569 2434 2641 ’Υψῶν
2461 2573 2651 2641 θύραν
2676 2569 2919 2638 ἑαυτοῦ,
2963 2568 3125 2638 ζητεῖ
3141 2569 3491 2638 συντριϐήν.
3516 2569 3729 2641 ’Ὠσπερ

2144 2666 2253 2739 γὰρ
2297 2667 2325 2719 ὁ
2367 2663 2684 2734 φιλήδονος,
2713 2662 2850 2717 Θεοῦ
2880 2662 3171 2732 ἀφίσταται
3215 2660 3306 2715 διὰ
3352 2661 3559 2733 σαρκὸς
3602 2660 3732 2732 ἡδυ-

2148 2758 2380 2812 πάθειαν
2405 2772 2420 2788 ·
2452 2755 2594 2809 οὐτω
2616 2755 2711 2809 καὶ
2730 2756 2760 2809 ὁ
2788 2755 3153 2825 αὐτάρεσκος,
3186 2753 3275 2807 διὰ
3303 2753 3481 2824 ψυχῆς
3505 2752 3733 2821 ἄγνοιαν

2150 2848 2226 2922 μὴ
2256 2847 2411 2911 είδὼς
2441 2848 2577 2901 Θεδν
2606 2840 2746 2900 εῖναι
2778 2846 3001 2900 πάντων
3026 2844 3134 2900 τῶν
3161 2844 3343 2900 καλῶν
3367 2845 3542 2898 αἴτιον
3559 2886 3577 2912 ,
3605 2845 3735 2897 sedv-

2146 2939 2336 2994 τεῦθεν
2374 2940 2554 3010 ἑαυτῷ
2592 2938 2915 3009 ἐπιγράφων
2951 2937 3022 2991 τά
3054 2934 3474 3009 κατορθώματα.

2216 3062 2288 3111 κ’.
2323 3053 2386 3108 '0
2415 3052 2484 3108 δὲ
2523 3051 3004 3122 σωηροκὰρδιος
3025 3090 3040 3117 ,
3069 3053 3140 3105 οὺ
3163 3047 3435 3117 συναντᾷ
3459 3050 3737 3120 ἀγαθοῖς.

460 3156 564 3220 Qui
592 3154 893 3208 secundum
928 3154 1170 3207 animam
1199 3151 1281 3207 sic
1309 3151 1617 3207 indurescit
1646 3158 1701 3205 et
1725 3159 1922 3205 contra
1951 3150 2039 3205 di-

2163 3148 2211 3203 Ὀ
2237 3147 2282 3201 δ’
2303 3145 2446 3200 οὕτω
2468 3145 2609 3200 κατά
2633 3143 2813 3215 ψυχὴν
2844 3142 3304 3215 σκληρυνόμενος,
3333 3143 3427 3195 καὶ
3460 3143 3602 3212 πρὸς
3630 3143 3732 3206 τὰς

461 3247 618 3299 vinas
644 3245 793 3313 leges
816 3243 1156 3307 recalcitrat,
1185 3242 1536 3298 obvenientia
1568 3241 1737 3313 justis
1760 3242 1904 3297 bona
1927 3256 2039 3296 non

460 3333 751 3387 obtinebit.

546 3442 635 3496 Vir
670 3443 852 3513 lingua
886 3440 1175 3505 versatilis,
1222 3441 1420 3496 incidet
1466 3444 1521 3497 in
1563 3444 1732 3500 mala.
1763 3443 1869 3511 Qui
1909 3459 2041 3499 suas

464 3546 589 3586 eum
624 3531 734 3587 Deo
763 3532 1181 3597 conventiones,
1217 3531 1273 3587 in
1307 3541 1626 3588 sanctorum
1661 3534 1843 3605 ipsius
1883 3550 2043 3589 man-

465 3625 719 3679 datorum
760 3624 1146 3680 observatione
1194 3633 1532 3694 constantes,
1567 3633 1769 3692 mutat,
1816 3626 1871 3681 in
1917 3642 2045 3698 pas-

466 3716 653 3771 siones
680 3714 996 3788 ignominize
1022 3715 1263 3771 decidet.

536 3827 702 3884 Vsus.
736 3826 829 3882 21.
883 3825 990 3883 Cor
1026 3840 1208 3883 autem
1234 3829 1535 3898 insipientis
1569 3830 1672 3884 erit
1719 3830 2043 3899 possidentis

463 3918 600 3975 illud
635 3920 915 3976 mmstitia.
949 3919 1149 3974 Anima
1182 3919 1303 3991 ejus
1318 3921 1413 3992 qui
1437 3920 1604 3976 Deum
1634 3935 1737 3975 nec
1769 3921 1920 3975 timet
1941 3933 2045 3975 nec

462 4009 643 4079 diligit
674 4009 909 4080 ideoque
936 4010 1082 4064 circa
1110 4009 1369 4066 mandata
1398 4011 1636 4080 superba
1654 4010 2048 4081 dedignatione

463 4108 574 4163 est,
605 4099 889 4156 continuis
928 4100 1283 4157 conscientia:
1303 4100 1841 4173 exprobrationibus,
1869 4100 2047 4171 ipsius

464 4191 637 4245 ultrix
671 4191 806 4245 erit.

540 4300 666 4355 Non
704 4301 921 4357 (tutatur
960 4315 1112 4369 pater
1144 4304 1209 4358 de
1238 4304 1356 4373 ﬁlio
1386 4304 1807 4372 indisciplinato.
1834 4305 2047 4378 Impru-

464 4393 617 4449 denti
664 4394 1097 4450 ratiocinatione
1138 4411 1248 4450 non
1294 4397 1501 4468 gaudet
1543 4399 1782 4466 animus,
1822 4400 1952 4471 quia
1978 4416 2044 4457 ex

2144 3238 2297 3302 θείας
2325 3237 2637 3293 ἀντιτυπῶν
2674 3234 2894 3297 ἐντολὰς
2913 3272 2929 3298 ,
2959 3233 3067 3288 τῶν
3097 3233 3470 3304 ἀποκειμένων
3498 3236 3619 3297 τοῖς
3659 3234 3739 3287 δι-

2144 3333 2321 3397 καίοις
2358 3333 2462 3386 οὐκ
2498 3330 2761 3403 ἐπιτυχὴς
2796 3330 3007 3400 γίνεται
3044 3328 3287 3399 ἀγαθῶν.

2226 3445 2407 3514 Ἀνὴρ
2448 3444 2852 3515 εὐμετάϐολος
2894 3442 3146 3513 γλώσσῃ
3173 3483 3188 3507 ,
3243 3440 3593 3511 ἐμπεσεῖται
3650 3444 3734 3506 εἰς

2143 3537 2318 3595 κακά.
2356 3537 2416 3591 Ὅ
2464 3536 2702 3601 εὐκόλως
2748 3534 2978 3589 ἀλλοιῶν
3026 3534 3126 3597 τὰς
3176 3536 3257 3598 είς
3294 3534 3424 3587 Θεὸν
3455 3532 3734 3604 συνθήκας

2143 3629 2328 3694 αὐτοῦ,
2359 3628 2416 3681 αἶ
2447 3627 2704 3700 τηρήσεις
2736 3626 2845 3681 τῶν
2889 3626 3059 3695 ἁγίων
3095 3626 3266 3682 αὐτοῦ
3297 3626 3435 3679 εἰσιν
3476 3624 3733 3687 ἐντολῶν,

2145 3719 2377 3773 πάθεσιν
2410 3721 2637 3790 ἀτιμίας
2675 3721 3081 3791 περιπεσεῖται.

2217 3839 2323 3887 κα’.
2361 3831 2588 3901 Καρδιά
2635 3830 2705 3884 δὲ
2749 3830 3032 3901 ἄφρονος,
3066 3830 3253 3899 ὀδύνη
3277 3830 3358 3896 τῷ
3387 3830 3731 3900 κεκτημένῳ

2147 3923 2360 3991 αὑτήν.
2399 3924 2466 3977 Ἡ
2497 3923 2645 3995 ψυχὴ
2673 3922 2768 3977 τοῦ
2797 3922 2871 3995 μὴ
2900 3923 3063 3994 φόϐον
3099 3922 3243 3977 θεῖον
3270 3924 3618 3994 κεκτημένου
3640 3924 3731 3976 καὶ

2147 4016 2312 4072 πόθον
2330 4056 2347 4082 ,
2385 4016 2679 4070 κάντεῦθεν
2705 4016 3196 4089 καταφρονητικῶς
3226 4015 3572 4085 διακειμένου
3602 4015 3728 4085 περὶ

2145 4108 2245 4173 τὰς
2273 4108 2513 4175 ἐντολὰς,
2543 4109 2782 4180 τιμωρὸς
2808 4108 2958 4164 ἔσται
2987 4107 3155 4164 αὐτοῦ
3180 4111 3292 4173 τοῖς
3312 4107 3404 4162 τοῦ
3428 4108 3729 4170 συνειδότος

2149 4199 2450 4264 ἀνενδότοις
2490 4199 2754 4271 ἐλέγχοις.

2222 4314 2345 4367 οὐκ
2388 4313 2767 4382 εὐφραίνεται
2825 4310 3023 4381 πατὴρ
3081 4311 3180 4365 ἐπὶ
3220 4310 3330 4376 υίῷ
3365 4310 3727 4375 ἀπαιδεύτῳ.

2150 4404 2226 4459 Οὐ
2260 4404 2439 4476 χαίρει
2467 4403 2592 4468 νοῦς
2632 4405 2727 4458 ἐπὶ
2770 4403 3016 4475 λογισμῷ
3078 4404 3344 4475 ἀσυνέτῳ,
3394 4404 3481 4457 ὅτι
3535 4406 3602 4457 ὲκ
3632 4405 3727 4474 τῆς

465 4482 832 4537 scnsualitate
864 4483 1176 4552 subadjuva
1209 4485 1456 4556 spuriam
1489 4486 1704 4556 sibique
1745 4487 2040 4545 absimilenz

2163 4496 2478 4568 ὐπηρέτιδος
2513 4494 2703 4549 τούτου
2744 4497 3073 4567 αἰσθήσεως,
3101 4496 3257 4552 νόθον
3291 4497 3386 4550 καὶ
3424 4496 3614 4569 ἐαυτῷ
3640 4498 3727 4551 ἀν-

465 4571 614 4624 illam
640 4570 856 4640 genuit.

540 4698 593 4752 F
595 4699 721 4752 ilius
760 4708 939 4753 autem
969 4700 1181 4768 sapiens
1216 4716 1366 4754 suam
1392 4710 1617 4756 matrem
1643 4704 1915 4773 lattiﬁcat.
1944 4702 2046 4758 Ju-

467 4790 670 4844 dicium
716 4799 898 4845 autem
945 4790 1212 4860 prudens,
1251 4792 1513 4862 operibus
1543 4793 1771 4863 iustitiae
1807 4794 2048 4850 laetiﬁcat

468 4879 976 4952 sapientiamque,
1002 4897 1067 4936 ex
1103 4881 1288 4936 animo
1333 4894 1622 4947 consorte,
1654 4882 1811 4951 illud,
1836 4899 2040 4955 praece-

467 4977 560 5036 pta
586 4968 764 5038 ipsius
794 4970 980 5025 omnia
1011 4970 1319 5054 complens,
1352 4971 1583 5043 peperit.

538 5170 707 5227 Vsus.
733 5170 825 5225 22.
857 5171 963 5229 Cor
995 5171 1178 5226 laetum
1212 5172 1388 5228 ualere
1416 5172 1568 5241 facit.
1607 5173 1803 5229 Anima
1827 5188 2045 5244 semper

466 5262 589 5318 laata
608 5270 870 5332 tanquam
900 5263 1278 5318 lndesinenter
1293 5279 1459 5318 orans
1491 5272 1552 5318 ut
1583 5280 1693 5319 non
1730 5281 1910 5331 suam,
1945 5264 2042 5320 sed

467 5355 642 5411 solam
680 5353 775 5411 Dei
825 5354 1161 5410 voluntatem
1205 5362 1451 5424 quaerat,
1504 5355 1737 5426 ideoque
1783 5356 1837 5409 in
1892 5357 2041 5411 omni

466 5445 907 5510 circumstantia,
933 5456 986 5500 et
1016 5446 1060 5500 si
1086 5446 1266 5501 tristis
1292 5455 1459 5513 esset,
1484 5446 1689 5518 gratias
1720 5455 1866 5519 agat,
1885 5448 2040 5503 vale-

463 5538 710 5597 tudinem
745 5540 861 5595 suis
883 5538 1143 5609 potcutiis
1172 5540 1403 5594 confert.

538 5741 779 5798 [lautitiis
815 5755 988 5801 autem
1048 5745 1214 5800 tristis
1258 5744 1596 5799 exsiccantur
1650 5762 1795 5801 ossa.
1840 5743 2035 5803 Mentis

2151 4586 2341 4655 όμοιον
2365 4584 2555 4639 τοῦτον
2590 4585 2881 4639 ἀπέτεκεν.

2228 4697 2362 4762 Υἱὸς
2396 4696 2466 4750 δὲ
2519 4698 2828 4768 φρόνιμος,
2884 4700 3191 4769 εὐφραίνει
3236 4700 3465 4768 μητέρα
3518 4700 3722 4753 αὐτοῦ.

2149 4787 2426 4857 Λογισμδς
2451 4788 2497 4840 δ’
2530 4788 2801 4859 ἐχέφρων,
2830 4791 3026 4861 τέρπει
3046 4790 3136 4844 διὰ
3162 4790 3270 4844 τῶν
3306 4790 3408 4861 τῆς
3437 4790 3721 4844 δικαιοσύ-

2147 4895 2244 4947 νης
2281 4879 2460 4948 ἔργων
2513 4879 2615 4950 τὴν
2670 4881 3045 4935 ἀποτεκοῦσαν
3095 4880 3282 4936 τοῦτον
3334 4882 3591 4937 σύνοικον
3639 4880 3725 4935 τοῦ

2147 4967 2241 5021 νοῦ
2292 4969 2520 5038 σοφίαν,
2575 4969 2675 5034 τὰς
2727 4972 3015 5043 ὑποθήκας
3078 4973 3283 5045 ταύτης
3342 4974 3533 5040 πάσεις
3588 4976 3720 5044 πλη·

2152 5076 2283 5131 ρων.

2217 5177 2322 5247 κβθ.
2368 5179 2591 5248 Καρὸία
2611 5183 3077 5254 εὐφραινομένη.
3103 5186 3372 5242 εὐθετεῖν
3403 5188 3588 5245 ποιεῖ.
3609 5188 3720 5241 τυ-

2146 5270 2215 5342 χὴ
2261 5272 2490 5326 πάντοτε
2521 5274 2805 5346 χαίρουσα,
2828 5274 2906 5339 ὡς
2922 5276 3283 5341 ἀδιαλείπτως
3308 5279 3717 5348 προσευχομένη

2144 5362 2233 5415 διὰ
2254 5361 2312 5416 τὸ
2341 5362 2416 5435 μὴ
2453 5364 2513 5417 τὸ
2549 5364 2701 5431 ἴδιον,
2729 5365 2866 5419 ἀλλὰ
2898 5368 3057 5438 μόνον
3107 5369 3170 5422 τὸ
3206 5368 3302 5423 τοῦ
3343 5368 3480 5423 Θεοῦ
3539 5369 3718 5439 ζητεῖν

2145 5451 2359 5523 θέλημα
2385 5471 2398 5485 ο
2424 5456 2719 5511 κάντεῦθεν
2751 5460 2808 5512 ὲν
2832 5461 2996 5514 παντὶ
3025 5463 3421 5532 συναντήματι,
3445 5461 3549 5515 κᾶν
3571 5462 3715 5515 ἀνια-

2148 5546 2240 5612 ρὸν
2278 5545 2363 5614 εἴη
2391 5547 2758 5618 εὐχαριστεῖν,
2800 5550 3074 5604 ἀπάθειαν
3127 5554 3246 5615 ταῖς
3309 5552 3513 5620 ἑαυτῆς
3571 5566 3713 5619 περι·

2145 5639 2377 5689 ποιεῖται
2403 5638 2690 5709 δμνὰμεσι.

2227 5748 2459 5817 Ἀνδρές
2485 5750 2850 5819 δέλυπηροῦ
2893 5755 3235 5824 ξηραίνεται
3282 5753 3453 5812 ὀστᾶ.
3508 5754 3622 5808 Τοῦ
3662 5751 3711 5804 δὲ
