3950 6206
345 331 476 394 MOI

1443 319 1986 386 COMMENTARII
2029 321 2110 382 IN
2151 321 2608 384 PROVERBIA.

3475 321 3614 384 IlO‘Z

338 443 744 519 προσκειμένου
773 443 896 504 νοὸς
929 441 1314 511 προσκαίροις,
1360 437 1454 495 κατι
1499 439 1596 492 ἐπὶ
1622 441 1689 512 τῇ
1719 437 1914 492 τούτωι

2031 435 2398 508 praesentibus
2461 433 2803 504 subiacentis
2843 441 2899 490 ct
2941 435 3010 492 de
3049 449 3242 490 eorum
3309 435 3614 494 amissione

337 537 642 607 ἀνιωμένου
667 535 864 606 φθορᾷ,
889 534 958 586 τὰ
987 534 1172 602 διανοή
1183 549 1354 602 ματα,
1383 532 1422 586 ἃ
1441 533 1600 603 δίκην
1627 531 1802 584 ὀστῶν
1827 530 1927 584 αὑ·

337 631 428 683 τὸν
453 629 824 699 ὑπερείδουσι,
857 625 958 696 τῆς
983 625 1258 694 ζωογόνου
1285 623 1668 695 πνευματικῆς
1717 621 1924 686 νοτίδος

337 721 684 792 ἐστέρηνται.

409 833 514 900 κγ’.
547 830 881 899 Λαμϐάνων
911 827 1072 898 δῶρα
1098 829 1168 883 ἐν
1193 830 1400 895 κόλπῳ
1415 829 1654 896 ἀδίκως,
1676 829 1750 884 οὑ
1780 845 1926 883 κατ-

335 925 654 980 ευοδοῦται
681 925 748 977 ἐν
802 921 966 989 ὁδοῖς
990 937 1004 952 ·
1036 921 1300 976 ἐκκλίνει
1333 921 1448 992 τὰρ
1481 921 1664 988 ὁδοὺς
1705 921 1926 976 δικαιο-

337 1019 552 1086 σύνης.
594 1017 655 1071 '0
701 1015 1156 1088 παραλαμϐάνων
1221 1015 1361 1086 μετὰ
1421 1015 1810 1086 περιχαρείας,
1845 1011 1922 1077 ὥς

333 1126 456 1162 τινα
485 1107 654 1178 δῶρα,
695 1107 754 1159 ἐν
793 1107 872 1176 τῷ
902 1105 1046 1158 κατὰ
1079 1103 1320 1158 διάνοιαν
1349 1103 1566 1175 ταμείῳ
1609 1105 1710 1176 τῆς
1743 1105 1922 1176 ψυχῆς

334 1200 666 1270 ἁδιακρίτως
703 1199 806 1262 τὰς
837 1199 950 1252 τῶν
987 1199 1262 1269 δαιμόνων
1297 1199 1588 1268 ἁπατηλὰς
1613 1198 1922 1268 ὑποθήκας,

335 1293 434 1362 οὑχ
461 1292 708 1362 εὑρίσκει
741 1293 799 1344 ὲν
829 1293 949 1355 ταῖς
989 1290 1160 1344 αὑτοῦ
1207 1289 1442 1360 πράξεσι
1476 1291 1630 1355 τέλος
1681 1292 1746 1344 τὸ
1779 1291 1924 1359 ἀγα-

337 1385 458 1438 θόν’
486 1385 788 1455 ἐπειδήπερ
851 1383 1226 1454 ἀτιολιμπάνει
1285 1383 1384 1447 τὰς
1427 1384 1774 1454 δικαιοτέρας
1823 1381 1920 1436 τοῦ

331 1477 468 1530 Θεοῦ
514 1478 769 1543 ἐντολὰς,
797 1477 854 1532 αἳ
907 1477 1046 1547 πρὸς
1091 1475 1258 1531 αὑτὸν
1305 1477 1530 1544 ἄγουσιν
1573 1475 1650 1540 ὠς
1691 1475 1920 1547 ἔσχατον

332 1569 580 1640 ὀρεκτόν.

403 1683 502 1738 κδ’.
551 1684 886 1752 Πρόσωπον
930 1684 1218 1748 συνετὸν,
1269 1683 1493 1753 ἀνδρὸς
1552 1683 1771 1753 σοφοῦ.
1809 1683 1920 1737 Τοῦ

2027 527 2268 582 dolentis
2317 527 2722 596 cogitationes,
2775 541 2900 596 quae
2931 527 3082 580 velut
3118 542 3244 582 ossa
3289 527 3614 582 sull'ulciunt

2025 619 2198 686 illam,
2233 619 2546 674 viviﬁcante
2577 618 2807 688 spiritus
2835 617 3068 674 humore
3104 619 3502 674 destituuntur.

2089 829 2264 886 Vens.
2287 829 2378 883 25.
2405 838 2472 882 In
2495 829 2618 883 sinu
2649 845 2870 883 munera
2905 829 3158 898 colligens
3184 829 3402 900 injuste,
3421 831 3476 884 in
3511 831 3618 886 uiis

2025 939 2132 978 non
2159 933 2518 993 prosprratur
2549 939 2567 977 .'
2597 925 2829 978 declinat
2858 925 2998 978 enim
3041 941 3074 976 a
3107 925 3204 978 viis
3223 925 3472 994 justitiw.
3503 926 3610 992 Qui

2023 1031 2148 1070 eum
2171 1015 2549 1072 exsultatione
2563 1015 2712 1069 velut
2736 1014 2983 1084 quaedam
3003 1017 3146 1068 dona
3167 1016 3220 1068 in
3245 1015 3608 1070 intellectuali

2024 1107 2224 1162 anima:
2273 1105 2590 1161 conditorio
2625 1103 2852 1160 fallaces
2901 1103 3168 1160 daemonis
3214 1105 3610 1160 instructiones

2024 1199 2324 1254 indiscrete
2355 1199 2572 1267 recipit,
2601 1197 2658 1250 in
2693 1197 2960 1266 operibus
3002 1199 3120 1252 suis
3151 1213 3260 1252 non
3291 1197 3500 1252 invenit
3529 1199 3610 1254 le-

2023 1290 2183 1345 licem
2210 1289 2418 1345 exitum
2446 1307 2460 1355 ;
2491 1289 2766 1358 siquidem
2795 1290 3492 1359 transgrediturjustiores
3515 1290 3610 1346 Dei

2024 1383 2172 1452 leges
2221 1395 2346 1452 qua:
2379 1382 2446 1434 ad
2495 1381 2650 1436 illum
2687 1388 2952 1450 tanquam
2987 1379 3058 1436 ad
3087 1381 3458 1436 desideratum
3501 1389 3612 1436 tero

2022 1474 2234 1527 minum
2262 1472 2494 1526 ducunt.

2095 1675 2264 1731 Vens.
2313 1675 2406 1732 24.
2467 1675 2716 1730 Hominis
2758 1678 3018 1742 sapientis
3063 1678 3234 1746 [aries
3283 1681 3603 1752 intelligens.

334 1774 550 1844 ἔχοντος
571 1775 662 1827 τὸν
685 1772 780 1827 τοῦ
811 1771 948 1826 Θεοῦ
975 1773 1172 1842 Λόγον,
1200 1773 1302 1844 τὴν
1332 1773 1666 1840 αὑτοσοφίαν
1681 1773 1914 1840 ένοικον,

2030 1768 2172 1824 Illius
2193 1768 2286 1838 qui
2310 1767 2404 1824 Dei
2433 1768 2697 1832 Verbum,
2729 1769 3056 1840 sapientiam
3093 1771 3290 1840 ipsam,
3325 1774 3378 1826 in
3407 1783 3608 1828 semet-

334 1865 762 1936 συνεσταλμένος
788 1865 816 1917 ὁ
847 1865 962 1935 βίος
981 1881 997 1898 ο
1032 1865 1088 1929 ὃς
1123 1866 1226 1936 τὴν
1251 1867 1434 1935 ἀφανῆ
1459 1865 1560 1934 τῆς
1589 1865 1770 1935 ψυχῆς
1813 1881 1916 1934 χα-

337 1959 658 2032 ρακτηρίζει
691 1957 972 2011 διάθεσιν·
1015 1957 1306 2027 ὲγκρατῶς
1360 1957 1461 2026 μὲν
1512 1957 1628 2019 τοῖς
1677 1953 1916 2024 παροῦσι

331 2045 646 2116 χρωμένου,
678 2043 788 2098 τῶν
809 2043 868 2096 δὲ
898 2041 1208 2114 μελλόντων
1249 2043 1449 2109 ὑλικῶς
1481 2045 1668 2115 τυχεῖν
1713 2045 1916 2112 ἀγωνι-

331 2135 584 2206 ζομένου.

335 2300 350 2316 ,
394 2255 458 2306 Ol
493 2249 562 2304 δὲ
591 2249 888 2320 ὀφθαλμοὶ
911 2249 1022 2304 τοῦ
1054 2248 1341 2319 ἄφρονος,
1367 2252 1462 2304 ἐπ’
1491 2251 1646 2320 ἄκρα
1675 2251 1810 2321 τῆς.
1847 2251 1914 2306 Αἱ

329 2343 374 2396 δ’
401 2342 552 2410 ὑψεις
583 2343 677 2394 τοῦ
717 2343 793 2410 μὴ
837 2341 970 2394 Θεὸν
1011 2342 1406 2412 περιφέροντος
1463 2344 1521 2396 ὲν
1572 2343 1792 2414 καρδίᾳ,
1846 2341 1918 2396 τὰ

330 2435 548 2505 πέρατα
595 2431 949 2486 διασκοποῦσι
1017 2432 1122 2502 τῆς
1173 2434 1312 2502 γῆς,
1341 2435 1389 2486 εί
1435 2433 1658 2486 δυνατὸν
1709 2433 1916 2503 ταύτην

221 2537 230 2548 ⁸
331 2525 670 2595 περιλαϐεῖν,
699 2527 793 2578 καὶ¹
823 2525 1008 2594 πάσης
1035 2525 1299 2580 δεσπόσαι
1337 2527 1532 2596 αὑτῆς.

401 2645 502 2693 κε’.
545 2637 722 2706 Ὀργὴ
756 2637 958 2706 πατρί,
1001 2637 1132 2704 υίὸς
1171 2637 1398 2707 ἄφρων.
1447 2637 1546 2690 Τὸ·
1562 2638 1684 2692 κατ’
1715 2637 1914 2692 ἐπιθυ-

334 2733 462 2804 μίαν
497 2732 866 2802 ὑφιστάμενον
902 2732 1176 2802 διανόημα
1200 2733 1265 2784 ὲκ
1292 2732 1612 2802 παραλόγου
1661 2731 1756 2784 τοῦ
1789 2731 1913 2795 νοὸς

333 2824 472 2894 μετὰ
507 2824 606 2894 τῆς
629 2822 936 2890 αἰσθήσεως
965 2821 1310 2892 συμπλοκῆς,
1344 2821 1494 2892 αὑτῷ
1549 2821 1649 2892 μὲν
1689 2821 1769 2892 τῷ
1810 2820 1912 2888 νοῒ,

329 2915 406 2976 ὼς
451 2913 664 2985 πατρὶ,
733 2914 1025 2984 παραίτιον
1084 2913 1298 2980 γίνεται
1341 2913 1492 2976 θείας
1545 2913 1750 2984 ὀργῆς·
1793 2913 1916 2984 ἥτις

330 3005 593 3078 ἀνακωχὴ
625 3005 724 3074 τῆς
755 3005 1022 3074 χορηγίας
1059 3004 1170 3058 τῶν
1216 3005 1606 3074 πνευματικῶν
1645 3004 1917 3076 χαρισμά-

332 3114 442 3150 των
467 3097 640 3150 ἐστίν.

403 3207 513 3262 Καὶ
547 3208 733 3274 ὀδύνη
753 3205 828 3276 τῇ
841 3209 1104 3276 τεκούσῃ
1133 3208 1341 3263 αὐτόν.
1371 3209 1450 3279 Τῇ
1478 3207 1533 3260 δὲ
1563 3207 1911 3278 ἀποτεκούσῃ

333 3299 492 3353 τοῦτο
521 3301 793 3370 αἰσθήσει,
822 3295 910 3354 οἷα
938 3302 1129 3371 μητρὶ,
1153 3299 1345 3371 ὀδύνην
1371 3303 1742 3370 περιποιεῖται
1770 3313 1784 3326 '
1811 3301 1912 3352 πό-

333 3410 444 3456 νοις
476 3393 754 3456 ἁκουσίοις
783 3392 1172 3462 δαμαζομένης
1197 3391 1300 3462 τῆς
1331 3392 1555 3462 σαρκὸς,
1589 3393 1731 3446 κατὰ
1763 3391 1915 3446 θείαν

335 3481 684 3554 συγχώρησιν
713 3483 789 3544 ὡς
833 3484 899 3536 ἂν
937 3483 1236 3550 ὲπιγνῶσιν
1289 3483 1478 3554 ἄμφω,
1511 3485 1541 3537 δ
1571 3501 1633 3538 τε
1659 3485 1784 3549 νοῦς
1820 3485 1916 3540 καὶ

333 3577 367 3644 ἡ
399 3575 670 3642 αίσθησις,
703 3575 778 3643 μὴ
799 3577 1132 3644 παρανόμως
1181 3574 1435 3644 ἀλλήλοις
1475 3576 1912 3646 συμπλέκεσθαι,

335 3667 428 3722 καὶ
455 3668 576 3720 ἀντὶ
611 3669 816 3738 ἀρετῆς
846 3667 1048 3720 κακίαν
1075 3669 1404 3738 ἀπογεννᾷν.

401 3775 516 3839 κς’.
547 3775 814 3844 Ζημιοῦν
843 3776 1036 3844 ἄνδρα
1059 3776 1312 3844 δίκαιον,
1347 3781 1421 3833 οὐ
1450 3779 1662 3832 καλόν.
1686 3778 1760 3832 Τὸ
1775 3779 1914 3832 ἁπο-

334 3869 546 3938 στερεῖν
583 3866 790 3938 ἀρετῆς
815 3867 908 3920 τὸν
955 3866 1162 3938 ταύτης
1207 3869 1664 3940 ἐπιμελούμενον,
1704 3869 1800 3924 καὶ
1835 3871 1912 3933 είς

329 3963 399 4016 τὰ
423 3962 545 4014 κατ’
587 3959 826 4028 ἔλλειψιν
855 3959 1026 4028 αὐτῆς
1073 3961 1432 4032 περιτρέπειν
1465 3961 1638 4032 πάθη,
1669 3961 1770 4014 οὑκ
1795 3960 1912 4016 εστι

331 4053 518 4118 καλὸν,
556 4053 662 4106 κᾶν
687 4051 774 4106 διὰ
807 4053 868 4106 τὸ
897 4051 1040 4104 λεῖον
1069 4051 1173 4124 τῆς
1203 4053 1396 4124 ἡδονῆς
1439 4051 1582 4106 οὑτω
1613 4053 1767 4124 δοκῇ.

404 4185 560 4240 οὐδὲ
593 4183 768 4238 ὅσιον
794 4184 1216 4239 ἐπιϐουλεύειν
1265 4182 1598 4250 δυνάσταις
1635 4183 1910 4252 δικαίοις.

331 4279 438 4330 Οὐδ
468 4279 614 4330 ὅσιον
646 4277 900 4348 ὑπάρχει,
952 4277 1014 4330 τὸ
1047 4276 1172 4330 καθ’
1207 4277 1514 4348 ὑπερϐολὴν
1563 4280 1664 4348 τῆς
1709 4279 1912 4348 ἀρετῆς

330 4369 504 4432 πάθος
524 4369 864 4422 ἐπιτίθεσθαι
891 4370 1008 4430 τοῖς
1041 4369 1144 4440 τὴν
1199 4369 1502 4438 ἐπιθυμίαν
1535 4370 1645 4422 τῶν
1675 4371 1797 4424 κατ’
1827 4369 1913 4426 αἵ·-

2019 1861 2140 1930 ipso
2185 1859 2372 1924 habet,
2425 1861 2774 1930 compositus
2815 1870 2904 1916 est
2955 1861 3174 1916 vivendi
3219 1864 3452 1926 modus,
3509 1865 3610 1934 qui

2019 1953 2356 2008 invisibilem
2409 1953 2608 2007 animm
2653 1960 2858 2008 statum
2917 1955 3287 2011 manifestat:
3321 1957 3606 2012 moderate

2019 2043 2238 2115 quidem
2291 2043 2465 2098 utitur
2523 2043 2892 2112 praesentibus
2921 2083 2936 2110 ,
2982 2045 3080 2102 sed
3121 2047 3376 2104 obtinere
3421 2049 3608 2104 futura

2018 2137 2248 2192 omnino
2277 2135 2586 2192 contendit.

2091 2247 2246 2303 Oculi
2275 2257 2457 2302 autem
2485 2247 2637 2302 stulti
2657 2247 2726 2300 ad
2759 2257 3000 2302 extrema
3031 2257 3204 2304 terras.
3235 2247 3391 2304 Oculi
3419 2257 3604 2304 autem

2018 2339 2141 2408 ejus
2169 2339 2264 2408 qui
2309 2336 2478 2392 Deum
2503 2339 2559 2392 in
2597 2345 2822 2406 pectore
2857 2353 2966 2392 non
3009 2347 3208 2406 gestat,
3249 2337 3384 2394 ﬁnes
3419 2349 3602 2404 teme,

2019 2445 2087 2483 an
2115 2430 2377 2499 possibile
2409 2429 2482 2486 sit
2511 2444 2632 2484 eam
2691 2429 3162 2499 comprehendere
3189 2432 3348 2502 eique
3375 2433 3478 2488 teli
3505 2433 3607 2488 do—

2017 2523 2240 2589 minari,
2285 2523 2763 2594 perspeculantur.

2107 2635 2269 2692 Vina.
2293 2637 2387 2690 25.
2421 2635 2514 2690 Ira
2530 2636 2673 2705 patri
2715 2635 2861 2704 ﬁlius
2887 2636 3108 2693 stultus.
3153 2635 3402 2692 Errantis
3432 2637 3604 2692 animi

2018 2731 2303 2800 cogitatio,
2322 2729 2614 2785 desideriis
2639 2731 2962 2802 subjacens,
2995 2729 3350 2784 eoncurrenti
3373 2743 3604 2784 sensua-

2019 2821 2194 2884 litate,
2223 2819 2328 2891 ipsi
2358 2819 2580 2890 quidem
2611 2821 2820 2886 animo,
2855 2827 3118 2889 tanquam
3165 2820 3330 2889 patri.
3359 2819 3602 2872 divinam

2021 2911 2258 2982 inspirat
2290 2913 2452 2978 iram,
2483 2927 2614 2982 quae
2661 2913 2812 2968 velut
2835 2911 3084 2968 anchora
3107 2909 3281 2980 jacta,
3313 2909 3604 2982 dirigenti-

2018 3003 2124 3060 bus
2153 3004 2386 3074 spiritus
2413 3003 2598 3072 donis,
2623 3005 2876 3076 quadam
2909 3004 3077 3060 statio
3100 3013 3206 3059 est.

2089 3225 2158 3282 Et
2189 3227 2346 3284 dolor
2383 3229 2432 3283 ei
2452 3243 2570 3300 quae
2597 3230 2776 3300 genuit
2815 3243 2958 3282 eum.
2995 3227 3110 3284 l-loc
3153 3236 3334 3284 autem
3367 3245 3602 3284 sensua-

2017 3319 2154 3374 litati
2197 3321 2458 3390 parienti,
2495 3329 2555 3374 ut
2589 3319 2775 3384 matri,
2811 3333 3104 3374 mterorem
3155 3319 3440 3387 producit:
3491 3319 3602 3374 Deo

2018 3413 2370 3482 permittente
2417 3425 2640 3466 carnem
2697 3411 2886 3465 invitis
2932 3409 3216 3464 laboribus
3271 3411 3506 3478 domari,
3545 3425 3602 3466 ut

2018 3511 2324 3571 agnoscant
2351 3502 2535 3568 ambo,
2565 3503 2783 3558 animus
2797 3503 3012 3558 scilicet
3043 3513 3098 3558 et
3117 3505 3470 3570 sensualitas,
3495 3519 3600 3560 ttOu

2017 3591 2302 3660 illegitimo
2351 3591 2606 3658 amplexu
2680 3591 3033 3648 commisceri
3093 3607 3194 3648 nec
3227 3593 3344 3648 loco
3385 3597 3602 3652 virtutis

2016 3678 2345 3750 pravitatem
2377 3693 2666 3749 generare.

2091 3789 2260 3848 Vens.
2287 3793 2380 3848 26.
2409 3791 2630 3850 Ltedere
2655 3797 2870 3866 justum
2900 3813 3004 3852 non
3041 3807 3122 3852 est
3147 3797 3360 3852 bonum.
3395 3801 3440 3852 A
3487 3801 3600 3854 vir-

2017 3893 2136 3938 tute
2160 3884 2398 3940 avellere
2423 3886 2517 3955 qui
2543 3887 2736 3944 virtuti
2767 3889 2974 3954 studet,
3013 3905 3258 3960 eumqne
3281 3891 3346 3944 ad
3382 3895 3598 3960 passio-

2017 3987 2116 4030 nes
2144 3974 2236 4028 ubi
2265 3975 2440 4031 virtus
2475 3975 2660 4032 deﬁcit
2689 3977 2965 4034 deducere
3011 3993 3120 4034 non
3161 3989 3246 4036 est
3277 3981 3502 4048 bonum,
3531 3983 3600 4038 li-

2015 4073 2104 4122 cet
2129 4065 2202 4122 ob
2232 4067 2585 4124 dulcedinem
2615 4071 2915 4142 voluptatis
2939 4072 3020 4128 sic
3042 4073 3314 4128 videatur.

2089 4203 2202 4260 Nec
2237 4215 2440 4261 rectum
2475 4208 2644 4278 justis
2675 4211 3006 4278 principibus
3049 4211 3322 4268 insidiari.
3355 4211 3474 4268 Non
3513 4225 3598 4270 est

2015 4313 2228 4368 mquum
2265 4313 2434 4354 onera
2465 4303 2690 4356 virtutis
2714 4318 2880 4373 supra
2911 4303 3130 4358 modum
3157 4305 3265 4360 illis
3293 4307 3596 4376 imponere,

2017 4391 2114 4460 qui
2165 4393 2506 4448 sensualium
2538 4395 2885 4464 voluptatum
2923 4395 3198 4450 desideria
3245 4399 3498 4452 vicerunt
3544 4409 3600 4454 et

331 4459 524 4530 σθησιν
559 4458 734 4524 ἡδέων
785 4461 1064 4530 νικήσασι,
1124 4461 1218 4514 καὶ
1275 4461 1756 4517 καθυποτάσσουσι
1811 4461 1910 4534 τὴν

2030 4458 2238 4540 iarnem
2271 4498 2428 4538 suam
2463 4458 2690 4554 spiritui
2710 4487 2778 4541 ad
2811 4487 3070 4542 mandata
3102 4487 3194 4544 Dei
3247 4491 3596 4560 adimplenda

331 4552 513 4622 σάρκα
556 4549 636 4619 τῷ
668 4551 940 4619 πνεύματι
970 4551 1038 4604 δι’
1073 4553 1341 4622 ἐργασίας
1369 4553 1478 4606 τῶν
1503 4553 1598 4606 τοῦ
1638 4553 1773 4606 θεοῦ
1819 4555 1910 4608 ὲν·-

327 4641 540 4694 τολῶν·
579 4639 812 4712 λαθραία
859 4643 968 4712 γάρ
1020 4643 1168 4696 ἐστιν
1219 4643 1432 4716 ἐχθρῶν
1469 4645 1578 4698 ἀπὸ
1617 4645 1798 4710 δεξιᾶς
1849 4645 1910 4700 τὺ

327 4733 568 4786 τοιοῦτον
608 4731 874 4794 ἐπίθεσις.
919 4733 1079 4786 Ἀλλὰ
1123 4735 1288 4788 καλὸν
1325 4737 1422 4806 μὲν
1471 4727 1692 4800 πάντως
1735 4737 1908 4802 ἐστὶν,

327 4823 416 4880 οἷα
441 4827 668 4890 δίκαιον,
697 4827 759 4880 τὸ
792 4827 932 4881 κατὰ
962 4828 1054 4880 τὸν
1084 4829 1312 4896 φυσικὸν
1342 4831 1504 4900 νόμον
1535 4831 1628 4884 καὶ
1653 4832 1744 4883 τὸν
1774 4847 1910 4900 γρα-

327 4921 482 4986 πτὺν,
523 4925 698 4976 ποιεῖν
725 4940 846 4976 τινα
876 4925 956 4986 εἷς
989 4923 1234 4992 ἐτέρους,
1267 4923 1294 4976 ὃ
1325 4927 1420 4978 καὶ
1447 4925 1527 4988 είς
1557 4927 1750 4980 ἑαυτὸν
1773 4925 1904 4996 παρ’

327 5013 554 5068 ἐκείνων
581 5014 827 5083 γίνεσθαι
854 5015 1022 5082 θέλει,
1062 5017 1158 5070 καὶ
1187 5018 1410 5088 ἀγαπᾷν
1451 5018 1544 5072 τὸν
1575 5019 1803 5089 πλησίον
1828 5019 1904 5082 ὡς

324 5107 516 5160 ἑαυτόν
540 5123 555 5138 ⁸
581 5110 729 5162 ὅσιον
751 5108 809 5162 δὲ
848 5109 910 5161 τὸ
943 5109 1088 5162 κατὰ
1115 5107 1208 5162 τὸν
1235 5109 1610 5180 πνευματικὸν
1644 5111 1800 5176 αὖθις
1817 5111 1907 5164 νό-

327 5214 448 5268 μον,
476 5199 700 5270 ἀγαπᾷν
729 5201 854 5263 τοὺς
902 5199 1156 5271 ἐχθροὺς,
1198 5203 1294 5254 καὶ
1331 5201 1530 5266 καλῶς⁴
1559 5205 1732 5256 ποιεῖν
1791 5205 1906 5266 τοῖς

327 5289 578 5358 μισοῦσιν
597 5291 761 5346 αὑτόν
779 5307 794 5322 ·
833 5292 928 5345 καὶ
953 5291 1126 5354 οὕτως
1147 5291 1426 5360 διαμένειν
1460 5293 1750 5362 ἄτρεπτον.
1779 5295 1904 5347 Πει-

326 5381 546 5452 σθῶμεν
578 5383 758 5436 τοίνυν
792 5382 914 5454 Θεῴ
955 5382 1032 5456 τῷ
1071 5383 1248 5438 ταῦτα
1281 5387 1727 5458 νομοθετήσαντι,
1758 5387 1906 5449 ὅπως

323 5471 652 5546 κληρονόμοι
681 5475 782 5544 τῆς
814 5473 978 5527 αὑτοῦ
1027 5473 1310 5544 βασιλείας
1349 5475 1670 5547 γενώμεθα’
1701 5477 1796 5530 καὶ
1829 5475 1908 5548 μὴ

322 5570 724 5644 ὑπακούσωμεν
745 5571 823 5643 τῷ
858 5571 1118 5645 διαϐόλῳ,
1150 5577 1444 5646 ἐκτρέπειν
1485 5577 1632 5646 ἡμᾶς
1661 5576 1906 5644 ὲπειχει-

326 5663 506 5736 ροῦντι
535 5665 634 5735 τῆς
659 5665 860 5738 ἀρετῆς
891 5667 970 5730 εἰς
1011 5669 1080 5722 τὰ
1126 5671 1248 5722 κατ’
1276 5669 1518 5738 ἔλλειψιν
1560 5667 1768 5736 ταύτης
1811 5665 1906 5718 καὶ

2015 4577 2394 4632 submiserunt
2425 4595 2440 4632 :
2480 4577 2586 4632 hoc
2617 4579 2768 4634 enim
2824 4581 3179 4636 inimicorum
3211 4599 3241 4637 a
3275 4583 3484 4639 dextris
3519 4585 3598 4638 la-

2013 4675 2136 4723 tens
2163 4676 2250 4724 est
2279 4667 2463 4726 dolus.
2487 4668 2626 4724 Illud
2667 4678 2850 4725 autem
2877 4681 2964 4726 est
2987 4673 3206 4742 quidem
3238 4675 3464 4728 omnino
3493 4675 3593 4728 bo-

2015 4773 2166 4824 num,
2191 4759 2340 4814 sicut
2367 4760 2600 4830 justum,
2643 4763 2790 4832 quod
2815 4763 2940 4833 quis
2965 4763 3124 4834 juxta
3163 4765 3334 4834 legem
3363 4775 3595 4820 natura-

2014 4849 2120 4904 lem
2157 4859 2214 4906 et
2247 4851 2418 4922 legem
2455 4853 2720 4922 scriptam
2755 4855 2807 4908 in
2843 4855 2984 4910 alios
3013 4864 3138 4926 agat
3173 4855 3320 4924 quod
3359 4857 3428 4912 ab
3473 4859 3598 4912 aliis

2015 4941 2122 4998 sibi
2159 4943 2274 4998 ﬁeri
2307 4945 2480 5013 cupit,
2504 4955 2557 5000 et
2587 4945 2901 5016 proximum
2931 4949 3080 5004 sicut
3120 4949 3360 5018 seipsutn
3379 4951 3594 5018 diligat;

2015 5043 2266 5090 sanctum
2291 5045 2498 5100 autem,
2519 5039 2664 5106 quod
2685 5039 2834 5108 quis,
2851 5037 3004 5108 insta
3033 5041 3380 5110 spiritualem
3399 5043 3596 5112 legem,

2014 5125 2272 5181 inimicos
2301 5127 2498 5198 diligat
2521 5138 2574 5183 et
2603 5127 2922 5186 odientibus
2947 5147 3010 5186 se
3035 5131 3378 5199 benefaciat;
3414 5139 3470 5186 ut
3515 5131 3597 5186 sie

2013 5223 2338 5271 constanter
2393 5227 2733 5286 permaneat.
2772 5219 3069 5276 Pareamus
3118 5223 3288 5293 igitur
3341 5222 3450 5276 Deo
3491 5221 3594 5276 ista

2013 5305 2354 5375 prtecipienti
2381 5345 2396 5369 ,
2445 5317 2505 5360 ut
2563 5307 2808 5364 heredes
2855 5311 2978 5380 eius
3032 5313 3184 5383 regni
3231 5315 3406 5369 simus
3441 5329 3454 5364 :
3485 5325 3592 5366 non

2015 5403 2198 5449 autem
2239 5398 2586 5464 przebcamus
2619 5403 3044 5459 aurcmdiabolo
3081 5405 3176 5474 qui
3209 5419 3309 5458 nos
3335 5419 3363 5456 a
3388 5403 3594 5458 virtute

2015 5483 2070 5539 in
2115 5486 2405 5556 passiones
2443 5488 2534 5544 ubi
2571 5500 2705 5544 sunt
2735 5489 2962 5547 virtutis
2987 5493 3241 5548 delectus
3271 5493 3356 5546 vel
3395 5507 3594 5546 exces-

2015 5591 2134 5640 SHS.
2167 5585 2420 5633 avertere
2455 5589 2714 5646 conatur,
2755 5598 2822 5636 ne
2861 5582 2914 5636 in
2946 5583 3128 5654 ignem
3163 5582 3268 5652 ipsi
3299 5591 3352 5636 ct
3384 5581 3596 5650 angelis

2013 5667 2131 5736 ejus
2160 5679 2412 5736 paratum
2450 5671 2826 5730 demittamnr.

321 5753 628 5828 ὑπερϐολὴν
673 5757 818 5828 πάθη
852 5775 888 5802 ·-
939 5760 1024 5814 ἵνα
1075 5777 1148 5832 pq
1195 5761 1685 5832 παραπεμφθῶμεν
1739 5763 1817 5823 εἰς
1858 5757 1968 5830 πῦρ
2019 5759 2078 5812 τὸ
2125 5761 2534 5834 ἡτοιμασμένον
2575 5766 2722 5838 αὐτῷ
2767 5767 2857 5820 καὶ
2919 5770 3030 5831 τοῖς
3083 5768 3330 5838 ἀγγέλοις
3407 5765 3586 5824 αὑτοῦ.
