3950 6206
327 355 463 423 1405

1383 337 1917 409 COMMENTARII
1945 336 2035 399 IN
2063 329 2519 401 PROVERBIA.

3431 319 3569 385 1406

395 465 666 536 Ποταμὸς
695 463 762 517 δὲ
780 458 1107 527 ἀναπηδῶν
1125 454 1222 510 καὶ
1246 454 1410 525 πηγὴ
1440 451 1608 522 ζωῆς.
1642 449 1741 505 Ἐκ
1774 448 1895 502 στὸ-

2069 442 2293 499 Flumen
2328 450 2502 495 autem
2534 437 2827 493 scaturiens
2850 445 2900 493 et
2917 437 3035 507 fons
3059 438 3200 491 vitm.
3226 432 3305 490 Es
3340 448 3436 488 ore
3467 449 3567 486 au-

330 575 499 630 ματος
534 557 592 611 δὲ
614 554 708 609 τοῦ
741 551 1030 622 εἰρημένου
1066 547 1280 619 ἀνδρὸς,
1313 540 1469 609 οὗτος
1495 546 1524 597 ὁ
1553 542 1710 609 λόγος
1737 539 1895 610 δίκην

328 629 571 718 ποταμοῦ
625 639 1104 714 πλημμυροῦντος,
1157 637 1253 690 καὶ
1321 634 1432 688 τῶν
1494 630 1689 687 ἑαυτοῦ
1733 629 1898 701 ὁρίων

216 756 221 761 ·
329 737 819 806 ὑπερεκχεομένου,
854 734 948 785 καὶ
974 730 1074 800 τὴν
1101 723 1628 798 συμπαρακειμένην
1658 721 1763 791 γῆν
1798 718 1901 789 ἄρ-

328 829 506 890 δοντος
535 825 629 880 καὶ
672 822 1018 896 καρποφόρον
1062 816 1474 880 ἀπο-«τελοῦντος,
1496 810 1899 874 διδασκαλικῶς

220 918 229 926 “
332 918 751 990 προερχόμενος,
804 914 1040 983 πηγάζει
1086 906 1146 965 εὖ
1196 906 1337 964 εἶναι
1387 907 1622 976 ζωτικὴν
1647 904 1900 971 δύναμιν.

403 1016 464 1064 ε’.
504 1007 813 1079 Θαυμάσαι
865 1005 1192 1073 πρόσωπον
1241 999 1521 1065 ἀσεϐοῦς,
1568 998 1641 1052 οὐ
1686 996 1899 1050 καλόν.

339 1102 500 1172 Ὀψιν
525 1099 943 1167 καταπλαγῆναι
970 1095 1250 1157 δυνάστου,
1280 1092 1414 1146 Θεὸν
1440 1090 1514 1161 μὴ
1545 1087 1813 1159 τιμῶντος
1833 1085 1901 1138 δι’

335 1190 723 1262 ἀγαθοεργίας,
749 1189 849 1242 οὐκ
877 1188 1024 1240 ἔστιν
1053 1183 1364 1239 ἐπαινετόν.

409 1283 562 1338 Οὐδὲ
590 1282 763 1337 ὅσιον
789 1281 1092 1335 ἐκκλίνειν
1109 1278 1176 1331 τὸ
1205 1276 1441 1329 δίκαιον
1462 1272 1532 1327 ἐν
1557 1272 1773 1340 κρίσει.
1800 1268 1904 1323 Οὑ-

336 1375 391 1428 δὲ
415 1375 561 1428 ὅσιον
588 1374 675 1426 διὰ
706 1372 798 1425 τὸν
826 1371 885 1438 ἐξ
927 1368 1091 1423 αὐτοῦ
1152 1366 1340 1436 φόϐον,
1381 1366 1439 1418 ὲν
1485 1362 1665 1433 κρίσει
1707 1357 1903 1430 ἐκτρέ-

336 1464 533 1518 πεσθαι
573 1462 669 1516 τοῦ
699 1462 934 1527 δικαίου,
964 1459 1065 1513 κᾶν
1096 1458 1192 1511 τοῦ
1231 1455 1373 1510 κατά
1414 1453 1505 1506 τδν
1543 1450 1771 1522 φυσικὸν
1815 1449 1905 1502 νό-

341 1572 442 1625 μον
464 1554 698 1618 δικαίου,
728 1554 762 1622 ή
786 1551 929 1606 κατά
966 1551 1057 1604 τὸν
1087 1545 1473 1616 πνευματικὸν,
1490 1544 1655 1614 νόμον
1689 1540 1906 1610 ὁσιότης

337 1646 657 1716 ὑπέρκειται
683 1641 899 1713 φύσεως
938 1640 1073 1711 πρὸς
1101 1639 1171 1693 τὰ
1204 1637 1344 1705 ὑπὲρ
1382 1634 1545 1705 φύσιν
1587 1630 1906 1700 ὲξιστῶντος

337 1733 432 1788 τοῦ
462 1734 792 1803 πνεύματος.
814 1785 843 1809 κ

2005 543 2112 591 tem
2137 533 2348 606 praelati
2363 533 2462 587 viri
2490 532 2578 586 hic
2589 545 2770 587 sermo
2784 529 2850 583 ad
2866 528 3174 583 doctrinam
3188 526 3566 598 progrediens,

2005 623 2273 680 scaturire
2296 622 2427 676 facit
2456 620 2725 676 vivificam
2749 620 2861 673 vim
2895 618 3196 681 felicitatis,
3215 616 3570 686 quemadmo-

2004 716 2132 772 dum
2161 714 2358 769 llumen
2388 711 2531 783 quod
2552 717 2834 776 exaestuat,
2855 716 3008 764 extra
3030 709 3241 763 alveum
3273 706 3571 762 effunditur

2003 817 2322 879 terramque
2357 806 2698 877 adjacentem
2753 802 2991 872 irrigans
3020 798 3252 855 fertilem
3281 797 3463 854 elIicit.

2074 991 2242 1048 Vens.
2279 989 2333 1045 5.
2370 987 2567 1043 Mirari
2592 1001 2867 1057 personam
2895 985 3046 1053 impii
3074 1024 3089 1050 ,
3120 998 3222 1038 non
3251 989 3328 1037 est
3357 981 3573 1033 bonum.

2006 1082 2082 1139 De
2112 1083 2263 1137 vultu
2292 1079 2561 1151 potentis',
2595 1076 2758 1132 bonis
2809 1076 3070 1144 operibus
3110 1089 3218 1129 non
3257 1071 3581 1126 ltonorantis

2006 1175 2175 1229 Deum
2211 1171 2604 1238 obstupescere
2644 1180 2752 1221 non
2781 1173 2867 1220 est
2898 1152 3192 1218 laudabile.

2076 1263 2260 1333 Neque
2283 1268 2523 1316 sanctum
2543 1258 2807 1312 declinare
2827 1257 3034 1326 justum
3061 1256 3113 1308 in
3134 1253 3361 1323 judicio.
3390 1250 3576 1320 Neque

2008 1365 2258 1412 sanctum
2298 1353 2370 1407 ob
2411 1350 2652 1422 potentis
2681 1356 2884 1403 metum
2913 1386 2929 1412 ,
2961 1348 3011 1400 in
3060 1344 3269 1416 judicio
3298 1343 3584 1398 declinare

2007 1465 2037 1503 a
2058 1450 2227 1519 justo,
2262 1444 2479 1500 etiamsi
2528 1443 2595 1496 de
2619 1441 2772 1510 justo
2830 1436 3129 1493 secundum
3158 1436 3326 1505 legem
3356 1443 3578 1487 natura-

2008 1539 2111 1595 lem
2145 1546 2361 1607 agatur.
2404 1532 2680 1587 Sanctitas
2715 1530 2860 1585 enim
2898 1528 3202 1583 secundum
3239 1526 3410 1595 legem
3465 1523 3579 1593 spi-

2009 1628 2260 1683 ritualem
2300 1631 2523 1696 praestat
2547 1630 2821 1685 naturam,
2849 1618 3048 1689 spiritu
3094 1631 3214 1673 eam
3249 1616 3315 1671 ad
3354 1630 3418 1670 ea
3456 1627 3584 1685 quae

2010 1733 2177 1789 supra
2213 1725 2466 1772 naturam
2505 1721 2635 1768 sunt
2685 1711 3071 1766 transferente.

411 1830 485 1888 ς’.
514 1791 698 1890 Χείλη
732 1791 1014 1890 ἀφρονος,
1068 1818 1326 1888 ἄγουσιν
1371 1810 1559 1867 αὐτὸν
1596 1811 1684 1873 εις
1729 1805 1900 1862 κακά.

2083 1807 2247 1862 Vens.
2283 1806 2336 1860 6.
2395 1803 2567 1858 Labia
2623 1801 2777 1856 stulti
2841 1799 3043 1852 ducunt
3108 1811 3228 1850 eum
3291 1794 3347 1846 in
3404 1791 3574 1845 mala.

346 1915 413 1967 Ἢ
438 1911 704 1982 ἐπιθυμία
741 1912 836 1964 καὶ
868 1913 896 1964 ὁ
921 1910 1093 1979 θυμὸς
1141 1905 1236 1960 τοῦ
1274 1905 1348 1975 μὴ
1384 1903 1527 1972 λόγῳ
1574 1899 1751 1953 ταῦτα
1802 1899 1904 1949 έπ-

338 2006 576 2076 έχοντος,
607 2004 721 2057 ἀλλ’
749 2001 1017 2071 ἀγομένου
1042 1997 1132 2051 ὑπ’
1161 1994 1341 2050 αὐτῶν
1372 1992 1693 2059 ἀλογίστως,
1725 1987 1819 2040 καὶ
1839 1986 1907 2038 δι’

337 2096 519 2152 αὐτῶν
541 2094 617 2157 ὡς
642 2092 731 2146 διὰ
756 2091 984 2162 χειλέων
1015 2088 1075 2142 τὸ
1124 2084 1441 2156 παρατυχδν
1486 2080 1632 2136 ἅπαν
1660 2076 1908 2141 ἀσπαζο-

340 2189 525 2261 μένου,
562 2187 642 2250 είς
669 2185 850 2238 πᾶσαν
883 2182 1141 2253 φέρουσιν
1178 2176 1341 2233 αὐτὸν
1367 2172 1666 2246 ἁμαρτίαν.

411 2362 483 2417 Τὸ
508 2361 578 2416 δὲ
599 2362 794 2429 στόμα
820 2357 1010 2412 αὑτοῦ
1037 2354 1103 2409 τὸ
1135 2350 1327 2422 θρασὺ
1346 2389 1363 2414 ,
1400 2349 1661 2403 θάνατον
1705 2344 1912 2397 ἐπικα-

338 2451 548 2507 λεῖται.
585 2450 652 2502 Ἡ
695 2447 753 2502 δὲ
793 2445 985 2500 τούτου
1020 2441 1314 2511 φαντασία,
1359 2440 1392 2507 ἡ
1441 2436 1595 2503 δίκην
1646 2433 1913 2502 στόματος

342 2539 651 2613 προπετοῦς
673 2579 690 2605 ,
730 2538 831 2608 τὴν
882 2533 1024 2589 κατά
1070 2532 1310 2586 διάνοιαν
1357 2527 1583 2598 λογικὴν
1627 2524 1785 2590 δόξαν
1836 2522 1913 2593 μὴ

341 2632 708 2704 ἀναμένουσα,
735 2628 873 2683 ἀλλὰ
898 2621 1502 2698 προκαταλαμϐάνουσα
1530 2617 1774 2672 ἐπαινεῖν
1802 2631 1855 2667 τι
1878 2612 1912 2684 ἢ

341 2724 552 2793 ψέγειν,
582 2721 658 2785 ὡς
715 2718 907 2789 έτυχεν
928 2758 944 2783 ,
990 2716 1286 2770 ἐπισπᾶται
1341 2711 1442 2782 τὴν
1490 2708 1615 2763 κατ’
1636 2706 1915 2777 ἐνέργειαν

346 2814 637 2885 ἁμαρτίαν,
665 2811 702 2882 ἢ
739 2810 917 2881 ψυχῆς
954 2811 1070 2862 ἐστι
1107 2805 1355 2866 θάνατος.

417 2906 484 2971 ζ’.
524 2904 721 2973 Στόμα
735 2903 1014 2971 ἄφρονος,
1033 2895 1326 2965 συντρισὴ
1349 2890 1509 2957 αὐτῷ
1525 2905 1544 2924 ο
1563 2887 1718 2945 τὰδὲ
1738 2886 1915 2956 χείλη
1982 2902 1988 2908 δ

346 2995 554 3058 αὐτοῦ,
573 2992 751 3063 παγίς
776 2991 850 3059 τῇ
871 2988 1044 3059 ψυχῇ
1069 2985 1276 3042 αὐτοῦ.
1312 2984 1378 3037 Ἡ
1401 2981 1510 3053 γὰρ
1532 2976 1800 3049 φαντασία
1819 2974 1916 3029 τοῦ

353 3088 427 3157 μὴ
469 3086 560 3140 τὸν
585 3084 682 3138 τοῦ
710 3081 847 3137 θεοῦ
881 3080 1044 3151 φὸὁον
1077 3081 1136 3131 έν
1164 3074 1366 3146 καρδίᾳ
1407 3072 1685 3141 φέροντος,
1720 3064 1919 3157 mavelit?

350 3127 539 3231 ἰτούτων
556 3190 574 3206 ⁶
599 3177 680 3238 είς
705 3173 813 3242 γῆν
841 3127 1180 3226 κατασπῶσα
1296 3127 1460 3217 αύτέῦ
1481 3127 1741 3231 ιρρόνημα
1761 3170 1774 3185 ⁸
1807 3156 1841 3226 ὴ
1947 3127 1990 3185 c

351 3255 612 3337 ἐπιθυμία
650 3263 841 3319 τούτου
888 3262 984 3315 καὶ
1026 3262 1055 3313 ὁ
1084 3257 1275 3327 Θυμδς,
1300 3256 1402 3326 τὴν
1445 3250 1612 3307 αὐτοῦ
1643 3247 1820 3319 ψυχὴν
1848 3246 1925 3310 ῶς

352 3376 459 3413 τισι
496 3356 787 3429 Θηράτροις
815 3350 1112 3423 ἀπατηλῶς
1150 3350 1257 3411 τοῖς
1290 3343 1647 3417 προσκαίροις
1676 3339 1926 3393 συνδέου-

354 3466 457 3502 σιν.

421 3543 493 3607 η’.
541 3532 858 3600 Ὀκνηροὺς
887 3527 1246 3591 καταϐάλλει
1272 3526 1486 3593 φόϐοςο
1511 3519 1705 3588 ψυχαί
1733 3517 1800 3571 δὲ
1822 3518 1929 3571 ἀν-

354 3606 677 3695 δρογύνων,
692 3622 1114 3675 πεινάσουσιν.
1137 3617 1271 3678 Τοὺς
1290 3607 1810 3683 καταρᾳθυμοῦντας
1830 3606 1928 3675 τῆς

353 3718 463 3769 τῶν
492 3716 651 3768 υείων
677 3710 905 3763 ἐντολῶν
928 3705 1210 3778 ἐργασίας,
1245 3706 1278 3775 ἡ
1306 3703 1509 3771 ταύτης
1534 3698 1794 3769 ἐργασίας
1817 3696 1928 3749 δει-

356 3804 446 3857 λία
473 3800 838 3855 καταπίπτειν
875 3796 1047 3850 ποιεῖ’
1072 3796 1128 3847 al
1160 3793 1217 3846 δὲ
1237 3791 1409 3861 ψυχαὶ
1449 3789 1580 3853 τῶν,
1607 3787 1682 3851 ὡς
1721 3785 1930 3856 ἀνδρῶν

361 3894 458 3962 μὲν
488 3887 900 3961 θρασυνομένων
925 3887 985 3937 έν
1008 3884 1122 3946 τοῖς
1171 3879 1464 3952 μοχθηροῖς
1490 3878 1691 3950 ἔργοις,
1716 3877 1809 3929 καὶ
1832 3873 1927 3927 τοῦ

362 3984 491 4036 ἰδίου
519 3978 765 4034 κινδύνου
794 3972 1283 4045 κατατολμώντων,
1313 3972 1389 4034 ὡς
1422 3967 1695 4039 γυναικῶν
1735 3966 1791 4020 δὲ
1819 3965 1931 4019 δει-

357 4073 687 4144 λαινομένων
718 4073 775 4123 έν
798 4071 910 4132 τοῖς
939 4066 1145 4130 καλοῖς,
1173 4063 1268 4117 καὶ⁵
1301 4062 1438 4134 πρὸς
1463 4062 1561 4132 τὴν
1588 4059 1724 4113 ίδίαν
1757 4075 1932 4128 σωτη-

361 4168 480 4237 ρίαν
500 4162 906 4218 ἀποκνευόντων
914 4157 1059 4232 [c0d.
1078 4151 1526 4225 ἀποκναιόντων],
1538 4155 1606 4224 τῇ
1619 4150 1713 4206 τοῦ
1724 4149 1929 4221 ἀγαθοῦ

357 4257 536 4328 ἐνδείᾳ
558 4252 906 4327 λιμώξουσιν.

436 4348 499 4402 θ’.
536 4347 600 4402 '0
633 4345 720 4416 μὴ
760 4342 1005 4415 ἰώμενος
1024 4339 1212 4396 αὐτὸν
1245 4338 1315 4392 ἐν
1342 4336 1467 4402 τοῖς
1490 4336 1686 4407 ἔργοις
1714 4335 1922 4403 αὐτοῦ,

2013 1896 2303 1967 Appetitus
2332 1891 2784 1961 concupiscibilis
2851 1896 2907 1942 et
2952 1889 3225 1956 appetitus
3289 1881 3582 1936 irascibilis

2013 1989 2134 2056 ejus
2167 1988 2260 2056 qui
2285 1986 2496 2039 ratione
2520 1984 2644 2038 illas
2700 1996 2811 2035 non
2842 1980 3108 2036 continet.
3138 1975 3230 2030 sed
3255 1975 3323 2029 ab
3350 1974 3458 2027 illis
3486 1972 3582 2026 ab-

2015 2078 2237 2133 ducitur
2264 2084 2317 2129 et
2349 2089 2449 2146 per
2483 2074 2603 2128 illos
2640 2072 2793 2142 quasi
2850 2083 2945 2140 per
3018 2067 3159 2122 labia
3213 2064 3581 2135 quodcunque

2015 2186 2138 2228 sors
2167 2167 2354 2223 tulerit
2383 2165 2768 2236 amplectitur,
2813 2163 2869 2219 in
2930 2175 3091 2215 omne
3142 2174 3265 2214 eum
3315 2158 3582 2211 inducunt

2017 2273 2327 2332 peccatum.

2091 2351 2160 2404 Et
2189 2366 2247 2404 os
2294 2348 2409 2416 ejus
2452 2349 2635 2399 audax
2668 2354 2886 2397 mortem
2917 2342 3151 2395 invocat.
3214 2337 3392 2405 Hujus
3445 2337 3583 2390 ima-

2021 2440 2230 2510 ginatio
2260 2477 2276 2502 ,
2303 2439 2449 2493 sicut
2473 2451 2537 2490 os
2570 2448 2835 2505 praeceps,
2881 2448 3002 2500 quae
3029 2439 3195 2486 rectae
3216 2430 3416 2484 rationi
3452 2443 3584 2482 eon-

2021 2532 2212 2587 formis
2254 2538 2334 2585 est
2369 2528 2683 2598 opinionem
2721 2541 2828 2580 non
2858 2524 3039 2580 ferens
3073 2562 3089 2588 ,
3128 2525 3223 2577 sed
3279 2523 3399 2576 sine
3430 2520 3584 2589 judi-

2020 2626 2107 2680 cio
2140 2639 2205 2677 ac
2227 2622 2436 2678 delectu
2468 2620 2675 2691 aliquid
2701 2617 2928 2672 laudare
2978 2627 3072 2671 ant
3108 2617 3417 2685 vituperare
3447 2627 3586 2684 pra-.—

2028 2715 2265 2785 judicat,
2322 2711 2389 2766 ad
2446 2724 2506 2765 se
2566 2709 2696 2764 totis
2742 2708 2953 2762 viribus
3015 2706 3240 2761 attrahit
3300 2714 3582 2775 peccatum

2020 2804 2166 2875 quod
2196 2816 2346 2857 mors
2371 2807 2454 2856 est
2480 2801 2696 2855 animae.

2097 2894 2260 2950 Vens.
2301 2893 2354 2948 7.
2397 2891 2471 2947 0s
2514 2889 2862 2957 imprudentis
2922 2888 3161 2942 contusio
3201 2887 3248 2941 ei
3280 2926 3295 2951 ,
3346 2893 3395 2939 et
3441 2882 3585 2935 labia

2022 2984 2214 3052 ipsius,
2244 2980 2465 3050 laqueus
2519 2979 2716 3032 animo:
2756 2977 2895 3047 ejus.
2935 2976 3252 3047 ltnaginatio
3308 2974 3429 3044 ejus
3492 2973 3585 3041 qtti

2027 3071 2122 3125 Dei
2148 3072 2398 3124 timorem
2433 3068 2487 3123 in
2534 3066 2702 3121 corde
2735 3080 2845 3120 non
2872 3074 3081 3131 servat,
3111 3072 3586 3135 conquassateum

2026 3163 2093 3216 ad
2134 3169 2339 3214 terram
2397 3160 2684 3213 attrahens
2710 3158 3072 3227 cogitationes
3105 3156 3246 3225 ejus.
3302 3154 3587 3224 Appetitns

2025 3252 2480 3323 concupiscibilis
2510 3260 2690 3304 autem
2724 3250 2875 3305 illius
2900 3264 2963 3302 ac
2993 3249 3268 3319 appetitus
3292 3247 3589 3300 irascibilis

2026 3344 2184 3414 quasi
2208 3342 2537 3413 quibusdam
2565 3341 2775 3412 laqueis
2803 3342 3039 3395 animam
3066 3341 3237 3410 ipsius
3261 3339 3426 3394 rebus
3452 3347 3590 3392 tem-

2027 3437 2308 3507 poralibus
2346 3435 2686 3491 devinciunt.
3246 3424 3251 3429 ’

2102 3526 2265 3581 Vsus.
2307 3526 2361 3580 8.
2402 3525 2625 3595 Pigrum
2686 3520 2870 3591 dejicit
2913 3526 3115 3578 timor:
3176 3522 3370 3576 anima:
3418 3529 3592 3574 autem

2027 3618 2450 3687 effeminatorum
2479 3617 2734 3671 esuriant.
2767 3616 2894 3669 Illos
2935 3615 3028 3683 qui
3080 3613 3358 3683 neglignnt
3380 3612 3593 3665 divino-

2030 3726 2153 3765 rum
2201 3709 2587 3763 mandatorum
2628 3707 3031 3778 operationem,
3066 3704 3215 3759 illius
3257 3702 3594 3772 operationis

2030 3797 2297 3855 timiditas
2331 3796 2585 3852 decidere
2616 3795 2766 3849 facit.
2800 3795 3010 3847 Anima:
3039 3802 3216 3846 autem
3264 3803 3452 3843 eorum
3499 3790 3593 3859 qui

2030 3898 2091 3943 ut
2138 3889 2241 3942 viri
2272 3888 2495 3958 quidem
2540 3896 2674 3941 sunt
2726 3884 2966 3937 audaces
3016 3881 3081 3935 ad
3132 3894 3295 3948 opera
3338 3880 3597 3943 mala,et

2032 3980 2098 4035 ad
2126 3980 2409 4051 proprium
2459 3976 2766 4047 periculttm
2818 3972 3149 4031 adeundum,
3203 3968 3360 4038 quasi
3397 3967 3595 4023 mulie-

2031 4081 2123 4123 res
2173 4074 2353 4121 autem
2404 4064 2580 4119 timidi
2615 4073 2743 4118 sunt
2790 4063 2843 4116 in
2898 4061 3059 4116 bonis
3113 4058 3371 4128 operibus
3426 4067 3481 4113 ct
3524 4055 3595 4111 ad

2028 4160 2308 4232 propriam
2348 4159 2580 4215 salutem
2609 4157 2773 4228 pigri,
2815 4154 2995 4225 inopia
3024 4152 3153 4208 boni
3184 4152 3450 4207 esurient.

2100 4341 2268 4397 Vens.
2317 4342 2371 4397 9.
2415 4342 2518 4409 Qui
2566 4356 2668 4395 non
2691 4340 2929 4393 medetur
2953 4337 3054 4392 sibi
3101 4328 3158 4390 in
3189 4332 3434 4403 operibus
3460 4332 3597 4395 suis,

354 4430 623 4507 ’ἀδελφός
666 4437 797 4490 ἐστι
843 4434 952 4489 τοῦ
996 4427 1436 4503 λυμαινομένου
1479 4427 1714 4483 ἑαυτόν.
1747 4427 1808 4481 '0
1853 4428 1921 4497 μὴ

2035 4434 2203 4505 frater
2225 4446 2303 4490 est
2351 4433 2616 4502 perdentis
2671 4432 2923 4498 seipsum.
2987 4428 3089 4495 Qui
3145 4444 3240 4497 per
3290 4438 3454 4494 opera
3489 4424 3600 4477 vir-

362 4532 451 4584 ‘c‘tit
480 4527 588 4583 τῶν
618 4527 794 4597 ἔργων
834 4527 935 4595 τῆς
971 4524 1170 4596 ἀρετῆς
1206 4520 1563 4577 ἀπαλλάττων
1596 4517 1789 4573 ἑαυτὸν
1819 4517 1921 4572 τῶν

2038 4529 2171 4584 tutis
2205 4544 2312 4583 non
2341 4528 2537 4581 liberat
2568 4540 2629 4580 se
2653 4531 2922 4594 quantum
2965 4528 3145 4591 potest
3193 4534 3222 4571 a
3252 4515 3599 4588 passionibus

363 4620 483 4676 καθ’
508 4618 622 4684 ἕξιν
670 4619 768 4688 τῆς
811 4616 1083 4687 ἁμαρτίας
1123 4612 1337 4677 παθῶν,
1366 4611 1570 4680 ἀδελφά
1623 4612 1811 4681 φρονεῖ
1855 4607 1935 4680 τῷ

364 4700 482 4764 κατ’
504 4710 782 4780 ἐνέργειαν
803 4707 1012 4774 ταύτης
1035 4705 1236 4775 μᾶλλον
1255 4704 1450 4759 ἑαυτὸν
1475 4700 1932 4757 καταδλάπτοντι.

367 4804 427 4856 El
462 4800 537 4872 μὴ
574 4800 684 4870 γὰρ
709 4798 803 4852 καὶ
832 4799 932 4865 τὴν
965 4798 1108 4849 κατά
1150 4796 1389 4848 διάθεσιν
1430 4795 1584 4864 ῥίζαν
1611 4793 1710 4861 τῆς
1737 4790 1935 4856 κακίας

366 4892 593 4946 σπεύσει
620 4889 891 4944 ὲκσπάσαι
917 4903 1001 4950 τις
1017 4925 1032 4949 ,
1065 4886 1291 4949 κλάδους
1323 4886 1540 4947 πάντως
1567 4884 1821 4954 πονηρῶν
1844 4882 1934 4936 λο-

367 4981 580 5053 γισμιῖιν
609 4977 988 5047 ἀναθαλλήσει,
1005 4976 1205 5030 καὶτὸν
1234 4976 1429 5047 πικρὸν
1453 4971 1609 5037 αὖθις
1633 4974 1733 5044 τῆς
1756 4975 1936 5045 ἀμαρ-

364 5072 484 5132 τίας
523 5067 642 5122 κατ’
673 5067 955 5137 ἐνέργειαν
997 5063 1341 5135 προσενέγκῃ
1377 5064 1613 5134 καρπόν.

439 5166 491 5214 ι’.
528 5162 629 5214 Ἐκ
654 5156 1090 5227 μεγαλωσύνης
1115 5155 1352 5223 ισχύος,
1378 5153 1642 5223 φανερὸν
1660 5152 1727 5207 τὸ
1751 5152 1938 5223 ὄνομα

367 5251 607 5319 Κυρίου.
641 5251 739 5303 Ἐκ
777 5250 876 5318 τῆς
901 5247 1317 5318 κηρυττομένης
1347 5246 1453 5299 ὑπὸ
1484 5246 1665 5316 πάσης
1692 5246 1791 5315 τῆς
1819 5246 1938 5298 κτί-

369 5363 505 5409 σεως
533 5345 772 5415 μεγάλης
792 5342 1072 5412 δυνάμεως
1093 5340 1186 5394 τοῦ
1207 5340 1478 5393 Δεσπότου
1499 5339 1606 5394 τῶν
1627 5339 1765 5393 ὅλων
1778 5336 1935 5405 Θεοῦ,

368 5435 580 5507 φανερά
616 5437 650 5504 ή
686 5431 875 5487 τούτου
916 5431 1117 5500 γνῶσις
1155 5428 1518 5501 καθέστηκεν.

437 5543 607 5613 Αὐτῷ
636 5543 705 5598 δὲ
731 5543 1217 5612 προσδραμόντες
1236 5543 1472 5607 δίκαιοι,
1495 5542 1815 5610 ὐψοῦνται.
1856 5542 1936 5613 Τῇ

369 5636 425 5690 δὲ
460 5638 678 5706 τοιαύτῃ
709 5632 908 5703 γνώσει
937 5634 1329 5706 προσελθόντες
1351 5633 1442 5685 διὰ
1471 5632 1706 5709 πίστεως
1734 5635 1827 5685 καὶ
1850 5633 1938 5701 φό-

370 5730 485 5792 ϐου,
508 5729 556 5782 οἱ
588 5725 646 5781 τὸ
673 5726 842 5791 ὅντως
884 5726 1110 5792 ἀγαθὴν,
1130 5727 1221 5780 τοῦ
1243 5724 1598 5789 νομιζομένου
1622 5725 1938 5796 προκρίνον-

2034 4619 2267 4690 peccati,
2303 4617 2505 4673 similia
2537 4616 2744 4681 cogitat
2769 4627 2836 4666 ac
2881 4610 2975 4665 ille
3007 4610 3104 4679 qui
3156 4609 3397 4677 seipsum
3429 4604 3599 4659 laedit.

2033 4708 2170 4766 Nam
2210 4710 2318 4764 nisi
2355 4709 2480 4778 quis
2538 4720 2639 4775 pro
2676 4702 2821 4757 virili
2874 4710 3029 4771 parte
3072 4700 3296 4753 malitia:
3361 4696 3597 4749 radicem

2034 4801 2326 4855 extrahere
2395 4795 2642 4859 studeat,
2676 4793 2944 4846 malarum
2971 4790 3367 4859 cogitationum
3419 4799 3605 4837 ramos

2034 4891 2260 4944 omnino
2304 4889 2578 4943 virescere
2613 4883 2743 4938 facit
2786 4895 3117 4950 atnarosque
3150 4879 3349 4933 iterum
3392 4872 3604 4946 peccati

2034 4980 2247 5036 fructus
2293 4982 2423 5034 totis
2458 4976 2666 5032 viribus
2726 4970 2958 5043 profert.

2112 5157 2470 5215 Vaas.l0.Ex
2502 5155 2895 5225 magniﬁcentia
2916 5152 3247 5224 fortitudinis
3276 5166 3465 5206 nomen
3492 5146 3601 5201 Do.

2010 5251 2168 5316 .mini
2191 5247 2589 5323 manifestatur.
2613 5246 2689 5299 Ex
2726 5259 2920 5315 magna
2960 5243 3201 5314 potentia
3228 5240 3597 5307 Dei,omniutn

2036 5339 2378 5405 Domini,ab
2437 5339 2693 5393 universa
2741 5338 3017 5392 creatione
3062 5335 3376 5408 praedicata,
3426 5331 3601 5386 mani-

2038 5434 2175 5489 festa
2200 5433 2410 5487 exstitit
2458 5430 2580 5500 ejus
2612 5430 2870 5502 cognitio.

2112 5545 2176 5599 Ei
2204 5554 2381 5599 autem
2408 5537 2740 5597 accurrentes'
2761 5541 2901 5612 justi
2918 5542 3247 5596 exaltantur.
3274 5538 3375 5606 Qui
3410 5548 3593 5595 autem

2037 5635 2104 5691 ad
2138 5638 2287 5690 illan)
2320 5634 2687 5704 cognitionem
2719 5640 3018 5686 accurrunt
3045 5645 3142 5699 per
3174 5629 3332 5683 fidem
3367 5637 3424 5683 ct
3480 5643 3598 5683 tne-

2038 5734 2175 5782 tum.
2214 5735 2268 5781 et
2305 5738 2488 5781 verum
2528 5722 2731 5779 bonuttt
2763 5720 2816 5778 ei
2859 5720 2999 5790 quod
3030 5719 3334 5775 instituatur
3397 5722 3597 5774 bonum
