3950 6206
437 296 571 360 14οἸ

1729 286 2086 351 mocorn
2125 287 2369 379 Gaza:

3555 286 3694 354 1&08

434 409 778 475 anteponunt
803 444 816 469 ,
847 416 876 456 ιι
907 399 1227 460 carnalibus
1266 400 1617 472 terrenisque
1640 399 1710 455 ad
1757 400 2011 471 spiritua-

2142 416 2226 467 ες,
2246 397 2540 468 ἀνάγονται
2557 397 2668 453 ἀπὸ
2689 399 2799 455 τῶν
2818 400 3097 471 σαρκικῶν
3124 400 3221 456 καὶ
3238 402 3441 473 γηΐνων
3468 404 3603 475 πρὸς
3626 406 3698 456 τὰ

431 498 505 552 lia
558 512 623 551 ac
665 494 911 550 cmlestia
954 490 1386 548 transferuntur.

396 606 402 637 ι
501 587 669 643 Vens.
712 588 800 642 Η.
844 586 1165 643 Substantia
1210 582 1388 639 divitis
1433 584 1535 639 uiri
1618 584 1741 638 urbs
1781 583 2008 638 munita.

432 678 755 735 Substantia
810 691 1004 732 eorum
1046 674 1143 744 qui
1187 675 1448 729 virtutem
1507 689 1575 729 ac
1641 674 2012 744 cognitionem

432 768 726 838 possident
775 765 1021 821 celestis
1091 771 1182 819 est
1240 763 1566 834 metropolis
1617 762 1839 818 insidiis
1900 777 2014 817 non

434 870 650 929 patens,
693 856 1134 928 inexpugnabilis
1167 872 1183 922 ;
1213 870 1404 910 eorum
1444 854 1537 924 qui
1567 854 1750 909 omnia
1774 869 2014 924 presen-

437 951 512 1005 tia
553 955 915 1004 contemnunt
975 955 1036 1002 ut
1085 946 1238 1001 illius
1284 946 1531 1001 civitatis
1565 947 1716 1000 cives
1750 945 1905 1003 ﬂant.

509 1036 696 1092 Gloria
725 1047 904 1091 autem
948 1036 1063 1106 ejus
1123 1051 1436 1105 magnopere
1487 1034 1787 1089 obumbrat.
1823 1033 2023 1090 Gratia

437 1139 624 1184 autem
689 1128 1028 1184 sanctissimi
1096 1127 1364 1197 Spiritus,
1397 1141 1521 1196 qua:
1565 1126 1719 1182 illius
1774 1127 2017 1182 civitatis

437 1220 737 1289 cstgi’oria,
768 1234 912 1289 quos
946 1218 1111 1286 hujus
1151 1218 1304 1274 cives
1336 1218 1536 1289 dignos
1577 1217 1773 1283 habuit
1795 1219 1898 1274 hac
1920 1235 2018 1290 per

437 1312 670 1382 gratiam
712 1310 1076 1375 deiﬁcatione,
1099 1310 1330 1365 multum
1376 1310 1431 1365 in
1477 1310 1582 1364 hac
1621 1310 1731 1364 vita
1782 1311 2019 1384 protegit

439 1410 632 1457 contra
665 1401 934 1456 maculam
958 1417 988 1455 a
1018 1400 1417 1469 cupiditatibus
1441 1400 1785 1471 adspersam.

516 1494 678 1551 Vens.
747 1495 833 1549 i2.
876 1495 1171 1565 Antequam
1215 1504 1542 1559 conteratur,
1601 1496 1871 1551 enitatur
1927 1513 2027 1551 eor

440 1583 689 1647 hominis,
727 1591 778 1636 et
810 1592 1091 1652 antequam
1113 1583 1463 1654 gloriﬁcatur,
1491 1584 2025 1643 humiliatur.Causa

439 1673 640 1726 animae
685 1673 873 1740 lapsus
919 1672 1042 1741 ejus
1070 1680 1158 1727 est
1197 1674 1466 1728 exaltatio
1501 1717 1518 1739 ,
1552 1674 2017 1744 quemadmodum

2116 488 2465 559 πνευματικά
2500 488 2595 543 καὶ
2632 489 2887 562 οὐράνια.

2186 586 2275 635 ια’.
2302 580 2599 648 ’Υπαρξις
2625 581 2976 649 πλουσίων,
3009 583 3186 650 πόλις
3217 582 3427 653 ὀχυρά.
3468 587 3701 654 Περιου-

2115 672 2206 727 σία
2229 672 2338 727 τῶν
2363 672 2463 744 τὴν
2489 669 2697 746 ἀρετὴν
2727 675 2820 727 καὶ
2853 674 2951 746 τὴν
2980 675 3184 743 γνῶσιν
3216 675 3703 748 πεπλουτηκότων,

2113 765 2149 836 ὴ
2178 766 2292 822 ἄνω
2321 767 2442 820 ἐστὶ
2472 763 2884 837 μητρόπολις,ή
2910 766 3336 837 ἀνεπιὸοῦλητος
3371 768 3461 822 καὶ
3486 769 3704 822 avsa».

2111 873 2205 921 τος
2223 870 2240 887 ·
2268 858 2446 912 πάντα
2471 857 2814 929 προϊεμένων
2855 859 2927 913 τά
2969 860 3250 930 παρόντα,
3284 859 3360 924 ὡς
3388 860 3455 916 ἂν
3482 862 3702 933 ἐκείνης

2113 949 2329 1003 πολῖται
2361 950 2646 1019 γίνωνται.

2202 1040 2264 1095 Ἠ
2305 1041 2377 1095 δὲ
2419 1040 2571 1106 δόξα
2608 1042 2800 1112 αὐτῆς
2822 1042 2978 1113 μέγα
3007 1042 3361 1105 ἐπισκιάζει.
3394 1045 3459 1100 Ἦ
3504 1046 3563 1100 δὲ
3602 1046 3704 1101 τοῦ

2115 1128 2383 1195 παναγίΟυ
2413 1129 2732 1201 Πνεῦματος
2765 1132 2927 1203 χάρις
2945 1172 2963 1197 ,
2991 1132 3139 1204 ἤπερ
3169 1135 3320 1188 ἐστὶν
3348 1135 3563 1207 ἐκείνης
3596 1137 3705 1204 τῆς

2114 1221 2326 1285 πόλεως
2352 1221 2593 1289 εὔκλεια,
2619 1222 2697 1288 ὡς
2728 1224 2855 1287 τοὺς
2878 1225 3084 1296 ταύτης
3103 1225 3326 1291 πολίτας
3346 1228 3577 1293 ἀξιοῦσα
3598 1228 3707 1298 τῆς

2115 1312 2259 1366 κατὰ
2288 1312 2449 1384 χάριν
2474 1313 2724 1380 θεώσεως
2742 1356 2759 1382 ,
2788 1317 2849 1373 οὐ
2884 1317 3099 1387 μικρῶς
3128 1318 3409 1374 κάνταῦθα
3439 1320 3705 1388 φυλάττει

2115 1402 2225 1456 ἀπὸ
2263 1404 2360 1474 τῆς
2400 1404 2494 1458 τοῦ
2536 1405 2783 1477 φλογμοῦ
2823 1407 2933 1461 τῶν
2971 1409 3164 1483 παθῶν
3205 1409 3595 1482 μελανὼσεως.

2191 1493 2282 1564 ιβ’.
2323 1494 2445 1563 Πρὸ
2487 1495 2818 1567 συντριϐῆς
2871 1498 3135 1567 ὑψοῦται
3182 1499 3399 1569 καρδία
3440 1500 3711 1570 ἀνδρὸς,

2117 1586 2216 1639 καὶ
2244 1586 2359 1655 πρὸ
2389 1586 2576 1657 δόξης
2604 1590 3009 1647 ταπεινοῦται.
3047 1592 3207 1647 Δίτία
3232 1593 3327 1647 τοῦ
3350 1594 3490 1647 κατά
3522 1594 3719 1665 ψυχὴν

2118 1675 2414 1749 πτώματος
2437 1682 2470 1750 ἠ
2502 1680 2706 1753 ταύτης
2734 1684 2882 1737 ἐστὶν
2921 1683 3174 1755 ἔπαρσις,
3215 1684 3410 1755 ὥσπερ
3439 1684 3512 1739 αὖ
3545 1688 3580 1756 ή
3604 1702 3708 1741 τα-

438 1761 724 1817 humilitas
750 1776 919 1817 causa
960 1772 1044 1817 est
1073 1763 1301 1819 honoris
1355 1765 1504 1835 apud
1560 1764 1755 1823 Deum.
1819 1765 2012 1823 Omnis

2142 1771 2514 1843 τεινοφροσύνη
2539 1774 2639 1842 τῆς
2670 1774 2822 1846 παρὰ
2852 1775 2972 1846 Θεῷ
3007 1776 3175 1847 τιμῆς
3193 1792 3217 1809 ι
3237 1778 3346 1840 πᾶς
3368 1777 3479 1848 γὰρ
3498 1779 3532 1831 ἀ
3555 1777 3706 1847 ὑψῶν

438 1854 589 1911 enim
621 1853 719 1923 qui
758 1868 819 1908 se
848 1854 1054 1908 exaltat
1113 1856 1503 1910 humiliabitur
1528 1895 1545 1920 ,
1578 1858 1674 1927 qui
1721 1868 1901 1914 autem
1956 1872 2017 1915 se

442 1944 695 2000 humiliat
728 1943 1082 2000 exaltabitur.

518 2035 813 2090 Vsus-15.
855 2035 960 2100 Qui
1012 2037 1166 2105 prius
1218 2035 1495 2105 respondet
1557 2053 1717 2106 quam
1756 2037 2021 2104 audierit,
2104 2034 2111 2042 ’

443 2124 664 2181 stultum
690 2142 744 2179 se
764 2141 875 2180 esse
903 2125 1251 2190 demonstrat,
1286 2136 1336 2180 et
1358 2127 1751 2196 uituperatione
1773 2128 2014 2200 dignum.

441 2215 547 2282 Qui
578 2231 698 2271 sese
724 2214 969 2271 defendit
996 2218 1322 2287 priusquam
1351 2218 1579 2274 auribus
1609 2220 1849 2290 accipiat
1868 2219 2019 2291 quod

437 2307 547 2376 ipsi
575 2306 813 2372 dicitur,
871 2306 1129 2363 amentia
1161 2307 1411 2372 defensio
1474 2308 1596 2378 ejus
1645 2310 2020 2367 manifestatio

440 2398 646 2461 evadit.
671 2399 798 2470 quia
827 2413 939 2454 non
960 2398 1444 2471 intelligitdictum
1467 2410 1527 2456 ut
1556 2401 1637 2456 illi
1663 2404 2018 2475 respondeat.

442 2491 570 2547 Ideo
598 2500 656 2546 et
698 2491 1077 2546 contemnitur
1121 2489 1191 2546 ab
1223 2492 1481 2549 omnibus
1517 2492 1719 2565 quib’us
1751 2496 2023 2569 colloqui-

444 2592 553 2635 lttl‘.

521 2671 683 2728 Vsus.
728 2671 816 2727 Η.
858 2671 1118 2729 Furorem
1149 2672 1250 2729 viri
1286 2674 1500 2745 mitigat
1537 2691 1721 2731 seruus
1766 2675 2021 2747 prudens.

443 2762 584 2818 Iram
617 2764 858 2821 hominis
908 2767 1062 2822 sedat
1120 2766 1366 2836 prudens
1432 2766 1673 2828 famulus
1723 2770 2023 2829 solertibus

442 2855 650 2912 verbis.

516 2949 926 3005 Pnsillanimem
955 2957 1138 3005 autem
1183 2948 1469 3007 dominum
1511 2950 1559 3007 si
1587 2953 1712 3023 quis
1758 2954 2019 3020 sustinet,

446 3041 815 3098 admiratione
857 3041 1081 3111 dignus.
1112 3040 1267 3098 Solet
1294 3044 1441 3099 enim
1473 3043 1565 3100 ille
1587 3045 1751 3101 irasci
1784 3046 1840 3102 in
1869 3047 2021 3102 omni

446 3134 762 3199 occasione,
792 3133 837 3187 si
869 3132 1086 3187 accidat
1122 3142 1180 3188 ut
1221 3133 1430 3203 aliquid
1463 3149 1576 3190 non
1629 3135 1788 3204 juxta
1855 3137 2026 3193 bene-

446 3224 711 3293 p'acitum
758 3223 1080 3291 perficiatur
1125 3238 1194 3277 ex
1240 3224 1555 3293 ignorantia
1599 3227 1746 3282 servi
1793 3227 2024 3283 manda-

448 3325 565 3371 tum
614 3329 726 3369 non
784 3314 1167 3382 adimplentis.
1200 3316 1290 3369 cui
1331 3330 1476 3385 saepe
1520 3317 1823 3376 inhumane
1858 3318 2025 3391 ﬂagra

343 3464 349 3471 ,
449 3404 645 3473 inﬁgit.

524 3493 688 3549 νεεδ.
732 3495 818 3549 15.
859 3493 966 3550 Cor
1007 3492 1286 3564 prudentis
1315 3494 1553 3564 possidet
1615 3512 1853 3554 sensum.
1895 3498 2029 3551 Ani-

450 3602 541 3641 ma
587 3585 711 3657 ejus
751 3585 847 3657 qui
903 3584 1074 3641 Deum
1125 3596 1308 3642 mente
1363 3585 1594 3657 profert,
1646 3587 1849 3658 accipit
1908 3586 2028 3643 dis-

451 3679 751 3734 cretionem
778 3692 904 3748 quae
930 3691 961 3730 a
988 3677 1175 3747 pejora
1221 3676 1423 3734 melius
1446 3678 1758 3748 distinguit;
1798 3680 2029 3735 manda-

451 3779 508 3825 ta
567 3770 662 3826 Dei
732 3768 1036 3839 adimplere
1088 3769 1259 3840 cupit,
1322 3777 1436 3824 tum
1496 3784 1560 3826 ea
1624 3785 1747 3841 quae
1798 3786 1830 3825 a
1883 3771 2028 3827 malo

449 3869 752 3927 avertunt,
787 3869 900 3916 tum
945 3874 1010 3916 ea
1047 3875 1170 3930 quae
1212 3860 1280 3917 ad
1332 3860 1592 3918 virtutem
1637 3862 2025 3921 adhortantur.

521 4063 691 4118 Aures
757 4071 936 4118 autem
1009 4063 1331 4133 sapientium
1380 4066 1653 4134 'quwrunt
1707 4064 2026 4121 doctrinam.

451 4155 687 4210 Auditus
719 4162 903 4210 autem
943 4169 1136 4210 eorum
1168 4156 1263 4226 qui
1295 4155 1467 4211 divini
1509 4155 1662 4212 verbi
1730 4166 1861 4212 sunt
1902 4173 2033 4229 par-

459 4245 681 4314 ticipes,
724 4259 833 4299 non
899 4244 1021 4300 solo
1068 4242 1163 4299 Dei
1197 4244 1365 4301 verbo
1412 4256 1544 4302 sunt
1593 4249 1876 4312 contenti,
1933 4248 2031 4305 sed

452 4351 552 4404 per
586 4334 1000 4391 meditationem
1052 4343 1376 4391 scrutantur
1403 4337 1570 4391 etiam
1638 4337 1803 4408 hujus
1878 4340 2029 4397 verbi

454 4441 701 4519 sensum,
741 4426 918 4481 donec
984 4427 1312 4519 perveniant
1348 4427 1451 4519 _ad
1487 4427 1542 4482 id
1592 4429 1737 4499 quod
1793 4438 1917 4496 est,
1970 4440 2108 4519 utD

456 4516 625 4580 Deus,
667 4531 835 4585 supra
866 4516 1069 4570 mentis
1108 4514 1552 4585 conceptionem.

522 4608 689 4662 Vsus.
715 4607 802 4662 i6.
839 4607 1047 4661 Donum
1093 4607 1318 4661 hominis
1355 4607 1550 4662 dilatat
1609 4623 1751 4674 eum,
1807 4618 1859 4664 et
1888 4609 2031 4676 apud

453 4698 713 4767 principes
740 4697 919 4752 sedere
946 4697 1077 4767 facit
1124 4714 1265 4753 eum.
1304 4699 1545 4769 Spiritus
1603 4705 1781 4756 sancti
1824 4703 2031 4758 donum

456 4791 599 4862 quod
637 4790 836 4861 accipit
867 4791 1051 4857 homo,
1086 4791 1240 4847 ducit
1264 4807 1387 4847 eum
1425 4793 1480 4846 in
1505 4807 1822 4848 mensuram
1851 4795 2032 4852 aetatis

454 4882 807 4953 plenitudinis
823 4879 1046 4937 Christi.
1064 4880 1197 4938 Cum
1218 4882 1381 4937 homo
1404 4897 1434 4935 a
1456 4881 1650 4936 timore
1668 4881 1853 4937 divino
1885 4884 2035 4937 ince-

459 4977 539 5047 pit
577 4983 631 5031 et
664 4975 790 5032 aliis
835 4975 1035 5031 exinde
1056 4975 1223 5032 donis
1250 4975 1446 5040 crevit,
1469 4975 1624 5029 illum
1648 4975 1957 5030 consolidat
1976 4983 2034 5030 et

459 5066 651 5124 sedere
684 5064 815 5120 facit
840 5083 962 5123 cum
998 5068 1069 5123 iis
1090 5066 1185 5139 qui
1210 5067 1507 5138 participes
1534 5073 1667 5122 sunt
1695 5066 2031 5137 perﬁcientis

458 5159 739 5229 sapientiae
767 5174 889 5230 quae
916 5159 1010 5215 dat
1042 5161 1211 5216 robur
1246 5160 1315 5215 ad
1343 5158 1683 5231 subigendos
1740 5158 2032 5230 pravitatis

459 5250 710 5320 spiritus,
751 5250 1028 5306 mendacii
1079 5261 1358 5307 auctores.
1403 5250 1560 5304 Illum
1595 5265 1624 5303 a
1677 5250 2032 5321 passionibus

456 5342 831 5414 pnritlcatum,
862 5351 917 5399 et
944 5357 1044 5414 per
1070 5343 1485 5400 meditationem
1511 5341 1880 5397 illuminatnm
1937 5356 2032 5396 co-

457 5437 719 5505 gnitione,
771 5434 1074 5507 perfectum
1123 5434 1179 5489 in
1218 5434 1504 5491 soliditate
1538 5434 1766 5489 virtutis
1816 5434 2031 5490 consti-

458 5528 583 5583 tuit.

534 5702 703 5762 Vsus.
742 5708 823 5764 Π.
858 5708 1051 5766 Justus
1080 5716 1355 5764 accusator
1389 5708 1472 5761 sui
1513 5708 1566 5759 in
1600 5707 1864 5775 principio
1917 5723 2027 5761 ser-

2117 1864 2312 1920 ἑαυτὸν
2334 1867 2866 1939 ταπεινωθήσεται,ὁ
2887 1870 2945 1924 δὲ
2969 1872 3245 1926 ταπεινῶν
3268 1872 3460 1926 ἑαυτὸν
3483 1870 3710 1942 ὑψωθή-

2118 1972 2299 2013 σεται.

2190 2056 2281 2117 ιγ’.
2313 2052 2411 2116 “Oc
2440 2052 2830 2121 ἀποκρίνεται
2848 2055 3037 2124 λόγον
3061 2053 3206 2123 πρὶν
3223 2055 3512 2119 ἀκοῦσαι,
3533 2055 3713 2126 ἀφρο-

2120 2142 2281 2211 σύνη
2320 2143 2493 2198 ἐστίν
2532 2144 2695 2210 αὐτῷ
2733 2145 2832 2199 καί
2865 2143 3117 2212 ὄνειδος.
3157 2145 3248 2217 Τῷ
3278 2147 3709 2219 ἀπολογουμένῳ

2121 2234 2254 2304 πρὶν
2285 2236 2396 2296 τοῖς
2420 2232 2522 2287 ὠσὶ
2549 2233 2801 2299 δέξασθαι
2825 2235 2887 2289 τὸ
2916 2236 3069 2309 παρά
3093 2254 3237 2300 τινος
3262 2237 3439 2309 τούτῳ
3467 2238 3707 2307 λεγόμεο

2124 2343 2237 2389 νον,
2278 2326 2467 2391 ἀνοίας
2502 2328 2536 2398 η
2584 2327 2814 2395 τοιαύτη
2865 2330 3132 2399 ἀπολογία
3179 2332 3469 2401 παραίτιος
3495 2332 3717 2400 γίνεται⁴

2123 2415 2209 2470 ὅτι
2241 2416 2316 2487 μὴ
2348 2416 2562 2487 συνίησι
2589 2416 2651 2470 τὸ
2686 2417 2983 2488 λεγόμενον
3002 2458 3023 2485 ,
3055 2419 3144 2473 ba
3170 2420 3308 2492 πρὸς
3343 2421 3480 2474 αὐτὸ
3528 2421 3709 2489 φθέγ-

2124 2504 2315 2575 ξηται·
2361 2506 2614 2562 ἐντεῦθεν
2656 2506 2715 2561 δὲ
2761 2510 2857 2563 καὶ
2904 2509 3303 2577 ἐξουδενώσεως
3350 2511 3514 2583 παρὰ
3573 2513 3707 2565 πᾶσι

2123 2597 2238 2661 τοῖς
2265 2598 2706 2668 ὲντυγχάνουσιν.

2197 2687 2282 2742 ιδ’.
2323 2688 2526 2757 Θυμὸν
2550 2688 2775 2758 ἀνδρὸς
2805 2692 3053 2759 πραΰνει
3092 2692 3364 2761 θεράπων
3390 2693 3709 2764 φρόνιμος.

2137 2778 2339 2849 Ὀργὴν
2380 2778 2671 2850 ἀνθρώπου
2712 2782 3068 2838 καταστέλλει
3102 2786 3358 2856 νουνεχὴς
3399 2787 3708 2859 ὑπηρέτης,

2124 2868 2317 2937 δεξιῶς
2348 2870 2513 2925 αὐτὸν
2545 2873 2977 2944 μετερχόμενος.

2197 2963 2550 3034 Μικράφυχον
2577 2964 2625 3017 δ’
2646 2965 2933 3036 ἄνθρωπον
2960 2965 3018 3019 εί
3034 2985 3120 3032 τις
3142 2968 3462 3037 ὑπενέγκει,
3489 2970 3715 3043 θαύμα-

2124 3070 2216 3118 τος
2251 3053 2400 3119 ἄξιος
2418 3071 2434 3087 ο
2469 3055 2627 3111 εἴωθε
2656 3055 2766 3128 γὰρ
2791 3052 2949 3122 οὗτος
2971 3060 3286 3130 ὀργίζεσθαι
3311 3065 3409 3115 καὶ
3434 3064 3522 3127 εἰς
3544 3064 3610 3117 τὸ
3634 3081 3717 3117 τυ-

2126 3145 2241 3215 χὸν,
2271 3148 2321 3198 εί
2353 3146 2537 3218 συμῦῇ
2569 3147 2643 3219 μη
2673 3148 3105 3219 ἀποτελεσθῆναι
3129 3153 3270 3208 κατὰ
3306 3154 3366 3209 τὸ
3395 3155 3560 3224 αὐτῷ
3591 3157 3711 3227 βου-

2125 3234 2308 3308 λητὸν.
2333 3236 2399 3303 ἐξ
2425 3239 2649 3307 ἀγνοίας
2672 3239 2769 3293 τοῦ
2799 3239 2874 3312 μὴ
2899 3241 3057 3296 τοῦτο
3080 3244 3490 3317 πληρώσαντος,
3516 3244 3567 3316 ᾧ
3587 3248 3713 3301 πο).-

2127 3326 2286 3391 λάκις
2311 3328 2559 3397 ἀνηλεῶς
2588 3329 2859 3401 ἐπιφέρει
2893 3333 2985 3386 καὶ
3012 3334 3303 3405 μάστιγας.

2202 3491 2284 3539 ιε’.
2322 3486 2546 3555 Κορδία
2565 3490 2856 3559 φρονίμου
2897 3491 3105 3548 κτᾶται
3123 3493 3438 3562 αἴσθησιν.
3477 3496 3549 3549 ’11
3575 3496 3721 3568 ψυχὴ

2128 3579 2221 3633 τοῦ
2249 3583 2640 3660 περιφέροντος
2672 3585 2803 3639 Θεδν
2832 3586 2973 3640 κατά
2999 3585 3258 3651 διάνοιαν,
3293 3586 3716 3658 προσλαμβάνει

2128 3672 2401 3744 διάκρισιν
2432 3675 2531 3747 τὴν
2556 3677 2871 3748 διαιροῦσαν
2904 3678 2965 3732 τὸ
2992 3679 3237 3748 κρεῖττον
3268 3679 3378 3732 ἀπὸ
3403 3680 3503 3734 τοῦ
3538 3683 3714 3751 χείρο-

2130 3774 2251 3827 νος⁶
2285 3765 2397 3818 τῶν
2425 3766 2851 3838 ἀποτρεπουσῶν
2882 3766 2982 3837 μὲν
3012 3767 3107 3821 τοῦ
3133 3768 3335 3833 κακοῦ,
3363 3787 3719 3842 προ-τρίπου-

2134 3850 2244 3904 σῶν
2293 3852 2351 3906 δὲ
2400 3854 2540 3923 πρὸς
2572 3856 2633 3933 th
2661 3856 2826 3910 καλὸν
2855 3855 3085 3913 ἐντολῶν
3118 3857 3306 3925 αὐτοῦ,
3341 3860 3494 3915 κατὰ
3522 3861 3723 3933 πρᾶξιν

2131 3943 2407 3999 ἀντιποιου
2416 3948 2572 4019 μένη.

2205 4032 2355 4093 Ὦτα
2382 4039 2451 4093 δὲ
2480 4042 2691 4109 σοφῶν
2726 4041 2887 4111 ζητεῖ
2920 4044 3183 4101 ἔννοιαν.
3223 4047 3289 4099 Δί
3322 4045 3366 4099 δ’
3390 4048 3571 4103 ἀκοαὶ
3620 4046 3723 4101 τῶν

2136 4134 2515 4202 μετασχόντων
2556 4134 2652 4189 τοῦ
2685 4136 2832 4190 θείου
2879 4137 3062 4207 λόγου,
3091 4139 3192 4192 οὐκ
3231 4139 3547 4209 ἀρκοῦνται
3583 4139 3725 4212 μόνῳ

2132 4219 2210 4290 τῷ
2238 4222 2429 4276 τούτου
2466 4225 2638 4296 ῥητῷ,
2667 4227 2781 4280 ἀλλ’
2802 4228 3136 4297 ἀνερευνῶσι
3172 4229 3315 4283 κατά
3353 4229 3610 4301 θεωρίαν
3637 4232 3719 4281 καὶ

2133 4313 2193 4366 τὸ
2218 4313 2383 4369 αὑτοῦ
2404 4318 2615 4386 νοητὸν,
2651 4318 2756 4383 ἕως
2776 4319 2843 4374 ἂν
2869 4320 3149 4390 φθάσωσιν
3171 4324 3253 4385 είς
3272 4322 3334 4375 τὸ
3352 4323 3565 4377 τούτου
3590 4325 3725 4391 ὑπὲρ

2134 4406 2457 4478 κατάληψιν,
2499 4408 2574 4473 ὡς
2608 4409 2772 4466 Θεοῦ.

2205 4600 2300 4660 ις’.
2361 4597 2521 4663 Δόμα
2565 4596 2882 4665 ἀνθρώπου
2924 4596 3285 4652 exsiliumin:
3333 4598 3575 4663 αὐτὸν,
3632 4599 3721 4651 ruri

2133 4686 2293 4755 παρὰ
2309 4685 2639 4755 δυνάσταις
2659 4689 2954 4750 καθιζάνει
2984 4692 3190 4747 αὐτόν.
3228 4690 3292 4742 Ἢ
3315 4689 3414 4742 τοῦ
3444 4690 3727 4760 muria;

2134 4777 2452 4849 Πνεύματος
2483 4781 2680 4852 δωρεὰ,
2715 4782 2783 4852 ἣν
2814 4781 3085 4851 λαμϐάνει
3112 4782 3419 4853 ἄνθρωπος.
3450 4784 3595 4853 ἄγει
3621 4782 3727 4837 τοῦ-

2132 4887 2225 4925 τον
2245 4875 2325 4936 εἰς
2342 4873 2545 4944 μέτρον
2569 4873 2789 4944 ἡλικίας
2810 4874 2905 4928 τοῦ
2930 4874 3294 4947 πληρώματος
3316 4875 3417 4929 τοῦ
3440 4875 3723 4946 Χριστοῦ·

2132 4963 2243 5017 ἀπὸ
2270 4964 2438 5033 φόϐου
2462 4965 2611 5020 θείου
2636 4968 2956 5037 ἀρχόμενον,
2980 4968 3207 5031 καὶτοῖς
3228 4967 3352 5037 ἑξῆς
3374 4971 3728 5040 χαρίσμασιν

2135 5056 2582 5128 ὲπεκτεινόμενον
2630 5060 2726 5114 καὶ
2770 5059 2912 5130 μετὰ
2939 5058 3048 5113 τῶν
3082 5059 3469 5130 μετασχόντων
3500 5064 3617 5133 τῆς
3652 5076 3730 5113 τεο

2134 5147 2406 5203 λειοποιοῦ
2437 5150 2652 5219 σοφίας,
2680 5150 2782 5221 τῆς
2810 5150 3169 5222 ἐνισχυούσης
3194 5150 3384 5205 τοῦτον
3413 5152 3512 5217 εἰς
3545 5154 3615 5206 ea
3638 5169 3729 5206 xa-

2136 5242 2550 5297 ταδυναστεύειν
2588 5243 2699 5298 τῶν
2740 5244 2811 5298 τά
2850 5244 3021 5315 ψευδῆ
3050 5243 3463 5312 ὑποτιθεμένων
3498 5248 3613 5317 τῆς
3642 5260 3730 5299 πο-

2134 5333 2332 5409 νηρίας
2373 5336 2728 5406 πνευμάτων,
2773 5335 3155 5405 ἐγκαθιδρύειο
3185 5335 3325 5406 μετά
3365 5334 3429 5389 τὸ
3486 5339 3730 5409 καθᾶραι
3834 5386 3839 5399 ,

2135 5430 2323 5484 παθῶν
2363 5429 2506 5483 κατά
2552 5430 2771 5501 πρᾶξιν,
2803 5430 2900 5483 καὶ
2946 5430 3180 5498 φωτίσαι
3213 5429 3557 5497 γνωστικῶς
3605 5429 3732 5484 κατὰ

2136 5520 2389 5591 θεωρίαν,
2405 5520 2616 5574 τέλειον
2640 5520 2803 5576 αὐτὸν
2824 5519 3250 5574 ἀποκαθιστῶσα
3270 5522 3336 5591 τῇ
3355 5520 3409 5571 ὲν
3428 5521 3524 5591 τῷ
3547 5518 3733 5589 ἀγαθῷ

2134 5611 2386 5683 ἀτρεψία.

2207 5629 2386 5683 ρεψιᾳ.

2211 5707 2297 5769 ιζ’.
2338 5706 2571 5772 Δίκαιος
2601 5706 2819 5761 ἑαυτοῦ
2850 5705 3183 5774 κατήγορος
3205 5705 3273 5759 ἐν
3322 5708 3731 5775 πρωτολςιγίᾳ.
