3950 6206
289 303 426 370 1409
808 324 811 327 ’
1367 308 1779 371 ΕΟΜΜΕἘῘΤΛ
1793 313 1873 372 [Π
1884 314 1890 371 1

2009 311 2026 372 Ῐ
2064 310 2519 375 I’ROVERBIA.
3417 316 3554 384 1410

286 417 387 480 ’ος
413 414 507 469 τὸν
532 415 696 486 νόμον
725 417 824 488 τῆς
849 418 930 481 εἰς
962 416 1095 471 Θεὸν
1129 419 1223 471 καὶ
1259 420 1352 473 τὸν
1387 422 1615 490 πλησίον
1646 410 1886 495 ἀγάπης

2010 424 2168 477 tonis.
2210 420 2314 489 Qui
2348 424 2516 493 legem
2551 422 2841 480 charitatis
2883 423 2936 479 in
2971 422 3137 481 Deum
3186 437 3239 482 et
3265 425 3320 482 in
3360 442 3553 498 proxi-

283 511 465 579 τηρεῖ,
496 510 930 580 προηγουμένως
961 510 1087 564 οὔτε
1123 510 1271 580 Θεῷ,
1304 513 1429 567 οὔτε
1461 514 1567 587 μὴν
1599 516 1871 587 ἀνθρώπῳ

2009 528 2127 566 num
2173 521 2380 574 servat,
2429 528 2604 582 neque
2642 510 2755 569 Deo
2810 530 2991 585 neque
3048 517 3255 572 homini
3315 519 3550 589 primam

281 601 384 668 τὴν
408 601 624 655 οἱανοῦν
652 601 861 673 μέμψιν
883 602 1081 671 ἐπάγει
1107 620 1121 633 ·
1148 603 1265 657 ἀλλ’
1288 605 1485 659 ἐαυτὸν
1505 608 1748 663 αἰτιᾶται
1774 612 1873 681 ἐφ’

280 686 365 756 οἷς
398 692 714 764 πλημμελεῖ
733 708 749 726 ⁸
780 695 904 764 μεθ’
928 694 957 749 δ
985 696 1205 761 πάντως
1245 696 1343 769 τὴν
1390 699 1523 770 παρ’
1544 699 1872 775 ἀμφοτέρων

283 783 575 849 ἐξαιτεῖται
612 787 977 858 συμπάθειαν.
1800 849 1806 855 ,

269 898 278 906 -
371 876 465 942 Ὧς
504 874 557 929 δ’
595 876 674 931 ἂν
715 877 1014 951 ἐπιϐάλλῃ
1068 882 1101 933 ό
1145 880 1486 948 ἀντίδικος,
1538 885 1868 957 ἐλέγχεται.

300 966 582 1023 Ἐντεῦθεν
610 967 667 1023 δὲ
693 967 875 1033 καθὼς
904 970 970 1024 ἂν
1000 970 1172 1042 τούτῳ
1207 974 1492 1049 προσϐάλῃ
1520 977 1548 1029 ὁ
1579 978 1873 1041 ἀντίπαλος

288 1059 397 1111 τῶν
446 1059 730 1131 ἡμετέρων
780 1062 1002 1131 ψυχῶν,
1032 1064 1143 1116 εἴτε
1191 1067 1327 1136 πρὸς
1380 1066 1728 1138 βλασφημίαν
1775 1069 1872 1122 τοῦ

289 1146 426 1202 Θεοῦ
476 1148 696 1220 κινῆσαι
742 1152 931 1205 τοῦτον
978 1153 1292 1226 ἐπιχειρῶν,
1326 1159 1437 1210 εἴτε
1488 1159 1626 1229 πρὸς
1672 1159 1873 1231 ἔχθραν

288 1240 383 1293 τοῦ
422 1240 673 1311 ἀδελφοῦ,
715 1243 1062 1313 ἡττώμενος,
1103 1246 1393 1318 άνίσχυρος
1433 1249 1725 1306 δείκνυται.

365 1338 457 1402 ιη’.
491 1332 858 1404 ἈντιλοτΙης
896 1338 1073 1391 παύει
1109 1337 1355 1407 κλῆρος.
1407 1341 1471 1395 Ἠ
1524 1345 1872 1416 καταγομένη

299 1423 409 1477 ἀπὸ
434 1424 569 1479 Θεοῦ
597 1426 674 1489 ῶς
699 1443 782 1490 τις
817 1429 1083 1499 πατρικὸς
1109 1430 1331 1502 κλῆρος,
1353 1433 1444 1486 ἐπὶ
1468 1436 1594 1497 τοὺς
1619 1435 1876 1500 ἀξιωθέν-

291 1531 391 1579 τας
433 1519 532 1586 τῆς
566 1517 730 1572 αὐτοῦ
760 1519 902 1573 κατὰ
935 1519 1097 1591 χάριν
1140 1522 1435 1588 υἱοθεσίας,
1475 1524 1571 1579 τοῦ
1606 1528 1874 1597 παναγίου

299 1607 623 1677 Πνεύματος
668 1610 868 1683 ἱωρεὰ,
899 1614 1011 1674 τοῖς
1057 1613 1157 1684 μὲν
1204 1615 1538 1685 άρτιγενέσι,
1567 1617 1729 1673 παύει
1778 1620 1877 1684 τὰς

292 1700 626 1765 ἀντιθέσεις·
656 1702 755 1774 τὴν
784 1703 968 1758 πίστιν
993 1703 1203 1769 τούτοις
1234 1706 1569 1771 ἐπαύξουσα,
1599 1710 1692 1763 καὶ
1725 1710 1875 1783 φόϐῳ

252 1854 263 1859 μ
293 1789 423 1862 θείῳ
458 1794 896 1850 καταστέλλουσα
928 1795 1074 1868 πάθη
1117 1798 1187 1850 τά
1219 1798 1339 1862 ταῖς
1369 1799 1611 1864 ἐντολαῖς
1639 1802 1876 1856 ἀντικεί-

297 1899 455 1953 μετα.

376 1975 476 2028 Ἐν
501 1973 570 2027 δὲ
602 1973 931 2045 δυνάσταις
966 1978 1160 2047 ὁρίζει.
1201 1979 1324 2044 Τοῖς
1372 1980 1416 2033 δ’
1438 1981 1757 2052 ἀνδρωθεῖσι
1807 1986 1873 2055 τῇ

296 2065 501 2129 πίστει,
532 2068 627 2119 καὶ
668 2066 776 2120 τῶν
819 2069 1006 2120 παθῶν
1038 2071 1515 2141 περιγενομένοις,
1544 2075 1876 2146 περιγράφει

295 2155 393 2228 τὴν
415 2155 703 2228 ἐνέργειαν
723 2199 737 2221 ,
769 2160 828 2212 ἐν
859 2159 1054 2224 αὑταῖς
1097 2163 1219 2226 ταῖς
1252 2162 1323 2216 τὰ
1352 2163 1502 2235 πάθη
1535 2166 1877 2221 καταπαλαι-

299 2250 490 2313 σάσαις
519 2249 760 2313 ἐντολαῖς
802 2250 897 2305 τοῦ
932 2251 1068 2305 Θεοῦ
1090 2270 1103 2284 ·
1141 2254 1219 2317 ὠς
1264 2254 1331 2309 ἂν
1356 2255 1496 2329 αὕτη
1543 2260 1624 2323 εἰς
1653 2260 1752 2325 τὰς
1779 2262 1878 2330 τῆς

292 2343 500 2412 ἀρετῆς
527 2345 601 2414 μὴ
626 2343 849 2414 ἐκκλίνῃ
876 2346 1207 2418 ὑπερϐολάς.

367 2435 453 2488 ιθ⁹.
494 2434 773 2503 Ἀδελφύς
792 2436 913 2490 ὑπὸ
933 2437 1201 2507 ἀδελφοῦ
1215 2439 1651 2511 βοηθούμενος,
1668 2444 1748 2509 ὡς
1770 2443 1877 2496 πό-

301 2528 395 2591 λις
422 2525 612 2593 ὀχυρὰ
634 2527 731 2579 καὶ
764 2527 977 2596 ὑψηλή
1000 2547 1013 2560 ·
1048 2532 1269 2599 ίισχύει
1295 2531 1384 2597 δὲ,
1404 2531 1608 2602 ὥσπερ
1648 2539 1881 2606 τεθεμε·

302 2613 561 2683 λιωμένη
583 2619 1078 2687 μεμοχλευμένον
1090 2619 1433 2684 βασίλειον.
1477 2620 1637 2692 Ψυχὴ
1662 2623 1796 2692 πρὸς
1817 2622 1882 2676 τὰ

303 2704 569 2759 κάλλιστα
606 2706 708 2759 ὕπὸ
742 2706 836 2760 τοῦ
874 2707 1169 2776 συγγενοῦς
1197 2708 1425 2779 σαρκίον
1451 2710 1882 2782 συνεργουμένη,

304 2798 461 2868 δίκην
486 2798 697 2862 πόλεως
730 2799 934 2870 ὀχυρᾶς
962 2816 1023 2854 τε
1069 2800 1163 2855 καὶ
1193 2801 1427 2874 ὑψηλῆς,
1455 2805 1567 2866 τοῖς
1616 2803 1713 2874 μὲν
1748 2803 1886 2857 καθ’

307 2891 617 2965 ὑπερϐολὴν
646 2892 747 2959 τῆς
773 2895 977 2964 ἀρετῆς
1008 2891 1204 2949 πάθεσι
1239 2894 1390 2966 μένει
1412 2895 1884 2961 ἀνεπιϐούλευτος·

307 2987 384 3048 ὡς
430 2985 898 3056 μετριοφρονοῦσα
931 2984 1008 3055 τῷ
1040 2986 1186 3057 πόνῳ
1231 2988 1331 3057 τῆς
1373 2987 1577 3058 ἀρετῆς
1600 3030 1615 3051 ,
1648 2987 1739 3043 διὰ
1786 2989 1888 3061 τὴν

1975 617 2358 672 quamcunque
2383 602 2838 674 vituperationem
2877 607 3092 670 tribuit,
3124 607 3220 663 sed
3261 623 3320 664 se
3370 609 3553 678 ipsum

1977 703 2202 749 accusat
2242 694 2311 749 de
2352 695 2589 765 propriis
2617 696 2796 767 culpis
2836 715 2849 751 :
2901 705 3192 768 propterea
3230 699 3323 755 Dei
3377 699 3558 755 homi-

1976 801 2218 856 numque
2245 787 2470 842 omnino
2510 788 2613 843 sibi
2645 788 2905 844 conciliat
2941 791 3263 845 amicitiam.

2048 875 2182 933 Cam
2211 894 2329 932 vero
2384 879 2637 949 adfecerit
2688 879 3032 937 adversarius
3090 884 3352 954 arguitur.
3416 882 3558 940 Hinc

1978 975 2158 1023 autem
2190 971 2660 1039 quemadmodum
2701 973 2746 1027 si
2797 986 2960 1040 quem
2988 982 3164 1028 tentat
3202 973 3557 1033 adversarius

1977 1058 2286 1113 animarum
2314 1070 2659 1124 nostrarum,
2691 1076 2817 1116 eum
2872 1062 3158 1132 impellere
3210 1064 3390 1120 nitens
3440 1064 3560 1120 sive

1977 1145 2043 1200 ad
2093 1148 2489 1217 blasphemiam
2525 1150 2583 1205 in
2616 1150 2811 1216 Deum,
2862 1151 2980 1207 sive
3016 1152 3086 1208 ad
3124 1153 3310 1209 odium
3342 1153 3555 1220 fratris,

1928 1238 1935 1247 '
1976 1238 2160 1294 victus
2190 1240 2582 1297 imbecillitatis
2611 1244 2882 1312 arguitur.

2049 1326 2216 1383 Vens.
2267 1328 2351 1385 18.
2395 1329 2860 1387 Contradictiones
2910 1334 3059 1387 sedat
3111 1350 3252 1389 sors.
3317 1334 3559 1404 Spiritus

1978 1419 2155 1474 sancti
2187 1420 2389 1474 donum
2408 1424 2555 1492 quod
2580 1438 2610 1476 a
2638 1423 2749 1479 Deo
2771 1424 3055 1478 derivatur
3077 1426 3234 1495 quasi
3263 1427 3558 1481 haereditas

1977 1513 2225 1582 quaedam
2254 1522 2503 1584 paterna,
2522 1515 2577 1569 in
2600 1532 2697 1571 eos
2724 1517 2819 1587 qui
2844 1517 2995 1589 digni
3023 1517 3195 1573 habiti
3224 1528 3354 1573 sunt
3380 1518 3559 1587 ipsius

1978 1605 2283 1661 secundum
2315 1606 2546 1676 gratiam
2582 1607 2922 1679 adOptionis,
2960 1624 3157 1665 recens
3187 1608 3310 1663 ﬁdei
3343 1609 3563 1679 genito-

1981 1711 2100 1750 rum
2130 1696 2507 1753 dissensiones
2535 1699 2712 1763 sedat,
2766 1700 2904 1770 ipsis
2966 1699 3127 1754 ﬁdem
3186 1699 3439 1766 augendo
3503 1705 3562 1754 et

1975 1785 2174 1841 timore
2210 1784 2302 1840 Dei
2342 1787 2669 1857 expellendo
2707 1790 2996 1858 passiones
3025 1785 3304 1842 mandatis
3332 1796 3561 1842 contra-

1977 1876 2111 1931 rias.

2049 1967 2119 2021 Et
2174 1970 2230 2023 in
2286 1970 2651 2040 potentutibus
2732 1971 2943 2042 deﬁnit.
2985 1971 3059 2026 lis
3111 1969 3205 2040 qui
3267 1968 3370 2025 viri
3431 1968 3566 2025 facti

1979 2059 2192 2115 suntin
2234 2058 2343 2115 ﬁde
2408 2062 2813 2133 passionesque
2867 2062 3245 2130 subiecerunt,
3289 2059 3561 2115 actionem

1979 2149 2389 2207 circumscribit
2430 2154 2484 2207 in
2513 2154 2635 2208 istis
2668 2154 2761 2207 Dei
2802 2155 3079 2208 mandatis
3122 2169 3245 2224 quae
3295 2152 3567 2207 adversus

1980 2244 2270 2313 passiones
2302 2244 2608 2309 luctantur,
2639 2261 2707 2298 ne
2753 2245 2846 2298 illa
2896 2244 2963 2299 ad
3016 2261 3306 2300 excessum
3339 2243 3566 2300 virtutis

1980 2332 2219 2386 declinet

2052 2420 2222 2481 Vens.
2257 2422 2342 2479 19.
2389 2424 2577 2478 Frater
2608 2440 2639 2475 a
2690 2423 2857 2483 fratre
2889 2424 3105 2494 adjutus
3140 2434 3391 2495 tanquam
3438 2431 3566 2484 urbs

1982 2513 2190 2566 munita
2219 2521 2268 2567 et
2297 2514 2533 2577 excelsa;
2564 2514 2839 2568 invalescit
2858 2526 3032 2569 autem
3061 2525 3316 2587 tanquam
3364 2520 3564 2590 [unda-

1986 2614 2097 2657 tum
2128 2620 2365 2674 regnum.
2405 2606 2606 2658 Anima
2632 2605 2698 2658 ad
2733 2607 2935 2675 optima
2971 2622 3000 2660 a
3047 2607 3222 2661 sodali
3267 2624 3434 2667 carne
3460 2615 3562 2668 ad-

1981 2695 2101 2766 juta
2126 2697 2322 2753 similis
2343 2706 2428 2753 est
2448 2698 2568 2752 urbi
2598 2698 2826 2753 munitae
2845 2707 2899 2753 et
2927 2700 3177 2756 excelsae.
3208 2701 3568 2762 Passionibus

1986 2787 2207 2857 quidem
2239 2803 2334 2857 per
2366 2803 2654 2844 excessum
2690 2790 2920 2845 virtutis
2960 2802 3143 2847 manet
3169 2793 3569 2867 inexpugnabi-

1987 2886 2081 2945 lis,
2102 2881 2498 2951 quialaborem
2533 2882 2921 2952 virtutisjusta
2950 2884 3140 2940 carnis
3188 2884 3567 2943 inﬁrmitatem

1992 2977 2268 3033 moderat.
2318 2972 2698 3029 ‘Passionibus
2765 2980 2947 3028 autem
2992 2989 3089 3044 per
3147 2975 3418 3031 defectum
3467 2994 3571 3033 nec

308 3074 597 3131 ἀσθένειαν
645 3075 745 3143 τῆς
793 3074 1025 3145 σαρκός·
1061 3078 1175 3140 τοῖς
1204 3074 1259 3128 δὲ
1288 3077 1413 3129 κατ’
1434 3076 1673 3147 ἔλλειψιν
1730 3079 1890 3133 πάλιν

2009 3067 2206 3121 iterum
2240 3066 2476 3135 capitur,
2501 3064 2630 3133 quia
2652 3073 2889 3119 mentem
2921 3065 2986 3119 ad
3019 3066 3329 3135 spiritualia
3354 3068 3565 3137 dirigit,

309 3167 409 3236 οὐχ
443 3165 724 3219 ἁλίσκεται
750 3164 980 3219 πάθεσιν
999 3183 1014 3197 ο
1053 3165 1128 3230 ὡς
1157 3166 1295 3236 πρὸς
1322 3167 1383 3219 τὸ
1414 3166 1631 3239 πνεῦμα
1651 3167 1743 3221 τὸν
1766 3168 1892 3222 νοῦν

311 3256 612 3326 ἀνάγουσα,
630 3255 709 3327 τῷ
743 3254 868 3327 ὕψει
888 3260 988 3329 τῆς
1013 3255 1289 3326 γνώσεως,
1311 3258 1399 3312 διὰ
1418 3257 1480 3312 τὸ
1504 3261 1703 3312 οἰκεῖον
1731 3259 1894 3324 ἀξίω-

198 3350 205 3355 ’
315 3367 391 3420 μα
410 3362 428 3380 ⁸
460 3348 685 3402 δύναται
713 3348 771 3403 δὲ
803 3346 999 3414 ταῦτα,
1028 3351 1150 3413 ταῖς
1178 3347 1273 3403 τοῦ
1304 3350 1641 3414 ἐνοικοῦντος
1669 3353 1727 3405 ἐν
1754 3352 1893 3423 αὐτῇ

314 3439 461 3493 θείου
474 3438 617 3493 Πνεύ
625 3456 795 3511 ματος
816 3438 1142 3511 ἐνεργείαις,
1155 3439 1625 3511 διαφυλαττομένη
1644 3441 1897 3512 καθάπερ

315 3532 833 3603 κατησφαλισμένον
859 3532 916 3585 ἐν
943 3532 1162 3602 μοχλοῖς
1189 3532 1433 3601 σιδηροῖς
1458 3531 1723 3602 βασιλέως
1753 3534 1900 3602 οἰκη-

314 3624 523 3692 τήριον.

387 3710 457 3764 κ’.
495 3712 631 3767 Ἀπὸ
660 3710 908 3781 καρπῶν
929 3713 1228 3780 στόματος
1258 3711 1413 3780 ἀνὴρ
1438 3714 1742 3782 πίμπλησι
1776 3732 1900 3769 κοι-

318 3800 462 3857 λίαις
491 3801 698 3855 αὑτοῦ.
737 3802 886 3881 Ἀτιὸο
903 3801 1014 3856 τῶν
1051 3800 1480 3873 προφερομὲνων
1521 3804 1587 3856 ὲκ
1633 3802 1903 3874 στόματος

321 3891 532 3962 ἀγαθοῦ
564 3892 890 3947 διδασκάλου
916 3892 1112 3961 λόγων,
1139 3893 1168 3945 ὁ
1193 3891 1268 3965 μὴ
1287 3896 1406 3956 ταῖς
1432 3893 1649 3963 ἡδοναῖς
1674 3893 1904 3967 ἐκθηλυ-

321 3984 567 4053 νόμενος,
605 3984 804 4054 πληροῖ
830 3982 927 4055 τὴν
958 3981 1167 4036 τούτων
1198 3982 1456 4056 δεκτικήν
1487 4000 1545 4038 τε
1577 3983 1675 4038 καὶ
1713 4002 1904 4058 κατερ-

322 4077 591 4147 γαστικὴν
629 4075 868 4129 διάνοιαν
904 4073 1125 4141 ἐαυτοῦ,
1166 4073 1415 4129 πλουτῶν
1453 4077 1691 4133 σύνεσιν.

406 4168 550 4222 Ἀπὸ
583 4166 653 4219 δὲ
690 4165 937 4236 καρπῶν
966 4167 1219 4236 χειλέων
1247 4166 1433 4222 αὑτοῦ
1477 4167 1904 4237 ἐμπλησθήσε-

324 4276 439 4314 ται.
477 4260 611 4313 Ἀπὸ
637 4259 693 4313 δὲ
723 4259 829 4312 τῶν
862 4260 927 4312 ἐκ
955 4259 1050 4312 τοῦ
1084 4260 1216 4313 ἰδίου
1246 4259 1515 4331 στόματος
1542 4256 1903 4330 πληρωθήσε-

322 4369 415 4405 ται
443 4352 639 4419 λόγων,
674 4353 731 4404 ἐν
760 4348 839 4421 τῷ
867 4350 1140 4404 διδάσκειν
1186 4351 1280 4404 καὶ
1325 4348 1630 4421 οἰκοδομεῖν
1662 4348 1902 4423 ἐτέρους,

325 4444 579 4512 ἔμπλεως
618 4443 810 4512 σοφίας
846 4443 1161 4512 γενόμενος.

397 4543 505 4592 κα’.
548 4535 815 4600 Θάνατος
837 4536 935 4588 καὶ
962 4534 1099 4604 ζωὴ,
1121 4536 1191 4588 ἐν
1226 4533 1377 4604 χειρί
1412 4532 1721 4604 γλώσσης.
1759 4535 1910 4589 Κατ’

328 4633 611 4702 ἐνέργειαν
637 4628 737 4696 τῆς
764 4627 1036 4698 γλώττης,
1059 4628 1169 4681 εἴτε
1201 4625 1576 4699 θανατηφόρος
1599 4626 1781 4696 λόγος,
1801 4627 1912 4681 εἴτε

329 4722 595 4790 ζωογὸνος
653 4722 1012 4791 προέρχεται,
1071 4719 1144 4783 ὡς
1187 4719 1494 4791 δυναμένης
1553 4723 1770 4793 πονηρὰ
1821 4723 1915 4775 καὶ

232 4806 237 4809 ’
330 4814 512 4885 ἀγαθὰ
541 4811 908 4884 φθέγγεσθαι*
941 4804 1017 4866 ὧν
1054 4812 1124 4865 τά
1170 4811 1270 4882 μὲν
1299 4814 1394 4867 καὶ
1426 4812 1586 4883 σῶμα
1613 4813 1706 4867 καὶ
1737 4812 1915 4885 ψυχὴν

331 4909 648 4971 θανατοῦσι,
687 4906 758 4960 τὰ
793 4905 840 4958 δ’
870 4904 1161 4975 ἀμφότερα
1198 4904 1578 4975 ζωογονοῦσιν.

406 5001 471 5052 Ol
493 4998 561 5051 δὲ
592 4996 956 5065 κρατοῦντες
984 4993 1177 5063 αὐτῆς
1224 4994 1461 5050 ἔδονται
1480 4995 1620 5062 τοὺς
1646 4994 1918 5063 καρποὺς

332 5089 545 5159 αὐτῆς.
588 5091 650 5143 Oi
692 5089 736 5141 δ’
764 5089 1054 5158 ἐπέχοντες
1081 5086 1309 5157 ταύτην,
1346 5089 1444 5141 καὶ
1491 5087 1707 5159 πονηρὰ
1753 5086 1920 5156 φθέγ-

332 5183 525 5250 γεσθαι
553 5182 627 5251 μὴ
652 5179 1087 5250 συγχωροῦντες,
1112 5179 1221 5232 τῶν
1241 5179 1527 5249 ζωογονεῖν
1547 5182 1673 5245 τοὺς
1698 5179 1921 5236 ἁκούονο

332 5291 432 5338 τας
468 5273 783 5343 δυναμένων
823 5274 1087 5344 ῥημάτων
1126 5270 1507 5326 ἀπολαύουσιν.

406 5362 507 5434 κβ’.
537 5364 635 5428 *ος
667 5357 805 5430 εὖρε
842 5360 1094 5433 γυναῖκα
1119 5360 1371 5431 ἀγαθὴν,
1396 5357 1533 5430 εὗρε
1562 5361 1828 5431 χάριτας.
1863 5362 1921 5417 '0

334 5456 434 5528 τὴν
456 5456 655 5518 παντὸς
682 5455 847 5510 καλοῦ
872 5456 1052 5508 αἰτίαν
1081 5455 1276 5521 σοφίαν
1303 5454 1548 5508 σύνοικον
1574 5457 1920 5527 κτησάμενος

335 5551 484 5618 νοῦς,
521 5551 793 5621 ἐκτήσατο
826 5550 920 5602 καὶ
949 5550 1018 5601 τὰ
1046 5548 1210 5600 λοιπὰ
1236 5548 1331 5600 τοῦ
1374 5549 1640 5616 παναγίου
1675 5549 1923 5618 Πνεύμα-

337 5660 428 5705 τος
462 5642 778 5713 χαρίσματα
800 5680 813 5702 ,
842 5640 903 5691 τὸ
929 5640 1027 5709 τῆς
1063 5639 1354 5707 συνέσεως,
1391 5641 1451 5693 τὸ
1497 5640 1596 5703 τῆς
1643 5639 1921 5709 γνώσεως,

337 5734 398 5789 τὸ
428 5736 524 5806 τῆς
552 5736 882 5804 ἐπιστήμης,
912 5732 972 5785 τὸ
1002 5732 1099 5804 τῆς
1134 5732 1349 5803 βουλῆς,
1378 5732 1438 5785 τὸ
1468 5732 1563 5801 τῆς
1602 5732 1804 5802 ἰςχύος,
1830 5733 1924 5786 καὶ

1994 3156 2287 3213 altitudine
2325 3154 2682 3225 cognitionis,
2739 3170 2837 3226 per
2880 3159 3160 3226 prepriam
3218 3159 3569 3231 dignitatem.

1997 3247 2124 3304 Haec
2154 3255 2340 3302 autem
2396 3246 2613 3301 cﬁicere
2648 3254 2831 3316 potest
2856 3262 2953 3316 pcr
3003 3248 3275 3305 actionem
3333 3249 3576 3323 Spiritus

1997 3339 2176 3395 sancti
2226 3339 2280 3393 in
2330 3353 2391 3393 se
2446 3334 2813 3391 inhabitantis
2854 3337 3158 3407 custodita,
3207 3342 3368 3412 quasi
3426 3342 3574 3413 regia

2000 3431 2197 3489 ferreis
2228 3432 2477 3487 vectibus
2508 3429 2741 3485 munita.

2074 3697 2244 3754 Vsus.
2283 3694 2373 3748 20.
2412 3691 2487 3747 De
2529 3692 2792 3761 fructibus
2845 3693 2955 3747 oris
2990 3694 3069 3747 vir
3125 3693 3304 3763 implet
3351 3702 3580 3747 ventrem

2004 3804 2177 3843 suum.
2212 3785 2579 3841 Sermonibus
2613 3798 2680 3837 ex
2710 3799 2807 3839 ore
2840 3782 2968 3838 boui
3000 3785 3359 3853 prteceptoris
3392 3798 3585 3852 proce-

2005 3877 2265 3932 dentibus
2288 3875 2381 3946 qui
2404 3872 2788 3943 voluptatibus
2821 3889 2928 3927 non
2957 3873 3238 3929 emollitus
3254 3884 3362 3937 est,
3388 3873 3585 3943 implet

2006 3969 2399 4041 cogitationem
2475 3980 2633 4022 suam
2691 3980 2815 4036 qua:
2875 3966 3068 4035 recipit
3104 3979 3168 4020 ac
3226 3966 3466 4036 perﬁcit,
3500 3966 3583 4021 sic

2005 4065 2187 4119 ditatis
2213 4060 2567 4115 intellectum.

2078 4150 2146 4204 Et
2175 4150 2239 4206 de
2275 4149 2533 4219 fructibus
2574 4149 2817 4202 laborum
2852 4163 3069 4202 suorum
3120 4146 3451 4215 implebitur.
3509 4145 3588 4202 De

2007 4243 2198 4299 verbis
2229 4258 2351 4313 qua:
2379 4258 2446 4296 es
2478 4256 2575 4296 ore
2606 4256 2708 4297 suo
2733 4240 3042 4310 procedunt
3087 4240 3425 4309 implebitur,
3456 4241 3587 4310 quia

2010 4338 2141 4391 dum
2173 4334 2482 4390 doctrinam
2537 4332 2663 4388 aliis
2713 4333 3022 4403 dispensat,
3071 4333 3267 4403 plenus
3318 4333 3588 4402 sapientia

1936 4438 1988 4499 ι)
2010 4428 2211 4485 evadit.

2086 4521 2250 4577 Vens.
2278 4519 2371 4577 2|.
2404 4516 2552 4574 Hors
2570 4526 2621 4573 et
2648 4517 2777 4580 vita,
2808 4516 2863 4571 in
2896 4530 3058 4570 manu
3093 4514 3309 4585 litigare.
3329 4511 3371 4565 E
3397 4513 3588 4582 lingua

2014 4614 2261 4686 procedit
2292 4624 2474 4666 sermo
2520 4609 2614 4673 qui
2650 4609 2745 4662 dat
2798 4608 2916 4663 sive
2961 4613 3191 4661 mortem
3238 4604 3355 4659 sive
3392 4602 3587 4668 vitam;

2013 4708 2142 4778 quia
2190 4705 2280 4761 illa
2318 4710 2505 4774 potest
2539 4700 2680 4756 mala
2732 4706 2787 4755 et
2843 4698 2987 4753 bona
3037 4694 3309 4767 proferre,
3356 4708 3595 4766 quorum

2015 4799 2203 4869 priora
2237 4797 2456 4867 quidem
2484 4802 2685 4864 corpus
2711 4800 2768 4847 et
2796 4791 3035 4845 animam
3075 4788 3362 4853 occidunt,
3392 4795 3591 4857 poste-

2015 4893 2166 4946 riora
2202 4898 2383 4945 autem
2420 4888 2721 4941 viviﬁcant.

2090 4981 2195 5049 Qui
2230 4992 2407 5034 autem
2449 4979 2688 5048 dirigunt
2725 4992 2860 5038 eam,
2897 4971 3163 5028 comedent
3210 4973 3417 5040 [ructus
3457 4968 3595 5035 eius.

2018 5070 2125 5139 Qui
2157 5083 2340 5125 autem
2370 5069 2658 5123 continent
2692 5081 2810 5121 eam
2834 5106 2851 5131 ,
2894 5079 2998 5120 nec
3037 5064 3179 5117 mala
3213 5062 3467 5131 proferre
3517 5060 3598 5112 si-

2019 5171 2183 5228 nunt,
2234 5162 2478 5217 fructum
2527 5161 2755 5231 capiunt
2788 5173 2854 5212 ex
2887 5155 3069 5212 verbis
3104 5153 3389 5209 audientes
3423 5151 3602 5206 viviti-

2020 5273 2152 5312 care
2171 5254 2503 5311 valentibus.

2089 5347 2258 5405 Vsus.
2318 5347 2412 5401 22.
2466 5345 2572 5412 Qui
2620 5344 2815 5398 invenit
2856 5342 3129 5397 mulierem
3159 5341 3371 5399 bonam,
3409 5336 3603 5389 invenit

2021 5450 2245 5520 gratias.
2272 5446 2425 5502 Mens
2449 5460 2570 5516 qua:
2596 5443 2841 5513 possidet
2877 5444 3226 5513 sapientiam.
3260 5437 3443 5492 munis
3475 5435 3603 5488 boui

2023 5540 2383 5613 principium,
2430 5538 2681 5609 possidet
2727 5536 2957 5605 insuper
2992 5536 3095 5587 alia
3145 5531 3387 5601 Spiritus
3427 5526 3603 5581 ειιηιοιὶ

2023 5636 2191 5696 dona,
2231 5632 2434 5686 donum
2468 5630 2678 5683 scilicet
2720 5629 3055 5688 intellectus,
3083 5624 3285 5676 donum
3333 5622 3603 5683 si-icntim,

2026 5727 2230 5783 donum
2258 5724 2579 5797 prudentiae,
2613 5723 2820 5777 donum
2850 5719 3092 5782 Consdii,
3141 5716 3346 5772 donum
3394 5713 3598 5768 fortitr
