  <div class='ocr_page' id='page_1' title='image "/cluster/home/n/w/nwhite01/storage/ocr_20150623/87:1/hvd.32044073502353/711.png"; bbox 0 0 3904 6200; ppageno 0'>
   <div class='ocr_carea' id='block_1_1' title="bbox 528 196 661 266">
    <p class='ocr_par' dir='ltr' id='par_1_1' title="bbox 528 196 661 266">
     <span class='ocr_line' id='line_1_1' title="bbox 528 196 661 266; baseline -0.03 0"><span class='ocrx_word' id='word_1_1' title='bbox 528 196 661 266; x_wconf 65' lang='lat' dir='ltr'><strong>illi</strong></span> 
     </span>
    </p>
   </div>
   <div class='ocr_carea' id='block_1_2' title="bbox 1830 206 2462 274">
    <p class='ocr_par' dir='ltr' id='par_1_2' title="bbox 1830 206 2462 274">
     <span class='ocr_line' id='line_1_2' title="bbox 1830 206 2462 274; baseline 0.008 -5"><span class='ocrx_word' id='word_1_2' title='bbox 1830 206 2182 271; x_wconf 82' lang='lat' dir='ltr'><strong>PROCOPII</strong></span> <span class='ocrx_word' id='word_1_3' title='bbox 2216 208 2462 274; x_wconf 72' lang='lat' dir='ltr'><strong>GAZ/EI</strong></span> 
     </span>
    </p>
   </div>
   <div class='ocr_carea' id='block_1_3' title="bbox 3555 236 3646 307">
    <p class='ocr_par' dir='ltr' id='par_1_3' title="bbox 3555 236 3646 307">
     <span class='ocr_line' id='line_1_3' title="bbox 3555 236 3646 307; baseline 0.055 -5"><span class='ocrx_word' id='word_1_4' title='bbox 3555 236 3646 307; x_wconf 74' lang='grc'><strong>1112</strong></span> 
     </span>
    </p>
   </div>
   <div class='ocr_carea' id='block_1_4' title="bbox 528 310 2100 418">
    <p class='ocr_par' dir='ltr' id='par_1_4' title="bbox 528 310 2100 388">
     <span class='ocr_line' id='line_1_4' title="bbox 528 310 2100 388; baseline 0.006 -22"><span class='ocrx_word' id='word_1_5' title='bbox 528 311 708 379; x_wconf 85' lang='lat' dir='ltr'><strong>diuis,</strong></span> <span class='ocrx_word' id='word_1_6' title='bbox 759 321 815 370; x_wconf 90' lang='lat' dir='ltr'><strong>et</strong></span> <span class='ocrx_word' id='word_1_7' title='bbox 861 310 1068 369; x_wconf 86' lang='lat' dir='ltr'><strong>donum</strong></span> <span class='ocrx_word' id='word_1_8' title='bbox 1127 313 1366 372; x_wconf 86' lang='lat' dir='ltr'><strong>timoris.</strong></span> <span class='ocrx_word' id='word_1_9' title='bbox 1419 315 1650 388; x_wconf 79' lang='lat' dir='ltr'><strong>Accepit</strong></span> <span class='ocrx_word' id='word_1_10' title='bbox 1696 325 1881 374; x_wconf 89' lang='lat' dir='ltr'><strong>autem</strong></span> <span class='ocrx_word' id='word_1_11' title='bbox 1928 335 1959 375; x_wconf 87' lang='lat' dir='ltr'><strong>a</strong></span> <span class='ocrx_word' id='word_1_12' title='bbox 2002 319 2100 377; x_wconf 78' lang='lat' dir='ltr'><strong>Dec</strong></span> 
     </span>
    </p>
   </div>
   <div class='ocr_carea' id='block_1_5' title="bbox 2190 310 3651 418">
    <p class='ocr_par' dir='ltr' id='par_1_5' title="bbox 2217 323 3651 418">
     <span class='ocr_line' id='line_1_5' title="bbox 2217 323 3651 418; baseline 0.014 -41"><span class='ocrx_word' id='word_1_13' title='bbox 2217 323 2276 377; x_wconf 74' lang='grc' dir='ltr'>τὸ</span> <span class='ocrx_word' id='word_1_14' title='bbox 2305 323 2399 379; x_wconf 87' lang='grc' dir='ltr'><strong>τοῦ</strong></span> <span class='ocrx_word' id='word_1_15' title='bbox 2426 323 2825 394; x_wconf 79' lang='grc' dir='ltr'>φόϐου.Ἔλα6ε</span> <span class='ocrx_word' id='word_1_16' title='bbox 2855 324 2911 379; x_wconf 79' lang='grc' dir='ltr'><strong>δὲ</strong></span> <span class='ocrx_word' id='word_1_17' title='bbox 2944 327 3087 398; x_wconf 85' lang='grc' dir='ltr'>παρὰ</span> <span class='ocrx_word' id='word_1_18' title='bbox 3117 328 3241 386; x_wconf 81' lang='grc' dir='ltr'>Θεοῦ</span> <span class='ocrx_word' id='word_1_19' title='bbox 3277 333 3436 403; x_wconf 82' lang='grc' dir='ltr'>ὑγείαν</span> <span class='ocrx_word' id='word_1_20' title='bbox 3457 348 3651 418; x_wconf 69' lang='grc' dir='ltr'>καταψυ-</span> 
     </span>
    </p>
   </div>
   <div class='ocr_carea' id='block_1_6' title="bbox 529 403 2108 483">
    <p class='ocr_par' dir='ltr' id='par_1_6' title="bbox 529 403 2108 483">
     <span class='ocr_line' id='line_1_6' title="bbox 529 403 2108 483; baseline 0.007 -26"><span class='ocrx_word' id='word_1_21' title='bbox 529 403 825 459; x_wconf 75' lang='lat' dir='ltr'><strong>sanitatem</strong></span> <span class='ocrx_word' id='word_1_22' title='bbox 875 404 1097 472; x_wconf 82' lang='lat' dir='ltr'><strong>animae,</strong></span> <span class='ocrx_word' id='word_1_23' title='bbox 1153 405 1509 476; x_wconf 80' lang='lat' dir='ltr'><strong>purificatus,</strong></span> <span class='ocrx_word' id='word_1_24' title='bbox 1551 407 1892 466; x_wconf 86' lang='lat' dir='ltr'><strong>illuminatus</strong></span> <span class='ocrx_word' id='word_1_25' title='bbox 1940 419 2108 483; x_wconf 85' lang='lat' dir='ltr'><strong>atque</strong></span> 
     </span>
    </p>
   </div>
   <div class='ocr_carea' id='block_1_7' title="bbox 529 496 837 567">
    <p class='ocr_par' dir='ltr' id='par_1_7' title="bbox 529 496 837 567">
     <span class='ocr_line' id='line_1_7' title="bbox 529 496 837 567; baseline 0 -15"><span class='ocrx_word' id='word_1_26' title='bbox 529 496 837 567; x_wconf 88' lang='lat' dir='ltr'><strong>perfectus.</strong></span> 
     </span>
    </p>
   </div>
   <div class='ocr_carea' id='block_1_8' title="bbox 604 581 2112 665">
    <p class='ocr_par' dir='ltr' id='par_1_8' title="bbox 604 581 2112 665">
     <span class='ocr_line' id='line_1_8' title="bbox 604 581 2112 665; baseline 0.007 -25"><span class='ocrx_word' id='word_1_27' title='bbox 604 585 774 642; x_wconf 70' lang='lat' dir='ltr'><strong>Vens.</strong></span> <span class='ocrx_word' id='word_1_28' title='bbox 811 587 904 642; x_wconf 77' lang='lat'><strong>25.</strong></span> <span class='ocrx_word' id='word_1_29' title='bbox 942 587 1049 654; x_wconf 84' lang='lat' dir='ltr'><strong>Qui</strong></span> <span class='ocrx_word' id='word_1_30' title='bbox 1073 589 1289 658; x_wconf 68' lang='lat' dir='ltr'><strong>expellit</strong></span> <span class='ocrx_word' id='word_1_31' title='bbox 1321 581 1595 647; x_wconf 72' lang='lat' dir='ltr'><strong>mulierein</strong></span> <span class='ocrx_word' id='word_1_32' title='bbox 1633 594 1853 662; x_wconf 81' lang='lat' dir='ltr'><strong><em>bonam,</em></strong></span> <span class='ocrx_word' id='word_1_33' title='bbox 1890 596 2112 665; x_wconf 72' lang='lat' dir='ltr'><strong>expellit</strong></span> 
     </span>
    </p>
   </div>
   <div class='ocr_carea' id='block_1_9' title="bbox 533 677 2113 757">
    <p class='ocr_par' dir='ltr' id='par_1_9' title="bbox 533 677 2113 757">
     <span class='ocr_line' id='line_1_9' title="bbox 533 677 2113 757; baseline 0.006 -25"><span class='ocrx_word' id='word_1_34' title='bbox 533 677 749 734; x_wconf 82' lang='lat' dir='ltr'><strong>bonum.</strong></span> <span class='ocrx_word' id='word_1_35' title='bbox 792 677 892 745; x_wconf 85' lang='lat' dir='ltr'><strong>Qui</strong></span> <span class='ocrx_word' id='word_1_36' title='bbox 921 688 1148 750; x_wconf 88' lang='lat' dir='ltr'><strong>pr0pter</strong></span> <span class='ocrx_word' id='word_1_37' title='bbox 1178 679 1438 737; x_wconf 76' lang='lat' dir='ltr'><strong>allectum</strong></span> <span class='ocrx_word' id='word_1_38' title='bbox 1469 683 1536 738; x_wconf 90' lang='lat' dir='ltr'><strong>ad</strong></span> <span class='ocrx_word' id='word_1_39' title='bbox 1569 685 1881 752; x_wconf 88' lang='lat' dir='ltr'><strong>sensibilia,</strong></span> <span class='ocrx_word' id='word_1_40' title='bbox 1926 686 2113 757; x_wconf 88' lang='lat' dir='ltr'><strong>rejicit</strong></span> 
     </span>
    </p>
   </div>
   <div class='ocr_carea' id='block_1_10' title="bbox 532 768 2114 847">
    <p class='ocr_par' dir='ltr' id='par_1_10' title="bbox 532 768 2114 847">
     <span class='ocr_line' id='line_1_10' title="bbox 532 768 2114 847; baseline 0.007 -24"><span class='ocrx_word' id='word_1_41' title='bbox 532 768 987 825; x_wconf 84' lang='lat' dir='ltr'><strong>intellectualium</strong></span> <span class='ocrx_word' id='word_1_42' title='bbox 1022 772 1344 843; x_wconf 85' lang='lat' dir='ltr'><strong>sapientiam</strong></span> <span class='ocrx_word' id='word_1_43' title='bbox 1380 773 1433 829; x_wconf 93' lang='lat' dir='ltr'><strong>in</strong></span> <span class='ocrx_word' id='word_1_44' title='bbox 1476 782 1772 847; x_wconf 78' lang='lat' dir='ltr'><strong>semetipso</strong></span> <span class='ocrx_word' id='word_1_45' title='bbox 1801 778 2114 834; x_wconf 84' lang='lat' dir='ltr'><strong>inhabitan-</strong></span> 
     </span>
    </p>
   </div>
   <div class='ocr_carea' id='block_1_11' title="bbox 498 862 2111 931">
    <p class='ocr_par' dir='ltr' id='par_1_11' title="bbox 498 862 2111 931">
     <span class='ocr_line' id='line_1_11' title="bbox 498 862 2111 931; baseline 0.008 -17"><span class='ocrx_word' id='word_1_46' title='bbox 498 867 641 917; x_wconf 21' lang='lat' dir='ltr'><strong>rtem</strong></span> <span class='ocrx_word' id='word_1_47' title='bbox 677 877 800 931; x_wconf 69' lang='lat' dir='ltr'><strong>quae</strong></span> <span class='ocrx_word' id='word_1_48' title='bbox 834 862 1022 915; x_wconf 91' lang='lat' dir='ltr'><strong>talium</strong></span> <span class='ocrx_word' id='word_1_49' title='bbox 1070 878 1239 919; x_wconf 88' lang='lat' dir='ltr'><strong>causa</strong></span> <span class='ocrx_word' id='word_1_50' title='bbox 1290 872 1375 920; x_wconf 88' lang='lat' dir='ltr'><strong>est</strong></span> <span class='ocrx_word' id='word_1_51' title='bbox 1407 864 1700 931; x_wconf 89' lang='lat' dir='ltr'><strong>bonorum,</strong></span> <span class='ocrx_word' id='word_1_52' title='bbox 1745 870 1931 924; x_wconf 86' lang='lat' dir='ltr'><strong>omnia</strong></span> <span class='ocrx_word' id='word_1_53' title='bbox 1974 871 2111 926; x_wconf 87' lang='lat' dir='ltr'><strong>bona</strong></span> 
     </span>
    </p>
   </div>
   <div class='ocr_carea' id='block_1_12' title="bbox 530 955 1912 1034">
    <p class='ocr_par' dir='ltr' id='par_1_12' title="bbox 530 955 1912 1034">
     <span class='ocr_line' id='line_1_12' title="bbox 530 955 1912 1034; baseline 0.01 -27"><span class='ocrx_word' id='word_1_54' title='bbox 530 970 653 1024; x_wconf 64' lang='lat' dir='ltr'><strong>quae</strong></span> <span class='ocrx_word' id='word_1_55' title='bbox 681 970 748 1009; x_wconf 80' lang='lat' dir='ltr'><strong>ex</strong></span> <span class='ocrx_word' id='word_1_56' title='bbox 784 955 877 1010; x_wconf 92' lang='lat' dir='ltr'><strong>illa</strong></span> <span class='ocrx_word' id='word_1_57' title='bbox 900 956 1207 1025; x_wconf 84' lang='lat' dir='ltr'><strong>procedunt</strong></span> <span class='ocrx_word' id='word_1_58' title='bbox 1244 959 1410 1014; x_wconf 86' lang='lat' dir='ltr'><strong>simul</strong></span> <span class='ocrx_word' id='word_1_59' title='bbox 1441 975 1570 1015; x_wconf 90' lang='lat' dir='ltr'><strong>cum</strong></span> <span class='ocrx_word' id='word_1_60' title='bbox 1603 977 1668 1017; x_wconf 85' lang='lat' dir='ltr'><strong>ea</strong></span> <span class='ocrx_word' id='word_1_61' title='bbox 1702 963 1912 1034; x_wconf 89' lang='lat' dir='ltr'><strong>dejicit.</strong></span> 
     </span>
    </p>
   </div>
   <div class='ocr_carea' id='block_1_13' title="bbox 605 1045 2109 1127">
    <p class='ocr_par' dir='ltr' id='par_1_13' title="bbox 605 1045 2109 1127">
     <span class='ocr_line' id='line_1_13' title="bbox 605 1045 2109 1127; baseline 0.013 -31"><span class='ocrx_word' id='word_1_62' title='bbox 605 1045 711 1112; x_wconf 85' lang='lat' dir='ltr'><strong>Qui</strong></span> <span class='ocrx_word' id='word_1_63' title='bbox 746 1056 920 1102; x_wconf 86' lang='lat' dir='ltr'><strong>autem</strong></span> <span class='ocrx_word' id='word_1_64' title='bbox 942 1056 1077 1102; x_wconf 80' lang='lat' dir='ltr'><strong>tenet</strong></span> <span class='ocrx_word' id='word_1_65' title='bbox 1106 1049 1644 1119; x_wconf 77' lang='lat' dir='ltr'><strong>adulteram,stultus</strong></span> <span class='ocrx_word' id='word_1_66' title='bbox 1676 1067 1727 1111; x_wconf 88' lang='lat' dir='ltr'><strong>et</strong></span> <span class='ocrx_word' id='word_1_67' title='bbox 1755 1058 1973 1127; x_wconf 80' lang='lat' dir='ltr'><strong>impius.</strong></span> <span class='ocrx_word' id='word_1_68' title='bbox 2005 1059 2109 1127; x_wconf 87' lang='lat' dir='ltr'><strong>Qui</strong></span> 
     </span>
    </p>
   </div>
   <div class='ocr_carea' id='block_1_14' title="bbox 530 1133 2113 1212">
    <p class='ocr_par' dir='ltr' id='par_1_14' title="bbox 530 1133 2113 1212">
     <span class='ocr_line' id='line_1_14' title="bbox 530 1133 2113 1212; baseline 0.011 -26"><span class='ocrx_word' id='word_1_69' title='bbox 530 1133 863 1203; x_wconf 85' lang='lat' dir='ltr'><strong>sapientiam</strong></span> <span class='ocrx_word' id='word_1_70' title='bbox 937 1134 1166 1191; x_wconf 89' lang='lat' dir='ltr'><strong>dimittit</strong></span> <span class='ocrx_word' id='word_1_71' title='bbox 1221 1154 1559 1212; x_wconf 85' lang='lat' dir='ltr'><strong>sensumque</strong></span> <span class='ocrx_word' id='word_1_72' title='bbox 1615 1158 1912 1203; x_wconf 77' lang='lat' dir='ltr'><strong>conservat</strong></span> <span class='ocrx_word' id='word_1_73' title='bbox 1963 1148 2113 1203; x_wconf 90' lang='lat' dir='ltr'><strong>falla-</strong></span> 
     </span>
    </p>
   </div>
   <div class='ocr_carea' id='block_1_15' title="bbox 533 1223 2113 1309">
    <p class='ocr_par' dir='ltr' id='par_1_15' title="bbox 533 1223 2113 1309">
     <span class='ocr_line' id='line_1_15' title="bbox 533 1223 2113 1309; baseline 0.013 -35"><span class='ocrx_word' id='word_1_74' title='bbox 533 1236 652 1277; x_wconf 88' lang='lat' dir='ltr'><strong>cem</strong></span> <span class='ocrx_word' id='word_1_75' title='bbox 687 1261 703 1287; x_wconf 90' lang='lat'><strong>,</strong></span> <span class='ocrx_word' id='word_1_76' title='bbox 736 1238 839 1277; x_wconf 89' lang='lat' dir='ltr'><strong>nec</strong></span> <span class='ocrx_word' id='word_1_77' title='bbox 864 1223 1035 1280; x_wconf 88' lang='lat' dir='ltr'><strong>Deum</strong></span> <span class='ocrx_word' id='word_1_78' title='bbox 1073 1227 1129 1281; x_wconf 93' lang='lat' dir='ltr'><strong>in</strong></span> <span class='ocrx_word' id='word_1_79' title='bbox 1170 1228 1339 1286; x_wconf 89' lang='lat' dir='ltr'><strong>corde</strong></span> <span class='ocrx_word' id='word_1_80' title='bbox 1364 1231 1600 1302; x_wconf 84' lang='lat' dir='ltr'><strong>profert,</strong></span> <span class='ocrx_word' id='word_1_81' title='bbox 1638 1250 1741 1291; x_wconf 91' lang='lat' dir='ltr'><strong>nec</strong></span> <span class='ocrx_word' id='word_1_82' title='bbox 1763 1236 1920 1292; x_wconf 88' lang='lat' dir='ltr'><strong>illum</strong></span> <span class='ocrx_word' id='word_1_83' title='bbox 1946 1238 2113 1309; x_wconf 88' lang='lat' dir='ltr'><strong>justi-</strong></span> 
     </span>
    </p>
   </div>
   <div class='ocr_carea' id='block_1_16' title="bbox 528 1312 1089 1386">
    <p class='ocr_par' dir='ltr' id='par_1_16' title="bbox 528 1312 1089 1386">
     <span class='ocr_line' id='line_1_16' title="bbox 528 1312 1089 1386; baseline 0.018 -22"><span class='ocrx_word' id='word_1_84' title='bbox 528 1312 622 1368; x_wconf 75' lang='lat' dir='ltr'><strong>tia:</strong></span> <span class='ocrx_word' id='word_1_85' title='bbox 650 1316 912 1386; x_wconf 79' lang='lat' dir='ltr'><strong>operibus</strong></span> <span class='ocrx_word' id='word_1_86' title='bbox 937 1318 1089 1374; x_wconf 90' lang='lat' dir='ltr'><strong>colit.</strong></span> 
     </span>
    </p>
   </div>
   <div class='ocr_carea' id='block_1_17' title="bbox 1131 1501 1493 1560">
    <p class='ocr_par' dir='ltr' id='par_1_17' title="bbox 1131 1501 1493 1560">
     <span class='ocr_line' id='line_1_17' title="bbox 1131 1501 1493 1560; baseline 0.011 -4"><span class='ocrx_word' id='word_1_87' title='bbox 1131 1501 1288 1557; x_wconf 73' lang='lat' dir='ltr'><strong>CAP.</strong></span> <span class='ocrx_word' id='word_1_88' title='bbox 1347 1503 1493 1560; x_wconf 83' lang='lat' dir='ltr'><strong>XIX.</strong></span> 
     </span>
    </p>
   </div>
   <div class='ocr_carea' id='block_1_18' title="bbox 603 1584 2108 1674">
    <p class='ocr_par' dir='ltr' id='par_1_18' title="bbox 603 1584 2108 1674">
     <span class='ocr_line' id='line_1_18' title="bbox 603 1584 2108 1674; baseline 0.013 -35"><span class='ocrx_word' id='word_1_89' title='bbox 603 1584 772 1644; x_wconf 73' lang='lat' dir='ltr'><strong>Vsus.</strong></span> <span class='ocrx_word' id='word_1_90' title='bbox 803 1589 856 1643; x_wconf 79' lang='grc'><strong>5.</strong></span> <span class='ocrx_word' id='word_1_91' title='bbox 898 1587 1274 1659; x_wconf 84' lang='lat' dir='ltr'><strong>Imprudentia</strong></span> <span class='ocrx_word' id='word_1_92' title='bbox 1311 1597 1414 1650; x_wconf 85' lang='lat' dir='ltr'><strong>viri</strong></span> <span class='ocrx_word' id='word_1_93' title='bbox 1460 1608 1634 1652; x_wconf 72' lang='lat' dir='ltr'><strong>vastat</strong></span> <span class='ocrx_word' id='word_1_94' title='bbox 1666 1600 1777 1656; x_wconf 74' lang='lat' dir='ltr'><strong>vias</strong></span> <span class='ocrx_word' id='word_1_95' title='bbox 1812 1602 1948 1673; x_wconf 80' lang='lat' dir='ltr'><strong>ejus.</strong></span> <span class='ocrx_word' id='word_1_96' title='bbox 1974 1602 2108 1674; x_wconf 84' lang='lat' dir='ltr'><strong>Ejus</strong></span> 
     </span>
    </p>
   </div>
   <div class='ocr_carea' id='block_1_19' title="bbox 526 1663 2179 1766">
    <p class='ocr_par' dir='ltr' id='par_1_19' title="bbox 526 1663 2179 1766">
     <span class='ocr_line' id='line_1_19' title="bbox 526 1663 2179 1766; baseline 0.013 -37"><span class='ocrx_word' id='word_1_97' title='bbox 526 1677 623 1747; x_wconf 88' lang='lat' dir='ltr'><strong>qui</strong></span> <span class='ocrx_word' id='word_1_98' title='bbox 665 1678 731 1731; x_wconf 88' lang='lat' dir='ltr'><strong>ad</strong></span> <span class='ocrx_word' id='word_1_99' title='bbox 770 1679 938 1734; x_wconf 91' lang='lat' dir='ltr'><strong>Deum</strong></span> <span class='ocrx_word' id='word_1_100' title='bbox 996 1698 1108 1737; x_wconf 91' lang='lat' dir='ltr'><strong>non</strong></span> <span class='ocrx_word' id='word_1_101' title='bbox 1156 1687 1401 1756; x_wconf 86' lang='lat' dir='ltr'><strong>respicit,</strong></span> <span class='ocrx_word' id='word_1_102' title='bbox 1452 1690 1547 1746; x_wconf 86' lang='lat' dir='ltr'><strong>sed</strong></span> <span class='ocrx_word' id='word_1_103' title='bbox 1605 1706 1792 1747; x_wconf 89' lang='lat' dir='ltr'><strong>amore</strong></span> <span class='ocrx_word' id='word_1_104' title='bbox 1832 1663 2109 1766; x_wconf 67' lang='lat' dir='ltr'><strong>decipitur</strong></span> <span class='ocrx_word' id='word_1_105' title='bbox 2138 1663 2179 1719; x_wconf 72' lang='grc' dir='ltr'><strong>Β</strong></span> 
     </span>
    </p>
   </div>
   <div class='ocr_carea' id='block_1_20' title="bbox 530 1772 2108 1855">
    <p class='ocr_par' dir='ltr' id='par_1_20' title="bbox 530 1772 2108 1855">
     <span class='ocr_line' id='line_1_20' title="bbox 530 1772 2108 1855; baseline 0.013 -34"><span class='ocrx_word' id='word_1_106' title='bbox 530 1772 942 1840; x_wconf 86' lang='lat' dir='ltr'><strong>temporalium,</strong></span> <span class='ocrx_word' id='word_1_107' title='bbox 992 1773 1330 1834; x_wconf 86' lang='lat' dir='ltr'><strong>irrationalis</strong></span> <span class='ocrx_word' id='word_1_108' title='bbox 1377 1788 1459 1835; x_wconf 89' lang='lat' dir='ltr'><strong>est</strong></span> <span class='ocrx_word' id='word_1_109' title='bbox 1516 1791 1720 1839; x_wconf 89' lang='lat' dir='ltr'><strong>motus.</strong></span> <span class='ocrx_word' id='word_1_110' title='bbox 1765 1783 1912 1840; x_wconf 86' lang='lat' dir='ltr'><strong>Nihil</strong></span> <span class='ocrx_word' id='word_1_111' title='bbox 1952 1787 2108 1855; x_wconf 83' lang='lat' dir='ltr'><strong>proli-</strong></span> 
     </span>
    </p>
   </div>
   <div class='ocr_carea' id='block_1_21' title="bbox 528 1858 2108 1944">
    <p class='ocr_par' dir='ltr' id='par_1_21' title="bbox 528 1858 2108 1944">
     <span class='ocr_line' id='line_1_21' title="bbox 528 1858 2108 1944; baseline 0.015 -33"><span class='ocrx_word' id='word_1_112' title='bbox 528 1858 683 1913; x_wconf 90' lang='lat' dir='ltr'><strong>ciunt</strong></span> <span class='ocrx_word' id='word_1_113' title='bbox 723 1860 897 1930; x_wconf 85' lang='lat' dir='ltr'><strong>ipsius</strong></span> <span class='ocrx_word' id='word_1_114' title='bbox 923 1865 1133 1933; x_wconf 90' lang='lat' dir='ltr'><strong>studia,</strong></span> <span class='ocrx_word' id='word_1_115' title='bbox 1167 1869 1295 1939; x_wconf 88' lang='lat' dir='ltr'><strong>quia</strong></span> <span class='ocrx_word' id='word_1_116' title='bbox 1338 1885 1461 1925; x_wconf 87' lang='lat' dir='ltr'><strong>cum</strong></span> <span class='ocrx_word' id='word_1_117' title='bbox 1525 1874 1982 1944; x_wconf 89' lang='lat' dir='ltr'><strong>corruptibilibus</strong></span> <span class='ocrx_word' id='word_1_118' title='bbox 2027 1878 2108 1934; x_wconf 84' lang='lat' dir='ltr'><strong>si-</strong></span> 
     </span>
    </p>
   </div>
   <div class='ocr_carea' id='block_1_22' title="bbox 526 1954 973 2013">
    <p class='ocr_par' dir='ltr' id='par_1_22' title="bbox 526 1954 973 2013">
     <span class='ocr_line' id='line_1_22' title="bbox 526 1954 973 2013; baseline 0.013 -6"><span class='ocrx_word' id='word_1_119' title='bbox 526 1954 640 2009; x_wconf 91' lang='lat' dir='ltr'><strong>mul</strong></span> <span class='ocrx_word' id='word_1_120' title='bbox 665 1963 973 2013; x_wconf 88' lang='lat' dir='ltr'><strong>transeunt.</strong></span> 
     </span>
    </p>
   </div>
   <div class='ocr_carea' id='block_1_23' title="bbox 594 2046 2107 2117">
    <p class='ocr_par' dir='ltr' id='par_1_23' title="bbox 594 2046 2107 2117">
     <span class='ocr_line' id='line_1_23' title="bbox 594 2046 2107 2117; baseline 0.01 -17"><span class='ocrx_word' id='word_1_121' title='bbox 594 2046 824 2102; x_wconf 75' lang='lat' dir='ltr'><strong>Accusat</strong></span> <span class='ocrx_word' id='word_1_122' title='bbox 841 2059 1017 2104; x_wconf 86' lang='lat' dir='ltr'><strong>autem</strong></span> <span class='ocrx_word' id='word_1_123' title='bbox 1043 2049 1208 2105; x_wconf 88' lang='lat' dir='ltr'><strong>Deum</strong></span> <span class='ocrx_word' id='word_1_124' title='bbox 1235 2052 1288 2105; x_wconf 87' lang='lat' dir='ltr'><strong>in</strong></span> <span class='ocrx_word' id='word_1_125' title='bbox 1310 2054 1466 2108; x_wconf 84' lang='lat' dir='ltr'><strong>corde</strong></span> <span class='ocrx_word' id='word_1_126' title='bbox 1491 2072 1609 2110; x_wconf 84' lang='lat' dir='ltr'><strong>suo.</strong></span> <span class='ocrx_word' id='word_1_127' title='bbox 1626 2055 1720 2113; x_wconf 89' lang='lat' dir='ltr'><strong>llle</strong></span> <span class='ocrx_word' id='word_1_128' title='bbox 1736 2072 1801 2113; x_wconf 82' lang='lat' dir='ltr'><strong>ex</strong></span> <span class='ocrx_word' id='word_1_129' title='bbox 1830 2058 2107 2117; x_wconf 86' lang='lat' dir='ltr'><strong>dementia</strong></span> 
     </span>
    </p>
   </div>
   <div class='ocr_carea' id='block_1_24' title="bbox 486 2114 2107 2216">
    <p class='ocr_par' dir='ltr' id='par_1_24' title="bbox 486 2114 2107 2216">
     <span class='ocr_line' id='line_1_24' title="bbox 486 2114 2107 2216; baseline 0.012 -30"><span class='ocrx_word' id='word_1_130' title='bbox 486 2114 493 2126; x_wconf 71' lang='grc'><em>’</em></span> <span class='ocrx_word' id='word_1_131' title='bbox 525 2146 637 2187; x_wconf 90' lang='lat' dir='ltr'><strong>non</strong></span> <span class='ocrx_word' id='word_1_132' title='bbox 668 2150 895 2203; x_wconf 90' lang='lat' dir='ltr'><strong>pravum</strong></span> <span class='ocrx_word' id='word_1_133' title='bbox 947 2151 1108 2192; x_wconf 92' lang='lat' dir='ltr'><strong>suum</strong></span> <span class='ocrx_word' id='word_1_134' title='bbox 1141 2137 1412 2208; x_wconf 87' lang='lat' dir='ltr'><strong>judicium</strong></span> <span class='ocrx_word' id='word_1_135' title='bbox 1443 2155 1692 2209; x_wconf 83' lang='lat' dir='ltr'><strong>accusat,</strong></span> <span class='ocrx_word' id='word_1_136' title='bbox 1723 2148 1868 2216; x_wconf 90' lang='lat' dir='ltr'><strong>quod</strong></span> <span class='ocrx_word' id='word_1_137' title='bbox 1895 2164 2020 2203; x_wconf 90' lang='lat' dir='ltr'><strong>vera</strong></span> <span class='ocrx_word' id='word_1_138' title='bbox 2051 2158 2107 2206; x_wconf 85' lang='lat' dir='ltr'><strong>et</strong></span> 
     </span>
    </p>
   </div>
   <div class='ocr_carea' id='block_1_25' title="bbox 525 2228 2102 2307">
    <p class='ocr_par' dir='ltr' id='par_1_25' title="bbox 525 2228 2102 2307">
     <span class='ocr_line' id='line_1_25' title="bbox 525 2228 2102 2307; baseline 0.011 -28"><span class='ocrx_word' id='word_1_139' title='bbox 525 2228 902 2295; x_wconf 87' lang='lat' dir='ltr'><strong>permanentia</strong></span> <span class='ocrx_word' id='word_1_140' title='bbox 969 2238 1331 2286; x_wconf 86' lang='lat' dir='ltr'><strong>contemnens</strong></span> <span class='ocrx_word' id='word_1_141' title='bbox 1380 2233 1436 2287; x_wconf 87' lang='lat' dir='ltr'><strong>in</strong></span> <span class='ocrx_word' id='word_1_142' title='bbox 1472 2238 1857 2307; x_wconf 86' lang='lat' dir='ltr'><strong>corruptibilia</strong></span> <span class='ocrx_word' id='word_1_143' title='bbox 1886 2256 2102 2296; x_wconf 90' lang='lat' dir='ltr'><strong>omnem</strong></span> 
     </span>
    </p>
   </div>
   <div class='ocr_carea' id='block_1_26' title="bbox 523 2317 2106 2403">
    <p class='ocr_par' dir='ltr' id='par_1_26' title="bbox 523 2317 2106 2403">
     <span class='ocr_line' id='line_1_26' title="bbox 523 2317 2106 2403; baseline 0.009 -32"><span class='ocrx_word' id='word_1_144' title='bbox 523 2317 769 2373; x_wconf 86' lang='lat' dir='ltr'><strong>ostendit</strong></span> <span class='ocrx_word' id='word_1_145' title='bbox 798 2320 1076 2385; x_wconf 88' lang='lat' dir='ltr'><strong>ardorem,</strong></span> <span class='ocrx_word' id='word_1_146' title='bbox 1121 2321 1216 2377; x_wconf 87' lang='lat' dir='ltr'><strong>sed</strong></span> <span class='ocrx_word' id='word_1_147' title='bbox 1246 2323 1456 2379; x_wconf 88' lang='lat' dir='ltr'><strong>Deum:</strong></span> <span class='ocrx_word' id='word_1_148' title='bbox 1494 2326 1626 2396; x_wconf 87' lang='lat' dir='ltr'><strong>quia</strong></span> <span class='ocrx_word' id='word_1_149' title='bbox 1671 2340 2106 2403; x_wconf 80' lang='lat' dir='ltr'><strong>corrumpuntur</strong></span> 
     </span>
    </p>
   </div>
   <div class='ocr_carea' id='block_1_27' title="bbox 522 2414 1575 2484">
    <p class='ocr_par' dir='ltr' id='par_1_27' title="bbox 522 2414 1575 2484">
     <span class='ocr_line' id='line_1_27' title="bbox 522 2414 1575 2484; baseline 0.01 -21"><span class='ocrx_word' id='word_1_150' title='bbox 522 2422 587 2463; x_wconf 87' lang='lat' dir='ltr'><strong>ea</strong></span> <span class='ocrx_word' id='word_1_151' title='bbox 620 2426 743 2480; x_wconf 84' lang='lat' dir='ltr'><strong>quae</strong></span> <span class='ocrx_word' id='word_1_152' title='bbox 776 2421 905 2466; x_wconf 89' lang='lat' dir='ltr'><strong>sunt</strong></span> <span class='ocrx_word' id='word_1_153' title='bbox 936 2414 1280 2484; x_wconf 88' lang='lat' dir='ltr'><strong>corruptioni</strong></span> <span class='ocrx_word' id='word_1_154' title='bbox 1312 2415 1575 2474; x_wconf 80' lang='lat' dir='ltr'><strong>obnoxia.</strong></span> 
     </span>
    </p>
   </div>
   <div class='ocr_carea' id='block_1_28' title="bbox 596 2499 2105 2583">
    <p class='ocr_par' dir='ltr' id='par_1_28' title="bbox 596 2499 2105 2583">
     <span class='ocr_line' id='line_1_28' title="bbox 596 2499 2105 2583; baseline 0.009 -29"><span class='ocrx_word' id='word_1_155' title='bbox 596 2499 764 2557; x_wconf 72' lang='lat' dir='ltr'><strong>Vens.</strong></span> <span class='ocrx_word' id='word_1_156' title='bbox 812 2501 868 2556; x_wconf 67' lang='grc'><strong>4.</strong></span> <span class='ocrx_word' id='word_1_157' title='bbox 914 2502 1124 2558; x_wconf 75' lang='grc' dir='ltr'><strong>Βίυξιὶιε</strong></span> <span class='ocrx_word' id='word_1_158' title='bbox 1166 2506 1370 2560; x_wconf 87' lang='lat' dir='ltr'><strong>addunt</strong></span> <span class='ocrx_word' id='word_1_159' title='bbox 1410 2509 1611 2563; x_wconf 82' lang='lat' dir='ltr'><strong>amicos</strong></span> <span class='ocrx_word' id='word_1_160' title='bbox 1663 2511 1881 2568; x_wconf 84' lang='lat' dir='ltr'><strong>multos.</strong></span> <span class='ocrx_word' id='word_1_161' title='bbox 1930 2511 2105 2583; x_wconf 84' lang='lat' dir='ltr'><strong>Spiri-</strong></span> 
     </span>
    </p>
   </div>
   <div class='ocr_carea' id='block_1_29' title="bbox 524 2594 2101 2675">
    <p class='ocr_par' dir='ltr' id='par_1_29' title="bbox 524 2594 2101 2675">
     <span class='ocr_line' id='line_1_29' title="bbox 524 2594 2101 2675; baseline 0.006 -27"><span class='ocrx_word' id='word_1_162' title='bbox 524 2595 700 2649; x_wconf 87' lang='lat' dir='ltr'><strong>tuales</strong></span> <span class='ocrx_word' id='word_1_163' title='bbox 732 2594 938 2651; x_wconf 69' lang='lat' dir='ltr'><strong>divitiae</strong></span> <span class='ocrx_word' id='word_1_164' title='bbox 968 2597 1186 2655; x_wconf 88' lang='lat' dir='ltr'><strong>virtutis</strong></span> <span class='ocrx_word' id='word_1_165' title='bbox 1219 2606 1275 2653; x_wconf 90' lang='lat' dir='ltr'><strong>et</strong></span> <span class='ocrx_word' id='word_1_166' title='bbox 1310 2600 1579 2665; x_wconf 71' lang='lat' dir='ltr'><strong>scientiae,</strong></span> <span class='ocrx_word' id='word_1_167' title='bbox 1621 2601 1745 2658; x_wconf 89' lang='lat' dir='ltr'><strong>illas</strong></span> <span class='ocrx_word' id='word_1_168' title='bbox 1794 2604 2101 2675; x_wconf 84' lang='lat' dir='ltr'><strong>possidenti</strong></span> 
     </span>
    </p>
   </div>
   <div class='ocr_carea' id='block_1_30' title="bbox 521 2687 2103 2755">
    <p class='ocr_par' dir='ltr' id='par_1_30' title="bbox 521 2687 2103 2755">
     <span class='ocr_line' id='line_1_30' title="bbox 521 2687 2103 2755; baseline 0.008 -12"><span class='ocrx_word' id='word_1_169' title='bbox 521 2687 817 2743; x_wconf 87' lang='lat' dir='ltr'><strong>conferunt</strong></span> <span class='ocrx_word' id='word_1_170' title='bbox 846 2705 969 2745; x_wconf 91' lang='lat' dir='ltr'><strong>cum</strong></span> <span class='ocrx_word' id='word_1_171' title='bbox 1002 2690 1278 2747; x_wconf 87' lang='lat' dir='ltr'><strong>charitate</strong></span> <span class='ocrx_word' id='word_1_172' title='bbox 1326 2692 1383 2746; x_wconf 90' lang='lat' dir='ltr'><strong>in</strong></span> <span class='ocrx_word' id='word_1_173' title='bbox 1422 2691 1593 2748; x_wconf 90' lang='lat' dir='ltr'><strong>Deum</strong></span> <span class='ocrx_word' id='word_1_174' title='bbox 1646 2704 1702 2750; x_wconf 89' lang='lat' dir='ltr'><strong>et</strong></span> <span class='ocrx_word' id='word_1_175' title='bbox 1746 2697 1802 2752; x_wconf 92' lang='lat' dir='ltr'><strong>in</strong></span> <span class='ocrx_word' id='word_1_176' title='bbox 1851 2698 2103 2755; x_wconf 86' lang='lat' dir='ltr'><strong>homines</strong></span> 
     </span>
    </p>
   </div>
   <div class='ocr_carea' id='block_1_31' title="bbox 521 2780 2100 2847">
    <p class='ocr_par' dir='ltr' id='par_1_31' title="bbox 521 2780 2100 2847">
     <span class='ocr_line' id='line_1_31' title="bbox 521 2780 2100 2847; baseline 0.009 -15"><span class='ocrx_word' id='word_1_177' title='bbox 521 2780 871 2836; x_wconf 87' lang='lat' dir='ltr'><strong>charitatem.</strong></span> <span class='ocrx_word' id='word_1_178' title='bbox 900 2781 1037 2836; x_wconf 83' lang='lat' dir='ltr'><strong>Nam</strong></span> <span class='ocrx_word' id='word_1_179' title='bbox 1076 2782 1352 2838; x_wconf 87' lang='lat' dir='ltr'><strong>charitate</strong></span> <span class='ocrx_word' id='word_1_180' title='bbox 1383 2784 1439 2839; x_wconf 93' lang='lat' dir='ltr'><strong>in</strong></span> <span class='ocrx_word' id='word_1_181' title='bbox 1472 2784 1726 2844; x_wconf 88' lang='lat' dir='ltr'><strong>homines</strong></span> <span class='ocrx_word' id='word_1_182' title='bbox 1759 2789 2006 2847; x_wconf 84' lang='lat' dir='ltr'><strong>cbaritas</strong></span> <span class='ocrx_word' id='word_1_183' title='bbox 2042 2791 2100 2846; x_wconf 90' lang='lat' dir='ltr'><strong>in</strong></span> 
     </span>
    </p>
   </div>
   <div class='ocr_carea' id='block_1_32' title="bbox 522 2872 1640 2947">
    <p class='ocr_par' dir='ltr' id='par_1_32' title="bbox 522 2872 1640 2947">
     <span class='ocr_line' id='line_1_32' title="bbox 522 2872 1640 2947; baseline 0.01 -23"><span class='ocrx_word' id='word_1_184' title='bbox 522 2872 694 2927; x_wconf 87' lang='lat' dir='ltr'><strong>Deum</strong></span> <span class='ocrx_word' id='word_1_185' title='bbox 724 2872 1117 2929; x_wconf 83' lang='lat' dir='ltr'><strong>manifestatur</strong></span> <span class='ocrx_word' id='word_1_186' title='bbox 1156 2884 1321 2946; x_wconf 86' lang='lat' dir='ltr'><strong>atque</strong></span> <span class='ocrx_word' id='word_1_187' title='bbox 1347 2877 1640 2947; x_wconf 83' lang='lat' dir='ltr'><strong>probatur.</strong></span> 
     </span>
    </p>
   </div>
   <div class='ocr_carea' id='block_1_33' title="bbox 593 3057 2098 3133">
    <p class='ocr_par' dir='ltr' id='par_1_33' title="bbox 593 3057 2098 3133">
     <span class='ocr_line' id='line_1_33' title="bbox 593 3057 2098 3133; baseline 0.009 -19"><span class='ocrx_word' id='word_1_188' title='bbox 593 3057 754 3130; x_wconf 82' lang='lat' dir='ltr'><strong>Inops</strong></span> <span class='ocrx_word' id='word_1_189' title='bbox 792 3071 972 3114; x_wconf 83' lang='lat' dir='ltr'><strong>autent</strong></span> <span class='ocrx_word' id='word_1_190' title='bbox 1010 3069 1061 3115; x_wconf 87' lang='lat' dir='ltr'><strong>et</strong></span> <span class='ocrx_word' id='word_1_191' title='bbox 1094 3060 1162 3115; x_wconf 84' lang='lat' dir='ltr'><strong>ab</strong></span> <span class='ocrx_word' id='word_1_192' title='bbox 1197 3063 1368 3117; x_wconf 86' lang='lat' dir='ltr'><strong>amico</strong></span> <span class='ocrx_word' id='word_1_193' title='bbox 1410 3080 1563 3133; x_wconf 86' lang='lat' dir='ltr'><strong>quem</strong></span> <span class='ocrx_word' id='word_1_194' title='bbox 1609 3065 1763 3121; x_wconf 79' lang='lat' dir='ltr'><strong>habet</strong></span> <span class='ocrx_word' id='word_1_195' title='bbox 1814 3068 2098 3129; x_wconf 76' lang='lat' dir='ltr'><strong>deseritur.</strong></span> 
     </span>
    </p>
   </div>
   <div class='ocr_carea' id='block_1_34' title="bbox 521 3149 2099 3230">
    <p class='ocr_par' dir='ltr' id='par_1_34' title="bbox 521 3149 2099 3230">
     <span class='ocr_line' id='line_1_34' title="bbox 521 3149 2099 3230; baseline 0.007 -27"><span class='ocrx_word' id='word_1_196' title='bbox 521 3149 1063 3217; x_wconf 82' lang='lat' dir='ltr'><strong>Quidivitiistalibus</strong></span> <span class='ocrx_word' id='word_1_197' title='bbox 1080 3153 1333 3208; x_wconf 88' lang='lat' dir='ltr'><strong>consulto</strong></span> <span class='ocrx_word' id='word_1_198' title='bbox 1360 3164 1531 3217; x_wconf 85' lang='lat' dir='ltr'><strong>caret,</strong></span> <span class='ocrx_word' id='word_1_199' title='bbox 1557 3170 1589 3209; x_wconf 90' lang='lat' dir='ltr'><strong>a</strong></span> <span class='ocrx_word' id='word_1_200' title='bbox 1620 3154 1730 3211; x_wconf 88' lang='lat' dir='ltr'><strong>Deo</strong></span> <span class='ocrx_word' id='word_1_201' title='bbox 1759 3158 2099 3230; x_wconf 90' lang='lat' dir='ltr'><strong>disceditqui</strong></span> 
     </span>
    </p>
   </div>
   <div class='ocr_carea' id='block_1_35' title="bbox 523 3241 2101 3306">
    <p class='ocr_par' dir='ltr' id='par_1_35' title="bbox 523 3241 2101 3306">
     <span class='ocr_line' id='line_1_35' title="bbox 523 3241 2101 3306; baseline 0.007 -11"><span class='ocrx_word' id='word_1_202' title='bbox 523 3246 659 3298; x_wconf 84' lang='lat' dir='ltr'><strong>adeo</strong></span> <span class='ocrx_word' id='word_1_203' title='bbox 706 3241 897 3296; x_wconf 76' lang='lat' dir='ltr'><strong>dilexit</strong></span> <span class='ocrx_word' id='word_1_204' title='bbox 921 3259 1044 3298; x_wconf 87' lang='lat' dir='ltr'><strong>cum</strong></span> <span class='ocrx_word' id='word_1_205' title='bbox 1079 3252 1139 3298; x_wconf 91' lang='lat' dir='ltr'><strong>ut</strong></span> <span class='ocrx_word' id='word_1_206' title='bbox 1176 3259 1286 3298; x_wconf 91' lang='lat' dir='ltr'><strong>non</strong></span> <span class='ocrx_word' id='word_1_207' title='bbox 1306 3245 1467 3300; x_wconf 89' lang='lat' dir='ltr'><strong>modo</strong></span> <span class='ocrx_word' id='word_1_208' title='bbox 1488 3261 1615 3301; x_wconf 90' lang='lat' dir='ltr'><strong>eum</strong></span> <span class='ocrx_word' id='word_1_209' title='bbox 1645 3263 1677 3302; x_wconf 89' lang='lat' dir='ltr'><strong>e</strong></span> <span class='ocrx_word' id='word_1_210' title='bbox 1703 3248 1876 3305; x_wconf 89' lang='lat' dir='ltr'><strong>nihilo</strong></span> <span class='ocrx_word' id='word_1_211' title='bbox 1911 3251 1978 3306; x_wconf 82' lang='lat' dir='ltr'><strong>ad</strong></span> <span class='ocrx_word' id='word_1_212' title='bbox 2005 3266 2101 3306; x_wconf 78' lang='lat' dir='ltr'><strong>ex-</strong></span> 
     </span>
    </p>
   </div>
   <div class='ocr_carea' id='block_1_36' title="bbox 521 3334 2100 3408">
    <p class='ocr_par' dir='ltr' id='par_1_36' title="bbox 521 3334 2100 3408">
     <span class='ocr_line' id='line_1_36' title="bbox 521 3334 2100 3408; baseline 0.007 -19"><span class='ocrx_word' id='word_1_213' title='bbox 521 3334 829 3389; x_wconf 85' lang='lat' dir='ltr'><strong>sistentium</strong></span> <span class='ocrx_word' id='word_1_214' title='bbox 867 3336 1140 3399; x_wconf 77' lang='lat' dir='ltr'><strong>eduxerit,</strong></span> <span class='ocrx_word' id='word_1_215' title='bbox 1193 3338 1414 3408; x_wconf 81' lang='lat' dir='ltr'><strong>vitaque</strong></span> <span class='ocrx_word' id='word_1_216' title='bbox 1463 3339 1753 3395; x_wconf 84' lang='lat' dir='ltr'><strong>donaverit</strong></span> <span class='ocrx_word' id='word_1_217' title='bbox 1786 3357 1852 3397; x_wconf 89' lang='lat' dir='ltr'><strong>ac</strong></span> <span class='ocrx_word' id='word_1_218' title='bbox 1886 3346 2100 3401; x_wconf 87' lang='lat' dir='ltr'><strong>ratione</strong></span> 
     </span>
    </p>
   </div>
   <div class='ocr_carea' id='block_1_37' title="bbox 520 3427 2099 3502">
    <p class='ocr_par' dir='ltr' id='par_1_37' title="bbox 520 3427 2099 3502">
     <span class='ocr_line' id='line_1_37' title="bbox 520 3427 2099 3502; baseline 0.009 -23"><span class='ocrx_word' id='word_1_219' title='bbox 520 3427 781 3496; x_wconf 89' lang='lat' dir='ltr'><strong>omnique</strong></span> <span class='ocrx_word' id='word_1_220' title='bbox 821 3427 927 3481; x_wconf 87' lang='lat' dir='ltr'><strong>alia</strong></span> <span class='ocrx_word' id='word_1_221' title='bbox 983 3443 1164 3482; x_wconf 88' lang='lat' dir='ltr'><strong>rerum</strong></span> <span class='ocrx_word' id='word_1_222' title='bbox 1191 3430 1351 3500; x_wconf 89' lang='lat' dir='ltr'><strong>copia</strong></span> <span class='ocrx_word' id='word_1_223' title='bbox 1391 3431 1619 3502; x_wconf 78' lang='lat' dir='ltr'><strong>dignum</strong></span> <span class='ocrx_word' id='word_1_224' title='bbox 1653 3434 1942 3500; x_wconf 87' lang='lat' dir='ltr'><strong>habuerit,</strong></span> <span class='ocrx_word' id='word_1_225' title='bbox 2002 3437 2099 3492; x_wconf 89' lang='lat' dir='ltr'><strong>sed</strong></span> 
     </span>
    </p>
   </div>
   <div class='ocr_carea' id='block_1_38' title="bbox 520 3517 2100 3595">
    <p class='ocr_par' dir='ltr' id='par_1_38' title="bbox 520 3517 2100 3595">
     <span class='ocr_line' id='line_1_38' title="bbox 520 3517 2100 3595; baseline 0.008 -24"><span class='ocrx_word' id='word_1_226' title='bbox 520 3517 685 3572; x_wconf 83' lang='lat' dir='ltr'><strong>etiam</strong></span> <span class='ocrx_word' id='word_1_227' title='bbox 719 3518 1063 3589; x_wconf 76' lang='lat' dir='ltr'><strong>unigenitum</strong></span> <span class='ocrx_word' id='word_1_228' title='bbox 1105 3518 1308 3576; x_wconf 86' lang='lat' dir='ltr'><strong>Filium</strong></span> <span class='ocrx_word' id='word_1_229' title='bbox 1341 3538 1501 3579; x_wconf 85' lang='lat' dir='ltr'><strong>suum</strong></span> <span class='ocrx_word' id='word_1_230' title='bbox 1537 3539 1638 3595; x_wconf 93' lang='lat' dir='ltr'><strong>pro</strong></span> <span class='ocrx_word' id='word_1_231' title='bbox 1675 3525 1771 3581; x_wconf 91' lang='lat' dir='ltr'><strong>illo</strong></span> <span class='ocrx_word' id='word_1_232' title='bbox 1798 3528 1958 3583; x_wconf 88' lang='lat' dir='ltr'><strong>morti</strong></span> <span class='ocrx_word' id='word_1_233' title='bbox 1988 3537 2100 3583; x_wconf 87' lang='lat' dir='ltr'><strong>tra-</strong></span> 
     </span>
    </p>
   </div>
   <div class='ocr_carea' id='block_1_39' title="bbox 518 3605 743 3663">
    <p class='ocr_par' dir='ltr' id='par_1_39' title="bbox 518 3605 743 3663">
     <span class='ocr_line' id='line_1_39' title="bbox 518 3605 743 3663; baseline 0.013 -4"><span class='ocrx_word' id='word_1_234' title='bbox 518 3605 743 3663; x_wconf 88' lang='lat' dir='ltr'><strong>diderit.</strong></span> 
     </span>
    </p>
   </div>
   <div class='ocr_carea' id='block_1_40' title="bbox 589 3784 2099 3858">
    <p class='ocr_par' dir='ltr' id='par_1_40' title="bbox 589 3784 2099 3858">
     <span class='ocr_line' id='line_1_40' title="bbox 589 3784 2099 3858; baseline 0.005 -19"><span class='ocrx_word' id='word_1_235' title='bbox 589 3784 759 3840; x_wconf 74' lang='lat' dir='ltr'><strong>Vsus.</strong></span> <span class='ocrx_word' id='word_1_236' title='bbox 808 3786 860 3841; x_wconf 81' lang='lat'><strong>5.</strong></span> <span class='ocrx_word' id='word_1_237' title='bbox 902 3785 1073 3841; x_wconf 83' lang='lat' dir='ltr'><strong>Testis</strong></span> <span class='ocrx_word' id='word_1_238' title='bbox 1107 3785 1283 3857; x_wconf 77' lang='lat' dir='ltr'><strong>falsus</strong></span> <span class='ocrx_word' id='word_1_239' title='bbox 1335 3804 1443 3843; x_wconf 81' lang='lat' dir='ltr'><strong>non</strong></span> <span class='ocrx_word' id='word_1_240' title='bbox 1473 3789 1576 3844; x_wconf 87' lang='lat' dir='ltr'><strong>erit</strong></span> <span class='ocrx_word' id='word_1_241' title='bbox 1618 3790 1931 3858; x_wconf 80' lang='lat' dir='ltr'><strong>impunitus.</strong></span> <span class='ocrx_word' id='word_1_242' title='bbox 1973 3792 2099 3846; x_wconf 86' lang='lat' dir='ltr'><strong>Dia-</strong></span> 
     </span>
    </p>
   </div>
   <div class='ocr_carea' id='block_1_41' title="bbox 519 3877 2097 3950">
    <p class='ocr_par' dir='ltr' id='par_1_41' title="bbox 519 3877 2097 3950">
     <span class='ocr_line' id='line_1_41' title="bbox 519 3877 2097 3950; baseline 0.004 -18"><span class='ocrx_word' id='word_1_243' title='bbox 519 3877 678 3933; x_wconf 80' lang='lat' dir='ltr'><strong>bolus</strong></span> <span class='ocrx_word' id='word_1_244' title='bbox 721 3879 815 3950; x_wconf 89' lang='lat' dir='ltr'><strong>qui</strong></span> <span class='ocrx_word' id='word_1_245' title='bbox 857 3878 1061 3933; x_wconf 90' lang='lat' dir='ltr'><strong>malum</strong></span> <span class='ocrx_word' id='word_1_246' title='bbox 1111 3878 1451 3935; x_wconf 88' lang='lat' dir='ltr'><strong>mendaciter</strong></span> <span class='ocrx_word' id='word_1_247' title='bbox 1497 3881 1688 3936; x_wconf 87' lang='lat' dir='ltr'><strong>laudat</strong></span> <span class='ocrx_word' id='word_1_248' title='bbox 1735 3891 1790 3936; x_wconf 91' lang='lat' dir='ltr'><strong>et</strong></span> <span class='ocrx_word' id='word_1_249' title='bbox 1841 3881 1924 3938; x_wconf 77' lang='lat' dir='ltr'><strong>ad&#39;</strong></span> <span class='ocrx_word' id='word_1_250' title='bbox 1961 3883 2097 3938; x_wconf 88' lang='lat' dir='ltr'><strong>illud</strong></span> 
     </span>
    </p>
   </div>
   <div class='ocr_carea' id='block_1_42' title="bbox 518 3971 2103 4047">
    <p class='ocr_par' dir='ltr' id='par_1_42' title="bbox 518 3971 2103 4047">
     <span class='ocr_line' id='line_1_42' title="bbox 518 3971 2103 4047; baseline 0.004 -23"><span class='ocrx_word' id='word_1_251' title='bbox 518 3976 862 4041; x_wconf 84' lang='lat' dir='ltr'><strong>operaudum</strong></span> <span class='ocrx_word' id='word_1_252' title='bbox 889 3971 1141 4026; x_wconf 87' lang='lat' dir='ltr'><strong>hortatur</strong></span> <span class='ocrx_word' id='word_1_253' title='bbox 1172 3971 1472 4038; x_wconf 89' lang='lat' dir='ltr'><strong>hominem,</strong></span> <span class='ocrx_word' id='word_1_254' title='bbox 1508 3974 1732 4029; x_wconf 82' lang='lat' dir='ltr'><strong>malitiae</strong></span> <span class='ocrx_word' id='word_1_255' title='bbox 1757 3989 1970 4045; x_wconf 69' lang='lat' dir='ltr'><strong>pronas,</strong></span> <span class='ocrx_word' id='word_1_256' title='bbox 1997 3987 2103 4047; x_wconf 92' lang='lat' dir='ltr'><strong>pro</strong></span> 
     </span>
    </p>
   </div>
   <div class='ocr_carea' id='block_1_43' title="bbox 516 4060 1356 4133">
    <p class='ocr_par' dir='ltr' id='par_1_43' title="bbox 516 4060 1356 4133">
     <span class='ocr_line' id='line_1_43' title="bbox 516 4060 1356 4133; baseline 0.004 -17"><span class='ocrx_word' id='word_1_257' title='bbox 516 4076 602 4125; x_wconf 87' lang='lat' dir='ltr'><strong>eo,</strong></span> <span class='ocrx_word' id='word_1_258' title='bbox 643 4076 673 4116; x_wconf 87' lang='lat' dir='ltr'><strong>a</strong></span> <span class='ocrx_word' id='word_1_259' title='bbox 701 4061 853 4131; x_wconf 84' lang='lat' dir='ltr'><strong>justo</strong></span> <span class='ocrx_word' id='word_1_260' title='bbox 883 4060 1078 4133; x_wconf 88' lang='lat' dir='ltr'><strong>judice</strong></span> <span class='ocrx_word' id='word_1_261' title='bbox 1122 4061 1356 4119; x_wconf 85' lang='lat' dir='ltr'><strong>subibit.</strong></span> 
     </span>
    </p>
   </div>
   <div class='ocr_carea' id='block_1_44' title="bbox 587 4245 2095 4320">
    <p class='ocr_par' dir='ltr' id='par_1_44' title="bbox 587 4245 2095 4320">
     <span class='ocr_line' id='line_1_44' title="bbox 587 4245 2095 4320; baseline 0.004 -21"><span class='ocrx_word' id='word_1_262' title='bbox 587 4245 692 4313; x_wconf 83' lang='lat' dir='ltr'><strong>Qui</strong></span> <span class='ocrx_word' id='word_1_263' title='bbox 727 4254 902 4300; x_wconf 90' lang='lat' dir='ltr'><strong>autem</strong></span> <span class='ocrx_word' id='word_1_264' title='bbox 931 4256 1147 4302; x_wconf 83' lang='lat' dir='ltr'><strong>accusat</strong></span> <span class='ocrx_word' id='word_1_265' title='bbox 1196 4248 1394 4319; x_wconf 86' lang='lat' dir='ltr'><strong>inique,</strong></span> <span class='ocrx_word' id='word_1_266' title='bbox 1440 4265 1544 4304; x_wconf 83' lang='lat' dir='ltr'><strong>non</strong></span> <span class='ocrx_word' id='word_1_267' title='bbox 1582 4249 1816 4320; x_wconf 71' lang='lat' dir='ltr'><strong>effugiet.</strong></span> <span class='ocrx_word' id='word_1_268' title='bbox 1857 4248 1961 4315; x_wconf 83' lang='lat' dir='ltr'><strong>Qui</strong></span> <span class='ocrx_word' id='word_1_269' title='bbox 2001 4263 2095 4305; x_wconf 83' lang='lat' dir='ltr'><strong>au-</strong></span> 
     </span>
    </p>
   </div>
   <div class='ocr_carea' id='block_1_45' title="bbox 516 4337 2166 4411">
    <p class='ocr_par' dir='ltr' id='par_1_45' title="bbox 516 4337 2166 4411">
     <span class='ocr_line' id='line_1_45' title="bbox 516 4337 2166 4411; baseline 0.003 -21"><span class='ocrx_word' id='word_1_270' title='bbox 516 4346 621 4392; x_wconf 89' lang='lat' dir='ltr'><strong>tem</strong></span> <span class='ocrx_word' id='word_1_271' title='bbox 654 4337 723 4393; x_wconf 88' lang='lat' dir='ltr'><strong>de</strong></span> <span class='ocrx_word' id='word_1_272' title='bbox 765 4338 832 4393; x_wconf 91' lang='lat' dir='ltr'><strong>iis</strong></span> <span class='ocrx_word' id='word_1_273' title='bbox 888 4353 1011 4408; x_wconf 74' lang='lat' dir='ltr'><strong>quae</strong></span> <span class='ocrx_word' id='word_1_274' title='bbox 1056 4339 1278 4394; x_wconf 86' lang='lat' dir='ltr'><strong>admisit</strong></span> <span class='ocrx_word' id='word_1_275' title='bbox 1335 4340 1512 4410; x_wconf 89' lang='lat' dir='ltr'><strong>ipsum</strong></span> <span class='ocrx_word' id='word_1_276' title='bbox 1565 4341 1845 4396; x_wconf 88' lang='lat' dir='ltr'><strong>diabolum</strong></span> <span class='ocrx_word' id='word_1_277' title='bbox 1893 4350 2091 4411; x_wconf 73' lang='lat' dir='ltr'><strong>prteter</strong></span> <span class='ocrx_word' id='word_1_278' title='bbox 2122 4356 2166 4411; x_wconf 78' lang='grc' dir='ltr'><strong>ι)</strong></span> 
     </span>
    </p>
   </div>
   <div class='ocr_carea' id='block_1_46' title="bbox 513 4428 2094 4500">
    <p class='ocr_par' dir='ltr' id='par_1_46' title="bbox 513 4428 2094 4500">
     <span class='ocr_line' id='line_1_46' title="bbox 513 4428 2094 4500; baseline 0.003 -19"><span class='ocrx_word' id='word_1_279' title='bbox 513 4428 780 4482; x_wconf 86' lang='lat' dir='ltr'><strong>rationem</strong></span> <span class='ocrx_word' id='word_1_280' title='bbox 816 4439 1063 4489; x_wconf 84' lang='lat' dir='ltr'><strong>accusat,</strong></span> <span class='ocrx_word' id='word_1_281' title='bbox 1097 4443 1208 4481; x_wconf 90' lang='lat' dir='ltr'><strong>non</strong></span> <span class='ocrx_word' id='word_1_282' title='bbox 1239 4428 1441 4483; x_wconf 79' lang='lat' dir='ltr'><strong>exinde</strong></span> <span class='ocrx_word' id='word_1_283' title='bbox 1467 4446 1686 4485; x_wconf 89' lang='lat' dir='ltr'><strong>omnem</strong></span> <span class='ocrx_word' id='word_1_284' title='bbox 1726 4429 1950 4500; x_wconf 77' lang='lat' dir='ltr'><strong>eﬂ&#39;ugiet</strong></span> <span class='ocrx_word' id='word_1_285' title='bbox 1974 4446 2094 4500; x_wconf 66' lang='lat' dir='ltr'><strong>poe-</strong></span> 
     </span>
    </p>
   </div>
   <div class='ocr_carea' id='block_1_47' title="bbox 515 4518 2095 4591">
    <p class='ocr_par' dir='ltr' id='par_1_47' title="bbox 515 4518 2095 4591">
     <span class='ocr_line' id='line_1_47' title="bbox 515 4518 2095 4591; baseline 0.001 -18"><span class='ocrx_word' id='word_1_286' title='bbox 515 4535 640 4574; x_wconf 85' lang='lat' dir='ltr'><strong>nam</strong></span> <span class='ocrx_word' id='word_1_287' title='bbox 679 4520 811 4590; x_wconf 81' lang='lat' dir='ltr'><strong>quia</strong></span> <span class='ocrx_word' id='word_1_288' title='bbox 838 4518 1060 4573; x_wconf 88' lang='lat' dir='ltr'><strong>diabolo</strong></span> <span class='ocrx_word' id='word_1_289' title='bbox 1094 4535 1203 4572; x_wconf 90' lang='lat' dir='ltr'><strong>non</strong></span> <span class='ocrx_word' id='word_1_290' title='bbox 1246 4521 1474 4576; x_wconf 88' lang='lat' dir='ltr'><strong>obedire</strong></span> <span class='ocrx_word' id='word_1_291' title='bbox 1524 4522 1728 4591; x_wconf 86' lang='lat' dir='ltr'><strong>potuit.</strong></span> <span class='ocrx_word' id='word_1_292' title='bbox 1782 4520 1999 4578; x_wconf 78' lang='lat' dir='ltr'><strong>Reddet</strong></span> <span class='ocrx_word' id='word_1_293' title='bbox 2040 4531 2095 4576; x_wconf 87' lang='lat' dir='ltr'><strong>et</strong></span> 
     </span>
    </p>
   </div>
   <div class='ocr_carea' id='block_1_48' title="bbox 512 4610 2093 4684">
    <p class='ocr_par' dir='ltr' id='par_1_48' title="bbox 512 4610 2093 4684">
     <span class='ocr_line' id='line_1_48' title="bbox 512 4610 2093 4684; baseline 0.003 -19"><span class='ocrx_word' id='word_1_294' title='bbox 512 4613 629 4682; x_wconf 81' lang='lat' dir='ltr'><strong>ipse</strong></span> <span class='ocrx_word' id='word_1_295' title='bbox 669 4614 940 4667; x_wconf 84' lang='lat' dir='ltr'><strong>rationem</strong></span> <span class='ocrx_word' id='word_1_296' title='bbox 974 4610 1105 4679; x_wconf 87' lang='lat' dir='ltr'><strong>quia</strong></span> <span class='ocrx_word' id='word_1_297' title='bbox 1156 4610 1413 4665; x_wconf 85' lang='lat' dir='ltr'><strong>mandata</strong></span> <span class='ocrx_word' id='word_1_298' title='bbox 1432 4610 1714 4669; x_wconf 88' lang='lat' dir='ltr'><strong>Crca‘oris</strong></span> <span class='ocrx_word' id='word_1_299' title='bbox 1762 4615 2093 4684; x_wconf 88' lang='lat' dir='ltr'><strong>contempsit</strong></span> 
     </span>
    </p>
   </div>
   <div class='ocr_carea' id='block_1_49' title="bbox 509 4698 1453 4772">
    <p class='ocr_par' dir='ltr' id='par_1_49' title="bbox 509 4698 1453 4772">
     <span class='ocr_line' id='line_1_49' title="bbox 509 4698 1453 4772; baseline -0.001 -16"><span class='ocrx_word' id='word_1_300' title='bbox 509 4717 575 4759; x_wconf 88' lang='lat' dir='ltr'><strong>ac</strong></span> <span class='ocrx_word' id='word_1_301' title='bbox 615 4702 794 4772; x_wconf 89' lang='lat' dir='ltr'><strong>paruit</strong></span> <span class='ocrx_word' id='word_1_302' title='bbox 823 4698 955 4754; x_wconf 85' lang='lat' dir='ltr'><strong>mali</strong></span> <span class='ocrx_word' id='word_1_303' title='bbox 992 4699 1453 4771; x_wconf 76' lang='lat' dir='ltr'><strong>suggestiouibus.</strong></span> 
     </span>
    </p>
   </div>
   <div class='ocr_carea' id='block_1_50' title="bbox 578 4877 2089 4951">
    <p class='ocr_par' dir='ltr' id='par_1_50' title="bbox 578 4877 2089 4951">
     <span class='ocr_line' id='line_1_50' title="bbox 578 4877 2089 4951; baseline 0.002 -17"><span class='ocrx_word' id='word_1_304' title='bbox 578 4878 745 4935; x_wconf 70' lang='lat' dir='ltr'><strong>Vens.</strong></span> <span class='ocrx_word' id='word_1_305' title='bbox 787 4879 841 4935; x_wconf 81' lang='grc'><strong>6.</strong></span> <span class='ocrx_word' id='word_1_306' title='bbox 882 4877 1042 4934; x_wconf 78' lang='lat' dir='ltr'><strong>Multi</strong></span> <span class='ocrx_word' id='word_1_307' title='bbox 1066 4878 1245 4933; x_wconf 89' lang='lat' dir='ltr'><strong>colunt</strong></span> <span class='ocrx_word' id='word_1_308' title='bbox 1273 4894 1554 4948; x_wconf 79' lang='lat' dir='ltr'><strong>personam</strong></span> <span class='ocrx_word' id='word_1_309' title='bbox 1597 4880 1754 4951; x_wconf 82' lang='lat' dir='ltr'><strong>regis.</strong></span> <span class='ocrx_word' id='word_1_310' title='bbox 1808 4879 1962 4936; x_wconf 87' lang='lat' dir='ltr'><strong>Multi</strong></span> <span class='ocrx_word' id='word_1_311' title='bbox 1993 4896 2089 4937; x_wconf 88' lang='lat' dir='ltr'><strong>co-</strong></span> 
     </span>
    </p>
   </div>
   <div class='ocr_carea' id='block_1_51' title="bbox 506 4972 2090 5043">
    <p class='ocr_par' dir='ltr' id='par_1_51' title="bbox 506 4972 2090 5043">
     <span class='ocr_line' id='line_1_51' title="bbox 506 4972 2090 5043; baseline 0.002 -16"><span class='ocrx_word' id='word_1_312' title='bbox 506 4987 627 5027; x_wconf 88' lang='lat' dir='ltr'><strong>ram</strong></span> <span class='ocrx_word' id='word_1_313' title='bbox 670 4973 892 5043; x_wconf 77' lang='lat' dir='ltr'><strong>regibus</strong></span> <span class='ocrx_word' id='word_1_314' title='bbox 924 4972 994 5026; x_wconf 85' lang='lat' dir='ltr'><strong>ad</strong></span> <span class='ocrx_word' id='word_1_315' title='bbox 1034 4972 1283 5043; x_wconf 87' lang='lat' dir='ltr'><strong>ipsorum</strong></span> <span class='ocrx_word' id='word_1_316' title='bbox 1330 4973 1617 5028; x_wconf 81' lang='lat' dir='ltr'><strong>servitium</strong></span> <span class='ocrx_word' id='word_1_317' title='bbox 1669 4974 1845 5030; x_wconf 83' lang='lat' dir='ltr'><strong>zelum</strong></span> <span class='ocrx_word' id='word_1_318' title='bbox 1900 4983 2090 5030; x_wconf 89' lang='lat' dir='ltr'><strong>osten-</strong></span> 
     </span>
    </p>
   </div>
   <div class='ocr_carea' id='block_1_52' title="bbox 461 5059 1692 5150">
    <p class='ocr_par' dir='ltr' id='par_1_52' title="bbox 461 5059 1692 5150">
     <span class='ocr_line' id='line_1_52' title="bbox 461 5059 1692 5150; baseline 0.002 -30"><span class='ocrx_word' id='word_1_319' title='bbox 461 5059 467 5086; x_wconf 70' lang='lat'>‘</span> <span class='ocrx_word' id='word_1_320' title='bbox 503 5064 678 5133; x_wconf 87' lang='lat' dir='ltr'><strong>dunt;</strong></span> <span class='ocrx_word' id='word_1_321' title='bbox 714 5080 858 5135; x_wconf 82' lang='lat' dir='ltr'><strong>pone</strong></span> <span class='ocrx_word' id='word_1_322' title='bbox 886 5074 1069 5133; x_wconf 85' lang='lat' dir='ltr'><strong>autem</strong></span> <span class='ocrx_word' id='word_1_323' title='bbox 1114 5067 1362 5150; x_wconf 76' lang='lat' dir='ltr'><strong>sentiunt</strong></span> <span class='ocrx_word' id='word_1_324' title='bbox 1386 5067 1692 5122; x_wconf 88' lang='lat' dir='ltr'><strong>contraria.</strong></span> 
     </span>
    </p>
   </div>
   <div class='ocr_carea' id='block_1_53' title="bbox 577 5240 2085 5312">
    <p class='ocr_par' dir='ltr' id='par_1_53' title="bbox 577 5240 2085 5312">
     <span class='ocr_line' id='line_1_53' title="bbox 577 5240 2085 5312; baseline 0.005 -15"><span class='ocrx_word' id='word_1_325' title='bbox 577 5240 762 5297; x_wconf 83' lang='lat' dir='ltr'><strong>Omnis</strong></span> <span class='ocrx_word' id='word_1_326' title='bbox 801 5250 977 5295; x_wconf 86' lang='lat' dir='ltr'><strong>autem</strong></span> <span class='ocrx_word' id='word_1_327' title='bbox 1011 5240 1185 5296; x_wconf 84' lang='lat' dir='ltr'><strong>malus</strong></span> <span class='ocrx_word' id='word_1_328' title='bbox 1210 5242 1273 5312; x_wconf 82' lang='lat' dir='ltr'><strong>ﬁt</strong></span> <span class='ocrx_word' id='word_1_329' title='bbox 1329 5242 1668 5312; x_wconf 83' lang='lat' dir='ltr'><strong>opprobrium</strong></span> <span class='ocrx_word' id='word_1_330' title='bbox 1708 5245 1837 5301; x_wconf 75' lang='lat' dir='ltr'><strong>uiro.</strong></span> <span class='ocrx_word' id='word_1_331' title='bbox 1890 5244 2085 5304; x_wconf 90' lang='lat' dir='ltr'><strong>Omnis</strong></span> 
     </span>
    </p>
   </div>
   <div class='ocr_carea' id='block_1_54' title="bbox 501 5333 2081 5403">
    <p class='ocr_par' dir='ltr' id='par_1_54' title="bbox 501 5333 2081 5403">
     <span class='ocr_line' id='line_1_54' title="bbox 501 5333 2081 5403; baseline 0.004 -14"><span class='ocrx_word' id='word_1_332' title='bbox 501 5344 683 5390; x_wconf 88' lang='lat' dir='ltr'><strong>autem</strong></span> <span class='ocrx_word' id='word_1_333' title='bbox 714 5335 795 5389; x_wconf 90' lang='lat' dir='ltr'><strong>sic</strong></span> <span class='ocrx_word' id='word_1_334' title='bbox 832 5333 973 5388; x_wconf 87' lang='lat' dir='ltr'><strong>male</strong></span> <span class='ocrx_word' id='word_1_335' title='bbox 1012 5335 1282 5403; x_wconf 90' lang='lat' dir='ltr'><strong>sentiens,</strong></span> <span class='ocrx_word' id='word_1_336' title='bbox 1317 5349 1347 5388; x_wconf 93' lang='lat' dir='ltr'><strong>a</strong></span> <span class='ocrx_word' id='word_1_337' title='bbox 1383 5345 1531 5392; x_wconf 88' lang='lat' dir='ltr'><strong>recte</strong></span> <span class='ocrx_word' id='word_1_338' title='bbox 1573 5338 1836 5394; x_wconf 89' lang='lat' dir='ltr'><strong>sentienti</strong></span> <span class='ocrx_word' id='word_1_339' title='bbox 1883 5347 1944 5396; x_wconf 90' lang='lat' dir='ltr'><strong>ut</strong></span> <span class='ocrx_word' id='word_1_340' title='bbox 1974 5341 2081 5395; x_wconf 89' lang='lat' dir='ltr'><strong>im-</strong></span> 
     </span>
    </p>
   </div>
   <div class='ocr_carea' id='block_1_55' title="bbox 499 5426 1117 5499">
    <p class='ocr_par' dir='ltr' id='par_1_55' title="bbox 499 5426 1117 5499">
     <span class='ocr_line' id='line_1_55' title="bbox 499 5426 1117 5499; baseline -0.002 -18"><span class='ocrx_word' id='word_1_341' title='bbox 499 5437 690 5499; x_wconf 87' lang='lat' dir='ltr'><strong>postor</strong></span> <span class='ocrx_word' id='word_1_342' title='bbox 721 5426 1117 5482; x_wconf 87' lang='lat' dir='ltr'><strong>contemnitur.</strong></span> 
     </span>
    </p>
   </div>
   <div class='ocr_carea' id='block_1_56' title="bbox 571 5517 2081 5590">
    <p class='ocr_par' dir='ltr' id='par_1_56' title="bbox 571 5517 2081 5590">
     <span class='ocr_line' id='line_1_56' title="bbox 571 5517 2081 5590; baseline 0.004 -19"><span class='ocrx_word' id='word_1_343' title='bbox 571 5517 734 5574; x_wconf 73' lang='lat' dir='ltr'><strong>Vsus.</strong></span> <span class='ocrx_word' id='word_1_344' title='bbox 771 5520 824 5576; x_wconf 89' lang='lat'><strong>7.</strong></span> <span class='ocrx_word' id='word_1_345' title='bbox 854 5519 1162 5588; x_wconf 70' lang='lat' dir='ltr'><strong>Quicunque</strong></span> <span class='ocrx_word' id='word_1_346' title='bbox 1201 5518 1424 5586; x_wconf 80' lang='lat' dir='ltr'><strong>fratrem</strong></span> <span class='ocrx_word' id='word_1_347' title='bbox 1495 5521 1700 5590; x_wconf 85' lang='lat' dir='ltr'><strong>inopem</strong></span> <span class='ocrx_word' id='word_1_348' title='bbox 1746 5523 1879 5589; x_wconf 85' lang='lat' dir='ltr'><strong>odit,</strong></span> <span class='ocrx_word' id='word_1_349' title='bbox 1920 5525 2081 5580; x_wconf 81' lang='lat' dir='ltr'><strong>etiam</strong></span> 
     </span>
    </p>
   </div>
   <div class='ocr_carea' id='block_1_57' title="bbox 496 5607 2076 5688">
    <p class='ocr_par' dir='ltr' id='par_1_57' title="bbox 496 5607 2076 5688">
     <span class='ocr_line' id='line_1_57' title="bbox 496 5607 2076 5688; baseline 0.006 -23"><span class='ocrx_word' id='word_1_350' title='bbox 496 5607 564 5665; x_wconf 80' lang='lat' dir='ltr'><strong>ab</strong></span> <span class='ocrx_word' id='word_1_351' title='bbox 588 5613 828 5667; x_wconf 79' lang='lat' dir='ltr'><strong>amicitia</strong></span> <span class='ocrx_word' id='word_1_352' title='bbox 851 5610 1002 5683; x_wconf 83' lang='lat' dir='ltr'><strong>longe</strong></span> <span class='ocrx_word' id='word_1_353' title='bbox 1023 5613 1144 5667; x_wconf 86' lang='lat' dir='ltr'><strong>erit.</strong></span> <span class='ocrx_word' id='word_1_354' title='bbox 1179 5610 1283 5675; x_wconf 87' lang='lat' dir='ltr'><strong>Qui</strong></span> <span class='ocrx_word' id='word_1_355' title='bbox 1310 5611 1541 5672; x_wconf 77' lang='lat' dir='ltr'><strong>fratrem</strong></span> <span class='ocrx_word' id='word_1_356' title='bbox 1568 5627 1633 5670; x_wconf 78' lang='lat' dir='ltr'><strong>ex</strong></span> <span class='ocrx_word' id='word_1_357' title='bbox 1668 5614 1851 5671; x_wconf 90' lang='lat' dir='ltr'><strong>anima</strong></span> <span class='ocrx_word' id='word_1_358' title='bbox 1895 5616 2076 5688; x_wconf 59' lang='lat' dir='ltr'><strong>repel-</strong></span> 
     </span>
    </p>
   </div>
   <div class='ocr_carea' id='block_1_58' title="bbox 2217 414 3612 504">
    <p class='ocr_par' dir='ltr' id='par_1_58' title="bbox 2217 414 3612 504">
     <span class='ocr_line' id='line_1_58' title="bbox 2217 414 3612 504; baseline 0.011 -35"><span class='ocrx_word' id='word_1_359' title='bbox 2217 414 2338 486; x_wconf 79' lang='grc' dir='ltr'>χὴν,</span> <span class='ocrx_word' id='word_1_360' title='bbox 2383 416 2682 488; x_wconf 87' lang='grc' dir='ltr'>καθαρθείς</span> <span class='ocrx_word' id='word_1_361' title='bbox 2718 435 2776 471; x_wconf 84' lang='grc' dir='ltr'><strong>τε</strong></span> <span class='ocrx_word' id='word_1_362' title='bbox 2818 417 2911 473; x_wconf 73' lang='grc' dir='ltr'>καὶ</span> <span class='ocrx_word' id='word_1_363' title='bbox 2947 422 3218 489; x_wconf 74' lang='grc' dir='ltr'>φωτισθεὶς</span> <span class='ocrx_word' id='word_1_364' title='bbox 3252 426 3334 481; x_wconf 76' lang='grc' dir='ltr'><strong>καὶ</strong></span> <span class='ocrx_word' id='word_1_365' title='bbox 3365 414 3612 504; x_wconf 56' lang='grc' dir='ltr'>τελειωθιιξ,</span> 
     </span>
    </p>
   </div>
   <div class='ocr_carea' id='block_1_59' title="bbox 2286 590 3654 669">
    <p class='ocr_par' dir='ltr' id='par_1_59' title="bbox 2286 590 3654 669">
     <span class='ocr_line' id='line_1_59' title="bbox 2286 590 3654 669; baseline 0.044 -62"><span class='ocrx_word' id='word_1_366' title='bbox 2286 590 2392 661; x_wconf 52' lang='grc' dir='ltr'>κγ..</span> <span class='ocrx_word' id='word_1_367' title='bbox 2425 594 2522 659; x_wconf 66' lang='grc' dir='ltr'><strong>..ος</strong></span> <span class='ocrx_word' id='word_1_368' title='bbox 2574 593 2855 648; x_wconf 63' lang='grc' dir='ltr'><strong>ἐκϐάλλει</strong></span> <span class='ocrx_word' id='word_1_369' title='bbox 2910 594 3136 665; x_wconf 75' lang='grc' dir='ltr'>ἀγαθὴν</span> <span class='ocrx_word' id='word_1_370' title='bbox 3169 600 3418 669; x_wconf 74' lang='grc' dir='ltr'>γυναῖκα,</span> <span class='ocrx_word' id='word_1_371' title='bbox 3453 606 3654 667; x_wconf 64' lang='grc' dir='ltr'>ἐκϐάλλει</span> 
     </span>
    </p>
   </div>
   <div class='ocr_carea' id='block_1_60' title="bbox 2212 676 3655 765">
    <p class='ocr_par' dir='ltr' id='par_1_60' title="bbox 2212 676 3655 765">
     <span class='ocr_line' id='line_1_60' title="bbox 2212 676 3655 765; baseline 0.015 -34"><span class='ocrx_word' id='word_1_372' title='bbox 2212 677 2423 746; x_wconf 77' lang='grc' dir='ltr'>ἀγαθά.</span> <span class='ocrx_word' id='word_1_373' title='bbox 2455 680 2551 744; x_wconf 87' lang='grc' dir='ltr'>Ὃς</span> <span class='ocrx_word' id='word_1_374' title='bbox 2577 676 2670 734; x_wconf 80' lang='grc' dir='ltr'>οὖν</span> <span class='ocrx_word' id='word_1_375' title='bbox 2694 681 2992 736; x_wconf 80' lang='grc' dir='ltr'>ἀπελαύνει</span> <span class='ocrx_word' id='word_1_376' title='bbox 3022 683 3080 749; x_wconf 77' lang='grc' dir='ltr'>ἐξ</span> <span class='ocrx_word' id='word_1_377' title='bbox 3101 686 3271 752; x_wconf 86' lang='grc' dir='ltr'>αὐτοῦ,</span> <span class='ocrx_word' id='word_1_378' title='bbox 3290 689 3371 743; x_wconf 78' lang='grc' dir='ltr'>διὰ</span> <span class='ocrx_word' id='word_1_379' title='bbox 3391 692 3472 763; x_wconf 81' lang='grc' dir='ltr'>τὴν</span> <span class='ocrx_word' id='word_1_380' title='bbox 3494 697 3594 765; x_wconf 75' lang='grc' dir='ltr'>πρὸς</span> <span class='ocrx_word' id='word_1_381' title='bbox 3610 703 3655 753; x_wconf 69' lang='grc' dir='ltr'><strong>τὰ</strong></span> 
     </span>
    </p>
   </div>
   <div class='ocr_carea' id='block_1_61' title="bbox 2213 768 3655 851">
    <p class='ocr_par' dir='ltr' id='par_1_61' title="bbox 2213 768 3655 851">
     <span class='ocr_line' id='line_1_61' title="bbox 2213 768 3655 851; baseline 0.007 -30"><span class='ocrx_word' id='word_1_382' title='bbox 2213 768 2448 840; x_wconf 77' lang='grc' dir='ltr'>αἰσθητά</span> <span class='ocrx_word' id='word_1_383' title='bbox 2483 772 2694 841; x_wconf 81' lang='grc' dir='ltr'><strong>σχέσιν,</strong></span> <span class='ocrx_word' id='word_1_384' title='bbox 2722 773 2824 842; x_wconf 80' lang='grc' dir='ltr'>τὴν</span> <span class='ocrx_word' id='word_1_385' title='bbox 2855 773 2995 827; x_wconf 85' lang='grc' dir='ltr'><strong>κατά</strong></span> <span class='ocrx_word' id='word_1_386' title='bbox 3021 773 3081 827; x_wconf 79' lang='grc' dir='ltr'>τὸ</span> <span class='ocrx_word' id='word_1_387' title='bbox 3104 776 3276 848; x_wconf 84' lang='grc' dir='ltr'>νοερδν</span> <span class='ocrx_word' id='word_1_388' title='bbox 3309 780 3436 851; x_wconf 82' lang='grc' dir='ltr'>αύτῷ</span> <span class='ocrx_word' id='word_1_389' title='bbox 3462 790 3655 842; x_wconf 79' lang='grc' dir='ltr'>συνοικοῠ.</span> 
     </span>
    </p>
   </div>
   <div class='ocr_carea' id='block_1_62' title="bbox 2216 861 3654 940">
    <p class='ocr_par' dir='ltr' id='par_1_62' title="bbox 2216 861 3654 940">
     <span class='ocr_line' id='line_1_62' title="bbox 2216 861 3654 940; baseline 0.015 -29"><span class='ocrx_word' id='word_1_390' title='bbox 2216 875 2336 923; x_wconf 86' lang='grc' dir='ltr'>σαν,</span> <span class='ocrx_word' id='word_1_391' title='bbox 2368 861 2463 913; x_wconf 75' lang='grc' dir='ltr'>καὶ</span> <span class='ocrx_word' id='word_1_392' title='bbox 2510 862 2768 917; x_wconf 82' lang='grc' dir='ltr'><strong>τοιούτων</strong></span> <span class='ocrx_word' id='word_1_393' title='bbox 2820 863 3037 932; x_wconf 80' lang='grc' dir='ltr'>ἀγαθῶν</span> <span class='ocrx_word' id='word_1_394' title='bbox 3082 866 3250 921; x_wconf 87' lang='grc' dir='ltr'>αίτίαν</span> <span class='ocrx_word' id='word_1_395' title='bbox 3295 870 3477 940; x_wconf 85' lang='grc' dir='ltr'>σοφίαν,</span> <span class='ocrx_word' id='word_1_396' title='bbox 3515 891 3654 932; x_wconf 80' lang='grc' dir='ltr'>συναπ-</span> 
     </span>
    </p>
   </div>
   <div class='ocr_carea' id='block_1_63' title="bbox 2214 950 3358 1028">
    <p class='ocr_par' dir='ltr' id='par_1_63' title="bbox 2214 950 3358 1028">
     <span class='ocr_line' id='line_1_63' title="bbox 2214 950 3358 1028; baseline 0.01 -25"><span class='ocrx_word' id='word_1_397' title='bbox 2214 950 2433 1004; x_wconf 86' lang='grc' dir='ltr'>ελαύνει</span> <span class='ocrx_word' id='word_1_398' title='bbox 2470 953 2608 1024; x_wconf 72' lang='grc' dir='ltr'>αὐτῇ</span> <span class='ocrx_word' id='word_1_399' title='bbox 2649 955 2743 1008; x_wconf 77' lang='grc' dir='ltr'>καὶ</span> <span class='ocrx_word' id='word_1_400' title='bbox 2781 954 2851 1009; x_wconf 83' lang='grc' dir='ltr'><strong>τὰ</strong></span> <span class='ocrx_word' id='word_1_401' title='bbox 2887 956 2944 1021; x_wconf 76' lang='grc' dir='ltr'>ἐξ</span> <span class='ocrx_word' id='word_1_402' title='bbox 2982 957 3144 1028; x_wconf 81' lang='grc' dir='ltr'>αὐτῆς</span> <span class='ocrx_word' id='word_1_403' title='bbox 3181 960 3358 1027; x_wconf 80' lang='grc' dir='ltr'>ἀγαθά.</span> 
     </span>
    </p>
   </div>
   <div class='ocr_carea' id='block_1_64' title="bbox 2300 1040 3652 1123">
    <p class='ocr_par' dir='ltr' id='par_1_64' title="bbox 2300 1040 3652 1123">
     <span class='ocr_line' id='line_1_64' title="bbox 2300 1040 3652 1123; baseline 0.038 -63"><span class='ocrx_word' id='word_1_404' title='bbox 2300 1041 2362 1094; x_wconf 78' lang='lat'><strong>.0</strong></span> <span class='ocrx_word' id='word_1_405' title='bbox 2390 1040 2459 1094; x_wconf 70' lang='grc' dir='ltr'><em>δὲ</em></span> <span class='ocrx_word' id='word_1_406' title='bbox 2499 1043 2768 1110; x_wconf 69' lang='grc' dir='ltr'><strong>κατέχων</strong></span> <span class='ocrx_word' id='word_1_407' title='bbox 2790 1044 3145 1113; x_wconf 77' lang='grc' dir='ltr'><strong>μοιχαλίδα,</strong></span> <span class='ocrx_word' id='word_1_408' title='bbox 3173 1046 3357 1117; x_wconf 71' lang='grc' dir='ltr'>ἄφρων</span> <span class='ocrx_word' id='word_1_409' title='bbox 3379 1052 3461 1106; x_wconf 76' lang='grc' dir='ltr'><strong>καί</strong></span> <span class='ocrx_word' id='word_1_410' title='bbox 3485 1053 3652 1123; x_wconf 77' lang='grc' dir='ltr'>ἀσεϐής.</span> 
     </span>
    </p>
   </div>
   <div class='ocr_carea' id='block_1_65' title="bbox 2224 1132 3654 1218">
    <p class='ocr_par' dir='ltr' id='par_1_65' title="bbox 2224 1132 3654 1218">
     <span class='ocr_line' id='line_1_65' title="bbox 2224 1132 3654 1218; baseline 0.01 -33"><span class='ocrx_word' id='word_1_411' title='bbox 2224 1132 2284 1186; x_wconf 80' lang='grc' dir='ltr'>ὐ</span> <span class='ocrx_word' id='word_1_412' title='bbox 2312 1132 2369 1186; x_wconf 85' lang='grc' dir='ltr'><strong>δὲ</strong></span> <span class='ocrx_word' id='word_1_413' title='bbox 2397 1132 2602 1203; x_wconf 88' lang='grc' dir='ltr'>ταύτην</span> <span class='ocrx_word' id='word_1_414' title='bbox 2635 1134 2734 1202; x_wconf 82' lang='grc' dir='ltr'>μὲν</span> <span class='ocrx_word' id='word_1_415' title='bbox 2766 1135 3019 1190; x_wconf 80' lang='grc' dir='ltr'><strong>ἀπολύων</strong></span> <span class='ocrx_word' id='word_1_416' title='bbox 3040 1176 3056 1201; x_wconf 93' lang='grc'><strong>,</strong></span> <span class='ocrx_word' id='word_1_417' title='bbox 3082 1136 3176 1209; x_wconf 77' lang='grc' dir='ltr'>τὴν</span> <span class='ocrx_word' id='word_1_418' title='bbox 3202 1139 3243 1192; x_wconf 85' lang='grc' dir='ltr'><strong>δ’</strong></span> <span class='ocrx_word' id='word_1_419' title='bbox 3262 1142 3506 1214; x_wconf 78' lang='grc' dir='ltr'><strong>ἀπατηλήν</strong></span> <span class='ocrx_word' id='word_1_420' title='bbox 3529 1148 3654 1218; x_wconf 61' lang='grc' dir='ltr'>αἴσθῃ.</span> 
     </span>
    </p>
   </div>
   <div class='ocr_carea' id='block_1_66' title="bbox 2214 1227 3651 1308">
    <p class='ocr_par' dir='ltr' id='par_1_66' title="bbox 2214 1227 3651 1308">
     <span class='ocr_line' id='line_1_66' title="bbox 2214 1227 3651 1308; baseline 0.01 -30"><span class='ocrx_word' id='word_1_421' title='bbox 2214 1242 2300 1279; x_wconf 89' lang='grc' dir='ltr'><strong>σιν</strong></span> <span class='ocrx_word' id='word_1_422' title='bbox 2347 1227 2749 1298; x_wconf 85' lang='grc' dir='ltr'>παρακατέχων</span> <span class='ocrx_word' id='word_1_423' title='bbox 2774 1266 2789 1290; x_wconf 95' lang='grc'><strong>,</strong></span> <span class='ocrx_word' id='word_1_424' title='bbox 2823 1229 2885 1282; x_wconf 88' lang='grc' dir='ltr'><strong>ού</strong></span> <span class='ocrx_word' id='word_1_425' title='bbox 2931 1229 3205 1301; x_wconf 81' lang='grc' dir='ltr'>περιφέρει</span> <span class='ocrx_word' id='word_1_426' title='bbox 3248 1233 3301 1286; x_wconf 75' lang='grc' dir='ltr'>ἐν</span> <span class='ocrx_word' id='word_1_427' title='bbox 3346 1236 3511 1308; x_wconf 77' lang='grc' dir='ltr'>καρδίᾳ</span> <span class='ocrx_word' id='word_1_428' title='bbox 3541 1240 3651 1293; x_wconf 72' lang='lat' dir='ltr'><strong>056v-</strong></span> 
     </span>
    </p>
   </div>
   <div class='ocr_carea' id='block_1_67' title="bbox 2211 1315 3654 1398">
    <p class='ocr_par' dir='ltr' id='par_1_67' title="bbox 2211 1315 3654 1398">
     <span class='ocr_line' id='line_1_67' title="bbox 2211 1315 3654 1398; baseline 0.01 -30"><span class='ocrx_word' id='word_1_429' title='bbox 2211 1315 2338 1370; x_wconf 75' lang='grc' dir='ltr'>οὔτε</span> <span class='ocrx_word' id='word_1_430' title='bbox 2395 1317 2502 1388; x_wconf 86' lang='grc' dir='ltr'><strong>μὴν</strong></span> <span class='ocrx_word' id='word_1_431' title='bbox 2553 1317 2643 1372; x_wconf 82' lang='grc' dir='ltr'><strong>διὰ</strong></span> <span class='ocrx_word' id='word_1_432' title='bbox 2691 1319 2802 1374; x_wconf 85' lang='grc' dir='ltr'>τῶν</span> <span class='ocrx_word' id='word_1_433' title='bbox 2853 1320 2955 1391; x_wconf 81' lang='grc' dir='ltr'><strong>τῆς</strong></span> <span class='ocrx_word' id='word_1_434' title='bbox 3004 1320 3329 1395; x_wconf 79' lang='grc' dir='ltr'>δικαιοσύνης</span> <span class='ocrx_word' id='word_1_435' title='bbox 3360 1325 3511 1398; x_wconf 72' lang='grc' dir='ltr'>ἔργων</span> <span class='ocrx_word' id='word_1_436' title='bbox 3535 1333 3654 1383; x_wconf 76' lang='grc' dir='ltr'>τοῦτον</span> 
     </span>
    </p>
   </div>
   <div class='ocr_carea' id='block_1_68' title="bbox 2212 1409 2372 1478">
    <p class='ocr_par' dir='ltr' id='par_1_68' title="bbox 2212 1409 2372 1478">
     <span class='ocr_line' id='line_1_68' title="bbox 2212 1409 2372 1478; baseline 0.025 -19"><span class='ocrx_word' id='word_1_437' title='bbox 2212 1409 2372 1478; x_wconf 81' lang='grc' dir='ltr'>τιμᾷ.</span> 
     </span>
    </p>
   </div>
   <div class='ocr_carea' id='block_1_69' title="bbox 2222 1499 3198 1557">
    <p class='ocr_par' dir='ltr' id='par_1_69' title="bbox 2222 1499 3198 1557">
     <span class='ocr_line' id='line_1_69' title="bbox 2222 1499 3198 1557; baseline 0.004 -4"><span class='ocrx_word' id='word_1_438' title='bbox 2222 1546 2227 1553; x_wconf 95' lang='grc'>.</span> <span class='ocrx_word' id='word_1_439' title='bbox 2800 1499 3056 1557; x_wconf 75' lang='grc' dir='ltr'><strong>ΚΕΦΑΛ.</strong></span> <span class='ocrx_word' id='word_1_440' title='bbox 3095 1502 3198 1557; x_wconf 77' lang='grc'><strong>18³.</strong></span> 
     </span>
    </p>
   </div>
   <div class='ocr_carea' id='block_1_70' title="bbox 2288 1587 3653 1665">
    <p class='ocr_par' dir='ltr' id='par_1_70' title="bbox 2288 1587 3653 1665">
     <span class='ocr_line' id='line_1_70' title="bbox 2288 1587 3653 1665; baseline 0.011 -26"><span class='ocrx_word' id='word_1_441' title='bbox 2288 1590 2356 1654; x_wconf 88' lang='grc' dir='ltr'><strong>γ’.</strong></span> <span class='ocrx_word' id='word_1_442' title='bbox 2405 1587 2751 1658; x_wconf 73' lang='grc' dir='ltr'>Ἀφροσύνη</span> <span class='ocrx_word' id='word_1_443' title='bbox 2798 1590 3021 1660; x_wconf 80' lang='grc' dir='ltr'>ἀνδρὸς</span> <span class='ocrx_word' id='word_1_444' title='bbox 3050 1593 3383 1663; x_wconf 74' lang='grc' dir='ltr'>λυμαίνεναι</span> <span class='ocrx_word' id='word_1_445' title='bbox 3435 1598 3519 1664; x_wconf 83' lang='grc' dir='ltr'>τὰς</span> <span class='ocrx_word' id='word_1_446' title='bbox 3545 1600 3653 1665; x_wconf 57' lang='lat' dir='ltr'><strong>dici;</strong></span> 
     </span>
    </p>
   </div>
   <div class='ocr_carea' id='block_1_71' title="bbox 2207 1674 3653 1761">
    <p class='ocr_par' dir='ltr' id='par_1_71' title="bbox 2207 1674 3653 1761">
     <span class='ocr_line' id='line_1_71' title="bbox 2207 1674 3653 1761; baseline 0.011 -33"><span class='ocrx_word' id='word_1_447' title='bbox 2207 1674 2415 1733; x_wconf 84' lang='grc' dir='ltr'>αὐτοῦ.</span> <span class='ocrx_word' id='word_1_448' title='bbox 2438 1676 2546 1730; x_wconf 91' lang='grc' dir='ltr'>Τοῦ</span> <span class='ocrx_word' id='word_1_449' title='bbox 2574 1679 2650 1751; x_wconf 79' lang='grc' dir='ltr'>μὴ</span> <span class='ocrx_word' id='word_1_450' title='bbox 2668 1680 2807 1752; x_wconf 81' lang='grc' dir='ltr'>πρὸς</span> <span class='ocrx_word' id='word_1_451' title='bbox 2834 1680 2970 1737; x_wconf 77' lang='grc' dir='ltr'>Θεὸν</span> <span class='ocrx_word' id='word_1_452' title='bbox 2984 1684 3308 1756; x_wconf 80' lang='grc' dir='ltr'>ἀφορῶντος,</span> <span class='ocrx_word' id='word_1_453' title='bbox 3327 1687 3446 1742; x_wconf 81' lang='grc' dir='ltr'>ἀλλὰ</span> <span class='ocrx_word' id='word_1_454' title='bbox 3466 1693 3518 1761; x_wconf 77' lang='grc' dir='ltr'>τῇ</span> <span class='ocrx_word' id='word_1_455' title='bbox 3541 1693 3653 1761; x_wconf 76' lang='grc' dir='ltr'>σχέσει</span> 
     </span>
    </p>
   </div>
   <div class='ocr_carea' id='block_1_72' title="bbox 2206 1768 3650 1852">
    <p class='ocr_par' dir='ltr' id='par_1_72' title="bbox 2206 1768 3650 1852">
     <span class='ocr_line' id='line_1_72' title="bbox 2206 1768 3650 1852; baseline 0.01 -32"><span class='ocrx_word' id='word_1_456' title='bbox 2206 1768 2318 1821; x_wconf 81' lang='grc' dir='ltr'>τῶν</span> <span class='ocrx_word' id='word_1_457' title='bbox 2349 1772 2703 1843; x_wconf 87' lang='grc' dir='ltr'>προσκαίρων</span> <span class='ocrx_word' id='word_1_458' title='bbox 2732 1772 2916 1845; x_wconf 84' lang='grc' dir='ltr'>ὴπατη</span> <span class='ocrx_word' id='word_1_459' title='bbox 2926 1775 3109 1845; x_wconf 81' lang='grc' dir='ltr'>μένου,</span> <span class='ocrx_word' id='word_1_460' title='bbox 3136 1779 3168 1847; x_wconf 83' lang='grc' dir='ltr'>ἡ</span> <span class='ocrx_word' id='word_1_461' title='bbox 3197 1777 3449 1847; x_wconf 78' lang='grc' dir='ltr'>ἀλόγιστος</span> <span class='ocrx_word' id='word_1_462' title='bbox 3485 1782 3650 1852; x_wconf 76' lang='grc' dir='ltr'>κίνησις·</span> 
     </span>
    </p>
   </div>
   <div class='ocr_carea' id='block_1_73' title="bbox 2206 1861 3653 1943">
    <p class='ocr_par' dir='ltr' id='par_1_73' title="bbox 2206 1861 3653 1943">
     <span class='ocr_line' id='line_1_73' title="bbox 2206 1861 3653 1943; baseline 0.008 -29"><span class='ocrx_word' id='word_1_463' title='bbox 2206 1861 2373 1933; x_wconf 31' lang='grc' dir='ltr'>είς-τὸ</span> <span class='ocrx_word' id='word_1_464' title='bbox 2401 1863 2570 1935; x_wconf 79' lang='grc' dir='ltr'>μηδὲν</span> <span class='ocrx_word' id='word_1_465' title='bbox 2600 1867 2746 1918; x_wconf 78' lang='grc' dir='ltr'>ποιεῖ</span> <span class='ocrx_word' id='word_1_466' title='bbox 2768 1869 3082 1939; x_wconf 79' lang='grc' dir='ltr'><strong>προχωρεῖν</strong></span> <span class='ocrx_word' id='word_1_467' title='bbox 3111 1868 3178 1922; x_wconf 83' lang='grc' dir='ltr'>τὰ</span> <span class='ocrx_word' id='word_1_468' title='bbox 3198 1868 3372 1923; x_wconf 88' lang='grc' dir='ltr'>τούτου</span> <span class='ocrx_word' id='word_1_469' title='bbox 3396 1871 3653 1943; x_wconf 71' lang='grc' dir='ltr'>ὲπιτηδεὺμιο</span> 
     </span>
    </p>
   </div>
   <div class='ocr_carea' id='block_1_74' title="bbox 2206 1953 3381 2032">
    <p class='ocr_par' dir='ltr' id='par_1_74' title="bbox 2206 1953 3381 2032">
     <span class='ocr_line' id='line_1_74' title="bbox 2206 1953 3381 2032; baseline 0.009 -26"><span class='ocrx_word' id='word_1_470' title='bbox 2206 1970 2298 2020; x_wconf 88' lang='grc' dir='ltr'><strong>τα,</strong></span> <span class='ocrx_word' id='word_1_471' title='bbox 2339 1953 2415 2020; x_wconf 87' lang='grc' dir='ltr'><strong>ὡς</strong></span> <span class='ocrx_word' id='word_1_472' title='bbox 2453 1958 2568 2021; x_wconf 84' lang='grc' dir='ltr'>τοῖς</span> <span class='ocrx_word' id='word_1_473' title='bbox 2606 1957 2868 2029; x_wconf 81' lang='grc' dir='ltr'>φθαρτοῖς</span> <span class='ocrx_word' id='word_1_474' title='bbox 2908 1960 3381 2032; x_wconf 77' lang='grc' dir='ltr'>συναφανιζόμενα.</span> 
     </span>
    </p>
   </div>
   <div class='ocr_carea' id='block_1_75' title="bbox 2283 2046 3652 2121">
    <p class='ocr_par' dir='ltr' id='par_1_75' title="bbox 2283 2046 3652 2121">
     <span class='ocr_line' id='line_1_75' title="bbox 2283 2046 3652 2121; baseline 0.006 -21"><span class='ocrx_word' id='word_1_475' title='bbox 2283 2046 2396 2100; x_wconf 79' lang='grc' dir='ltr'><strong>Τὸν</strong></span> <span class='ocrx_word' id='word_1_476' title='bbox 2421 2046 2489 2100; x_wconf 80' lang='grc' dir='ltr'><strong>δὲ</strong></span> <span class='ocrx_word' id='word_1_477' title='bbox 2523 2047 2675 2102; x_wconf 83' lang='grc' dir='ltr'><strong>Θεὸν</strong></span> <span class='ocrx_word' id='word_1_478' title='bbox 2706 2048 2965 2106; x_wconf 71' lang='grc' dir='ltr'>αἰτιᾶται</span> <span class='ocrx_word' id='word_1_479' title='bbox 3007 2048 3083 2121; x_wconf 76' lang='grc' dir='ltr'>τῇ</span> <span class='ocrx_word' id='word_1_480' title='bbox 3129 2052 3331 2121; x_wconf 76' lang='grc' dir='ltr'>καρδίᾳ</span> <span class='ocrx_word' id='word_1_481' title='bbox 3355 2051 3519 2108; x_wconf 83' lang='grc' dir='ltr'>αὐτοῦ.</span> <span class='ocrx_word' id='word_1_482' title='bbox 3550 2053 3652 2118; x_wconf 59' lang='lat' dir='ltr'><strong>Aid;</strong></span> 
     </span>
    </p>
   </div>
   <div class='ocr_carea' id='block_1_76' title="bbox 2205 2133 3651 2213">
    <p class='ocr_par' dir='ltr' id='par_1_76' title="bbox 2205 2133 3651 2213">
     <span class='ocr_line' id='line_1_76' title="bbox 2205 2133 3651 2213; baseline 0.003 -25"><span class='ocrx_word' id='word_1_483' title='bbox 2205 2133 2253 2188; x_wconf 83' lang='grc' dir='ltr'>δ’</span> <span class='ocrx_word' id='word_1_484' title='bbox 2276 2134 2334 2202; x_wconf 80' lang='grc' dir='ltr'><strong>ἐξ</strong></span> <span class='ocrx_word' id='word_1_485' title='bbox 2362 2135 2554 2200; x_wconf 81' lang='grc' dir='ltr'>ἀνοίας</span> <span class='ocrx_word' id='word_1_486' title='bbox 2579 2136 2978 2208; x_wconf 79' lang='grc' dir='ltr'>ἐπιμέμφεται,</span> <span class='ocrx_word' id='word_1_487' title='bbox 3007 2140 3129 2211; x_wconf 79' lang='grc' dir='ltr'><strong>οὐχὶ</strong></span> <span class='ocrx_word' id='word_1_488' title='bbox 3158 2143 3221 2211; x_wconf 82' lang='grc' dir='ltr'><strong>τῇ</strong></span> <span class='ocrx_word' id='word_1_489' title='bbox 3255 2140 3416 2213; x_wconf 72' lang='grc' dir='ltr'>φαύλῃ</span> <span class='ocrx_word' id='word_1_490' title='bbox 3436 2142 3651 2213; x_wconf 59' lang='grc' dir='ltr'>προαιρέσει</span> 
     </span>
    </p>
   </div>
   <div class='ocr_carea' id='block_1_77' title="bbox 2207 2223 3651 2301">
    <p class='ocr_par' dir='ltr' id='par_1_77' title="bbox 2207 2223 3651 2301">
     <span class='ocr_line' id='line_1_77' title="bbox 2207 2223 3651 2301; baseline 0.003 -25"><span class='ocrx_word' id='word_1_491' title='bbox 2207 2223 2371 2277; x_wconf 78' lang='grc' dir='ltr'>αὑτοῦ</span> <span class='ocrx_word' id='word_1_492' title='bbox 2392 2265 2407 2289; x_wconf 91' lang='grc'><strong>,</strong></span> <span class='ocrx_word' id='word_1_493' title='bbox 2442 2225 2479 2295; x_wconf 81' lang='grc' dir='ltr'><strong>ἥ</strong></span> <span class='ocrx_word' id='word_1_494' title='bbox 2506 2225 2575 2278; x_wconf 81' lang='grc' dir='ltr'>τὰ</span> <span class='ocrx_word' id='word_1_495' title='bbox 2608 2225 2739 2280; x_wconf 74' lang='grc' dir='ltr'>ὄντα</span> <span class='ocrx_word' id='word_1_496' title='bbox 2777 2227 2869 2281; x_wconf 73' lang='grc' dir='ltr'>καὶ</span> <span class='ocrx_word' id='word_1_497' title='bbox 2899 2227 3130 2299; x_wconf 84' lang='grc' dir='ltr'>μένοντα</span> <span class='ocrx_word' id='word_1_498' title='bbox 3159 2229 3490 2298; x_wconf 79' lang='grc' dir='ltr'>καταλείψασα</span> <span class='ocrx_word' id='word_1_499' title='bbox 3513 2231 3651 2301; x_wconf 61' lang='lat' dir='ltr'><strong>capiti</strong></span> 
     </span>
    </p>
   </div>
   <div class='ocr_carea' id='block_1_78' title="bbox 2205 2315 3652 2390">
    <p class='ocr_par' dir='ltr' id='par_1_78' title="bbox 2205 2315 3652 2390">
     <span class='ocr_line' id='line_1_78' title="bbox 2205 2315 3652 2390; baseline 0.002 -22"><span class='ocrx_word' id='word_1_500' title='bbox 2205 2315 2424 2385; x_wconf 82' lang='grc' dir='ltr'>φθαρτά</span> <span class='ocrx_word' id='word_1_501' title='bbox 2448 2318 2632 2371; x_wconf 75' lang='grc' dir='ltr'>πᾶσαν</span> <span class='ocrx_word' id='word_1_502' title='bbox 2660 2317 2899 2390; x_wconf 81' lang='grc' dir='ltr'>σπουδὴν</span> <span class='ocrx_word' id='word_1_503' title='bbox 2928 2319 3315 2384; x_wconf 76' lang='grc' dir='ltr'>ἐπιδείκνυται,</span> <span class='ocrx_word' id='word_1_504' title='bbox 3342 2321 3457 2375; x_wconf 79' lang='grc' dir='ltr'>ἀλλὰ</span> <span class='ocrx_word' id='word_1_505' title='bbox 3478 2320 3652 2389; x_wconf 76' lang='grc' dir='ltr'>Θεῷ’ὃτι</span> 
     </span>
    </p>
   </div>
   <div class='ocr_carea' id='block_1_79' title="bbox 2206 2404 3116 2480">
    <p class='ocr_par' dir='ltr' id='par_1_79' title="bbox 2206 2404 3116 2480">
     <span class='ocr_line' id='line_1_79' title="bbox 2206 2404 3116 2480; baseline 0.005 -22"><span class='ocrx_word' id='word_1_506' title='bbox 2206 2404 2632 2477; x_wconf 84' lang='grc' dir='ltr'>φθείρονται-τὰ</span> <span class='ocrx_word' id='word_1_507' title='bbox 2672 2409 2835 2477; x_wconf 87' lang='grc' dir='ltr'>φύσει</span> <span class='ocrx_word' id='word_1_508' title='bbox 2875 2409 3116 2480; x_wconf 83' lang='grc' dir='ltr'>φθαρτά.</span> 
     </span>
    </p>
   </div>
   <div class='ocr_carea' id='block_1_80' title="bbox 2271 2497 3653 2570">
    <p class='ocr_par' dir='ltr' id='par_1_80' title="bbox 2271 2497 3653 2570">
     <span class='ocr_line' id='line_1_80' title="bbox 2271 2497 3653 2570; baseline 0 -20"><span class='ocrx_word' id='word_1_509' title='bbox 2271 2497 2335 2550; x_wconf 87' lang='grc' dir='ltr'><strong>δ’.</strong></span> <span class='ocrx_word' id='word_1_510' title='bbox 2390 2498 2663 2566; x_wconf 77' lang='grc' dir='ltr'>Πλοῦτος</span> <span class='ocrx_word' id='word_1_511' title='bbox 2705 2501 3073 2569; x_wconf 80' lang='grc' dir='ltr'>προστίθησι</span> <span class='ocrx_word' id='word_1_512' title='bbox 3117 2500 3323 2570; x_wconf 77' lang='grc' dir='ltr'>φίλους</span> <span class='ocrx_word' id='word_1_513' title='bbox 3367 2500 3590 2565; x_wconf 66' lang='grc' dir='ltr'>πολλούς.</span> <span class='ocrx_word' id='word_1_514' title='bbox 3619 2498 3653 2549; x_wconf 89' lang='grc'><strong>’0</strong></span> 
     </span>
    </p>
   </div>
   <div class='ocr_carea' id='block_1_81' title="bbox 2203 2581 3658 2662">
    <p class='ocr_par' dir='ltr' id='par_1_81' title="bbox 2203 2581 3658 2662">
     <span class='ocr_line' id='line_1_81' title="bbox 2203 2581 3658 2662; baseline -0.001 -21"><span class='ocrx_word' id='word_1_515' title='bbox 2203 2589 2325 2643; x_wconf 81' lang='grc' dir='ltr'>κατ’</span> <span class='ocrx_word' id='word_1_516' title='bbox 2351 2589 2556 2660; x_wconf 78' lang='grc' dir='ltr'>ἀρετὴν</span> <span class='ocrx_word' id='word_1_517' title='bbox 2608 2592 2701 2643; x_wconf 76' lang='grc' dir='ltr'>καὶ</span> <span class='ocrx_word' id='word_1_518' title='bbox 2744 2591 2946 2660; x_wconf 83' lang='grc' dir='ltr'>γνῶσιν</span> <span class='ocrx_word' id='word_1_519' title='bbox 2997 2591 3354 2662; x_wconf 81' lang='grc' dir='ltr'>πνευματικὸς</span> <span class='ocrx_word' id='word_1_520' title='bbox 3394 2589 3583 2653; x_wconf 82' lang='grc' dir='ltr'>πλοῦτος,</span> <span class='ocrx_word' id='word_1_521' title='bbox 3610 2581 3658 2655; x_wconf 70' lang='grc' dir='ltr'>τῷ</span> 
     </span>
    </p>
   </div>
   <div class='ocr_carea' id='block_1_82' title="bbox 2203 2680 3653 2754">
    <p class='ocr_par' dir='ltr' id='par_1_82' title="bbox 2203 2680 3653 2754">
     <span class='ocr_line' id='line_1_82' title="bbox 2203 2680 3653 2754; baseline 0.001 -22"><span class='ocrx_word' id='word_1_522' title='bbox 2203 2680 2536 2753; x_wconf 79' lang='grc' dir='ltr'>κτησαμένῳ</span> <span class='ocrx_word' id='word_1_523' title='bbox 2586 2682 2779 2749; x_wconf 79' lang='grc' dir='ltr'>αὑτὸν,</span> <span class='ocrx_word' id='word_1_524' title='bbox 2811 2682 3147 2754; x_wconf 85' lang='grc' dir='ltr'>προστίθησι</span> <span class='ocrx_word' id='word_1_525' title='bbox 3188 2685 3250 2753; x_wconf 77' lang='grc' dir='ltr'>τῇ</span> <span class='ocrx_word' id='word_1_526' title='bbox 3287 2684 3364 2748; x_wconf 77' lang='grc' dir='ltr'><strong>είς</strong></span> <span class='ocrx_word' id='word_1_527' title='bbox 3396 2681 3501 2735; x_wconf 66' lang='grc' dir='ltr'>Θεὸν</span> <span class='ocrx_word' id='word_1_528' title='bbox 3535 2680 3653 2747; x_wconf 67' lang='grc' dir='ltr'>ἀγάπῃ</span> 
     </span>
    </p>
   </div>
   <div class='ocr_carea' id='block_1_83' title="bbox 2202 2770 3660 2847">
    <p class='ocr_par' dir='ltr' id='par_1_83' title="bbox 2202 2770 3660 2847">
     <span class='ocr_line' id='line_1_83' title="bbox 2202 2770 3660 2847; baseline -0.003 -21"><span class='ocrx_word' id='word_1_529' title='bbox 2202 2773 2297 2827; x_wconf 69' lang='grc' dir='ltr'>καὶ</span> <span class='ocrx_word' id='word_1_530' title='bbox 2342 2772 2439 2844; x_wconf 82' lang='grc' dir='ltr'>τὴν</span> <span class='ocrx_word' id='word_1_531' title='bbox 2486 2773 2625 2845; x_wconf 81' lang='grc' dir='ltr'>πρὸς</span> <span class='ocrx_word' id='word_1_532' title='bbox 2656 2775 2867 2839; x_wconf 83' lang='grc' dir='ltr'>πάντας</span> <span class='ocrx_word' id='word_1_533' title='bbox 2900 2773 3224 2847; x_wconf 84' lang='grc' dir='ltr'>ἀνθρώπους</span> <span class='ocrx_word' id='word_1_534' title='bbox 3246 2789 3260 2803; x_wconf 87' lang='grc'><strong>·</strong></span> <span class='ocrx_word' id='word_1_535' title='bbox 3289 2774 3435 2845; x_wconf 77' lang='grc' dir='ltr'>ὴγάρ</span> <span class='ocrx_word' id='word_1_536' title='bbox 3458 2773 3559 2844; x_wconf 77' lang='grc' dir='ltr'>πρὸς</span> <span class='ocrx_word' id='word_1_537' title='bbox 3577 2770 3660 2823; x_wconf 58' lang='lat' dir='ltr'><strong>ratio;</strong></span> 
     </span>
    </p>
   </div>
   <div class='ocr_carea' id='block_1_84' title="bbox 2202 2862 3655 2939">
    <p class='ocr_par' dir='ltr' id='par_1_84' title="bbox 2202 2862 3655 2939">
     <span class='ocr_line' id='line_1_84' title="bbox 2202 2862 3655 2939; baseline -0.004 -21"><span class='ocrx_word' id='word_1_538' title='bbox 2202 2881 2326 2930; x_wconf 90' lang='grc' dir='ltr'>τους</span> <span class='ocrx_word' id='word_1_539' title='bbox 2365 2866 2558 2939; x_wconf 80' lang='grc' dir='ltr'><strong>ἀγάπη</strong></span> <span class='ocrx_word' id='word_1_540' title='bbox 2586 2906 2601 2932; x_wconf 92' lang='grc'><strong>,</strong></span> <span class='ocrx_word' id='word_1_541' title='bbox 2642 2866 2742 2938; x_wconf 81' lang='grc' dir='ltr'>τῆς</span> <span class='ocrx_word' id='word_1_542' title='bbox 2782 2866 2921 2938; x_wconf 80' lang='grc' dir='ltr'>πρὸς</span> <span class='ocrx_word' id='word_1_543' title='bbox 2962 2865 3101 2920; x_wconf 86' lang='grc' dir='ltr'>Θεόν</span> <span class='ocrx_word' id='word_1_544' title='bbox 3137 2868 3278 2919; x_wconf 70' lang='grc' dir='ltr'>ἐστιν</span> <span class='ocrx_word' id='word_1_545' title='bbox 3311 2866 3497 2934; x_wconf 81' lang='grc' dir='ltr'>ἀγάπης</span> <span class='ocrx_word' id='word_1_546' title='bbox 3523 2862 3655 2916; x_wconf 76' lang='grc' dir='ltr'>ἀπόδει-</span> 
     </span>
    </p>
   </div>
   <div class='ocr_carea' id='block_1_85' title="bbox 2204 2955 2314 3024">
    <p class='ocr_par' dir='ltr' id='par_1_85' title="bbox 2204 2955 2314 3024">
     <span class='ocr_line' id='line_1_85' title="bbox 2204 2955 2314 3024; baseline -0.064 0"><span class='ocrx_word' id='word_1_547' title='bbox 2204 2955 2314 3024; x_wconf 79' lang='grc' dir='ltr'>ξιςο</span> 
     </span>
    </p>
   </div>
   <div class='ocr_carea' id='block_1_86' title="bbox 2285 3042 3733 3117">
    <p class='ocr_par' dir='ltr' id='par_1_86' title="bbox 2285 3042 3733 3117">
     <span class='ocr_line' id='line_1_86' title="bbox 2285 3042 3733 3117; baseline 0.001 -18"><span class='ocrx_word' id='word_1_548' title='bbox 2285 3045 2349 3100; x_wconf 86' lang='lat'><strong>&#39;0</strong></span> <span class='ocrx_word' id='word_1_549' title='bbox 2376 3044 2444 3099; x_wconf 76' lang='grc' dir='ltr'><strong>δὲ</strong></span> <span class='ocrx_word' id='word_1_550' title='bbox 2470 3046 2709 3117; x_wconf 76' lang='grc' dir='ltr'>πτωχὸς</span> <span class='ocrx_word' id='word_1_551' title='bbox 2758 3046 2857 3102; x_wconf 74' lang='grc' dir='ltr'><strong>καί</strong></span> <span class='ocrx_word' id='word_1_552' title='bbox 2889 3047 3013 3102; x_wconf 83' lang='grc' dir='ltr'>ἀπὸ</span> <span class='ocrx_word' id='word_1_553' title='bbox 3057 3046 3165 3103; x_wconf 85' lang='grc' dir='ltr'><strong>τοῦ</strong></span> <span class='ocrx_word' id='word_1_554' title='bbox 3195 3045 3521 3115; x_wconf 79' lang='grc' dir='ltr'>ὑπάρχοντος</span> <span class='ocrx_word' id='word_1_555' title='bbox 3540 3042 3654 3111; x_wconf 73' lang='grc' dir='ltr'>φίλου</span> <span class='ocrx_word' id='word_1_556' title='bbox 3732 3042 3733 3079; x_wconf 52' lang='grc' dir='ltr'><strong>έ</strong></span> 
     </span>
    </p>
   </div>
   <div class='ocr_carea' id='block_1_87' title="bbox 2200 3132 3653 3211">
    <p class='ocr_par' dir='ltr' id='par_1_87' title="bbox 2200 3132 3653 3211">
     <span class='ocr_line' id='line_1_87' title="bbox 2200 3132 3653 3211; baseline -0.019 -4"><span class='ocrx_word' id='word_1_557' title='bbox 2200 3134 2521 3207; x_wconf 70' lang='grc' dir='ltr'>χωρίζεται.</span> <span class='ocrx_word' id='word_1_558' title='bbox 2561 3138 2621 3192; x_wconf 81' lang='lat'><strong>&#39;0</strong></span> <span class='ocrx_word' id='word_1_559' title='bbox 2670 3137 2729 3191; x_wconf 86' lang='grc' dir='ltr'><strong>δὲ</strong></span> <span class='ocrx_word' id='word_1_560' title='bbox 2783 3138 3088 3211; x_wconf 86' lang='grc' dir='ltr'>πτωχεύων</span> <span class='ocrx_word' id='word_1_561' title='bbox 3133 3137 3225 3192; x_wconf 89' lang='grc' dir='ltr'><strong>τοῦ</strong></span> <span class='ocrx_word' id='word_1_562' title='bbox 3257 3136 3472 3191; x_wconf 78' lang='grc' dir='ltr'>τοιούτου</span> <span class='ocrx_word' id='word_1_563' title='bbox 3507 3132 3653 3185; x_wconf 72' lang='grc' dir='ltr'>πλούτου</span> 
     </span>
    </p>
   </div>
   <div class='ocr_carea' id='block_1_88' title="bbox 2200 3222 3655 3302">
    <p class='ocr_par' dir='ltr' id='par_1_88' title="bbox 2200 3222 3655 3302">
     <span class='ocr_line' id='line_1_88' title="bbox 2200 3222 3655 3302; baseline -0.008 -19"><span class='ocrx_word' id='word_1_564' title='bbox 2200 3231 2342 3284; x_wconf 85' lang='grc' dir='ltr'>κατὰ</span> <span class='ocrx_word' id='word_1_565' title='bbox 2370 3229 2692 3302; x_wconf 83' lang='grc' dir='ltr'>προαίρεσιν</span> <span class='ocrx_word' id='word_1_566' title='bbox 2719 3271 2736 3298; x_wconf 93' lang='grc'><strong>,</strong></span> <span class='ocrx_word' id='word_1_567' title='bbox 2764 3232 2859 3285; x_wconf 78' lang='grc' dir='ltr'>καὶ</span> <span class='ocrx_word' id='word_1_568' title='bbox 2892 3231 3065 3286; x_wconf 82' lang='grc' dir='ltr'>αὑτοῦ</span> <span class='ocrx_word' id='word_1_569' title='bbox 3100 3231 3381 3301; x_wconf 83' lang='grc' dir='ltr'>ἀφίσταται</span> <span class='ocrx_word' id='word_1_570' title='bbox 3403 3227 3481 3281; x_wconf 79' lang='grc' dir='ltr'><strong>τοῦ</strong></span> <span class='ocrx_word' id='word_1_571' title='bbox 3502 3222 3655 3278; x_wconf 75' lang='grc' dir='ltr'>τοιοῦτον</span> 
     </span>
    </p>
   </div>
   <div class='ocr_carea' id='block_1_89' title="bbox 2198 3313 3656 3397">
    <p class='ocr_par' dir='ltr' id='par_1_89' title="bbox 2198 3313 3656 3397">
     <span class='ocr_line' id='line_1_89' title="bbox 2198 3313 3656 3397; baseline 0.003 -21"><span class='ocrx_word' id='word_1_572' title='bbox 2198 3321 2587 3393; x_wconf 79' lang='grc' dir='ltr'>ἀγαπήσαντος</span> <span class='ocrx_word' id='word_1_573' title='bbox 2634 3321 2800 3377; x_wconf 78' lang='grc' dir='ltr'>αὐτὸν</span> <span class='ocrx_word' id='word_1_574' title='bbox 2829 3323 2993 3391; x_wconf 83' lang='grc' dir='ltr'>Θεοῦ,</span> <span class='ocrx_word' id='word_1_575' title='bbox 3041 3325 3119 3389; x_wconf 85' lang='grc' dir='ltr'>ὡς</span> <span class='ocrx_word' id='word_1_576' title='bbox 3159 3324 3232 3397; x_wconf 81' lang='grc' dir='ltr'>μὴ</span> <span class='ocrx_word' id='word_1_577' title='bbox 3268 3323 3410 3395; x_wconf 87' lang='grc' dir='ltr'>μόνον</span> <span class='ocrx_word' id='word_1_578' title='bbox 3433 3322 3485 3374; x_wconf 80' lang='grc' dir='ltr'>ὲκ</span> <span class='ocrx_word' id='word_1_579' title='bbox 3517 3316 3582 3369; x_wconf 73' lang='grc' dir='ltr'><strong>τοῦ</strong></span> <span class='ocrx_word' id='word_1_580' title='bbox 3612 3313 3656 3384; x_wconf 73' lang='grc' dir='ltr'><strong>μὴ</strong></span> 
     </span>
    </p>
   </div>
   <div class='ocr_carea' id='block_1_90' title="bbox 2198 3407 3654 3488">
    <p class='ocr_par' dir='ltr' id='par_1_90' title="bbox 2198 3407 3654 3488">
     <span class='ocr_line' id='line_1_90' title="bbox 2198 3407 3654 3488; baseline -0.009 -8"><span class='ocrx_word' id='word_1_581' title='bbox 2198 3415 2351 3479; x_wconf 74' lang='grc' dir='ltr'>ὄντος</span> <span class='ocrx_word' id='word_1_582' title='bbox 2376 3416 2458 3479; x_wconf 66' lang='grc' dir='ltr'><strong>εἰς</strong></span> <span class='ocrx_word' id='word_1_583' title='bbox 2491 3415 2553 3469; x_wconf 80' lang='grc' dir='ltr'>τὸ</span> <span class='ocrx_word' id='word_1_584' title='bbox 2578 3410 2720 3471; x_wconf 81' lang='grc' dir='ltr'>εἶναι</span> <span class='ocrx_word' id='word_1_585' title='bbox 2749 3420 3101 3488; x_wconf 81' lang='grc' dir='ltr'>παραγαγεῖν</span> <span class='ocrx_word' id='word_1_586' title='bbox 3127 3417 3222 3471; x_wconf 76' lang='grc' dir='ltr'>καὶ</span> <span class='ocrx_word' id='word_1_587' title='bbox 3254 3415 3386 3485; x_wconf 79' lang='grc' dir='ltr'><strong>ζωῆς</strong></span> <span class='ocrx_word' id='word_1_588' title='bbox 3419 3407 3654 3483; x_wconf 61' lang='grc' dir='ltr'>μεταδοῦναι,</span> 
     </span>
    </p>
   </div>
   <div class='ocr_carea' id='block_1_91' title="bbox 2198 3502 3655 3579">
    <p class='ocr_par' dir='ltr' id='par_1_91' title="bbox 2198 3502 3655 3579">
     <span class='ocr_line' id='line_1_91' title="bbox 2198 3502 3655 3579; baseline -0.003 -20"><span class='ocrx_word' id='word_1_589' title='bbox 2198 3508 2294 3560; x_wconf 77' lang='grc' dir='ltr'>καὶ</span> <span class='ocrx_word' id='word_1_590' title='bbox 2324 3506 2468 3579; x_wconf 85' lang='grc' dir='ltr'>λόγῳ</span> <span class='ocrx_word' id='word_1_591' title='bbox 2513 3510 2782 3578; x_wconf 76' lang='grc' dir='ltr'>τιμῆσαι,</span> <span class='ocrx_word' id='word_1_592' title='bbox 2820 3511 2919 3563; x_wconf 73' lang='grc' dir='ltr'>καὶ</span> <span class='ocrx_word' id='word_1_593' title='bbox 2962 3509 3146 3579; x_wconf 82' lang='grc' dir='ltr'>πάσης</span> <span class='ocrx_word' id='word_1_594' title='bbox 3185 3507 3344 3576; x_wconf 85' lang='grc' dir='ltr'>ἀλλης</span> <span class='ocrx_word' id='word_1_595' title='bbox 3370 3502 3550 3568; x_wconf 74' lang='grc' dir='ltr'>ἀξιῶσαι</span> <span class='ocrx_word' id='word_1_596' title='bbox 3581 3514 3655 3567; x_wconf 76' lang='grc' dir='ltr'>προ·</span> 
     </span>
    </p>
   </div>
   <div class='ocr_carea' id='block_1_92' title="bbox 2196 3590 3655 3672">
    <p class='ocr_par' dir='ltr' id='par_1_92' title="bbox 2196 3590 3655 3672">
     <span class='ocr_line' id='line_1_92' title="bbox 2196 3590 3655 3672; baseline -0.009 -16"><span class='ocrx_word' id='word_1_597' title='bbox 2196 3600 2367 3665; x_wconf 87' lang='grc' dir='ltr'>νοίας,</span> <span class='ocrx_word' id='word_1_598' title='bbox 2392 3599 2531 3654; x_wconf 83' lang='grc' dir='ltr'>ἀλλὰ</span> <span class='ocrx_word' id='word_1_599' title='bbox 2558 3602 2654 3654; x_wconf 77' lang='grc' dir='ltr'>καὶ</span> <span class='ocrx_word' id='word_1_600' title='bbox 2694 3601 2785 3654; x_wconf 79' lang='grc' dir='ltr'>τὸν</span> <span class='ocrx_word' id='word_1_601' title='bbox 2829 3600 3101 3672; x_wconf 82' lang='grc' dir='ltr'>μονογενῆ</span> <span class='ocrx_word' id='word_1_602' title='bbox 3134 3598 3296 3655; x_wconf 81' lang='grc' dir='ltr'>αὑτοῦ</span> <span class='ocrx_word' id='word_1_603' title='bbox 3323 3597 3436 3652; x_wconf 80' lang='grc' dir='ltr'>Υἰδν</span> <span class='ocrx_word' id='word_1_604' title='bbox 3463 3594 3568 3664; x_wconf 78' lang='grc' dir='ltr'>ὑπὲρ</span> <span class='ocrx_word' id='word_1_605' title='bbox 3586 3590 3655 3642; x_wconf 71' lang='grc' dir='ltr'>τού·</span> 
     </span>
    </p>
   </div>
   <div class='ocr_carea' id='block_1_93' title="bbox 2196 3686 2922 3752">
    <p class='ocr_par' dir='ltr' id='par_1_93' title="bbox 2196 3686 2922 3752">
     <span class='ocr_line' id='line_1_93' title="bbox 2196 3686 2922 3752; baseline 0.008 -13"><span class='ocrx_word' id='word_1_606' title='bbox 2196 3703 2289 3740; x_wconf 86' lang='grc' dir='ltr'><strong>του</strong></span> <span class='ocrx_word' id='word_1_607' title='bbox 2328 3686 2510 3742; x_wconf 88' lang='grc' dir='ltr'>δοῦναι</span> <span class='ocrx_word' id='word_1_608' title='bbox 2550 3691 2633 3752; x_wconf 78' lang='grc' dir='ltr'><strong>εἰς</strong></span> <span class='ocrx_word' id='word_1_609' title='bbox 2672 3687 2922 3745; x_wconf 86' lang='grc' dir='ltr'>θάνατον.</span> 
     </span>
    </p>
   </div>
   <div class='ocr_carea' id='block_1_94' title="bbox 2268 3768 3656 3852">
    <p class='ocr_par' dir='ltr' id='par_1_94' title="bbox 2268 3768 3656 3852">
     <span class='ocr_line' id='line_1_94' title="bbox 2268 3768 3656 3852; baseline -0.006 -19"><span class='ocrx_word' id='word_1_610' title='bbox 2268 3784 2329 3833; x_wconf 84' lang='grc' dir='ltr'>ε’.</span> <span class='ocrx_word' id='word_1_611' title='bbox 2370 3778 2615 3849; x_wconf 81' lang='grc' dir='ltr'>Μάρτυς</span> <span class='ocrx_word' id='word_1_612' title='bbox 2645 3779 2904 3849; x_wconf 68' lang='grc' dir='ltr'>ψευδὴς,</span> <span class='ocrx_word' id='word_1_613' title='bbox 2943 3782 3059 3836; x_wconf 84' lang='grc' dir='ltr'>οὐκ</span> <span class='ocrx_word' id='word_1_614' title='bbox 3109 3778 3451 3852; x_wconf 81' lang='grc' dir='ltr'>ἀτιμώρητος</span> <span class='ocrx_word' id='word_1_615' title='bbox 3481 3768 3656 3829; x_wconf 70' lang='grc' dir='ltr'>ἔσταιῧο</span> 
     </span>
    </p>
   </div>
   <div class='ocr_carea' id='block_1_95' title="bbox 2195 3866 3656 3943">
    <p class='ocr_par' dir='ltr' id='par_1_95' title="bbox 2195 3866 3656 3943">
     <span class='ocr_line' id='line_1_95' title="bbox 2195 3866 3656 3943; baseline 0.003 -21"><span class='ocrx_word' id='word_1_616' title='bbox 2195 3870 2255 3923; x_wconf 81' lang='grc' dir='ltr'>τὸ</span> <span class='ocrx_word' id='word_1_617' title='bbox 2292 3871 2466 3924; x_wconf 83' lang='grc' dir='ltr'>κακὸν</span> <span class='ocrx_word' id='word_1_618' title='bbox 2495 3871 2707 3941; x_wconf 79' lang='grc' dir='ltr'>ψευδῶς</span> <span class='ocrx_word' id='word_1_619' title='bbox 2737 3872 2977 3925; x_wconf 76' lang='grc' dir='ltr'>ἐπαινῶν</span> <span class='ocrx_word' id='word_1_620' title='bbox 3020 3872 3250 3943; x_wconf 84' lang='grc' dir='ltr'>δαίμων.</span> <span class='ocrx_word' id='word_1_621' title='bbox 3279 3872 3367 3927; x_wconf 80' lang='grc' dir='ltr'>καὶ</span> <span class='ocrx_word' id='word_1_622' title='bbox 3410 3868 3518 3938; x_wconf 78' lang='grc' dir='ltr'>πρὸς</span> <span class='ocrx_word' id='word_1_623' title='bbox 3554 3866 3656 3931; x_wconf 63' lang='grc' dir='ltr'>ἔργα·</span> 
     </span>
    </p>
   </div>
   <div class='ocr_carea' id='block_1_96' title="bbox 2197 3954 3656 4036">
    <p class='ocr_par' dir='ltr' id='par_1_96' title="bbox 2197 3954 3656 4036">
     <span class='ocr_line' id='line_1_96' title="bbox 2197 3954 3656 4036; baseline 0.003 -23"><span class='ocrx_word' id='word_1_624' title='bbox 2197 3961 2319 4014; x_wconf 87' lang='grc' dir='ltr'>σίαν</span> <span class='ocrx_word' id='word_1_625' title='bbox 2359 3962 2555 4016; x_wconf 88' lang='grc' dir='ltr'>τούτου</span> <span class='ocrx_word' id='word_1_626' title='bbox 2597 3964 2690 4033; x_wconf 78' lang='grc' dir='ltr'>τὸν</span> <span class='ocrx_word' id='word_1_627' title='bbox 2720 3963 3013 4036; x_wconf 80' lang='grc' dir='ltr'>ἄνθρωπον</span> <span class='ocrx_word' id='word_1_628' title='bbox 3040 3963 3441 4034; x_wconf 73' lang='grc' dir='ltr'>ἐκκαλούμενος,</span> <span class='ocrx_word' id='word_1_629' title='bbox 3466 3954 3656 4020; x_wconf 42' lang='lat' dir='ltr'><strong>dimi?</strong></span> 
     </span>
    </p>
   </div>
   <div class='ocr_carea' id='block_1_97' title="bbox 2195 4045 3655 4126">
    <p class='ocr_par' dir='ltr' id='par_1_97' title="bbox 2195 4045 3655 4126">
     <span class='ocr_line' id='line_1_97' title="bbox 2195 4045 3655 4126; baseline -0.005 -21"><span class='ocrx_word' id='word_1_630' title='bbox 2195 4052 2307 4120; x_wconf 79' lang='grc' dir='ltr'>έξει</span> <span class='ocrx_word' id='word_1_631' title='bbox 2332 4054 2463 4125; x_wconf 75' lang='grc' dir='ltr'>περὶ</span> <span class='ocrx_word' id='word_1_632' title='bbox 2488 4055 2586 4125; x_wconf 85' lang='grc' dir='ltr'>τῆς</span> <span class='ocrx_word' id='word_1_633' title='bbox 2619 4055 2886 4126; x_wconf 83' lang='grc' dir='ltr'>πονηρίας</span> <span class='ocrx_word' id='word_1_634' title='bbox 2948 4058 3119 4114; x_wconf 84' lang='grc' dir='ltr'>αὐτοῦ</span> <span class='ocrx_word' id='word_1_635' title='bbox 3147 4058 3353 4123; x_wconf 75' lang='grc' dir='ltr'>ἕνεκεν,</span> <span class='ocrx_word' id='word_1_636' title='bbox 3381 4052 3506 4125; x_wconf 85' lang='grc' dir='ltr'><strong>παρά</strong></span> <span class='ocrx_word' id='word_1_637' title='bbox 3527 4048 3593 4102; x_wconf 79' lang='grc' dir='ltr'><strong>τοῦ</strong></span> <span class='ocrx_word' id='word_1_638' title='bbox 3612 4045 3655 4096; x_wconf 76' lang='grc' dir='ltr'><strong>δι·</strong></span> 
     </span>
    </p>
   </div>
   <div class='ocr_carea' id='block_1_98' title="bbox 2195 4143 2601 4217">
    <p class='ocr_par' dir='ltr' id='par_1_98' title="bbox 2195 4143 2601 4217">
     <span class='ocr_line' id='line_1_98' title="bbox 2195 4143 2601 4217; baseline 0.005 -19"><span class='ocrx_word' id='word_1_639' title='bbox 2195 4143 2352 4198; x_wconf 88' lang='grc' dir='ltr'>καίου</span> <span class='ocrx_word' id='word_1_640' title='bbox 2391 4147 2601 4217; x_wconf 84' lang='grc' dir='ltr'>κριτοῦ.</span> 
     </span>
    </p>
   </div>
   <div class='ocr_carea' id='block_1_99' title="bbox 2274 4224 3737 4314">
    <p class='ocr_par' dir='ltr' id='par_1_99' title="bbox 2274 4224 3737 4314">
     <span class='ocr_line' id='line_1_99' title="bbox 2274 4224 3737 4314; baseline -0.001 -21"><span class='ocrx_word' id='word_1_641' title='bbox 2274 4238 2339 4293; x_wconf 80' lang='grc' dir='ltr'><strong>Ὀ</strong></span> <span class='ocrx_word' id='word_1_642' title='bbox 2368 4238 2421 4292; x_wconf 83' lang='grc' dir='ltr'><strong>δ’</strong></span> <span class='ocrx_word' id='word_1_643' title='bbox 2442 4239 2717 4309; x_wconf 65' lang='grc' dir='ltr'>ἐγκαλῶν</span> <span class='ocrx_word' id='word_1_644' title='bbox 2741 4241 2984 4310; x_wconf 80' lang='grc' dir='ltr'>ἀδίκως,</span> <span class='ocrx_word' id='word_1_645' title='bbox 3009 4247 3084 4299; x_wconf 87' lang='grc' dir='ltr'>οὺ</span> <span class='ocrx_word' id='word_1_646' title='bbox 3107 4242 3476 4314; x_wconf 77' lang='grc' dir='ltr'>διαφεύξεται.</span> <span class='ocrx_word' id='word_1_647' title='bbox 3506 4224 3657 4294; x_wconf 46' lang='grc' dir='ltr'><strong>Ὀδᾝ</strong></span> <span class='ocrx_word' id='word_1_648' title='bbox 3736 4268 3737 4293; x_wconf 59' lang='grc' dir='ltr'><strong>ι</strong></span> 
     </span>
    </p>
   </div>
   <div class='ocr_carea' id='block_1_100' title="bbox 2194 4327 3659 4410">
    <p class='ocr_par' dir='ltr' id='par_1_100' title="bbox 2194 4327 3659 4410">
     <span class='ocr_line' id='line_1_100' title="bbox 2194 4327 3659 4410; baseline 0.005 -26"><span class='ocrx_word' id='word_1_649' title='bbox 2194 4327 2276 4395; x_wconf 79' lang='grc' dir='ltr'>οἷς</span> <span class='ocrx_word' id='word_1_650' title='bbox 2310 4332 2616 4404; x_wconf 83' lang='grc' dir='ltr'>ἁμαρτάνει</span> <span class='ocrx_word' id='word_1_651' title='bbox 2661 4336 2825 4390; x_wconf 74' lang='grc' dir='ltr'>αὑτὸν</span> <span class='ocrx_word' id='word_1_652' title='bbox 2866 4336 2960 4391; x_wconf 80' lang='grc' dir='ltr'>τὸν</span> <span class='ocrx_word' id='word_1_653' title='bbox 2993 4338 3228 4410; x_wconf 89' lang='grc' dir='ltr'>δαίμονα</span> <span class='ocrx_word' id='word_1_654' title='bbox 3255 4332 3533 4404; x_wconf 68' lang='grc' dir='ltr'>αἰτιώμενος</span> <span class='ocrx_word' id='word_1_655' title='bbox 3554 4337 3659 4390; x_wconf 60' lang='lat' dir='ltr'><strong>MP&quot;</strong></span> 
     </span>
    </p>
   </div>
   <div class='ocr_carea' id='block_1_101' title="bbox 2196 4414 3660 4499">
    <p class='ocr_par' dir='ltr' id='par_1_101' title="bbox 2196 4414 3660 4499">
     <span class='ocr_line' id='line_1_101' title="bbox 2196 4414 3660 4499; baseline -0.022 -4"><span class='ocrx_word' id='word_1_656' title='bbox 2196 4425 2393 4495; x_wconf 81' lang='grc' dir='ltr'>λόγως.</span> <span class='ocrx_word' id='word_1_657' title='bbox 2424 4426 2515 4480; x_wconf 73' lang='grc' dir='ltr'><strong>διὰ</strong></span> <span class='ocrx_word' id='word_1_658' title='bbox 2544 4427 2607 4481; x_wconf 76' lang='grc' dir='ltr'><strong>τὸ</strong></span> <span class='ocrx_word' id='word_1_659' title='bbox 2638 4426 2900 4482; x_wconf 75' lang='grc' dir='ltr'>δύνασθαι</span> <span class='ocrx_word' id='word_1_660' title='bbox 2932 4430 3008 4499; x_wconf 84' lang='grc' dir='ltr'>μὴ</span> <span class='ocrx_word' id='word_1_661' title='bbox 3044 4428 3337 4484; x_wconf 81' lang='grc' dir='ltr'>ὑπακούειν</span> <span class='ocrx_word' id='word_1_662' title='bbox 3370 4421 3512 4492; x_wconf 80' lang='grc' dir='ltr'>αύτῷ,</span> <span class='ocrx_word' id='word_1_663' title='bbox 3534 4414 3660 4469; x_wconf 57' lang='lat' dir='ltr'><strong>otiati»-</strong></span> 
     </span>
    </p>
   </div>
   <div class='ocr_carea' id='block_1_102' title="bbox 2193 4500 3663 4599">
    <p class='ocr_par' dir='ltr' id='par_1_102' title="bbox 2193 4500 3663 4599">
     <span class='ocr_line' id='line_1_102' title="bbox 2193 4500 3663 4599; baseline 0.003 -33"><span class='ocrx_word' id='word_1_664' title='bbox 2193 4513 2385 4569; x_wconf 87' lang='grc' dir='ltr'>τεῦθεν</span> <span class='ocrx_word' id='word_1_665' title='bbox 2421 4516 2502 4578; x_wconf 83' lang='grc' dir='ltr'><strong>είς</strong></span> <span class='ocrx_word' id='word_1_666' title='bbox 2543 4516 2688 4570; x_wconf 75' lang='grc' dir='ltr'>ἅπαν</span> <span class='ocrx_word' id='word_1_667' title='bbox 2715 4518 2931 4591; x_wconf 81' lang='grc' dir='ltr'>ἐκφύγῃ</span> <span class='ocrx_word' id='word_1_668' title='bbox 2958 4519 3058 4591; x_wconf 81' lang='grc' dir='ltr'>τὴν</span> <span class='ocrx_word' id='word_1_669' title='bbox 3088 4520 3332 4573; x_wconf 83' lang='grc' dir='ltr'>κόλασιν’</span> <span class='ocrx_word' id='word_1_670' title='bbox 3360 4500 3663 4599; x_wconf 55' lang='lat' dir='ltr'><strong>amem}?</strong></span> 
     </span>
    </p>
   </div>
   <div class='ocr_carea' id='block_1_103' title="bbox 2192 4593 3661 4679">
    <p class='ocr_par' dir='ltr' id='par_1_103' title="bbox 2192 4593 3661 4679">
     <span class='ocr_line' id='line_1_103' title="bbox 2192 4593 3661 4679; baseline -0.026 6"><span class='ocrx_word' id='word_1_671' title='bbox 2192 4603 2385 4669; x_wconf 59' lang='grc' dir='ltr'><strong>λόγως</strong></span> <span class='ocrx_word' id='word_1_672' title='bbox 2415 4606 2510 4661; x_wconf 60' lang='grc' dir='ltr'>καὶ</span> <span class='ocrx_word' id='word_1_673' title='bbox 2537 4601 2692 4671; x_wconf 76' lang='grc' dir='ltr'>οὗτος</span> <span class='ocrx_word' id='word_1_674' title='bbox 2712 4646 2727 4671; x_wconf 71' lang='grc' dir='ltr'><strong>ι</strong></span> <span class='ocrx_word' id='word_1_675' title='bbox 2762 4608 2795 4679; x_wconf 77' lang='grc' dir='ltr'><strong>ἢ</strong></span> <span class='ocrx_word' id='word_1_676' title='bbox 2827 4609 2971 4664; x_wconf 83' lang='grc' dir='ltr'>κατὰ</span> <span class='ocrx_word' id='word_1_677' title='bbox 3007 4610 3072 4662; x_wconf 80' lang='grc' dir='ltr'>τὸ</span> <span class='ocrx_word' id='word_1_678' title='bbox 3108 4610 3284 4679; x_wconf 81' lang='grc' dir='ltr'>παρὸν</span> <span class='ocrx_word' id='word_1_679' title='bbox 3310 4606 3341 4677; x_wconf 74' lang='grc' dir='ltr'>ἢ</span> <span class='ocrx_word' id='word_1_680' title='bbox 3376 4602 3496 4658; x_wconf 84' lang='grc' dir='ltr'><strong>κατά</strong></span> <span class='ocrx_word' id='word_1_681' title='bbox 3516 4598 3561 4651; x_wconf 75' lang='grc' dir='ltr'>τὸ</span> <span class='ocrx_word' id='word_1_682' title='bbox 3581 4593 3661 4664; x_wconf 68' lang='grc' dir='ltr'><strong>μέλ’</strong></span> 
     </span>
    </p>
   </div>
   <div class='ocr_carea' id='block_1_104' title="bbox 2193 4691 3661 4770">
    <p class='ocr_par' dir='ltr' id='par_1_104' title="bbox 2193 4691 3661 4770">
     <span class='ocr_line' id='line_1_104' title="bbox 2193 4691 3661 4770; baseline -0.004 -19"><span class='ocrx_word' id='word_1_683' title='bbox 2193 4697 2304 4763; x_wconf 79' lang='grc' dir='ltr'>λον,</span> <span class='ocrx_word' id='word_1_684' title='bbox 2330 4698 2411 4754; x_wconf 83' lang='grc' dir='ltr'>ὅτι</span> <span class='ocrx_word' id='word_1_685' title='bbox 2444 4699 2541 4763; x_wconf 76' lang='grc' dir='ltr'>τὰς</span> <span class='ocrx_word' id='word_1_686' title='bbox 2573 4701 2795 4765; x_wconf 84' lang='grc' dir='ltr'>ὲντολάς</span> <span class='ocrx_word' id='word_1_687' title='bbox 2841 4701 2935 4755; x_wconf 87' lang='grc' dir='ltr'><strong>τοῦ</strong></span> <span class='ocrx_word' id='word_1_688' title='bbox 2969 4703 3213 4756; x_wconf 82' lang='grc' dir='ltr'>Κτίστου</span> <span class='ocrx_word' id='word_1_689' title='bbox 3260 4691 3661 4770; x_wconf 68' lang='grc' dir='ltr'>παρασλεψάμενοέι</span> 
     </span>
    </p>
   </div>
   <div class='ocr_carea' id='block_1_105' title="bbox 2192 4791 3358 4865">
    <p class='ocr_par' dir='ltr' id='par_1_105' title="bbox 2192 4791 3358 4865">
     <span class='ocr_line' id='line_1_105' title="bbox 2192 4791 3358 4865; baseline 0.001 -22"><span class='ocrx_word' id='word_1_690' title='bbox 2192 4792 2312 4853; x_wconf 85' lang='grc' dir='ltr'>ταῖς</span> <span class='ocrx_word' id='word_1_691' title='bbox 2351 4792 2654 4862; x_wconf 81' lang='grc' dir='ltr'>ὑποθήκαις</span> <span class='ocrx_word' id='word_1_692' title='bbox 2692 4792 2923 4865; x_wconf 73' lang='grc' dir='ltr'>ἐπείσθη</span> <span class='ocrx_word' id='word_1_693' title='bbox 2959 4793 3059 4847; x_wconf 88' lang='grc' dir='ltr'><strong>τοῦ</strong></span> <span class='ocrx_word' id='word_1_694' title='bbox 3100 4791 3358 4865; x_wconf 86' lang='grc' dir='ltr'>Πονηροῦ.</span> 
     </span>
    </p>
   </div>
   <div class='ocr_carea' id='block_1_106' title="bbox 2262 4866 3661 4971">
    <p class='ocr_par' dir='ltr' id='par_1_106' title="bbox 2262 4866 3661 4971">
     <span class='ocr_line' id='line_1_106' title="bbox 2262 4866 3661 4971; baseline -0.007 -32"><span class='ocrx_word' id='word_1_695' title='bbox 2262 4889 2337 4948; x_wconf 82' lang='grc' dir='ltr'><strong>ς’.</strong></span> <span class='ocrx_word' id='word_1_696' title='bbox 2377 4884 2604 4939; x_wconf 67' lang='grc' dir='ltr'>Πολλοί</span> <span class='ocrx_word' id='word_1_697' title='bbox 2653 4887 3057 4954; x_wconf 79' lang='grc' dir='ltr'>θεραπεύουσι</span> <span class='ocrx_word' id='word_1_698' title='bbox 3102 4882 3383 4954; x_wconf 76' lang='grc' dir='ltr'>πρόσωπα</span> 
     </span>
    </p>
   </div>
   <div class='ocr_carea' id='block_1_107' title="bbox 2191 4969 3665 5053">
    <p class='ocr_par' dir='ltr' id='par_1_107' title="bbox 2191 4969 3665 5053">
     <span class='ocr_line' id='line_1_107' title="bbox 2191 4969 3665 5053; baseline 0.009 -27"><span class='ocrx_word' id='word_1_699' title='bbox 2191 4974 2255 5027; x_wconf 75' lang='grc' dir='ltr'><strong>Οἱ</strong></span> <span class='ocrx_word' id='word_1_700' title='bbox 2284 4975 2469 5029; x_wconf 78' lang='grc' dir='ltr'>πολλοὶ</span> <span class='ocrx_word' id='word_1_701' title='bbox 2490 4974 2610 5045; x_wconf 72' lang='grc' dir='ltr'>κατ’</span> <span class='ocrx_word' id='word_1_702' title='bbox 2636 4975 2758 5048; x_wconf 72' lang='grc' dir='ltr'>ὄψιν</span> <span class='ocrx_word' id='word_1_703' title='bbox 2784 4977 2894 5031; x_wconf 85' lang='grc' dir='ltr'><strong>τῶν</strong></span> <span class='ocrx_word' id='word_1_704' title='bbox 2916 4976 3186 5048; x_wconf 80' lang='grc' dir='ltr'>βασιλέων</span> <span class='ocrx_word' id='word_1_705' title='bbox 3211 4976 3333 5047; x_wconf 74' lang='grc' dir='ltr'>περὶ</span> <span class='ocrx_word' id='word_1_706' title='bbox 3350 4973 3438 5044; x_wconf 77' lang='grc' dir='ltr'>τὴν</span> <span class='ocrx_word' id='word_1_707' title='bbox 3455 4969 3665 5053; x_wconf 58' lang='grc' dir='ltr'>θεραπείῗν</span> 
     </span>
    </p>
   </div>
   <div class='ocr_carea' id='block_1_108' title="bbox 2189 5061 3663 5135">
    <p class='ocr_par' dir='ltr' id='par_1_108' title="bbox 2189 5061 3663 5135">
     <span class='ocr_line' id='line_1_108' title="bbox 2189 5061 3663 5135; baseline -0.002 -18"><span class='ocrx_word' id='word_1_708' title='bbox 2189 5064 2396 5120; x_wconf 88' lang='grc' dir='ltr'>τούτων</span> <span class='ocrx_word' id='word_1_709' title='bbox 2428 5067 2826 5132; x_wconf 79' lang='grc' dir='ltr'>σπουδάζουσιν</span> <span class='ocrx_word' id='word_1_710' title='bbox 2845 5084 2861 5097; x_wconf 78' lang='grc'><strong>⁸</strong></span> <span class='ocrx_word' id='word_1_711' title='bbox 2893 5069 3120 5123; x_wconf 74' lang='grc' dir='ltr'>ὄπισθεν</span> <span class='ocrx_word' id='word_1_712' title='bbox 3146 5068 3223 5135; x_wconf 84' lang='grc' dir='ltr'>δὲ,</span> <span class='ocrx_word' id='word_1_713' title='bbox 3251 5061 3488 5120; x_wconf 83' lang='grc' dir='ltr'>τάναντία</span> <span class='ocrx_word' id='word_1_714' title='bbox 3511 5063 3663 5126; x_wconf 48' lang='grc' dir='ltr'>φρονον</span> 
     </span>
    </p>
   </div>
   <div class='ocr_carea' id='block_1_109' title="bbox 2190 5173 2294 5212">
    <p class='ocr_par' dir='ltr' id='par_1_109' title="bbox 2190 5173 2294 5212">
     <span class='ocr_line' id='line_1_109' title="bbox 2190 5173 2294 5212; baseline 0.019 -2"><span class='ocrx_word' id='word_1_715' title='bbox 2190 5173 2294 5212; x_wconf 84' lang='grc' dir='ltr'>σιν.</span> 
     </span>
    </p>
   </div>
   <div class='ocr_carea' id='block_1_110' title="bbox 2255 5225 3661 5330">
    <p class='ocr_par' dir='ltr' id='par_1_110' title="bbox 2255 5225 3661 5330">
     <span class='ocr_line' id='line_1_110' title="bbox 2255 5225 3661 5330; baseline 0.011 -27"><span class='ocrx_word' id='word_1_716' title='bbox 2255 5250 2383 5319; x_wconf 85' lang='grc' dir='ltr'><strong>Πᾶς</strong></span> <span class='ocrx_word' id='word_1_717' title='bbox 2409 5250 2478 5305; x_wconf 73' lang='grc' dir='ltr'><strong>δὲ</strong></span> <span class='ocrx_word' id='word_1_718' title='bbox 2501 5254 2535 5307; x_wconf 89' lang='grc' dir='ltr'><strong><em>ό</em></strong></span> <span class='ocrx_word' id='word_1_719' title='bbox 2567 5250 2751 5319; x_wconf 82' lang='grc' dir='ltr'>κακὸς</span> <span class='ocrx_word' id='word_1_720' title='bbox 2797 5255 3019 5324; x_wconf 75' lang='grc' dir='ltr'>γίνεται</span> <span class='ocrx_word' id='word_1_721' title='bbox 3075 5251 3304 5330; x_wconf 82' lang='grc' dir='ltr'>ὄνειδος</span> <span class='ocrx_word' id='word_1_722' title='bbox 3332 5242 3503 5314; x_wconf 70' lang='grc' dir='ltr'><strong>ἀνδρία</strong></span> 
     </span>
    </p>
   </div>
   <div class='ocr_carea' id='block_1_111' title="bbox 2184 5318 3663 5419">
    <p class='ocr_par' dir='ltr' id='par_1_111' title="bbox 2184 5318 3663 5419">
     <span class='ocr_line' id='line_1_111' title="bbox 2184 5318 3663 5419; baseline -0.004 -27"><span class='ocrx_word' id='word_1_723' title='bbox 2184 5340 2214 5392; x_wconf 84' lang='grc' dir='ltr'><strong>ὁ</strong></span> <span class='ocrx_word' id='word_1_724' title='bbox 2240 5318 2427 5403; x_wconf 81' lang='grc' dir='ltr'>κακῶς</span> <span class='ocrx_word' id='word_1_725' title='bbox 2451 5338 2593 5393; x_wconf 79' lang='grc' dir='ltr'>οὓτω</span> <span class='ocrx_word' id='word_1_726' title='bbox 2619 5318 2850 5412; x_wconf 78' lang='grc' dir='ltr'>φρονῶν,</span> <span class='ocrx_word' id='word_1_727' title='bbox 2891 5341 3034 5412; x_wconf 79' lang='grc' dir='ltr'><strong>παρά</strong></span> <span class='ocrx_word' id='word_1_728' title='bbox 3057 5341 3136 5411; x_wconf 83' lang='grc' dir='ltr'>τῷ</span> <span class='ocrx_word' id='word_1_729' title='bbox 3164 5323 3589 5419; x_wconf 78' lang='grc' dir='ltr'>σταθερογνώμονι</span> <span class='ocrx_word' id='word_1_730' title='bbox 3610 5318 3663 5381; x_wconf 56' lang='grc' dir='ltr'><strong>ἐξ·</strong></span> 
     </span>
    </p>
   </div>
   <div class='ocr_carea' id='block_1_112' title="bbox 2183 5431 3617 5519">
    <p class='ocr_par' dir='ltr' id='par_1_112' title="bbox 2183 5431 3617 5519">
     <span class='ocr_line' id='line_1_112' title="bbox 2183 5431 3617 5519; baseline 0.004 -35"><span class='ocrx_word' id='word_1_731' title='bbox 2183 5431 2481 5485; x_wconf 82' lang='grc' dir='ltr'>ουθένωται</span> <span class='ocrx_word' id='word_1_732' title='bbox 2518 5431 2593 5496; x_wconf 86' lang='grc' dir='ltr'><strong>ὡς</strong></span> <span class='ocrx_word' id='word_1_733' title='bbox 2629 5432 2906 5488; x_wconf 81' lang='grc' dir='ltr'>ἀπατεὼν.</span> <span class='ocrx_word' id='word_1_734' title='bbox 3470 5513 3481 5519; x_wconf 25' lang='grc' dir='ltr'><strong>Α</strong></span> <span class='ocrx_word' id='word_1_735' title='bbox 3585 5504 3617 5519; x_wconf 47' lang='grc' dir='ltr'><em>Π</em></span> 
     </span>
    </p>
   </div>
   <div class='ocr_carea' id='block_1_113' title="bbox 2255 5508 3662 5596">
    <p class='ocr_par' dir='ltr' id='par_1_113' title="bbox 2255 5508 3662 5596">
     <span class='ocr_line' id='line_1_113' title="bbox 2255 5508 3662 5596; baseline 0.001 -18"><span class='ocrx_word' id='word_1_736' title='bbox 2255 5522 2320 5589; x_wconf 78' lang='grc' dir='ltr'><strong>ζ’.</strong></span> <span class='ocrx_word' id='word_1_737' title='bbox 2360 5522 2488 5590; x_wconf 83' lang='grc' dir='ltr'><strong>Πᾶς</strong></span> <span class='ocrx_word' id='word_1_738' title='bbox 2517 5524 2587 5592; x_wconf 80' lang='grc' dir='ltr'>ὃς</span> <span class='ocrx_word' id='word_1_739' title='bbox 2624 5524 2893 5596; x_wconf 69' lang='grc' dir='ltr'>ἀδελφὸν</span> <span class='ocrx_word' id='word_1_740' title='bbox 2916 5526 3158 5595; x_wconf 73' lang='grc' dir='ltr'>πτωχὸν</span> <span class='ocrx_word' id='word_1_741' title='bbox 3184 5520 3371 5593; x_wconf 71' lang='grc' dir='ltr'>μισεῖ,</span> <span class='ocrx_word' id='word_1_742' title='bbox 3401 5513 3482 5569; x_wconf 67' lang='grc' dir='ltr'>καὶ</span> <span class='ocrx_word' id='word_1_743' title='bbox 3520 5508 3662 5596; x_wconf 59' lang='grc' dir='ltr'><em>φ’λίτξς</em></span> 
     </span>
    </p>
   </div>
   <div class='ocr_carea' id='block_1_114' title="bbox 2178 5591 3659 5691">
    <p class='ocr_par' dir='ltr' id='par_1_114' title="bbox 2178 5591 3659 5691">
     <span class='ocr_line' id='line_1_114' title="bbox 2178 5591 3659 5691; baseline -0.032 -2"><span class='ocrx_word' id='word_1_744' title='bbox 2178 5617 2418 5688; x_wconf 76' lang='grc' dir='ltr'>μακρὰν</span> <span class='ocrx_word' id='word_1_745' title='bbox 2460 5591 2654 5676; x_wconf 73' lang='grc' dir='ltr'>ἔσται.</span> <span class='ocrx_word' id='word_1_746' title='bbox 2694 5591 2868 5672; x_wconf 65' lang='grc' dir='ltr'>’θἐκ</span> <span class='ocrx_word' id='word_1_747' title='bbox 2916 5591 3091 5691; x_wconf 48' lang='lat' dir='ltr'><strong>cule};</strong></span> <span class='ocrx_word' id='word_1_748' title='bbox 3149 5591 3570 5683; x_wconf 62' lang='grc' dir='ltr'>ἀὲηςστρεφάμενος</span> <span class='ocrx_word' id='word_1_749' title='bbox 3601 5591 3659 5645; x_wconf 69' lang='grc' dir='ltr'>τδι</span> 
     </span>
    </p>
   </div>
  </div>
