3950 6206
313 243 445 312 ἰίίϐ

1337 259 1874 324 COMMENTARII
1915 265 1998 326 IN
2035 267 2488 334 PROVERBIA.

3421 275 3570 340 liii

307 366 548 438 ὁμοφυῆ,
580 365 734 440 ἐνδεῆ
770 367 900 424 ὅντα
926 369 1034 424 τῶν
1064 371 1142 441 τῷ
1177 374 1396 444 σώματι
1427 377 1738 446 ἀναγκαίων
1767 379 1798 450 ἢ
1833 382 1885 450 τῇ

2011 383 2062 436 lit
2113 388 2448 443 necessariis
2498 389 2720 457 corpori
2776 388 2894 444 sive
2955 389 3153 445 animae
3210 391 3578 464 indigentem,

306 455 474 528 ψυχῇ,
501 458 594 510 καὶ
627 459 702 528 μὴ
735 459 1024 530 οἰκτείρων
1045 463 1232 528 αὑτὸν,
1253 465 1350 519 καὶ
1381 469 1544 537 χεῖρα
1575 468 1752 539 τούτῳ
1775 469 1897 539 ὀρέ-

305 561 420 614 γων
447 547 524 609 ὡς
549 547 796 614 δυνατὸν,
826 551 895 604 τὰ
925 552 1088 621 ὅμοια
1127 555 1378 611 πείσεται
1415 559 1512 612 καὶ
1559 560 1745 625 αὐτὸς,
1795 564 1897 633 τῆς

307 633 443 689 θεοῦ
498 637 916 710 φιλανθρωπίας
965 643 1268 715 διαστήσας
1317 649 1606 720 πόρρωθεν
1661 653 1893 707 ἑαυτόν.

309 729 524 800 Ὥσπερ
561 731 672 800 γὰρ
693 733 856 796 αὐτὸς
903 735 1116 806 διετέθη
1166 740 1296 810 περὶ
1327 741 1420 794 τὸν
1447 744 1693 816 ὁμοφυῆ,
1723 744 1896 809 οὕτως

307 819 457 888 αὑτῴ
499 823 675 894 κρίσει
713 823 900 896 δικαίᾳ
937 827 1318 898 διατεθήσεται
1359 833 1452 885 καὶ
1491 835 1642 898 Θεός.

383 914 624 969 "Errata
668 917 860 986 ἀγαθὴ
903 919 1028 985 τοῖς
1055 921 1288 975 εἰδόσιν
1344 925 1541 994 αὐτὴν
1576 928 1775 998 ἐπησιεῒ.
1831 932 1892 983 ἸΙ

309 1005 454 1076 ἁπλῆ
487 1009 615 1077 περὶ
649 1009 784 1062 Θεοῦ
811 1011 1034 1078 γνῶσις,
1065 1013 1098 1084 ἢ
1131 1015 1398 1083 κρείττων
1429 1018 1548 1071 ἐστὶ
1577 1019 1762 1091 πάσης
1785 1021 1894 1075 τῶν

309 1101 451 1172 μετὰ
475 1101 608 1154 Θεὸν
634 1104 914 1170 γνώσεως,
946 1108 1064 1170 τοῖς
1095 1109 1238 1162 κατὰ
1277 1110 1464 1164 πίστιν
1491 1113 1778 1184 μυηθεῖσιν
1799 1117 1898 1169 αὑ-

304 1192 403 1262 τὴν
453 1194 774 1264 πλησιάσει,
814 1197 1004 1269 πόρρω
1055 1199 1274 1255 πάντων
1317 1203 1425 1257 τῶν
1492 1206 1740 1262 ἀπίστων
1786 1211 1894 1278 ἁφ-

307 1287 595 1354 εστηκυῖα.

385 1377 555 1446 Ἀνὴρ
589 1379 656 1432 δὲ
702 1381 988 1450 φρόνιμος
1022 1385 1268 1451 εὑρήσει
1310 1387 1524 1454 αὐτήν.
1579 1390 1786 1462 Πεῖραν
1835 1391 1894 1444 δέ

305 1468 512 1538 ταύτης
547 1467 778 1541 λήψεται
826 1473 1026 1542 διαρκῆ
1062 1473 1090 1526 6
1123 1475 1386 1542 γενναίως
1425 1477 1496 1530 τὰ
1541 1479 1686 1549 πάθη
1719 1498 1894 1533 κατα-

305 1559 600 1624 παλαίσας,
641 1565 908 1617 καὶκατὰ
947 1565 1106 1632 λόγον
1135 1567 1233 1636 τὴν
1275 1567 1459 1638 σχέσιν
1499 1569 1746 1640 περάσας
1785 1571 1894 1625 τῶν

307 1650 505 1704 ὐλικῶν
529 1669 542 1684 ⁶
571 1649 658 1706 οἷα
692 1657 872 1709 πάντα
903 1657 1093 1720 διαϐὰς
1119 1659 1188 1710 τὰ
1221 1660 1324 1712 ὑπὸ
1359 1662 1551 1730 χρόνον
1581 1663 1674 1715 καὶ
1699 1662 1886 1730 φύσιν,

1997 477 2204 546 quique
2247 479 2394 532 nulla
2437 479 2490 534 in
2531 493 2656 533 eum
2707 488 2889 534 motus
2947 483 3322 538 misericcrdia
3355 501 3576 540 t‘n'tttuul

1997 566 2046 619 ei
2109 583 2220 620 non
2285 569 2545 639 porrigit,
2612 585 2738 623 cum
2807 576 3024 639 potest.
3086 572 3274 626 eadem
3339 583 3394 628 et
3462 575 3580 644 ipse

1998 654 2238 722 patietur
2279 657 2408 724 quia
2456 672 2578 711 sese
2619 672 2648 710 a
2685 655 2780 710 Dei
2843 657 3226 714 misericordia
3281 677 3574 732 separavu.

1995 743 2469 808 Quemadmodum
2500 749 2646 802 enim
2693 749 2812 818 ipse
2847 747 3005 804 fratri
3039 751 3188 818 fecit,
3229 753 3302 808 ita
3339 765 3392 809 et
3433 755 3576 811 Deus

1993 836 2145 904 justo
2179 839 2392 907 judicio
2423 839 2584 896 faciet
2625 842 2696 895 ei.

2069 929 2334 1000 Cogitatio
2401 933 2537 986 bona
2600 936 2883 990 scientibus
2939 954 3056 991 eam
3117 938 3574 1008 appropinquabit.

1999 1021 2237 1092 Simplex
2309 1023 2402 1080 Dei
2460 1027 2726 1096 cognitio,
2783 1031 2934 1083 oumi
2989 1045 3182 1083 eorum
3243 1046 3366 1100 qua:
3421 1041 3578 1084 extra

1997 1112 2166 1166 Deum
2231 1125 2360 1169 sunt
2413 1117 2730 1186 c0gnitione
2805 1119 3142 1188 pretiosior,
3199 1121 3268 1174 iis
3334 1121 3426 1189 qui
3483 1137 3581 1190 per

1995 1207 2156 1260 iidem
2193 1206 2297 1276 ipsi
2331 1216 2460 1261 sunt
2510 1209 2710 1263 initiati
2747 1211 3246 1282 appropinquabit;
3287 1213 3354 1267 ab
3399 1213 3578 1267 omni~

1997 1297 2100 1352 bus
2137 1307 2318 1352 autem
2349 1299 2664 1356 inﬁdelibus
2697 1305 2858 1373 longe
2887 1313 3017 1358 stat.

2077 1387 2172 1443 Vir
2209 1391 2438 1458 prudens
2483 1395 2705 1448 inveniet
2752 1414 2890 1450 eain.
2959 1395 3136 1466 Hujus
3189 1407 3372 1452 autem
3415 1413 3578 1468 expc-

1995 1481 2249 1534 rientiam
2285 1483 2642 1538 suﬂicientem
2681 1485 2904 1541 habebit
2954 1489 3046 1556 qui
3085 1503 3351 1556 generose
3382 1487 3580 1542 adver-

1997 1588 2092 1627 sus
2117 1576 2402 1643 passiones
2427 1577 2738 1643 reluctans,
2767 1577 2926 1646 juxta
2956 1581 3224 1634 rationem
3265 1582 3576 1634 mundanos

1997 1667 2277 1735 Superavit
2323 1667 2590 1734 allectus,
2633 1671 2726 1738 qui
2777 1672 2958 1724 omnia
3010 1673 3332 1740 temporalia
3371 1685 3435 1724 ac
3471 1687 3574 1724 na-

303 1743 404 1832 ndi.
439 1743 574 1814 πρὸς
601 1746 764 1800 αὐτὸν
807 1749 987 1818 ἁγνῶς
1027 1749 1358 1822 ἀναδραμὼν
1405 1753 1498 1806 τὸν
1537 1755 1678 1825 ὑπὲρ
1707 1756 1884 1810 πάντα

2013 1757 2182 1810 uralia
2249 1757 2526 1813 transiens
2551 1798 2565 1822 ,
2597 1760 2664 1812 ad
2697 1775 2820 1812 eum
2873 1769 3062 1816 sancte
3093 1774 3418 1832 progressus
3470 1769 3573 1823 est,

303 1828 460 1886 Θεόν.

387 1923 450 1978 '0
483 1927 685 1982 πολλὰ
721 1933 1062 1987 κακοποιῶν
1101 1939 1512 2006 τελεσιουργεῖ
1547 1939 1782 1991 κακίαν.
1824 1938 1882 1992 '0

303 2014 444 2068 πάνυ
475 2017 829 2088 ἁμαρτάνων,
865 2023 924 2074 οὐ
959 2023 1084 2076 καθ’
1117 2024 1231 2088 ἓξιν
1265 2025 1424 2094 μόνον
1451 2027 1551 2098 τὴν
1577 2027 1879 2098 ἁμαρτίαν,

301 2105 436 2159 ἀλλὰ
463 2109 560 2160 καὶ
581 2109 700 2162 κατ’
726 2111 1014 2182 ἐνέργειαν
1052 2115 1282 2169 ἐκτελεί.
1755 2123 1760 2126 ’

377 2199 477 2264 ’ος
504 2197 572 2252 δὲ
594 2199 827 2268 ἐρεθίζει
855 2204 1062 2273 λόγοις
1085 2245 1099 2268 ,
1130 2207 1200 2258 οὐ
1231 2206 1690 2274 διασωθήσεται.
1741 2209 1798 2264 ’0
1827 2209 1882 2264 δὲ

299 2291 388 2344 διὰ
410 2293 517 2346 τῶν
549 2295 858 2366 αἰσθήσεων
893 2299 1019 2361 τοὺς
1066 2299 1336 2368 ἐμπαθεῖς
1387 2302 1552 2356 αὐτοῦ
1586 2303 1882 2374 λογισμοὺς

299 2381 606 2452 διεγείρων,
633 2385 694 2437 οὗ
713 2387 1218 2457 διαφυλαχθήσεται
1245 2390 1386 2442 κατὰ
1414 2391 1594 2462 ψυχὴν
1616 2392 1880 2461 ἀϐλαϐής.

305 2495 328 2526 ε
377 2475 436 2529 '0
473 2478 582 2550 γὰρ
603 2478 882 2548 ἐμϐλέψας
905 2483 1130 2548 γυναικὶ
1161 2483 1296 2553 πρὸς
1328 2483 1390 2536 τὸ
1423 2485 1760 2554 ἐπιθυμῆσαι
1791 2487 1886 2539 αύ-

299 2569 422 2636 τῆς,
451 2569 553 2639 ἤδη
587 2570 908 2640 ἐμοίχευσεν
941 2572 1112 2642 αὐτὴν
1137 2575 1196 2626 ἐν
1222 2576 1286 2644 τῇ
1321 2575 1524 2646 καρδίᾳ
1555 2576 1743 2630 αὑτοῦ.
1785 2597 1804 2630 ι

373 2663 447 2728 η’.
495 2659 550 2712 '0
585 2659 883 2730 κτώμενος
931 2665 1254 2733 φρόνησιν,
1304 2663 1507 2735 ἀγαπᾷ
1549 2667 1786 2723 ἑαυτόν.
1827 2670 1886 2724 Ὅ
1945 2723 1950 2728 ,

303 2747 746 2821 προσλαμϐάνων
785 2754 1051 2824 φρόνησιν
1079 2757 1146 2826 τῇ
1185 2755 1399 2826 αἱρέσει
1424 2755 1518 2809 τοῦ
1550 2759 1883 2828 κρείττονος,

299 2839 398 2893 τοῦ
425 2841 622 2896 ἐαυτοῦ
655 2843 1001 2914 ἐπιμελεῖται
1051 2847 1460 2916 συμφέροντος·
1505 2849 1588 2901 ὃτι
1633 2851 1703 2902 τὰ
1740 2851 1884 2921 ψυχῇ

301 2934 397 2988 καὶ
433 2934 648 3004 σώματι
679 2939 927 3008 σωτήρια
961 2939 1270 3008 οἰκονομεῖν
1293 2935 1432 2992 οἶδεν
1475 2942 1508 3010 ἡ
1541 2941 1825 3012 φρόνησις.

376 3027 482 3092 “Oc
506 3027 815 3096 φυλάσσει
848 3031 1172 3098 φρόνησιν,
1205 3030 1454 3100 εὑρήσει
1483 3033 1694 3101 ἀγαθά.
1743 3033 1802 3086 '0
1833 3035 1888 3086 δὲ

298 3117 484 3190 τηρῶν
528 3119 736 3190 ταύτην
786 3121 907 3173 κατ’
953 3121 1240 3192 ἐνέργειαν
1285 3121 1382 3176 τοῦ
1431 3123 1622 3190 καλοῦ,
1669 3125 1779 3178 τῶν
1830 3125 1888 3178 ἐν

299 3209 660 3277 ἐπαγγελίαις
695 3211 920 3278 ἀγαθῶν
955 3211 1324 3276 ἐπιτεύξεται.

368 3303 430 3354 θ’.
453 3299 694 3370 Μάρτυς
717 3301 972 3371 ψευδὴς,
993 3305 1104 3358 οὐκ
1137 3304 1504 3374 ἀτιμώρητος
1521 3305 1714 3360 ἔσται.
1759 3305 1816 3359 Ὁ
1831 3306 1888 3359 δέ

296 3393 396 3462 τὴν
427 3395 563 3466 πρὸς
595 3395 664 3448 τὰ
701 3395 1038 3466 φθειρόμενα
1067 3397 1252 3465 σχέσιν
1299 3397 1457 3466 ἡμῶν
1497 3396 1736 3452 ἐπαινῶν
1771 3396 1890 3450 δαί·

299 3501 440 3552 μων,
475 3487 536 3539 τὸ
559 3489 966 3557 ἡτοιμασμένον
999 3487 1148 3558 αὐτῷ
1171 3487 1268 3540 καὶ
1295 3489 1406 3551 τοῖς
1435 3488 1692 3556 ἀγγέλοις
1718 3487 1886 3542 αὑτοῦ

299 3574 414 3644 πῦρ
446 3576 546 3628 οὒκ
571 3575 926 3644 ἐκφεύξεται.

373 3667 478 3730 Ὃς
503 3666 555 3718 δ’
587 3665 663 3720 ἂν
701 3666 975 3734 ἐκκαύσῃ
1011 3669 1254 3734 κακίαν,
1293 3667 1602 3722 ἀπολεῖται
1649 3668 1748 3720 ὑπ’
1777 3669 1884 3720 αὺ-

298 3755 426 3824 τῆς.
476 3757 532 3809 '0
571 3757 628 3810 δὲ
665 3757 756 3810 τὸν
796 3757 1138 3828 ἐμϐληθέντα
1169 3761 1228 3812 ἐν
1265 3761 1332 3829 τῇ
1369 3759 1534 3811 αὐτοῦ
1583 3759 1729 3830 ψυχῇ
1785 3760 1886 3828 τῆς

297 3847 530 3920 ἀνομίας
557 3848 763 3918 πυρσὸν
791 3849 940 3918 παρὰ
971 3847 1067 3902 τοῦ
1091 3849 1340 3920 φθορέως
1375 3849 1574 3914 Σατᾶν,
1605 3851 1746 3902 κατὰ
1765 3849 1884 3903 διὰ·

298 3943 448 3996 θεσιν
477 3941 767 4010 ὑπανάψας
815 3941 912 3994 καὶ
958 3940 1180 4012 πρᾶξιν,
1213 3941 1746 4014 ἀποτεφρωθήσεται
1791 3943 1884 3996 ὑπ’

297 4033 465 4088 αὐτοῦ
497 4033 597 4104 τὴν
634 4033 732 4102 τῆς
761 4032 939 4103 ψυχῆς
972 4032 1210 4098 εὐεξίαν.

371 4130 422 4178 ι’.
462 4127 544 4178 Οὐ
569 4125 860 4194 συμφέρει
895 4123 1112 4193 ἄφρονι
1143 4123 1364 4194 τρυφὴ,
1389 4125 1488 4179 καί
1515 4125 1624 4180 ἐὰν
1645 4125 1886 4194 οίκέτης

297 4213 550 4284 ἄρξηται
598 4215 728 4284 μεθ’
785 4215 1009 4284 ὕϐρεως
1069 4213 1486 4270 δυναστεύειν.
1556 4216 1884 4288 ’Δσυντελής

297 4307 498 4376 ἐστινὴ
521 4308 618 4375 τῆς
644 4305 882 4374 φυσικῆς
903 4303 1016 4358 τῶν
1041 4303 1258 4374 ὁρατῶν
1289 4303 1524 4374 θεωρίας
1549 4303 1884 4376 ἐντρύφησις

1994 1848 2088 1917 qui
2127 1863 2294 1918 super
2335 1851 2523 1902 omnia
2577 1859 2705 1914 stat,
2753 1851 2946 1906 Deum.

2057 1934 2232 1989 Multa
2261 1937 2605 2006 malefacieus
2623 1983 2636 2004 ,
2658 1941 2884 2006 explebit
2906 1940 3186 1993 malitiam.
3213 1939 3315 2008 Qui
3343 1943 3573 1997 multum

1985 2034 2206 2092 peccat,
2237 2041 2346 2080 non
2374 2029 2536 2080 modo
2568 2043 2663 2097 per
2692 2025 2944 2082 atl‘cctum
2977 2039 3258 2098 peccatum
3293 2031 3442 2098 facit,
3478 2035 3574 2090 sed

1983 2114 2148 2166 etiam
2185 2115 2314 2168 totis
2349 2115 2556 2170 viribus
2591 2133 2685 2186 per
2707 2129 2908 2172 actum.

2057 2205 2162 2270 Qui
2189 2207 2454 2260 contendit
2487 2207 2677 2274 verbis,
2727 2225 2830 2260 non
2872 2209 3186 2262 salvabitur.
3241 2211 3344 2276 Qui
3392 2223 3572 2266 autem

1985 2309 2084 2363 per
2115 2309 2318 2348 sensus
2363 2297 2566 2348 excitat
2614 2296 2984 2362 cogitationes
3039 2311 3170 2350 snas
3220 2297 3574 2366 passiouibus

1985 2385 2227 2446 deditas.
2253 2385 2435 2438 anima
2467 2385 2587 2452 eius
2627 2401 2732 2438 non
2767 2387 3074 2440 servabitur
3101 2385 3292 2441 illaesa.
3331 2406 3349 2438 ι
3381 2385 3574 2442 Omnis

1987 2479 2132 2531 enim
2171 2477 2262 2546 qui
2301 2477 2603 2546 inspexerit
2639 2478 2930 2532 mulierem
2965 2479 3030 2530 ad
3067 2479 3572 2550 concupiscendum

1986 2587 2132 2632 eam.
2161 2571 2272 2640 jam
2309 2571 2615 2625 mmehatus
2637 2580 2719 2624 est
2750 2587 2868 2626 eam
2901 2572 2954 2626 in
2996 2573 3162 2626 corde
3197 2587 3300 2625 suo
3336 2572 3379 2625 ".
3420 2591 3438 2623 ι

2059 2663 2224 2717 Vens.
2257 2663 2312 2718 8.
2345 2663 2451 2728 Qui
2471 2663 2703 2732 possidet
2727 2663 3092 2730 prudentiam,
3121 2663 3297 2733 diligit
3321 2663 3572 2732 seipsum.

1989 2753 2092 2820 Qui
2121 2754 2470 2823 prudentiam
2506 2755 2756 2824 adjungit
2789 2757 2978 2824 optimi
3021 2755 3304 2820 electioui,
3349 2753 3418 2808 de
3449 2769 3575 2824 pro.

1991 2845 2108 2914 pria
2149 2847 2388 2900 utilitate
2429 2857 2622 2914 curat;
2679 2847 2812 2916 quia
2849 2845 3332 2901 conservationem
3378 2847 3576 2901 auium

1991 2951 2056 2990 ac
2075 2937 2334 3006 corporis
2367 2951 2671 3006 procurare
2701 2941 2854 2993 novit
2885 2937 3199 3007 prudentia.

2063 3028 2166 3092 Qui
2193 3029 2426 3082 custodit
2456 3029 2796 3098 prudentiam
2837 3031 3059 3084 inveniet
3105 3029 3262 3084 bona.
3303 3029 3405 3096 Qui
3443 3029 3575 3086 totis

1989 3119 2206 3174 viribus
2246 3119 2395 3174 illam
2439 3121 2578 3176 bene
2617 3131 2822 3188 servat,
2871 3122 3016 3176 bona
3069 3133 3398 3191 assequetur
3443 3137 3572 3192 pro-

1990 3211 2186 3264 missa.

2059 3299 2224 3356 Vens.
2257 3299 2308 3354 9.
2346 3301 2514 3356 Testis
2537 3299 2708 3370 falsus
2748 3319 2850 3354 non
2879 3303 3174 3370 impunitus
3211 3303 3335 3355 erit.
3367 3299 3572 3356 Diabo-

1989 3392 2076 3446 lus
2113 3391 2366 3446 aﬂ‘eetum
2389 3403 2641 3448 nostrum
2666 3393 2732 3448 ad
2769 3409 2832 3447 ea
2855 3407 3418 3464 quterorrumpuntur
3452 3395 3572 3448 lau-

1988 3485 2128 3538 dans
2155 3497 2264 3536 non
2295 3483 2520 3554 eﬂ'ugiet
2545 3485 2722 3556 ignem
2757 3485 2862 3555 ipsi
2895 3495 2949 3540 et
2982 3489 3196 3558 angelis
3224 3487 3341 3556 ejus
3367 3503 3574 3558 praepa-

1989 3585 2196 3630 ratum.

2061 3665 2168 3730 Qui
2189 3661 2484 3717 accenderit
2515 3665 2735 3730 malum,
2773 3666 2966 3729 peribit
3014 3667 3066 3720 in
3121 3685 3201 3722 eo.
3259 3667 3572 3739 [iniquitatis

1988 3757 2166 3826 ignem
2207 3755 2262 3809 in
2295 3754 2534 3808 animam
2566 3770 2594 3808 a
2639 3755 2914 3826 perditore
2944 3755 3148 3811 Satana
3181 3759 3442 3828 injectum
3479 3763 3570 3829 qui

1987 3845 2188 3902 aﬂ‘eetu
2212 3845 2501 3903 succendit
2535 3855 2590 3901 et
2620 3856 2768 3912 actu,
2793 3847 2866 3903 ab
2893 3863 2960 3904 eo
2990 3851 3193 3905 animae
3219 3851 3340 3922 ejus
3361 3855 3572 3910 sanitas

1987 3939 2272 3993 exinanita
2319 3937 2534 3994 evadet.

2057 4119 2228 4174 Vens.
2259 4119 2344 4173 10.
2389 4105 2510 4173 Non
2539 4127 2758 4188 prosunt
2785 4117 2950 4172 stulto
2985 4116 3214 4182 deliciw,
3268 4121 3368 4172 etsi
3397 4119 3582 4188 [aum-

1986 4207 2070 4263 lus
2089 4209 2308 4276 incipiat
2326 4225 2448 4262 cum
2467 4207 2787 4262 contumelia
2809 4207 3098 4263 dominari.
3127 4207 3367 4280 Physicae
3391 4225 3570 4264 rerqu

1986 4300 2290 4355 visibilium
2324 4299 2808 4370 ctuttemplationis
2831 4299 3048 4356 delicia:
3082 4301 3420 4372 imperfecta:
3445 4311 3574 4358 sunt

295 4398 374 4467 τῷ
409 4397 710 4466 ἀλογίστως
745 4399 930 4460 αὐτοῖς
959 4396 1308 4452 ἐπιϐάλλοντι
1331 4413 1346 4428 ·
1376 4399 1502 4460 ταῖς
1533 4395 1646 4470 γὰρ
1673 4397 1883 4452 τούτων

2011 4393 2038 4447 ti
2086 4391 2181 4461 qui
2215 4391 2340 4446 illas
2371 4391 2540 4446 stulte
2581 4391 2900 4446 considerat
2931 4409 2946 4447 :
2989 4409 3178 4446 earum
3215 4397 3358 4449 enim
3409 4409 3576 4464 appa-

296 4487 644 4555 ἐπιφανείαις
685 4487 1052 4557 ἐναπομένει·
1099 4488 1176 4559 μὴ
1223 4487 1526 4558 δυνάμενος
1565 4486 1774 4552 ταύτας
1819 4487 1885 4541 δι’

2011 4487 2187 4541 'entiis
2223 4486 2572 4548 immoratur,
2603 4499 2710 4538 non
2735 4485 2926 4540 valens
2967 4487 3311 4555 superﬁciem
3349 4495 3574 4556 prseter-

295 4577 610 4648 ἀφροσύνην
636 4577 898 4648 περᾶσαι,
939 4581 1034 4633 καὶ
1065 4581 1192 4644 τοὺς
1225 4581 1652 4652 κεκρυμμένους
1673 4581 1885 4635 τούτων

2011 4579 2138 4643 gredi
2173 4585 2226 4632 et
2253 4577 2499 4632 occultas
2533 4591 2721 4630 earum
2759 4577 3046 4645 percipere
3069 4577 3333 4631 rationes.
3365 4579 3576 4642 Quem-

295 4669 488 4736 λόγους
517 4668 847 4722 καταλαϐεῖν
869 4685 882 4700 ’
933 4672 1186 4743 καθάπερ
1215 4673 1368 4726 ἐστὶν
1404 4673 1554 4738 αὐτῷ
1591 4673 1885 4736 ἀσυντελές

2011 4669 2278 4724 idmodum
2331 4669 2470 4722 nihil
2507 4668 2582 4722 illi
2625 4665 2841 4738 proiicit
2887 4667 3110 4738 quando
3169 4669 3372 4724 accidit
3425 4668 3570 4738 quod

295 4761 481 4814 καὶτὸ
527 4759 779 4814 ἐντεῦθεν
825 4761 1148 4832 συμϐαῖνον,
1196 4764 1438 4835 ὁπηνίκα
1479 4765 1540 4818 τὸ
1569 4764 1884 4834 ὑποχείριον

2011 4775 2188 4830 ποι-ρυε
2242 4762 2440 4816 anima:
2477 4761 2854 4830 mancipatum
2895 4763 3164 4817 adversus
3205 4763 3352 4816 illam
3393 4763 3572 4831 turpi-

293 4856 360 4924 τῇ
399 4853 546 4923 ψυχῇ
582 4852 764 4923 σῶμα,
795 4855 1126 4925 ἐπιχειρήσῃ
1175 4854 1263 4908 διὰ
1290 4855 1400 4910 τῶν
1443 4856 1658 4926 ἀτίμων
1690 4855 1882 4910 παθῶν

2011 4854 2193 4909 udinis
2224 4855 2580 4924 passionibus
2611 4853 2902 4924 insurgere
2929 4855 3162 4910 nitatur.

295 4943 498 5016 ταύτης
533 4943 1048 5009 κατεξανίστασθαι.

370 5039 458 5088 ια’.
507 5032 816 5102 Ἐλεήμων
839 5034 996 5103 ἀνὴρ
1037 5037 1442 5106 μακρόθυμος.
1491 5037 1550 5091 'U
1587 5037 1884 5109 συμπαθὴς

269 5113 590 5195 ’ἄνθρωπος
637 5123 872 5196 ὑπάρχει
917 5127 1012 5180 καὶ
1032 5127 1374 5194 ἀνεξίκακος,
1407 5129 1716 5184 ἀδικεῖσθαι
1751 5128 1886 5201 μᾶλ-

299 5214 388 5268 λον
425 5213 752 5286 αἱρούμενος
781 5216 812 5286 ἢ
841 5217 1074 5270 ἀδικεῖν.

375 5303 446 5358 Τὸ
469 5303 540 5358 δὲ
571 5307 852 5376 καύχημα
899 5309 1086 5362 αὐτοῦ
1119 5309 1436 5380 ἐπέρχεται
1489 5313 1877 5382 παρανόμοις.

2063 5311 2132 5366 Et
2185 5313 2439 5385 gloriatio
2494 5315 2607 5385 ejus
2656 5327 2733 5370 est
2789 5315 2970 5385 iniqua
3025 5311 3392 5382 prartergredi.
3439 5307 3576 5366 Vera

377 5395 438 5451 '0
464 5397 520 5450 δέ
568 5398 690 5452 κατ’
742 5399 1025 5470 ἀλήθειαν,
1073 5403 1144 5456 δι’
1193 5404 1258 5474 ἢν
1306 5403 1418 5474 ἔχει
1473 5404 1882 5474 μακροθυμίαν,

2011 5415 2172 5460 Intern
2211 5408 2330 5464 laus
2359 5407 2481 5477 ejus
2513 5425 2620 5478 qua
2663 5407 3134 5480 longanimitatem
3171 5405 3334 5460 habet
3388 5403 3444 5457 in
3481 5419 3578 5458 eos

297 5487 518 5554 ἔπαινος
548 5488 738 5554 αὐτοῦ,
773 5495 883 5556 τοῖς
911 5492 1100 5550 τοῦτον
1133 5495 1284 5568 παρὰ
1329 5495 1440 5566 τὴν,
1465 5495 1616 5552 θείαν
1663 5495 1885 5568 ἐντολὴν

2011 5500 2086 5570 lui
2119 5508 2310 5555 contra
2363 5499 2458 5556 Dei
2499 5501 2822 5556 mandatum
2877 5501 3028 5555 illum
3071 5497 3272 5568 injuria
3325 5487 3576 5550 afﬁciunt

2059 5035 2228 5091 Vens.
2259 5035 2349 5089 11.
2389 5033 2698 5088 Misericors
2733 5035 2812 5089 air
2841 5037 3160 5106 tonganimis
3208 5047 3308 5091 est.
3357 5033 3578 5092 Patiens

1987 5137 2073 5183 est
2113 5127 2198 5182 Vir
2241 5127 2618 5196 compatiens;
2657 5125 2988 5196 injustitiam
3037 5129 3147 5198 pati
3177 5144 3344 5198 quam
3393 5125 3578 5182 facere

1989 5220 2216 5276 mavult.

367 5665 386 5698 τ
423 5665 612 5722 Matth.
652 5683 715 5736 ν,
745 5668 835 5724 28.
