3950 6206
346 219 479 285 14ὶῖ

1397 218 1931 285 COMMENTARI]
1978 218 2062 282 IN
2102 215 2531 280 PROVERBIA

3463 209 3597 275 iiii

340 338 436 408 τὴν
456 333 652 389 ἑαυτοῦ
676 333 852 405 ψυχὴν
878 334 987 388 ἀπὸ
1013 332 1123 387 τῶν
1145 332 1610 390 ἐπιϐουλευόντων
1641 336 1812 407 ταύτῃ
1832 336 1906 390 διδ

2025 348 2169 389 mam
2202 347 2355 388 suam
2403 330 2701 386 custodita
2736 331 2918 400 pravis
2959 329 3247 403 spiritibus
3287 331 3378 402 qui
3415 332 3465 386 ci
3506 348 3601 402 per

338 426 602 483 ποικίλων
630 423 841 488 παθῶν,
871 425 972 494 τῆς
1002 423 1267 496 πονηρίας
1295 423 1643 496 πνευμάτων.

420 519 474 571 Ὀ
504 516 573 571 δὲ
605 514 1000 585 καταφρονῶν
1041 513 1161 569 τῶν
1198 513 1415 568 ἑαυτοῦ
1445 512 1624 579 ὁδῶν,
1672 515 1916 570 ἀπολεῖ-

336 627 451 666 ται.
499 609 557 661 ἰ)
583 607 629 660 δ’
660 605 882 678 ἀμελῶς
917 607 1048 677 περὶ
1075 604 1174 671 τὰς
1204 605 1356 670 θείας
1387 606 1609 671 ἐντολὰς
1642 607 1920 679 διακείμεε-

337 718 451 764 νος,
490 698 547 753 αἳ
579 697 736 770 δίκην
755 695 893 751 ὁδῶν
919 696 1146 765 ἄγουσιν
1173 698 1338 751 αὑτὸν
1375 698 1510 771 πρὸς
1529 697 1685 764 Θεὸν,
1726 699 1917 753 τούτου

337 792 655 846 ἐκπεσεῖται
706 787 802 843 τοῦ
856 788 1137 859 πανταχοῦ
1185 789 1453 863 παρόντος
1483 792 1579 852 καὶ
1628 791 1696 848 τὰ
1739 793 1919 849 πάντα

337 881 443 953 πλη
453 881 694 953 ροῦντος.
1404 894 1411 901 ”

412 968 498 1037 ιζ’.
539 971 801 1038 Δανείζει
850 969 974 1035 Θεῷ
1008 970 1042 1024 ό
1074 967 1264 1027 ἐλεῶν
1300 970 1559 1039 πτωχόν.
1605 972 1664 1024 Ὀ
1701 972 1918 1042 συμπά-

337 1062 486 1116 θειαν
517 1061 660 1117 κατὰ
705 1061 768 1115 τὸ
801 1061 980 1133 παρὸν
1010 1062 1091 1124 εἰς
1131 1060 1223 1115 τὸν
1252 1060 1483 1115 πλούτου
1516 1062 1917 1120 ἐκπεπτωκότα

335 1154 805 1224 ἐπιδεικνύμενος,
838 1154 931 1207 τὸν
962 1152 1095 1206 Θεὸν
1121 1153 1406 1225 χρεώστην
1435 1156 1598 1216 ποιεῖ.

405 1245 566 1302 Κατὰ
613 1245 682 1299 δὲ
713 1244 781 1298 τὸ
835 1244 988 1313 δόμα
1024 1241 1215 1298 αὑτοῦ
1272 1244 1687 1300 ἁνταποδώσει
1731 1245 1911 1313 αὐτῷ.

347 1336 751 1398 Ἀνταποδώσει
775 1337 831 1391 δὲ
856 1332 1013 1400 οὗτος
1028 1335 1180 1407 αὐτῷ
1203 1336 1261 1389 ὲν
1284 1338 1349 1407 τῇ
1370 1340 1575 1408 φρικτῇ
1596 1337 1763 1392 αὐτοῦ
1782 1356 1917 1410 παρ·

333 1428 511 1500 ουσίᾳ,
566 1426 753 1494 ἀξίους
796 1426 897 1496 τῆς
940 1424 1108 1480 αὐτοῦ
1148 1427 1232 1489 είς
1274 1426 1365 1479 τὸν
1420 1425 1576 1495 ενδεῆ
1619 1425 1916 1494 διαθέσεως

333 1518 460 1582 τοὺς
493 1516 744 1587 μισθούς.

406 1617 497 1680 ιη’.
529 1610 782 1664 ηαίδευε
802 1611 936 1665 υἱόν
956 1624 1095 1664 σου’
1120 1608 1308 1676 οὕτως
1326 1607 1436 1678 γὰρ
1455 1611 1628 1666 ἔσται
1642 1612 1910 1679 εὔελπις.

2023 423 2209 478 varias
2240 422 2529 493 passiones
2559 421 2920 477 insidiantur.

2093 514 2201 581 Qui
2239 522 2413 568 autem
2455 514 2668 585 negligit
2701 530 2828 569 suas
2862 516 2998 578 uias,
3023 514 3236 583 peribit.
3272 513 3377 597 Qui
3416 523 3599 569 autem

2024 605 2078 659 in
2133 606 2523 661 observatione
2561 604 2656 661 Dei
2690 605 3104 670 mandatorum,
3141 621 3264 677 quae
3301 606 3459 677 quasi
3497 605 3602 658 via:

2021 707 2143 747 eum
2180 693 2387 749 ducunt
2423 694 2493 749 ad
2524 694 2713 761 Deum,
2749 696 3031 766 negligens
3063 704 3167 760 est,
3189 695 3401 752 deficiet
3428 711 3457 751 a
3492 693 3602 761 Deo

2021 784 2114 854 qui
2147 786 2354 857 ubique
2388 801 2631 857 praesens
2657 795 2744 846 est
2774 794 2828 841 el
2857 785 3046 849 omnia
3073 785 3283 859 implet.

2091 962 2258 1023 Vens.
2293 965 2379 1020 i7.
2425 964 2721 1022 Feneratur
2765 963 2991 1021 Domino
3034 968 3123 1038 qui
3154 968 3429 1026 miseretur
3467 983 3601 1036 parte

2016 1055 2178 1120 peris.
2209 1056 2384 1110 Homo
2416 1072 2564 1111 nunc
2598 1058 3034 1114 misericordiam
3068 1060 3369 1117 ostendens
3397 1061 3448 1114 iu
3475 1077 3599 1117 eum

2026 1144 2122 1216 qui
2154 1144 2379 1200 fortuna
2408 1148 2633 1213 excidit,
2667 1151 2998 1205 creditorem
3033 1150 3165 1206 facit
3202 1153 3395 1208 Deum.

2090 1235 2389 1292 Secundum
2418 1237 2607 1293 datum
2633 1240 2747 1309 ejus
2772 1243 3022 1297 retribuet
3047 1245 3114 1298 ei.
3150 1243 3293 1302 Deus
3325 1258 3510 1303 autem
3542 1251 3598 1305 in

2018 1329 2252 1385 terribili
2278 1346 2381 1386 suo
2409 1332 2648 1392 adventu
2669 1332 2892 1405 dignam
2910 1335 2997 1392 sui
3020 1334 3248 1399 allectus
3273 1337 3329 1398 in
3348 1348 3597 1410 egentem

2017 1422 2210 1480 reddet
2247 1426 2576 1485 mercedem.

2088 1603 2253 1661 Vens.
2279 1603 2368 1660 18.
2414 1603 2587 1661 Erudi
2611 1608 2787 1677 ﬁlium
2813 1616 2992 1677 tuum;
3020 1614 3098 1668 sic
3132 1615 3273 1671 enim
3310 1618 3412 1671 erit
3449 1619 3599 1676 bona:

333 1702 596 1773 Παραίνει
626 1703 693 1759 τὰ
715 1702 904 1763 δέοντα
929 1700 1008 1775 τῷ
1042 1700 1262 1771 φυσικῷ
1290 1703 1403 1754 εἴτε
1434 1704 1530 1757 καὶ
1557 1703 1635 1774 τῷ
1662 1721 1906 1775 πνευμα-

2025 1694 2147 1762 spei.
2181 1694 2362 1751 Edoce
2384 1712 2503 1766 quae
2526 1698 2730 1754 decent
2758 1700 2929 1756 ﬁlium
2973 1712 3127 1759 tuum
3169 1707 3286 1762 sive
3319 1712 3597 1766 carnalem

329 1794 468 1863 τικῷ
497 1810 592 1846 σου
621 1792 723 1864 υἱῷ
746 1809 760 1825 ·
797 1791 1052 1846 ἐντεῦθεν
1081 1791 1192 1863 γὰρ
1223 1793 1377 1864 παρὰ
1409 1791 1544 1847 Θεοῦ
1577 1795 1912 1865 κομίσασθαι

331 1883 544 1938 ὲλπίσει
570 1883 640 1939 τὰ
661 1882 844 1952 ἀγαθά
861 1901 875 1914 ·
908 1885 978 1937 τὰ
1002 1882 1122 1953 Θεῷ
1142 1885 1417 1955 εὐάρεστα
1440 1886 1695 1956 μυηθεὶς,
1725 1887 1820 1940 καὶ
1846 1890 1911 1959 τῇ

332 1977 604 2048 φιλοπόνῳ
630 1976 837 2030 τούτων
865 1974 1126 2047 ἐργασίᾳ,
1152 1976 1221 2035 τὰ
1256 1978 1314 2029 ὲν
1345 1976 1702 2049 ἐπαγγελίαις
1729 1976 1914 2046 ἀγαθὰ

330 2069 711 2139 ἐκδεχόμενος.

394 2162 502 2226 Εις
532 2157 601 2212 δὲ
626 2158 793 2227 ὓϐριν
826 2158 911 2227 μὴ
957 2157 1208 2228 ἑπαίρου
1237 2158 1312 2228 τῇ
1356 2159 1533 2230 ψυχῇ
1562 2177 1703 2216 σου.
1738 2162 1832 2226 Εἰς
1854 2161 1913 2215 δὲ

329 2250 392 2303 τὸ
415 2249 669 2321 ἡγεῖσθαι
692 2249 853 2302 αὐτὸν
877 2248 1071 2313 κακὸν,
1104 2250 1201 2302 καὶ
1220 2250 1331 2303 ἀπὸ
1358 2249 1455 2303 σοῦ
1489 2251 1800 2316 ἐκκόπτειν,
1835 2252 1911 2322 μὴ

328 2326 564 2410 διέγειρε
594 2339 692 2410 τὴν
718 2340 900 2411 ψυχήν
935 2356 1028 2393 σου
1063 2342 1123 2393 ὲν
1156 2339 1232 2410 τῷ
1275 2341 1601 2411 συμϐαίνειν
1626 2343 1911 2397 λυπεῖσθαι

331 2433 412 2493 είς
439 2430 635 2484 αὐτόν·
671 2430 756 2484 ἵνα
792 2431 869 2503 μὴ
892 2431 1113 2496 πάντως
1143 2432 1407 2502 μισόπαις
1442 2433 1801 2504 κατακριθῇς.

399 2521 485 2576 ιθν.
523 2523 851 2592 Κακόςρρων
891 2523 1070 2592 ἀνὴρ,
1112 2524 1315 2578 πολλὰ
1361 2523 1807 2595 ζημιωθήσεται.
1852 2528 1911 2582 '0

328 2617 399 2672 τὰ
430 2617 619 2673 δέοντα
655 2618 732 2689 μὴ
779 2617 996 2689 φρονῶν
1035 2618 1343 2690 ἄνθρωπος,
1377 2618 1470 2673 τοῦ
1518 2619 1749 2675 πλούτου
1802 2621 1910 2675 τῶν

329 2708 543 2781 ἀρετῶν
593 2709 991 2781 στερηθήσεται
1015 2724 1027 2738 ο
1057 2709 1139 2763 ὃτι
1172 2710 1249 2780 μὴ
1291 2709 1514 2781 διαιρῶν
1555 2710 1616 2764 τὸ
1662 2713 1911 2783 κρεῖττον

329 2799 438 2854 ἀπὸ
462 2798 559 2854 τοῦ
604 2799 871 2872 χείρονος,
923 2801 1069 2857 ποιεῖ
1093 2798 1169 2864 ώς
1204 2799 1361 2869 ἔτυχε
1399 2800 1459 2855 τὸ
1493 2802 1683 2866 κακὸν,
1705 2802 1910 2875 ζημίαν

329 2892 699 2963 ὑφιστάμενος
725 2890 821 2945 τοῦ
844 2890 1035 2946 καλοῦ.

404 2983 547 3037 Ἐὰν
561 2981 630 3036 δὲ
645 2984 1015 3053 λοιμεύηται,
1036 2983 1137 3037 καὶ
1159 2982 1271 3051 τὴν
1284 2988 1372 3054 pm
1376 2983 1498 3055 χὴν
1515 2987 1704 3043 αὑτοῦ
1723 3003 1909 3082 προσ·
1936 3019 1984 3082 c

326 3074 523 3142 θήσει.
572 3075 629 3128 Ὀ
653 3074 711 3128 δὲ
745 3074 835 3130 διὰ
864 3074 1134 3146 πονηρίας
1182 3078 1525 3148 περιουσίαν,
1559 3080 1660 3149 τῆς
1708 3079 1909 3149 φθορο-

326 3166 484 3220 ποιοῦ
514 3165 681 3220 αὑτοῦ
717 3165 917 3230 κακίας
944 3169 1036 3221 καὶ
1062 3168 1269 3237 ἑτέροις
1298 3169 1631 3237 μεταδιδοὺς,
1665 3171 1908 3243 προσθή-

326 3273 411 3311 σει
470 3257 531 3315 τὸ
574 3258 672 3317 καὶ
732 3258 906 3329 αὐτὴν
958 3258 1062 3329 τὴν
1123 3260 1260 3314 ῑδίαν
1314 3260 1663 3332 ζημιωθῆναι
1723 3261 1905 3335 ζωήνο

326 3348 743 3420 ικκοπτομένης
769 3348 936 3415 αὐτοῦ
962 3351 1064 3421 τῆς
1092 3350 1275 3422 ψυχῆς
1306 3352 1415 3423 πρὸ
1451 3352 1623 3425 ὥρας,
1658 3353 1799 3408 ὥστε
1831 3356 1907 3428 μὴ

326 3440 596 3513 ὑπάρχειν
619 3443 700 3506 είς
731 3442 939 3513 βλάϐην
967 3443 1201 3502 πολλῶν.

392 3532 469 3584 κ’.
540 3532 782 3594 ⁸Ἀκοαυε,
816 3531 932 3595 vid,
959 3533 1243 3587 παιδείαν
1276 3535 1504 3603 πατρός
1523 3551 1662 3600 σου,
1695 3538 1794 3591 ἵνα
1832 3532 1903 3591 εὖ

322 3636 423 3673 σοι
441 3620 682 3688 γένηται
701 3621 795 3675 ἐπ’
809 3622 1086 3691 ἐσχάτων
1103 3638 1240 3678 σου.
1260 3625 1537 3697 Εὑπειθὴς
1560 3627 1672 3693 ἔσο,
1690 3629 1901 3694 τέκνον,

323 3710 443 3772 ταῖς
474 3708 608 3778 ἐμοῦ
632 3707 727 3763 τοῦ
762 3710 1087 3773 διδασκάλου
1128 3730 1221 3765 σου
1266 3714 1571 3779 νουθεσίαις
1594 3734 1609 3748 ο
1636 3717 1723 3771 ἵνα
1764 3722 1904 3787 μετὰ

320 3798 385 3853 τὸ
425 3798 771 3871 καθαρθῆναι
808 3799 1002 3857 παθῶν
1026 3803 1122 3857 καὶ
1155 3805 1438 3876 φωτισμὸν
1471 3806 1731 3873 δέξασθαι
1757 3811 1901 3879 uti»

323 3906 485 3956 σεως,
515 3890 686 3963 εὕρῃς
712 3893 773 3947 ἐν
801 3893 878 3964 τῷ
905 3894 1006 3965 τῆς
1037 3895 1305 3968 κινήσεώς
1337 3914 1431 3952 σου
1460 3898 1628 3961 τέλει.
1650 3902 1713 3959 τὸ
1736 3902 1903 3974 ἐσχαι

320 4000 413 4036 τον
439 3983 687 4054 ὀρεκτὸν,
712 3985 801 4038 διὰ
838 3985 900 4039 τὸ
928 3984 1055 4040 νοῦν
1086 3988 1324 4059 περᾶσαι
1353 3990 1536 4066 πάντα
1555 3992 1624 4049 τὰ
1652 3993 1781 4049 ὄντα
1806 3996 1900 4051 καὶ

319 4076 400 4138 εἰς
434 4076 526 4129 τὸν
570 4077 778 4131 τούτων
816 4076 1010 4146 αἴτιον,
1043 4080 1138 4133 καὶ
1183 4080 1324 4152 ὑπὲρ
1358 4082 1530 4143 ταῦτα
1562 4085 1897 4158 ὑπάρχοντα,

319 4167 658 4238 καταντῆσαι
688 4167 841 4225 Θεόν.

2016 1786 2130 1841 sive
2156 1787 2520 1856 spiritualem.
2571 1789 2713 1847 Hine
2743 1793 2909 1867 enim.
2930 1810 2961 1849 a
3000 1794 3112 1852 Deo
3140 1808 3426 1869 reportare
3454 1801 3598 1857 bona

2015 1877 2280 1944 sperabit.
2318 1877 2388 1933 lis
2426 1894 2548 1948 quae
2596 1879 2709 1936 Deo
2728 1876 2944 1951 'placita
2999 1894 3128 1940 sunt
3181 1887 3465 1955 initiatus,
3506 1907 3600 1960 per

2014 1968 2331 2038 diligentem
2376 1986 2567 2026 eorum
2605 1973 3076 2046 adimpletionem,
3137 1982 3277 2039 bona
3322 1985 3596 2053 promissa

2015 2061 2266 2130 accipiet.

2085 2150 2169 2204 Ad
2205 2155 2579 2209 contumeliam
2607 2165 2788 2217 autem
2827 2175 2889 2214 ne
2912 2161 3131 2217 eieveris
3161 2165 3339 2219 animo
3392 2177 3503 2221 tuo.
3540 2169 3594 2223 Si

2016 2242 2231 2299 accidat
2264 2253 2323 2299 ut
2374 2262 2473 2316 per
2511 2262 2638 2302 eum
2674 2249 2868 2305 dolore
2911 2251 3188 2321 aiiiciaris,
3234 2271 3303 2313 nc
3348 2258 3593 2312 animum

2016 2339 2170 2395 tuum
2198 2335 2406 2392 excites
2438 2337 2506 2393 ad
2540 2338 2853 2395 ducendum
2894 2340 3051 2398 illum
3097 2345 3329 2411 malum,
3357 2364 3596 2420 eumque

2014 2438 2045 2479 a
2066 2432 2118 2479 te
2139 2428 2530 2496 separandum,
2554 2445 2625 2484 ne
2641 2445 2870 2501 prorsus
2889 2434 3073 2491 odisse
3090 2451 3319 2506 puerum
3341 2444 3595 2510 arguaris

2086 2514 2220 2571 Ven.
2253 2516 2341 2573 i9.
2375 2518 2524 2575 Male
2553 2523 2793 2593 cogitem
2816 2525 2897 2578 vir
2921 2526 3093 2582 multa
3112 2527 3310 2583 damna
3331 2534 3589 2600 patietur.

2019 2604 2296 2667 Virtutum
2325 2610 2536 2669 divitiis
2574 2616 2824 2683 carebit,
2851 2617 2947 2688 qui
2979 2635 3100 2691 qua:
3122 2620 3318 2683 decent
3351 2640 3460 2681 non
3496 2643 3592 2683 co-

2016 2697 2183 2767 gitat.
2239 2699 2378 2768 Quia
2429 2717 2460 2757 a
2509 2708 2753 2775 pessimo
2786 2723 2897 2767 non
2943 2710 3234 2784 distinguit
3275 2718 3544 2787 optimum
3573 2762 3590 2785 ,

2013 2790 2252 2857 malum,
2326 2802 2385 2848 ut
2430 2797 2743 2869 contingit,
2803 2811 3089 2871 operatur,
3140 2804 3403 2863 damnum
3459 2810 3589 2866 boni

2013 2880 2244 2949 patiens.

2089 2971 2152 3029 Si
2177 2984 2350 3029 autem
2373 2980 2683 3048 corruperit,
2716 2991 2769 3036 et
2801 2984 3037 3039 animam
3066 3003 3220 3041 suam
3263 2991 3442 3046 addet.
3482 2993 3587 3060 Qui

2015 3070 2196 3118 autem
2228 3066 2299 3121 ob
2327 3070 2617 3138 gravitatis
2660 3087 2946 3131 excessum
2997 3078 3137 3134 alios
3179 3083 3407 3140 malitia:
3466 3103 3584 3144 sure

2013 3158 2379 3227 corruptricis
2421 3163 2720 3235 participes
2760 3166 2980 3235 effecit,
3028 3171 3193 3228 addet
3241 3178 3408 3232 etiam
3457 3197 3587 3251 pro-

2009 3248 2185 3317 priam
2229 3252 2460 3321 perdere
2506 3257 2700 3316 vitam.
2758 3262 2956 3317 Anima
3004 3264 3127 3334 ejus
3182 3277 3313 3325 ante
3368 3248 3586 3347 tempus

2008 3341 2314 3411 excidetur,
2349 3360 2419 3403 ne
2447 3350 2637 3408 multis
2663 3363 2881 3431 noceat.

2081 3517 2247 3611 Vens.
2272 3520 2363 3577 20.
2407 3525 2584 3591 Audi,
2627 3531 2745 3597 ﬁli,
2786 3534 3130 3606 disciplinam
3167 3548 3339 3611 patris
3374 3550 3487 3611 tui,
3524 3561 3582 3603 ut

2007 3609 2217 3674 sapiens
2251 3612 2326 3665 sis
2375 3612 2432 3665 in
2481 3617 2784 3673 novissimis
2838 3627 2965 3681 tuis.
3012 3609 3213 3688 Docilis
3252 3645 3408 3703 esto,
3461 3609 3582 3706 fili,

2008 3696 2481 3759 admonitionibus
2527 3706 2667 3762 meis
2710 3724 2850 3779 quas
2885 3718 3147 3788 pracipio
3175 3722 3299 3789 tibi,
3343 3696 3406 3780 ut
3428 3696 3583 3797 post;

2004 3802 2168 3858 quam
2230 3805 2261 3844 a
2317 3794 2668 3863 passionibus
2753 3800 2925 3861 fueris
2991 3810 3316 3877 puriticatus
3383 3794 3581 3887 cogni-

2003 3882 2283 3955 tionisque
2350 3886 2535 3944 lumen
2623 3896 2945 3965 acceperis,
3026 3901 3278 3959 invenias
3341 3906 3396 3962 in
3455 3882 3583 3965 wfine

2003 3982 2186 4031 motus
2248 3978 2358 4044 tui,
2415 3981 2743 4057 novissima}
2775 3986 3204 4059 desiderabilia,
3260 4004 3318 4049 ut
3360 3998 3580 4055 scilicet

2001 4066 2182 4120 omnia
2210 4072 2522 4138 praesentia
2575 4088 2755 4133 mente
2803 4084 3279 4154 praetergrediens,
3331 4088 3439 4146 Deo
3484 4096 3577 4162 qui

2002 4156 2197 4212 horum
2229 4173 2394 4216 causa
2441 4173 2526 4220 est
2551 4173 2606 4221 et
2628 4169 2721 4236 qui
2754 4186 2920 4241 super
2952 4174 3067 4231 haec
3097 4179 3282 4233 omnia
3336 4156 3575 4244 exsistit.

2000 4262 2285 4307 occurras.

388 4353 497 4401 κα’.
533 4346 756 4402 Πολλοὶ
786 4348 1078 4419 λογισμοὶ
1115 4351 1185 4403 ἐν
1236 4352 1449 4418 καρδιά
1495 4354 1735 4421 ἀνδρός.
1785 4356 1895 4425 Τὴν

2071 4359 2244 4419 Venit.
2273 4364 2361 4422 2i.
2413 4367 2623 4425 ’Multw
2656 4375 3003 4444 cogitationes
3050 4382 3104 4434 in
3133 4384 3291 4439 corde
3324 4389 3443 4446 viri.
3482 4390 3575 4448 DI-

313 4435 555 4493 διάνοιαν
575 4439 667 4492 τοῦ
691 4439 981 4512 ἀνθρώπου
998 4440 1246 4512 διάφοροι
1267 4441 1601 4513 διαδέχονται
1625 4444 1892 4515 λογισμοῦ

316 4525 450 4578 ποτὲ
473 4525 518 4577 δ’
538 4524 734 4601 ἐκείνῳ
762 4528 1213 4604 προστιθεμένου,
1253 4532 1344 4585 καὶ
1368 4534 1433 4603 τῇ
1457 4531 1565 4585 τῶν
1588 4533 1895 4587 ἀλλοιωτῶν

314 4615 599 4670 ἀλλοιώσει
635 4617 1145 4690 συναλλοιουμένου.

394 4707 460 4763 Ἡ
492 4707 561 4761 δὲ
583 4708 790 4780 ,βουλὴ
816 4708 925 4763 τοῦ
952 4713 1180 4779 Κυρίου
1213 4717 1301 4781 εἰς
1343 4716 1450 4770 τὸν
1488 4717 1674 4773 αἰῶνα
1701 4720 1891 4789 μένει.

314 4798 386 4863 Τδ
412 4800 458 4855 δ’
487 4801 581 4857 ἐπὶ
602 4802 737 4868 πᾶσι
770 4801 912 4856 θεῖον
941 4804 1035 4857 καὶ
1074 4806 1404 4862 Δεσποτικὸν
1435 4808 1667 4881 θέλημα,
1685 4814 1893 4883 ἁμετας

310 4894 530 4963 κίνητον
559 4897 638 4958 εἰς
666 4895 757 4948 τὸν
780 4895 999 4950 ἅπαντα
1026 4896 1273 4969 διαμένει
1292 4902 1493 4956 αίῶνω
1524 4904 1645 4958 ὅθεν
1670 4907 1890 4978 ότούτῳ

309 4988 677 5058 προσερείσας
706 4987 768 5039 τὸ
800 4989 901 5058 τῆς
944 4986 1124 5058 ψυχῆς
1168 4990 1341 5061 ὄμμα,
1376 4994 1471 5047 καὶ
1517 4998 1617 5068 τῇς
1658 4997 1766 5050 τῶν
1802 5017 1891 5052 κι-

305 5078 586 5147 νουμένων
624 5080 896 5149 ὑπεριδὼν
946 5083 1335 5153 ματαιότητος,
1366 5087 1560 5155 γέγονε
1603 5092 1699 5145 κα)⁵
1726 5093 1890 5160 αὐτὸς

304 5170 575 5240 ἄτρεπτος
618 5175 685 5242 τῇ
732 5171 1021 5226 ἀλλοιώσει
1070 5175 1177 5229 τῶν
1216 5178 1526 5235 ἀλλοιωτῶν
1570 5182 1646 5256 μὴ
1693 5186 1888 5239 συναλε-

302 5260 447 5314 λοιού
447 5279 635 5331 μενος.

374 5353 482 5423 κβ⁶.
509 5353 749 5421 Καρπός
774 5354 942 5424 ἀνδρέ
965 5356 1369 5428 ἐλεημοσύνη.
1391 5364 1747 5437 Καρποφορεῖ
1767 5364 1886 5440 Θεῷ

299 5425 607 5515 ἄνθρωπος,
661 5445 762 5515 τὴν
792 5447 928 5516 πρὸς
964 5425 1393 5519 τοὺςνόμοφυεῖς
1445 5425 1881 5530 abundo-stari)

297 5536 417 5588 ἐστι
462 5536 615 5600 τέλος
663 5537 772 5589 τῶν
820 5538 1053 5608 ἀρετῶν,
1106 5542 1180 5604 ὼς
1233 5543 1399 5613 νόμου
1447 5547 1545 5602 καὶ
1586 5550 1881 5625 προφητῶν

295 5630 403 5701 ττλὴ
411 5646 591 5707 ρωμα.

611 5721 881 5785 Parnm.
917 5723 1033 5783 (in.
1077 5727 1241 5787 LXX
1260 5731 1298 5786 Ti
1317 5728 1442 5790 VII.

1998 4467 2170 4509 versa:
2219 4457 2274 4511 in
2321 4473 2504 4515 mente
2549 4464 2789 4521 hominis
2834 4470 3199 4540 cogitationes
3236 4477 3339 4532 sibi
3379 4495 3574 4539 succe-

1997 4542 2156 4601 dunt.
2208 4548 2524 4620 Aliquando
2568 4562 2752 4611 autem
2784 4558 2913 4615 huic
2944 4562 3023 4618 rei
3059 4565 3293 4623 intendit
3327 4573 3570 4631 animum

1995 4644 2050 4690 et
2077 4640 2243 4695 modo
2268 4645 2617 4704 mutabilium
2648 4654 2951 4710 mutatione
2982 4655 3325 4716 immutatur.

2066 4729 2363 4790 Consilium
2424 4748 2601 4794 autem
2651 4742 2868 4802 Domini
2934 4747 2989 4801 in
3055 4751 3309 4806 sarculum
3370 4764 3567 4811 manet.

1995 4821 2173 4892 Super
2201 4827 2458 4884 universa
2493 4843 2677 4887 autem
2712 4835 2807 4891 Dei
2860 4852 2925 4893 ac
2964 4837 3178 4896 Domini
3215 4845 3470 4902 voluntas
3511 4850 3569 4904 in

1992 4915 2175 4971 Omnia
2205 4919 2403 4973 secula
2435 4934 2722 4990 permanet
2757 4925 3005 4984 immota.
3042 4929 3198 4988 Unde
3234 4936 3329 5005 qui
3370 4938 3567 4993 animus

1990 5006 2209 5061 oculum
2246 5007 2374 5065 huic
2409 5012 2601 5080 aflixit,
2634 5026 2685 5071 et
2710 5032 2897 5073 eorum
2945 5036 3066 5091 quae
3096 5035 3389 5083 moventur
3430 5044 3564 5084 con-

1990 5101 2213 5167 tempsit
2244 5102 2571 5173 vanitatem,
2613 5109 2787 5165 evasit
2813 5122 2868 5167 et
2899 5115 3019 5184 ipse
3057 5116 3321 5176 immotus
3341 5160 3357 5186 ,
3389 5130 3566 5177 muta-

1989 5186 2138 5244 tione
2172 5192 2517 5249 mutabilium
2547 5211 2657 5255 non
2690 5200 3044 5260 immutatus.

2060 5367 2222 5426 Vsus.
2266 5373 2355 5428 22.
2387 5372 2623 5434 Fructus
2656 5382 2766 5436 viro
2793 5384 3149 5459 clecmosyna.
3192 5388 3304 5445 Deo
3331 5389 3564 5451 fructifi-

1986 5469 2074 5514 cat
2106 5465 2201 5533 qui
2247 5465 2302 5519 in
2335 5470 2620 5537 proximos
2647 5477 2895 5533 ostendit
2934 5480 3393 5537 misericordiam.
3437 5479 3565 5539 licet:

1982 5563 2068 5609 est
2098 5554 2362 5624 perfectio
2384 5561 2669 5633 virtutum,
2695 5576 2750 5624 et
2774 5569 2907 5638 legis
2930 5585 2995 5627 ac
3018 5574 3409 5641 prophetarum
3446 5576 3563 5643 pie:

1982 5645 2196 5705 nitudo.

3074 5750 3203 5827 .95
