3904 6200
333 254 463 322 ῙΩῙ

1366 268 1905 332 COMMENTARII
1946 274 2026 336 IN
2070 276 2517 344 PROYERBIA.

3354 262 3379 313 ῖ
3455 297 3589 374 ιιειι

332 370 432 438 ρὸν
484 365 619 438 πρὸς
661 365 763 439 τὴν
816 365 911 423 τοῦ
938 370 1107 427 καλοῦ
1136 374 1399 447 ἐργασίαν
1430 379 1715 451 διεγείρων
1749 381 1866 435 αὗτί

2010 370 2179 454 copia”
2233 391 2298 443 ad
2343 390 2469 445 boui
2510 396 2883 463 operationem
2912 404 3149 470 excitat,
3198 422 3305 463 non
3360 411 3596 471 honorat

326 454 388 508 ού
438 458 572 528 τιμᾷ
611 457 704 512 τὸν
739 459 1053 519 δικαιοῦντα
1081 465 1225 522 θεῖον
1252 470 1417 540 νόμον
1445 472 1575 535 τοὺς
1605 471 1908 543 τηροῦντας

325 544 512 609 αὐτὸν,
526 547 601 613 ὡς
616 549 686 603 τὰ
701 550 759 603 ἐν
778 551 957 625 τούτῳ
972 556 1401 631 ἀπηγορευμένα
1419 561 1903 634 διαπραττόμενος.

348 674 353 678 -
394 639 594 707 Στόμα
639 638 710 693 δὲ
738 641 980 699 ἀσεϐῶν
1012 650 1363 705 καταπίεται
1411 653 1668 721 κρίσεις.
1720 654 1832 718 Τὰς
1861 654 1905 708 δ’

322 729 833 799 ἀπολογίαςπάσας
871 736 982 791 τῶν
1016 740 1094 813 μὴ
1127 741 1194 795 δι’
1223 744 1592 819 ἀγαθοεργίας
1619 748 1906 820 τιμώντων

323 819 479 885 θεὸν,
508 823 851 880 οἰκειώσεται
883 828 917 900 ἡ
951 834 1092 887 κατά
1118 833 1180 887 τὸ
1216 835 1410 906 μέλλον
1464 819 1906 911 ἀπαραλόγιστος

323 913 503 985 κρίσις
557 915 746 981 αὐτοῦ,
795 920 937 973 κατά
992 922 1054 977 τὸ
1082 924 1352 996 διελέγξαι
1384 928 1587 996 ταύτας
1620 934 1699 998 εἰς
1732 936 1903 991 κατά-

250 1039 257 1046 -
320 1023 503 1078 κρισιν
544 1007 653 1062 τῶν
689 1011 1150 1085 προϐαλλομένων
1204 1019 1397 1087 αὐτάς,
1448 1023 1544 1076 καὶ
1598 1024 1901 1081 καταλῦσαι

319 1097 538 1153 ἅπασαν
565 1100 862 1170 πρόφασιν.
1812 1192 1817 1195 ν

390 1188 495 1243 κθ’.
558 1190 984 1262 Ἐτοιμάζονται
1038 1197 1404 1269 ἀκολάστοις
1430 1205 1742 1277 μάστιγες,
1797 1192 1897 1264 καί

316 1281 580 1351 τιμωρίαι
609 1285 831 1352 ὁμοίως
860 1285 1145 1356 ἄφροσιν.
1176 1292 1607 1363 Εὐτρεπίζονται
1629 1303 1741 1364 τοῖς
1776 1303 1897 1354 κατ’

314 1371 605 1441 ἐνέργειαν
635 1374 1017 1446 ἁμαρτάνουσι
1048 1386 1366 1453 σωματικαὶ
1399 1386 1610 1446 ὀδύναιο
1641 1392 1733 1446 καὶ
1789 1392 1893 1466 ψυ-

309 1463 461 1530 χικαὶ
481 1463 748 1529 ὡσαύτως
777 1466 967 1535 λύπαι,
1002 1474 1115 1536 τοῖς
1144 1476 1287 1529 κατὰ
1322 1476 1568 1534 διάνοιαν
1599 1484 1850 1539 πταίουσι
1876 1502 1890 1517 ·

311 1554 453 1608 κατὰ
486 1557 584 1628 μὲν
601 1557 661 1611 τὸ
686 1561 881 1631 παρὸν,
916 1566 1052 1635 πρὸς
1081 1567 1429 1640 ἐπιστροφὴν
1450 1577 1544 1628 καὶ
1562 1574 1851 1648 διόρθωσιν
1874 1594 1889 1610 ·

310 1646 454 1701 κατὰ
485 1647 542 1702 δὲ
565 1648 781 1720 μέλλον,
808 1653 888 1718 εἰς
914 1654 1291 1714 ἀνταπόδοσιν.

908 1785 1163 1843 ΚΕΦΑΛ.
1194 1790 1280 1845 K'.

375 1896 444 1946 α’.
490 1891 873 1963 Ἆκόλαστον,
901 1893 1094 1966 οῐνοςο
1129 1902 1613 1975 καίὑὸριστικὸν,
1640 1908 1889 1979 μέθη.ὀ

301 1976 778 2054 οἷνος.ἐπιθυμιῶν
794 1988 942 2042 ἐστιν
953 1988 1250 2055 ἀλογίστων
1268 1995 1572 2064 παραίτιος,
1588 1976 1687 2069 τῆν
1706 1976 1884 2072 σάρκα

300 2072 676 2144 ἐκθερμαίνων
705 2075 818 2130 τῶν
860 2076 936 2148 μὴ
996 2079 1301 2149 χρωμένων
1357 2083 1508 2156 αὐτῷ
1566 2087 1876 2158 ἐγκρατῶς,

290 2162 392 2216 ’καὶ
430 2163 719 2237 διεγείρων
783 2166 1006 2233 τούτους
1050 2168 1189 2242 πρὸς
1253 2172 1431 2242 μίξεις
1458 2176 1730 2247 αἰσχράς⁸
1788 2179 1883 2234 καὶ

297 2254 616 2325 ἀτιμοποιδς
650 2257 944 2330 ὑπάρχειή
1001 2261 1164 2333 μέθη,
1225 2264 1650 2338 ἀπεργαζομένη
1697 2270 1881 2342 παρά-

297 2362 470 2415 φρονα
494 2346 586 2400 τὸν
617 2347 930 2418 μεθύοντα.,

368 2437 494 2506 Πᾶς
516 2439 586 2493 δὲ
611 2441 819 2511 ἄφρων
844 2444 1137 2512 τοιούτοις
1165 2447 1598 2516 συμπλέκεται.
1650 2453 1764 2517 Πᾶς
1820 2453 1880 2508 δέ

292 2531 403 2595 ζῶν
435 2530 761 2603 ἀλογίστως,
789 2534 902 2599 τοῖς
929 2535 1134 2608 ὁμοίως
1152 2536 1484 2609 βλάπτουσιν
1514 2542 1878 2618 ἐμπεριστρέ-

292 2638 475 2691 (parat.

286 2734 291 2739 ’
365 2713 431 2785 β’.
454 2716 537 2794 Ορ
559 2716 821 2787 διαφέρει
838 2718 1061 2787 ἀπειλὴ
1076 2722 1388 2788 ,ϐασιλέως
1403 2725 1592 2794 θυμοῦ
1602 2725 1872 2794 λέοντος.

297 2782 516 2862 Ἔοικεν
561 2811 595 2880 ἡ
651 2782 852 2884 ἀπειλὴ
908 2811 1002 2867 τοῦ
1046 2782 1491 2884 -παμὸασιλέωξ
1521 2816 1658 2871 θεοῦ
1717 2782 1875 2893 θυμῷ

290 2897 521 2965 λέοντος,
573 2899 738 2969 φόϐον
778 2901 1011 2982 θανάτου
1043 2905 1325 2974 ἐπάγοντι.
1732 2907 1751 2917 “

370 2990 438 3043 ⁸0
468 2991 535 3045 δέ
583 2995 942 3061 παροξύνων
985 2995 1195 3062 αὑτὸν,
1249 2997 1575 3068 ἁμαρτάνει
1618 3002 1709 3067 εἰς
1753 3000 1870 3069 τὴν

2012 472 2184 545 legem
2215 478 2454 534 divinam
2478 496 2599 554 quae
2633 485 2989 547 observantes
3011 510 3131 550 eam
3158 497 3445 566 justificat,
3467 508 3593 573 quia

2008 580 2131 636 qua:
2158 568 2520 637 prohibentur
2548 574 2616 630 ab
2649 576 2739 631 illa
2766 593 3043 650 operatur.

2080 655 2153 713 0s
2181 672 2357 715 autem
2380 666 2965 734 impiorum'devorabit
2992 676 3227 742 judicia.
3258 682 3468 740 Omnes
3496 703 3593 740 ex-

2006 745 2318 804 cusationes
2346 765 2534 806 eorum
2560 755 2651 824 qui
2681 758 2840 814 bonis
2862 765 3123 832 operibus
3154 767 3318 824 Deum
3353 788 3459 827 non
3492 775 3593 829 ho-
3650 830 3655 833 _

2007 845 2225 904 norant,
2258 842 2496 913 excipiet
2519 846 2820 918 aliquando
2865 853 3152 915 inl’allibile
3179 863 3297 932 ejus
3321 864 3587 932 judicium

2003 925 2072 980 ad
2123 929 2556 1003 redarguendum
2597 954 2693 995 eas
2735 942 2789 997 in
2847 948 3362 1012 condemnationem
3398 973 3586 1013 eorum

2003 1017 2094 1085 qui
2131 1021 2431 1088 proferunt
2460 1043 2555 1084 eas
2601 1041 2656 1086 et
2715 1033 2785 1089 ad
2829 1038 3131 1096 tollendum
3175 1060 3391 1103 omnem
3445 1066 3583 1120 praz-
3622 1040 3643 1133 ξ

2004 1117 2234 1167 textum.
3446 1117 3463 1120 “
3616 1117 3632 1167 ⁵

2071 1197 2235 1258 Vens.
2291 1205 2383 1262 29.
2409 1207 2684 1267 Paranlur
2728 1215 3199 1289 intemperantibus
3254 1228 3496 1299 ﬂagella,
3531 1244 3580 1287 et

1997 1293 2262 1360 supplicia
2290 1299 2538 1357 similiter
2560 1307 3000 1376 imprudentibus.
3037 1293 3309 1386 Parantnr
3333 1293 3583 1396 cOrporis

1996 1382 2217 1440 dolores
2246 1398 2377 1445 actu
2422 1398 2799 1465 peccantibus,
2820 1401 2962 1457 sicut
3005 1414 3060 1461 et
3099 1409 3266 1466 animi
3319 1382 3586 1469 mmiorrs

1995 1470 2063 1528 iis
2100 1475 2195 1544 qui
2235 1489 2416 1537 mente
2469 1484 2782 1556 oll‘endunt,
2832 1491 2887 1547 in
2932 1502 3177 1566 tempore
3216 1506 3471 1570 praesenti
3515 1510 3581 1561 ad

1996 1563 2414 1625 conversionem
2443 1581 2497 1628 et
2523 1579 2981 1650 emendationem,
3005 1585 3059 1640 in
3091 1586 3276 1645 futuro
3308 1602 3488 1650 autem
3514 1599 3581 1652 ad

1994 1653 2433 1715 retributionem.
3222 1684 3239 1699 ’

2634 1798 2787 1856 CAP.
2822 1801 2940 1859 XX.

2065 1896 2234 1956 Vsus.
2270 1903 2323 1956 1.
2360 1903 2664 1960 Luxuriosa
2694 1924 2818 1976 res,
2854 1911 3054 1981 vinum,
3093 1925 3147 1971 et
3192 1924 3578 1979 contumeliosa

1986 1986 2237 2044 ebrietas.
2266 1989 2467 2048 Vinum
2493 2010 2718 2054 carnem
2745 2002 3148 2065 excalefaciens
3176 2009 3574 2070 irrationaliqu

1987 2091 2156 2133 causa
2186 2090 2274 2137 est
2306 2086 2646 2155 appetituum
2692 2089 2747 2144 in
2780 2090 2850 2147 iis
2884 2094 2980 2163 qui
3019 2097 3113 2153 illo
3149 2115 3260 2156 non
3292 2107 3575 2162 moderate

1987 2177 2240 2237 utuntur,
2277 2173 2512 2248 illosque
2539 2179 2743 2236 excitat
2782 2182 2852 2239 ad
2881 2192 3074 2257 turpes
3102 2195 3435 2253 concubitus
3465 2216 3479 2251 :
3517 2210 3570 2253 et

1984 2264 2386 2322 contumeliosa
2454 2277 2542 2325 est
2582 2272 2847 2343 ebrietas,
2903 2278 3040 2350 quia
3081 2295 3349 2342 amentem
3406 2291 3571 2347 elIicit

1980 2353 2223 2409 ebrium.
3361 2387 3364 2391 '

2056 2444 2246 2501 Omnis
2268 2458 2445 2505 autem
2477 2452 2733 2524 insipiens
2766 2460 2962 2517 talibus
2989 2478 3351 2524 conversatur.
3376 2470 3567 2531 Omnis

1984 2548 2170 2593 autem
2206 2541 2598 2604 irrationaliter
2631 2550 2853 2619 vivens,
2894 2555 3147 2615 similiter
3180 2561 3566 2634 insipientibus

1977 2627 2297 2687 delectatur.

2047 2715 2211 2774 Vens.
2244 2720 2298 2777 2.
2349 2722 2473 2781 Non
2517 2727 2697 2799 (ii/fert
2740 2737 3083 2795 comminatio
3121 2747 3257 2814 regis
3301 2763 3335 2800 a
3380 2748 3560 2817 furore

1976 2804 2160 2862 leonis.
2198 2808 2406 2870 Similis
2443 2827 2528 2874 est
2555 2820 2700 2891 regis
2730 2839 2918 2896 regum
2958 2828 3053 2886 Dei
3087 2804 3442 2895 comminatio
3476 2842 3561 2898 fu-

1980 2895 2093 2949 rori
2129 2897 2335 2967 leonis;
2370 2918 2495 2958 nam
2527 2908 2779 2968 timorem
2801 2895 3001 2974 mortis
3028 2920 3256 2977 inducit.

2046 2986 2153 3053 Qui
2188 3006 2437 3073 provocat
2477 3014 2615 3066 eum,
2647 2996 2917 3072 peccat'in
2961 3013 3197 3070 animam
3236 3034 3411 3077 suam.
3453 3024 3556 3091 Qui

290 3078 508 3136 ἑαυτοῦ
539 3083 765 3154 ψυχήν.
806 3083 864 3139 '0
899 3085 946 3142 δ’
975 3086 1136 3145 αὐτὸν
1176 3087 1274 3176 τὸν
1317 3090 1536 3145 πάντων
1591 3092 1866 3164 Δεσπότην

1984 3071 2144 3130 Deum
2172 3084 2416 3138 omnium
2445 3084 2735 3146 Dominum
2758 3094 2966 3163 irritat,
2992 3105 3246 3170 quamvis
3274 3120 3420 3176 saepe
3446 3127 3559 3166 non

287 3169 423 3228 Θεὸν
475 3173 845 3244 παροργίξων,
899 3174 1006 3229 κᾶν
1059 3175 1135 3246 μὴ
1170 3175 1493 3251 κινδυνεύσῃ
1534 3179 1678 3234 κατά
1709 3179 1868 3251 σῶμα

287 3259 569 3325 πολλάκις,
597 3261 672 3326 ὡς
699 3264 727 3317 ὸ
759 3263 865 3317 ὑπὸ
894 3264 989 3318 τοῦ
1016 3261 1314 3336 εἰρημένου
1355 3267 1521 3339 θηρὸς
1561 3268 1866 3340 βιϐρωσκό-

264 3366 270 3371 ·
287 3368 471 3421 μενος,
502 3351 628 3407 κατ’
659 3352 829 3424 αὐτὴν
851 3354 1150 3411 κινδυνεύει
1184 3355 1284 3427 τὴν
1309 3356 1443 3411 ἰδίαν
1478 3358 1677 3430 ψυχὴν,
1712 3360 1866 3415 -Θεοῦ

281 3445 382 3514 τῆς
414 3445 567 3508 ὄντος
592 3444 737 3514 ζωῆς
767 3446 1212 3516 στερισκόμενος.

331 3541 421 3604 ’γ’.
445 3537 603 3599 Δόξα
621 3535 817 3603 ἀνδρὶ,
851 3536 1342 3606 ἀποστρέφεσθαι
1365 3540 1689 3608 λοιδορίας.
1716 3542 1863 3614 Τιμή

276 3627 359 3697 τῷ
386 3626 660 3698 ἀνθρώπῳ
689 3626 831 3694 ἐστὶ,
863 3627 925 3681 τὸ
953 3630 1133 3697 μισεῖν
1157 3628 1257 3692 τὰς
1304 3632 1426 3684 κατ’
1458 3629 1633 3685 ἄλλων
1676 3631 1860 3686 διαδο-

277 3717 375 3782 λάς
391 3718 704 3781 ’ἐπαινετὸς
725 3719 833 3789 γάρ
863 3718 1059 3771 ἐστινδ
1083 3719 1344 3783 τοιοῦτος,
1369 3720 1448 3783 ὡς
1483 3719 1569 3774 διά
1596 3720 1658 3775 τὸ
1681 3724 1861 3793 μισεῖν

275 3811 377 3875 τὰς
408 3811 551 3865 κατά
577 3810 673 3865 τοῦ
704 3810 934 3881 ἀδελφοῦ
965 3810 1253 3883 λοιδορίας,
1285 3811 1379 3865 τὸν
1406 3812 1636 3883 ἀδελφὸν
1657 3814 1732 3887 μὴ
1766 3833 1855 3886 μι-

278 3904 417 3957 σῶνν
446 3902 635 3974 ὥσπερ
662 3901 732 3960 αὖ
751 3903 952 3975 ψεκτός
986 3906 1137 3958 ἐστιν
1157 3905 1185 3956 ὁ
1208 3904 1297 3958 διὰ
1331 3904 1392 3958 τὸ
1426 3904 1502 3976 μὴ
1536 3908 1718 3976 μισεῖν
1758 3908 1859 3970 τὰς

274 3995 396 4049 κατ’
425 3994 591 4049 αὐτοῦ
613 3995 880 4066 λοιδορίας
912 3995 1099 4070 τοῦτον
1136 3994 1330 4065 μισῶν.

342 4085 469 4153 Πᾶς
488 4086 556 4141 δὲ
579 4088 789 4157 ἁφρων
802 4088 1093 4151 τοιούτοις
1123 4088 1559 4156 συμπλέκεται.
1585 4091 1684 4143 Διὰ
1699 4090 1857 4145 τοῦτο

267 4179 325 4234 δέ
353 4180 461 4245 πᾶς
491 4182 519 4234 ὁ
545 4182 619 4253 μὴ
650 4181 967 4250 κατὰλόγον
996 4180 1271 4245 ἐξετάζων
1295 4181 1365 4235 τὰ
1391 4182 1607 4248 ἐαυτοῦ,
1641 4184 1735 4237 καὶ
1750 4184 1855 4254 τὴν

265 4271 421 4325 δοκὸν
483 4273 687 4326 οίκείου
726 4272 1012 4344 ὀφθαλμοῦ
1080 4274 1334 4328 ἐκϐαλεῖν
1378 4275 1648 4341 σπεύδων,
1692 4293 1854 4346 περι-

271 4366 495 4418 σκοπεῖν
523 4365 723 4420 ἐθέλων
746 4366 808 4420 τὸ
840 4368 898 4425 ἐν
925 4364 1004 4437 τῷ
1029 4366 1296 4438 ὀφθαλμῷ
1319 4367 1414 4422 τοῦ
1451 4368 1680 4437 ἀδελφοῦ
1708 4368 1846 4437 κάρα

269 4469 385 4521 φος,
409 4453 505 4507 καὶ
520 4456 695 4525 τούτῳ
715 4458 1042 4531 ἐπεγγελᾷν,
1073 4459 1190 4520 τοῖς
1212 4457 1480 4523 τοιούτοις
1505 4458 1840 4532 ἀνθρώποις,

265 4544 573 4599 διαϐολεῦσι
599 4547 836 4615 πάντως,
866 4550 1384 4621 συναναστρέφεται.

335 4655 399 4719 δ’,
443 4656 904 4728 Ὀνειδιζόμενος
946 4661 1227 4730 ὀκνηρὸς,
1288 4663 1401 4716 οὐκ
1454 4663 1842 4733 αἰσχύνεται·

263 4749 551 4816 ὡσαύτως
580 4751 680 4805 καὶ
727 4754 761 4805 ό
789 4750 1195 4822 δανειζόμενος
1228 4753 1405 4809 σῖτον
1425 4754 1496 4808 ἐν
1520 4755 1744 4823 ἁμητῷ.
1787 4755 1845 4808 Ὀ

266 4839 507 4909 ῥᾴθυμος
536 4842 664 4912 περὶ
690 4842 790 4919 τὴν
820 4842 926 4896 τῶν
954 4844 1164 4914 ἀρετῶν
1192 4846 1473 4916 ἐργασίαν,
1508 4847 1597 4900 διὰ
1625 4847 1686 4899 τὸ
1712 4846 1842 4901 τού-

261 4943 372 4978 των
402 4929 681 4996 ἐπίπονον,
707 4931 1046 4999 ἐλεγκτικοίς
1077 4933 1257 5002 λόγοις
1298 4937 1404 4997 ὑπὸ
1458 4936 1555 4990 τοῦ
1592 4936 1845 4992 διδασκα-

261 5017 375 5074 λίου
404 5021 751 5093 βαλλόμενος,
774 5026 876 5079 οὐκ
893 5025 1126 5079 αἰδεῖται
1145 5042 1159 5056 θ
1186 5026 1498 5092 ἀκολούθως
1528 5028 1584 5081 δέ
1620 5029 1717 5082 καὶ
1739 5028 1767 5080 ὁ
1785 5032 1842 5083 ἐν

261 5112 339 5184 τῷ
371 5114 620 5184 μέλλοντι
648 5114 827 5181 αἰῶνι,
863 5115 986 5172 καθ’
1011 5114 1071 5172 ὃν
1100 5121 1157 5170 ἐν
1179 5120 1495 5188 ἀγαλλιάσει
1523 5119 1841 5189 συλλέγουσι

260 5205 369 5257 τῶν
396 5207 616 5261 οἰκείων
644 5209 826 5263 πόνων
852 5211 981 5274 τοὶς
1014 5215 1264 5284 καρποὺς
1299 5215 1348 5266 οἱ
1383 5215 1524 5269 κατά
1552 5216 1644 5269 τὸν
1701 5234 1842 5289 παρ-

257 5297 389 5350 όντα
423 5301 478 5351 ἐν
509 5299 742 5371 δάκρυσι
796 5302 1136 5374 σπείροντες,
1178 5308 1279 5375 τῆς
1311 5307 1443 5377 παρ’
1482 5308 1689 5377 ἐτέρων
1718 5310 1835 5362 ἐπι·

260 5388 486 5458 κουρίας
500 5388 773 5461 δεόμενος,
799 5391 939 5446 ὥστε
957 5394 1059 5466 τὴν
1082 5395 1461 5466 λιμώττουσαν
1488 5399 1596 5452 τῶν
1618 5399 1840 5466 ἀγαθῶν

262 5476 400 5530 ἰδίαν
432 5478 630 5550 ψυχὴν,
654 5484 767 5546 τοῖς
798 5484 1021 5538 ἐκείνων
1042 5485 1242 5558 θρέψαι
1260 5489 1394 5559 πονή
1405 5505 1559 5558 μασι,
1584 5487 1725 5541 κατὰ
1745 5489 1836 5543 τὸν

260 5567 321 5620 ἐν
342 5569 698 5640 Εὐαγγελίοις
729 5575 1007 5642 πλούσιον,
1039 5578 1254 5641 καὶτὰς
1289 5581 1477 5651 μωρὰς
1507 5579 1832 5652 παρθένους,

260 5660 548 5735 ἀνηνύτοις
586 5666 879 5741 ἐπιχειρῶν
911 5670 1010 5722 οὐκ
1036 5669 1383 5741 αἰσχύνεταιο
1422 5666 1449 5725 ό
1504 5671 1612 5742 γὰρ
1641 5672 1699 5725 ἐν
1754 5671 1833 5741 τῷ

1974 3180 2200 3239 corpore
2222 3174 2584 3245 periclitetur,
2617 3190 2677 3236 ut
2704 3183 2793 3240 ille
2821 3189 2916 3256 qui
2941 3207 2971 3244 a
2998 3192 3223 3261 praefata
3253 3174 3429 3256 bestia
3460 3205 3558 3260 de-

1972 3270 2218 3329 voratur,
2248 3267 2428 3321 anima
2465 3272 2586 3341 ejus
2604 3278 2968 3349 periclitatur,
3001 3285 3129 3355 quia
3164 3288 3414 3360 privatur
3446 3294 3556 3352 Deu'

1967 3354 2060 3423 qui
2099 3369 2230 3411 vera
2262 3358 2369 3417 vita
2394 3374 2500 3418 est.

2035 3530 2201 3588 Vens.
2234 3535 2291 3588 ὅ.
2335 3541 2519 3593 Honor
2558 3552 2639 3597 est
2676 3545 2880 3604 homini
2926 3562 3254 3613 contemnere
3299 3563 3547 3633 injurias.

1964 3627 2154 3684 Honor
2180 3639 2264 3685 est
2289 3632 2495 3691 homini
2517 3677 2531 3703 ,
2563 3639 2749 3696 odisse
2775 3645 3008 3703 aliorum
3046 3652 3370 3715 calumnias.
3400 3659 3546 3716 Lau-

1961 3720 2177 3780 dandus
2206 3727 2350 3781 enim
2377 3736 2464 3783 est
2486 3731 2610 3787 talis
2628 3734 2757 3804 quia
2779 3753 2905 3791 cum
2932 3739 3122 3799 fratris
3153 3746 3383 3817 injurias
3404 3756 3538 3819 odit,

1958 3811 2182 3872 fratrem
2195 3823 2376 3874 tanton
2390 3834 2500 3874 non
2515 3820 2649 3879 odit.
2665 3825 3135 3899 Quemadmodum
3152 3811 3261 3891 viiu
3270 3844 3546 3908 perandus

1956 3916 2042 3963 est
2070 3910 2162 3980 qui
2192 3911 2320 3967 dum
2370 3928 2479 3971 non
2503 3914 2693 3974 fratris
2714 3919 2830 3976 odit
2860 3922 3115 3994 injurias,
3143 3926 3367 3987 fratrem
3404 3936 3540 3991 odit.

2035 4087 2218 4143 Omnis
2256 4100 2431 4145 autem
2471 4093 2722 4163 insipiens
2759 4098 3024 4155 similibus
3061 4105 3378 4174 congaudet.
3412 4109 3539 4164 ideo

1955 4183 2137 4237 omnis
2174 4183 2266 4252 qui
2291 4189 2453 4239 recta:
2498 4186 2697 4243 rationi
2722 4203 2876 4243 suam
2901 4199 3375 4261 conversationem
3426 4218 3535 4258 non

1954 4274 2267 4330 conformat
2296 4290 2395 4330 nec
2424 4277 2608 4333 studet
2652 4294 2717 4333 ex
2744 4282 2905 4337 oculo
2936 4298 3037 4338 suo
3074 4288 3281 4343 trabem
3315 4307 3530 4363 eruere,

1954 4363 2082 4417 dum
2107 4364 2225 4419 vult
2258 4364 2592 4434 redarguere
2611 4369 2869 4438 stipulam
2891 4372 2944 4425 in
2972 4375 3133 4431 oculo
3154 4377 3359 4448 fratris,
3382 4399 3534 4438 eum-

1950 4472 2058 4527 que
2092 4457 2345 4522 irridere,
2382 4459 2584 4515 talibus
2633 4460 2947 4522 bominibus
2988 4469 3214 4525 omnino
3267 4475 3529 4531 crimina-

1947 4549 2163 4604 toribus
2192 4559 2573 4606 conversatur.

2020 4665 2187 4729 Vuns,
2205 4668 2260 4722 4.
2279 4671 2650 4738 Exprobratus
2673 4673 2820 4743 piger
2846 4690 2949 4730 non
2975 4666 3356 4748 confunditur;
3378 4688 3530 4741 simi-

1948 4758 2067 4812 liter
2095 4769 2146 4814 et
2177 4761 2268 4831 qui
2303 4762 2499 4831 [tenore
2528 4766 2719 4835 accipit
2748 4765 3070 4835 frumentum
3116 4771 3169 4825 in
3206 4791 3390 4832 messe.
3423 4778 3526 4847 Qui

1946 4851 2225 4922 negligens
2258 4861 2345 4909 est
2378 4854 2434 4909 in
2467 4856 2624 4924 praxi
2657 4856 2924 4912 virtutum
2964 4870 3189 4932 propter
3219 4881 3406 4925 earum
3451 4874 3530 4927 la.

1945 4943 2155 5006 borem,
2183 4946 2575 5015 redargutoriis
2607 4948 2853 5019 magistri
2888 4951 3068 5006 verbis
3098 4954 3386 5017 lacessitus
3416 4979 3524 5018 non

1945 5034 2253 5092 erubescit:
2292 5035 2485 5090 eodem
2516 5036 2680 5108 modo
2709 5039 2803 5108 qui
2845 5039 2899 5094 in
2933 5047 3178 5113 tempore
3216 5047 3425 5117 futuro,
3467 5056 3519 5110 in

1943 5139 2055 5193 quo
2087 5139 2209 5179 cum
2240 5126 2606 5182 exsultatione
2639 5128 2884 5185 laborum
2911 5147 3136 5192 suorum
3163 5138 3374 5198 fructus
3406 5148 3521 5201 col-

1944 5218 2119 5288 ligunt
2157 5219 2250 5288 qui
2284 5219 2338 5272 in
2389 5218 2646 5291 lacrymis
2681 5222 2732 5276 in
2775 5234 3024 5297 tempore
3060 5238 3315 5300 praesenti
3354 5242 3521 5293 semi-

1941 5316 2107 5373 nant,
2162 5308 2371 5364 auxilio
2414 5323 2605 5365 eorum
2646 5310 2851 5385 indiget
2886 5325 2944 5371 ut
2993 5333 3183 5377 eorum
3238 5325 3519 5382 laboribus

1942 5414 2096 5455 suam
2130 5399 2367 5454 animam
2395 5400 2727 5457 esurientem
2756 5407 3019 5475 enutriat,
3049 5420 3107 5464 ut
3134 5411 3199 5469 in.
3229 5412 3518 5485 Evangelia

1940 5491 2115 5545 malus
2146 5490 2299 5546 dives
2345 5501 2399 5547 et
2437 5491 2599 5548 fatua:
2633 5495 2903 5567 virgines,
2940 5500 3300 5569 impossibilia
3331 5515 3518 5576 petens

1940 5597 2004 5636 ac
2036 5583 2313 5638 incassum
2359 5585 2601 5651 enitens,
2648 5602 2758 5641 non
2793 5591 3173 5650 confunditur.
3221 5595 3325 5671 Qui
3370 5600 3514 5655 enim

1939 5682 2185 5751 tempore
2216 5673 2595 5733 retributionis
2634 5679 2910 5736 erubescit
2939 5681 3099 5742 bonis
3142 5685 3394 5759 indigens
3439 5692 3524 5758 ine
