3904 6200
328 282 346 344 1
370 282 461 346 ιιι
1125 351 1128 355 ,
1392 250 1919 345 εοΜΜΕΝΤΑιω

2034 284 2054 343 ί
2094 278 2549 347 ΙἮΟΥΕΒΒιᾹ.
3445 271 3577 339 1420
3673 299 3685 315 ο

320 397 449 453 λεῖο
503 397 605 451 καί
663 396 1231 465 περικυκλώσουσιν
1281 398 1350 450 ἐν
1396 398 1747 467 δικαιοσύνῃ
1793 398 1902 452 τὸν

2035 399 2301 453 ireuibunt
2348 402 2402 453 in
2441 399 2662 470 justitia
2698 398 2892 453 solium
2940 397 3075 467 ejus.
3122 394 3493 452 Misericordia
3525 398 3578 449 in

323 489 541 558 θρόνον
569 488 782 543 αὐτοῦ.
829 488 894 541 Ἡ
940 488 1075 558 πρὸς
1103 489 1230 553 τοὺς
1274 491 1529 558 ὁμοφυεῖς
1564 489 1897 559 συμπάθεια,

323 582 420 633 καὶ
448 582 481 651 ἠ
518 580 656 651 πρὸς
692 580 826 635 Θεὸν
847 579 1052 653 ἀληθὴς
1086 582 1289 648 πίστις,
1322 583 1649 653 φυλακτικαί
1676 585 1781 637 είσι
1806 582 1902 636 τοῦ

325 673 435 726 τῶν
461 672 650 727 παθῶν
678 658 1010 744 κρατοῦντος
1036 673 1328 746 ἀνθρώπου
1350 692 1364 705 ·
1397 676 1491 728 καὶ⁵
1512 674 1904 747 περιλήψονται

325 765 388 817 τὸ
414 764 641 835 ἀρχικὸν
660 765 824 819 αὐτοῦ
851 767 950 821 καὶ
974 766 1341 833 αὐτεξούσιον,
1369 768 1586 832 πάντως
1606 767 1668 821 τὸ
1687 766 1901 836 νοερόν·

328 856 390 907 ὲν
419 849 463 924 ᾧ
500 855 841 927 προκάθηται
862 872 866 876 ·
887 855 996 910 τῶν
1042 858 1138 912 ἐπὶ
1186 859 1288 927 γῆς
1320 858 1379 911 ὲν
1420 859 1555 931 ὀρθῇ
1584 858 1765 931 κρίσει
1795 861 1905 914 τῶν

330 946 473 1000 κατά
498 945 729 1019 θεωρίαν
760 948 855 1001 καὶ
884 947 1083 1018 πρᾶξιν
1105 948 1395 1018 νοημάτων
1428 965 1489 1001 τε
1513 951 1607 1002 καὶ⁸
1640 951 1905 1022 πραγμάο

329 1054 467 1092 των’
507 1038 583 1109 μὴ
643 1038 1004 1110 συγχωρούσῃ
1053 1039 1195 1093 κατά
1243 1040 1342 1110 μὲν
1371 1040 1629 1111 θεωρίαν,
1662 1043 1743 1106 είς
1775 1042 1908 1096 Θεὸν

329 1127 429 1196 τὴν
458 1127 636 1181 κτίσιν
667 1128 1132 1200 παραγνωρίζειν,
1157 1129 1297 1183 κατὰ
1318 1129 1374 1182 δὲ
1402 1130 1603 1200 πρᾶξιν
1624 1132 1908 1203 λατρεύειν

330 1214 501 1286 ταύτῃ
528 1216 681 1287 παρὰ
711 1215 803 1270 τὸν
831 1217 1128 1271 κτίσαντα.

400 1304 503 1360 κθθ.
559 1306 800 1376 Κόσμος
855 1307 1144 1373 νεανίαις,
1203 1310 1426 1381 σοφία·
1493 1310 1642 1376 δόξα
1689 1312 1757 1367 δὲ
1814 1317 1909 1368 καὶ

330 1398 769 1466 πρεσϐυτέρων,
794 1399 998 1455 πολιὰ.
1030 1397 1352 1475 Εύπρέπεια
1394 1402 1507 1466 τοῖς
1566 1403 1818 1468 νεάζουσι
1843 1408 1909 1476 τῇ

332 1488 630 1560 καινοποιῷ
654 1489 746 1541 τοῦ
777 1488 1096 1552 Πνεύματος
1116 1490 1375 1561 χάριτι,ή
1404 1490 1498 1544 τοῦ
1517 1490 1606 1544 νοῦ
1638 1493 1753 1546 ἐστι
1779 1493 1911 1564 πρὸς

282 1639 298 1655 ⁸
331 1578 465 1633 θεὸν
493 1581 736 1652 ἄτμητος
761 1580 958 1645 ἒνωσις
981 1599 995 1613 °
1022 1580 1177 1646 κλέος
1217 1583 1275 1636 δὲ
1313 1584 1422 1637 τῶν
1478 1583 1913 1655 πολιτευομένων

334 1671 476 1726 κατά
506 1672 567 1725 τὸ
592 1671 991 1743 παλαιούμενον
1011 1673 1173 1745 ῥητὸν
1198 1674 1296 1752 τῆς
1326 1675 1571 1746 Γραφῆς,
1599 1677 1639 1746 ἠ
1670 1676 1910 1747 ἀποϐολή

334 1763 450 1815 ἐστι
468 1762 577 1816 τῶν
631 1765 961 1835 σωματικῶν
1018 1765 1206 1819 παθῶν
1267 1766 1665 1839 μελανότητος’
1698 1769 1773 1833 ⁴τὸ
1804 1769 1914 1840 γάρ

337 1852 732 1925 παλαιούμενον
763 1857 1025 1928 γράμμα,
1081 1846 1210 1921 τοὺς
1241 1858 1362 1911 κατ’
1383 1858 1515 1912 αὐτὸ
1558 1860 1912 1930 πολιτευομέ-

334 1962 462 2008 νους
505 1945 615 1999 τῶν
664 1947 783 1999 κατ’
814 1947 1103 2018 ἐνέργειαν
1128 1948 1319 2002 παθῶν
1357 1949 1729 2004 ἀπαλλάττει·
1765 1952 1827 2003 τὸ
1855 1952 1913 2005 δὲ

337 2036 646 2089 καινοποιὸν
679 2035 927 2108 Πνεῦμα,
949 2039 1039 2091 τὸν
1056 2037 1181 2093 νοῦν
1218 2038 1398 2107 λόγοις
1427 2041 1618 2109 σοφίας
1648 2041 1755 2095 ἀπὸ
1779 2042 1915 2096 πάν-

336 2145 443 2180 των
468 2127 576 2181 τῶν
608 2129 927 2199 ποιημάτων
973 2131 1111 2202 πρὸς
1151 2131 1242 2184 τὸν
1286 2131 1524 2203 Ποιητὴν
1559 2133 1910 2205 ἐπιστρέφον,

336 2217 667 2272 ἀπαλλάττει
694 2220 790 2273 καὶ
816 2219 925 2273 τῶν
958 2220 1100 2275 κατά
1123 2220 1387 2275 διάνοιαν.

407 2306 472 2361 λ’.
511 2306 783 2361 ’Υπώπια
809 2307 904 2363 καί
935 2310 1352 2379 συντρίιιματα
1384 2310 1659 2380 συναντᾷ
1685 2313 1910 2381 κακοῖς·

340 2398 564 2463 πληγαὶ
608 2397 678 2451 δὲ
737 2401 825 2465 εις
868 2399 1076 2469 ταμεῖα
1110 2401 1362 2467 κοιλίας.
1405 2401 1675 2474 ’ΥπἛψιν
1706 2403 1918 2475 ἀνθρὼ-

343 2505 480 2554 πων,
513 2490 778 2561 τιμωρίαι
822 2491 1156 2562 σωματικαὶ,
1185 2493 1280 2547 καὶ
1326 2494 1557 2562 ἀφανεῖς
1586 2494 1766 2567 ψυχῆς
1793 2512 1915 2549 συν-

341 2583 544 2651 τριόαὶ,
605 2582 673 2637 δι’
720 2583 993 2638 ἀκουσίων
1035 2584 1213 2639 πόνων
1258 2587 1553 2656 ἐπιφορᾶς,
1587 2586 1915 2658 ἐπέρχονται

340 2677 453 2737 τοῖς
505 2674 948 2746 πολιτευομένοις
982 2676 1202 2739 κακῶς·
1254 2676 1465 2747 ἔλεγχοι
1495 2677 1551 2732 δὲ
1591 2679 1913 2746 συνειδότος,

342 2767 423 2831 είς
459 2766 528 2821 τὰ
554 2766 695 2838 βάθη
717 2770 815 2839 τῆς
841 2768 1085 2831 διανοίας
1112 2769 1314 2823 αὐτῶν.

919 2862 1166 2914 ΚΕΦΔΛ.
1202 2863 1334 2916 KA'.

416 2947 488 3004 α’.
511 2951 740 3025 ’Ὠσπερ
794 2950 945 3021 ὀρμὴ
1001 2952 1221 3019 ὕδατος
1251 2950 1465 3021 καρδία
1512 2952 1819 3019 ,βασιλέως
1847 2954 1917 3007 ἐν

2007 491 2293 562 proximos
2343 499 2396 547 et
2440 506 2576 546 vera
2624 490 2757 547 lides
2800 491 2855 546 in
2907 490 3100 553 Deum,
3150 488 3406 545 custodes
3455 497 3583 544 sunt

2008 582 2248 637 hominis
2310 582 2404 651 qui
2452 581 2803 651 passionibus
2862 582 3095 652 imperat
3129 599 3143 634 :
3177 592 3231 635 et
3269 579 3581 635 circuibunt

2008 671 2153 741 quod
2189 673 2244 726 in
2279 673 2400 743 ipso
2450 672 2703 741 imperat,
2748 673 3087 727 voluntatem
3136 671 3349 727 scilicet
3393 686 3457 726 ac
3496 671 3582 724 in-

2010 759 2309 822 tellectum,
2347 774 2457 831 quo
2499 746 2667 829 super
2697 759 2882 814 omnia
2919 767 3133 814 terrena
3166 758 3318 814 sedet
3346 758 3401 812 in
3433 767 3579 812 recta

2008 847 2343 904 discretione
2379 849 2774 921 cogitationum
2833 848 2887 903 in
2939 848 3170 913 tlieoria,
3201 854 3255 903 et
3304 846 3579 900 actionum

2010 939 2062 993 in
2098 941 2274 1010 praxi.
2320 940 2588 997 Discretio
2631 940 2750 995 lucc
2801 954 2911 994 non
2954 939 3227 1011 permittit
3269 938 3322 992 in
3372 936 3581 991 tlicoria

2009 1030 2231 1100 quidem
2275 1039 2583 1086 creaturam
2627 1046 2740 1102 prae
2786 1030 2898 1086 Deo
2935 1043 3291 1102 cognoscere,
3324 1030 3377 1083 in
3426 1027 3581 1097 praxi

2011 1132 2193 1179 autem
2226 1132 2535 1180 creaturam
2569 1140 2681 1195 prie
2710 1124 2971 1180 Creatore
2997 1123 3247 1179 adorare.

2082 1293 2246 1349 Vens.
2278 1293 2367 1349 29.
2406 1294 2641 1350 Ornatus
2681 1250 3104 1349 adoles.centibus
3144 1294 3449 1363 sapientia;
3476 1293 3585 1361 glo-

2014 1388 2096 1439 ria
2129 1394 2304 1440 autem
2336 1386 2605 1440 seniorum
2653 1387 2893 1441 canities.
2944 1384 3187 1441 Ornatus
3225 1384 3590 1454 iuvenescen-

2015 1477 2163 1531 tibus
2203 1476 2375 1547 gratia
2424 1476 2706 1532 novatrice
2753 1476 2997 1547 Spiritus
3039 1476 3237 1540 sancti,
3275 1476 3588 1532 aretissima

2016 1579 2101 1624 est
2146 1570 2278 1624 unio
2324 1568 2392 1623 ad
2446 1568 2640 1623 Deum.
2686 1567 2870 1623 Gloria
2918 1578 3097 1624 autem
3141 1568 3587 1623 conversantium

2019 1660 2319 1716 secundum
2359 1660 2698 1730 antiquatum
2737 1659 3034 1730 Scriptura:
3069 1660 3318 1723 verbum,
3355 1659 3589 1728 abjectio

1946 1732 2099 1807 Best
2154 1752 2456 1822 nigredinis
2513 1753 2763 1821 corporis
2825 1753 3171 1821 passionum.
3229 1751 3588 1822 Antiquatum

2016 1842 2159 1896 enim
2205 1842 2473 1911 scriptum
2507 1857 2601 1897 eos
2628 1843 2721 1912 qui
2763 1842 3061 1897 secundum
3094 1842 3227 1898 illud
3254 1857 3591 1898 conversan-

2018 1944 2107 1988 tur
2153 1949 2183 1988 a
2227 1936 2584 2005 passionibus
2637 1937 2767 1992 totis
2820 1936 3029 1991 viribus
3069 1943 3304 1991 amovet.
3354 1935 3592 2006 Spiritus

2016 2034 2197 2082 autem
2237 2028 2511 2085 iunovans
2558 2030 2841 2100 sapientiae
2883 2029 3068 2086 verbis
3107 2029 3495 2100 cogitationem
3540 2038 3593 2082 et

2017 2125 2199 2171 actum
2239 2132 2268 2171 a
2308 2119 2581 2175 creaturis
2630 2120 2826 2174 avertit
2875 2128 2929 2174 et
2981 2117 3047 2173 ad
3099 2116 3416 2174 Creatorem
3462 2132 3595 2172 cono

2016 2206 2203 2262 vertit.

2089 2297 2256 2354 Vens.
2289 2296 2378 2353 50.
2412 2297 2625 2354 Livores
2669 2308 2717 2354 et
2763 2300 3107 2354 contritiones
3147 2306 3433 2354 occurrunt
3477 2314 3592 2350 ma-

2019 2390 2084 2444 lis
2108 2405 2127 2443 :
2156 2390 2330 2462 plaga:
2376 2400 2550 2444 autem
2591 2391 2645 2444 in
2684 2401 2889 2445 secreta
2933 2393 3143 2447 ventris.
3184 2389 3432 2445 Visibilia
3468 2404 3593 2443 cor-

2019 2481 2169 2551 poris
2206 2482 2478 2553 supplicia
2523 2490 2577 2536 et
2623 2482 2926 2538 invisibiles
2970 2483 3165 2538 animae
3208 2480 3595 2543 contritiones,

2018 2588 2116 2642 per
2142 2574 2579 2629 voluntariorum
2607 2574 2857 2629 laborum
2891 2575 3175 2645 impetum,
3196 2573 3594 2644 superveniunt

2018 2665 2162 2719 male
2209 2663 2687 2719 conversantibus.
2746 2662 2963 2719 Stimuli
3015 2672 3196 2720 autem
3245 2663 3595 2719 conscientia:

2020 2754 2076 2808 in
2104 2751 2376 2823 profunda
2408 2752 2760 2823 cogitationis
2792 2768 3011 2809 eormn.

2638 2843 2799 2900 CAP.
2841 2839 2979 2898 XXI.

2091 2929 2256 2987 Vens.
2308 2932 2360 2986 1.
2415 2931 2567 2988 Sicut
2615 2933 2839 2996 impetus
2878 2948 3050 3003 aqum,
3083 2934 3160 2986 ita
3222 2948 3312 2987 cor
3356 2933 3491 3007 regis
3543 2933 3600 2986 iu

349 3041 497 3110 χειρὶ
520 3022 670 3095 Θεοῦ
690 3058 704 3073 ·
734 3037 807 3098 οὗ
836 3042 944 3097 ἐὰν
973 3044 1121 3113 θέλῃ
1157 3043 1371 3099 νεῦσαι
1418 3043 1658 3099 ἔκλινεν
1703 3045 1916 3112 αὐτήν.

2034 3039 2187 3077 manu
2217 3022 2353 3087 Dei;
2404 3039 2712 3094 quocunque
2753 3024 2976 3078 voluerit
3018 3024 3254 3088 innuero,
3285 3024 3413 3077 illuc
3449 3024 3602 3077 indic

352 3134 565 3204 Ὠσπερ
591 3133 691 3205 τὴν
731 3134 824 3188 τοῦ
855 3132 1047 3198 ὕδατος
1107 3137 1281 3208 φορὰν
1300 3138 1329 3189 ὁ
1354 3137 1612 3208 ὀχετηγὸς
1645 3137 1768 3205 ἄγει
1790 3138 1920 3192 ἔνθα

350 3224 446 3277 καλ⁵
474 3223 741 3294 βούλεται,
782 3226 927 3280 οὕτω
959 3226 1056 3280 καὶ
1088 3229 1121 3298 ἡ
1156 3228 1634 3300 παντοκρατορικὴ
1657 3227 1751 3280 τοῦ
1783 3228 1918 3282 Θεοῦ

348 3316 601 3388 δύναμις,
636 3317 735 3389 τὴν
756 3318 932 3396 ψυχὴν
961 3319 1055 3372 τοῦ
1087 3318 1459 3389 βασιλεύοντος
1484 3319 1587 3373 εἴτ’
1615 3319 1921 3391 ἀνθρώπων

350 3406 462 3460 εἴτε
486 3408 697 3473 παθῶν,
726 3411 881 3481 φέρει
909 3411 987 3474 ὠς
1040 3408 1189 3480 αὐτῷ
1210 3409 1329 3479 Θεῷ
1363 3410 1620 3479 βουλητὸν
1642 3426 1657 3442 ·
1693 3412 1793 3481 τὴν
1822 3412 1922 3481 μὲν

349 3498 445 3552 τοῦ
469 3499 796 3569 κρατοῦντος
807 3501 1131 3573 ἀνθρώπων,
1154 3502 1233 3562 είς
1248 3501 1409 3554 τινῶν
1430 3501 1530 3571 μὲν
1559 3501 1920 3571 συμπάθειαν,

351 3592 556 3662 ἑτέρων
568 3591 625 3645 δὲ
654 3593 922 3664 τιμωρίαν
942 3590 1165 3647 κινοῦσα
1183 3606 1198 3621 °
1235 3592 1370 3660 πρὸς
1392 3590 1454 3645 τὸ
1482 3594 1760 3662 συμφέρον
1788 3592 1924 3648 πάν-

348 3700 458 3747 τως
510 3683 746 3753 ὲκάστῳ,
802 3683 906 3737 κᾶν
959 3684 1033 3755 μὴ
1094 3684 1231 3755 πρὸς
1255 3683 1415 3737 τοῦτο
1445 3684 1575 3746 ἴσως
1614 3683 1643 3735 ὁ
1672 3680 1924 3751 βασιλεὺς

351 3774 523 3826 ταῦτα
544 3776 694 3844 ποιῇ,
727 3772 844 3828 ἀλλ’
900 3774 1006 3829 ὑπὸ
1035 3774 1247 3837 εὐνοίας
1298 3774 1331 3845 ἢ
1376 3773 1568 3843 μίσους
1596 3772 1885 3844 ἑλκόμενος
1907 3790 1921 3805 ·

349 3865 451 3937 τὴν
490 3865 550 3919 δὲ
602 3865 698 3919 τοῦ
757 3865 947 3920 παθῶν
998 3866 1378 3937 κυριεύοντος,
1432 3863 1743 3936 ποδηγοῦσα
1788 3864 1926 3934 πρὸς

352 3959 479 4021 τοὺς
530 3954 948 4020 λυσιτελοῦντας
997 3955 1148 4028 αὑτῷ
1196 3955 1411 4026 λόγους,
1471 3953 1505 4023 ἢ
1558 3953 1793 4025 τρόπους
1816 3951 1925 4008 τῶν

352 4049 582 4121 ἀρετῶν.

426 4143 489 4213 β’.
515 4141 643 4209 Πᾶς
671 4143 830 4213 ἀνὴρ
860 4142 1135 4213 φαίνεται
1158 4138 1351 4205 ἐαυτῷ
1416 4138 1671 4205 δίκαιος·
1718 4154 1928 4193 κατευ-

345 4234 516 4288 θύνει
552 4234 620 4287 δὲ
646 4232 898 4303 καρδίας
926 4236 959 4289 ό
988 4233 1224 4301 Κύριος.
1257 4233 1354 4294 Ὃς
1384 4229 1452 4284 ἂν
1482 4229 1592 4283 τῶν
1622 4227 1929 4299 ἀνθρώπων

355 4322 456 4394 τὴν
480 4325 623 4378 κατά
691 4327 888 4397 νόμους
947 4325 1126 4389 θείους
1177 4323 1369 4395 ἕληται
1396 4320 1695 4384 πολιτείαν,
1734 4320 1928 4385 ὁρᾶται

361 4416 461 4487 μὲν
489 4416 797 4488 ἀνθρώποις
842 4420 970 4491 παρ’
1012 4418 1190 4488 ἑαυτῷ
1220 4418 1509 4488 ἄμεμπτος
1532 4429 1547 4446 ⁶
1566 4416 1595 4468 ὁ
1622 4413 1682 4468 δὲ
1712 4414 1931 4468 πάντων

352 4507 636 4579 Δεσπότης
656 4508 808 4576 Θεὸς,
830 4510 1087 4581 προνοίας
1101 4510 1282 4578 λόγοις
1304 4509 1399 4562 καὶ
1416 4507 1673 4579 κρίσεως,
1691 4507 1936 4576 ἀπαρεγ-

358 4600 559 4664 κλίτως
587 4600 723 4671 πρὸς
742 4600 804 4654 τὸ
831 4601 1035 4670 ἀγαθὸν
1080 4600 1288 4655 ὁδεύειν
1312 4596 1727 4670 παρασκευάζει
1753 4598 1933 4651 πᾶσαν

356 4690 534 4762 ψυχὴν
552 4688 651 4763 τὴν
672 4690 885 4754 τούτοις
905 4691 1195 4746 ἐθέλουσαν
1216 4692 1473 4747 ἔπεσθαι.

428 4783 500 4852 γ’.
528 4783 734 4837 Ποιεῖν
754 4781 979 4846 δίκαια,
1004 4783 1103 4837 καὶ
1132 4783 1474 4851 ἀληθεύειν,
1506 4781 1732 4849 ἀρεστά
1775 4780 1936 4849 παρὰ

362 4872 483 4940 Θεῷ
514 4873 773 4944 μᾶλλον,
814 4875 853 4942 ἢ
887 4872 1114 4928 θυσιῶν
1141 4870 1305 4942 alita.
1332 4874 1407 4927 Τὸ
1428 4872 1690 4944 πράττειν
1710 4871 1809 4935 τὰς
1839 4871 1936 4925 τοῦ

359 4965 494 5021 Θεοῦ
533 4966 778 5032 ἐντολὰς,
831 4966 1013 5020 καὶτὸ
1065 4967 1364 5035 προσάγειν
1411 4963 1586 5034 τούτῳ
1645 4961 1937 5033 ὁμολογίαν

360 5059 558 5130 ἀληθῆ,
590 5059 861 5130 εύάκρεστά
888 5059 1026 5110 είσιν
1052 5056 1200 5126 αύτῷ
1223 5058 1370 5128 ’ὑπὲρ
1398 5055 1459 5109 τὸ
1491 5054 1733 5124 νομικῶς
1767 5069 1938 5124 προσ-

360 5153 627 5222 αγόμενον
652 5154 783 5223 παρ’
819 5149 1089 5206 Ἰουδαίων
1110 5144 1250 5220 αἷμα
1277 5147 1384 5201 τῶν
1407 5147 1628 5203 θυσιῶν
1703 5146 1938 5217 ιβΈλεον

360 5248 490 5316 γὰρ,
522 5246 675 5317 φησὶ,
707 5245 863 5307 θέλω,
891 5246 985 5297 καὶ
1002 5245 1064 5298 οὐ
1096 5241 1311 5297 θυσίαν.
1342 5261 1361 5291 s

431 5416 930 5487 δ’.Μεγα.ίόρρων
971 5417 1063 5486 ἐφ’
1120 5418 1300 5485 ὕϐρει,
1359 5416 1818 5485 θρασυκάρδιος.
1880 5417 1938 5467 ’0

363 5508 506 5580 μέγα
539 5510 873 5581 κεκτημένος
898 5510 1171 5581 φρόνημα,
1206 5513 1264 5562 ἐν
1291 5510 1368 5579 τῷ
1394 5510 1671 5580 ύπερορᾷν
1707 5509 1805 5580 μὲν
1830 5508 1938 5562 τῶν

434 5692 453 5719 ²
484 5688 643 5743 Osee.
679 5706 749 5751 vr,
777 5689 841 5753 li;
876 5687 1068 5741 Matth.
1104 5703 1197 5751 xu,
1227 5686 1276 5737 7.

2027 3130 2155 3167 nare
2194 3113 2353 3167 illud.
2394 3112 2870 3179 Quemadmodum
2911 3129 3069 3184 aquae
3109 3114 3305 3168 ductor
3339 3114 3601 3183 impetum

2028 3220 2183 3275 aqua:
2228 3204 2317 3259 ubi
2359 3205 2472 3259 vult
2518 3204 2728 3275 dirigit,
2772 3206 2843 3258 ita
2886 3216 2939 3260 et
2984 3206 3331 3277 omnipotens
3362 3204 3457 3259 Dei
3499 3206 3600 3265 vis.

2030 3298 2267 3352 animam
2301 3297 2541 3367 regentis
2577 3296 2699 3352 sive
2730 3298 3011 3363 homines,
3043 3296 3158 3352 sive
3191 3298 3502 3367 passiones,
3539 3295 3604 3348 ad

2032 3388 2127 3443 Dei
2171 3388 2571 3457 beneplacitum
2625 3389 2920 3460 gubernat,
2955 3390 3197 3443 animam
3247 3388 3470 3458 quidem
3521 3403 3608 3440 re-

2031 3480 2212 3550 gentis
2262 3479 2535 3543 homines,
2580 3481 2649 3535 ad
2696 3480 3105 3537 miserationem
3157 3481 3490 3550 aliquorum,
3539 3480 3606 3535 ad

2031 3584 2252 3640 poenam
2297 3570 2529 3625 aliorum
2575 3571 2871 3635 movendo,
2903 3571 2974 3625 ad
3019 3571 3298 3641 propriam
3344 3571 3607 3626 uniuscu-

2028 3662 2230 3732 jusque
2262 3661 2574 3727 utilitatem,
2613 3662 2864 3732 quamvis
2899 3661 3037 3717 l‘orte
3065 3662 3207 3718 hanc
3240 3677 3331 3718 res
3375 3678 3485 3716 non
3523 3663 3607 3716 iu-

2034 3751 2239 3818 tendat,
2267 3752 2361 3807 sed
2397 3760 2521 3823 agat
2543 3751 2947 3817 benevolentia,
2971 3751 3054 3805 vel
3086 3750 3213 3806 odio
3239 3760 3458 3817 motus;
3492 3753 3604 3804 ani-

2034 3856 2178 3896 mam
2212 3849 2394 3897 autem
2426 3841 2780 3911 passionibus
2817 3840 3159 3897 dominantis
3200 3840 3512 3895 inducendo
3553 3842 3609 3896 in

2035 3947 2319 3989 sermones
2348 3941 2443 3991 aut
2474 3933 2739 3988 virtutum
2772 3932 3021 3988 instituta
3054 3932 3159 4003 ipsi
3186 3931 3503 4010 profutura.

2112 4112 2274 4167 Vens.
2310 4112 2595 4170 2..0mnis
2644 4113 2725 4167 uir
2770 4112 2978 4167 videtur
3024 4114 3127 4168 sibi
3168 4113 3384 4184 justus;
3430 4115 3611 4187 dirigit

2039 4213 2211 4258 autem
2249 4202 2413 4258 corda
2446 4202 2729 4258 Dominus.
2759 4202 2950 4260 Omnis
2983 4204 3144 4260 homo
3172 4207 3262 4274 qui
3284 4205 3439 4275 juxta
3466 4206 3613 4277 leges

2038 4295 2253 4352 divinas
2310 4294 2791 4349 conversationem
2851 4303 2937 4349 est
3006 4295 3334 4365 amplexus,
3394 4295 3614 4352 videtur

1966 4387 2019 4477 Di
2037 4386 2258 4458 quidem
2300 4384 2619 4439 hominibus
2663 4399 2695 4438 a
2740 4383 2924 4454 seipso
2957 4386 3288 4454 inculpatus.
3331 4382 3476 4441 Deus
3513 4399 3612 4439 au-

2030 4487 2143 4533 tem
2197 4478 2580 4534 universorum
2626 4477 2911 4542 Dominus,
2959 4478 3251 4549 prudentia
3295 4486 3349 4533 et
3398 4478 3610 4533 discre-

2036 4575 2182 4629 tione
2226 4587 2441 4627 omnem
2488 4571 2727 4626 animam
2764 4571 2832 4626 iis
2868 4570 3099 4641 obsequi
3144 4570 3415 4626 volentem
3455 4581 3615 4642 parat

2036 4667 2102 4722 ad
2138 4678 2283 4722 recte
2315 4666 2713 4722 ambulandum
2748 4666 2802 4720 in
2838 4665 2923 4719 via
2956 4664 3207 4720 virtutis.

2109 4759 2273 4815 Vsus.
2317 4759 2371 4813 5.
2431 4757 2632 4813 Facere
2668 4757 2823 4828 justo
2869 4768 2919 4812 et
2969 4772 3205 4812 ueracem
3248 4773 3378 4825 esse,
3413 4758 3618 4826 placita

2038 4865 2159 4911 sunt
2197 4855 2335 4923 apud
2372 4853 2541 4908 Deum
2581 4854 2750 4923 magis
2796 4868 2957 4923 quam
2997 4854 3331 4906 victimarum
3376 4855 3611 4923 sanguis.

2041 4945 2292 5000 Mandata
2326 4944 2416 4999 Dei
2460 4945 2707 5015 implere,
2748 4944 2937 5013 illique
2977 4960 3161 5000 veram
3197 4944 3443 5013 proferre
3484 4960 3618 5000 con-

2042 5026 2374 5103 lessionem',
2432 5038 2605 5107 magis
2664 5034 2807 5107 apud
2855 5050 2979 5091 eum
3033 5036 3232 5107 placita
3275 5044 3405 5092 sunt
3451 5051 3614 5105 quam

2040 5135 2387 5188 victimarum
2444 5133 2698 5201 legalium
2752 5131 2977 5201 sanguis
3028 5146 3055 5184 a
3115 5130 3317 5188 ludatis
3372 5131 3613 5186 oblatus.

2041 5225 2181 5280 Dicit
2220 5227 2362 5280 enim
2402 5244 2415 5278 :
2453 5244 2470 5276 s
2503 5224 2935 5280 Misericordiam
2979 5224 3124 5289 volo,
3157 5233 3210 5278 et
3251 5238 3357 5277 non
3399 5223 3613 5278 sarriti-

2041 5319 2186 5372 cium
2218 5320 2258 5371 ’.
2301 5337 2319 5369 ι

2115 5411 2285 5467 Vens.
2332 5412 2385 5466 4.
2439 5409 2633 5480 Magna
2681 5409 2887 5478 sapiens
2936 5410 2989 5463 in
3032 5405 3389 5468 contumelia,
3440 5405 3622 5457 audax

2042 5505 2213 5560 corde.
2259 5504 2359 5571 Qui
2394 5518 2649 5573 magnum
2681 5502 2839 5558 habet
2870 5500 3113 5555 animum
3153 5497 3283 5553 dum
3321 5494 3448 5549 vilia
3493 5492 3625 5569 qus-
