3950 6206
210 337 337 409 1433

1188 344 1728 411 COMMENTARII
1781 348 1865 410 IN
1908 326 2366 415 PROVERBIA.

3324 348 3463 418 1434

207 458 474 530 θρωπενης
523 460 740 529 φύσεως
803 457 1031 525 ἀσθενὲς
1097 463 1157 516 ἑν
1213 462 1293 533 τῷ
1336 463 1771 519 ἀκολασταίνοντι

1891 464 2062 522 fratre
2108 468 2354 538 seipsum
2387 476 2708 539 cognoscet;
2745 467 2841 524 sed
2891 465 3115 524 fratrem
3171 484 3279 523 non
3308 470 3459 539 juilio

204 549 407 621 ἀδελφῷ
432 550 797 619 ἐπιγνώσεται
816 550 883 607 τὰ
898 551 1093 606 ἑαυτοῦ
1112 568 1125 583 ·
1149 554 1246 608 καὶ
1272 555 1333 608 οὐ
1357 553 1771 626 καταγνώσεται

203 638 289 694 τοῦ
313 640 564 709 ἀδελφοῦ.

270 728 357 798 ιβ’.
391 727 594 783 Συνιεῖ
615 724 847 796 δίκαιος
879 724 1129 799 καρδίας
1163 724 1434 787 ἀσεϐὥνο
1471 732 1569 787 καί
1614 750 1771 803 φαυ-

200 819 336 881 λίζει
360 816 598 887 ἀσεϐεῖς
620 820 691 874 ἐν
724 812 952 887 κακοῖς.
986 824 1262 877 Κατανοεί
1283 825 1312 877 ὁ
1332 816 1647 895 ἀμέμπτως
1673 844 1772 879 πο-

201 912 557 982 λιτευόμενος,
585 913 713 977 τοὺς
742 908 903 984 μὴ’δΰ
928 908 1293 984 ἀγαθοεργίας
1311 915 1588 985 τιμῶντας
1616 910 1772 982 Θεὸν,

201 996 339 1067 ὅπως
363 1002 505 1057 κατὰ
525 1003 706 1074 ψυχὴν
738 1003 928 1067 κακῶς
961 1003 1148 1075 ἔχουσι
1169 1021 1183 1035 ·
1221 1006 1315 1058 καὶ
1344 1004 1612 1076 διελέγχει
1643 1003 1772 1059 ratio

198 1106 320 1159 τους
365 1097 423 1147 ὲν
449 1097 561 1158 τοῖς
613 1093 945 1164 παραλόγοις
993 1093 1178 1165 ἔργοις
1214 1095 1429 1148 αὐτῶν·
1471 1095 1547 1159 ὡς
1582 1095 1648 1149 ἂν
1682 1096 1774 1149 τὸν

198 1186 390 1241 οἰκεῖον
412 1174 815 1256 διορθώσωνται
856 1184 992 1257 βίον,
1017 1185 1114 1241 καὶ
1143 1185 1245 1256 τῆς
1268 1186 1494 1241 αἰωνίου
1531 1184 1775 1260 ῥυσθῶσι

198 1273 489 1339 κολάσεως.

267 1365 354 1436 ιγ’.
398 1368 503 1434 ⁸ος
546 1366 814 1436 φράσσει
865 1366 939 1421 τὰ
990 1359 1115 1422 ὦτα
1147 1367 1254 1423 τοῦ
1291 1365 1381 1439 μὴ
1438 1369 1776 1426 ἐπακοῦσαι

196 1457 511 1525 ἀσθενοῦς,
536 1458 637 1513 καί
659 1458 842 1525 αὐτὸς
871 1458 1311 1527 ἐπικαλέσεται,
1340 1459 1440 1515 καί
1461 1463 1574 1515 οὐκ
1604 1462 1776 1517 ἔσται

196 1551 229 1603 ό
254 1550 601 1602 είσακούων.
643 1550 737 1613 Ὃς
764 1547 863 1619 τῷ,
894 1549 1005 1602 εῐτε
1050 1551 1193 1604 κατὰ
1234 1551 1415 1621 σῶμα,
1471 1551 1586 1605 εἴτε
1634 1553 1778 1606 κατὰ

193 1640 366 1711 ψυχὴν
407 1640 594 1704 κακῶς
629 1639 828 1711 ἔχοντι,
855 1640 949 1694 καὶ
986 1640 1237 1712 βοηθείας
1276 1641 1378 1712 τῆς
1408 1642 1627 1696 οίασοῦν
1655 1643 1774 1696 δεο-

197 1730 362 1801 μένῳ,
384 1730 461 1800 μὴ
484 1730 919 1801 ὲπικάμπτεται,
946 1731 1017 1784 τὰ
1035 1731 1198 1802 ὃμοια
1220 1732 1315 1785 καὶ
1336 1732 1499 1795 αὐτὸς
1525 1731 1775 1785 πείσεται

193 1797 460 1893 δεόμενος-
480 1824 539 1876 ἐν
567 1797 858 1890 ἀνάγκαις,
900 1823 996 1876 καὶ
1140 1814 1540 1895 εὑρίσκων“τδν
1574 1823 1775 1897 βοηθή-
1804 1797 1848 1851 Β

195 1930 381 1969 σοντα’
417 1913 517 1967 οὐκ
555 1914 791 1967 ὲλεεῖται
815 1915 949 1983 γὰρ,
981 1914 1170 1984 ἐπειδὴ
1197 1913 1272 1984 μὴ
1305 1912 1561 1984 ἠλέησεν.

266 1999 347 2055 ιδ’.
377 2000 549 2065 Αόσις
586 1998 852 2068 λάθριος,
885 1999 1205 2068 ἀνατρέπει
1235 1999 1434 2070 ὀργάς.
1469 1999 1776 2063 Μετάδοσις

193 2089 492 2163 χρημάτων
526 2086 817 2163 ἀνθρώπου
863 2088 1009 2155 τινὸς
1047 2086 1308 2162 λεληθυῖα
1372 2089 1510 2164 πρὸς
1581 2090 1774 2162 δεομέ-

192 2201 333 2249 νους,
354 2182 709 2239 καταλλάττει
752 2183 914 2238 αὐτὸν
945 2181 1085 2254 Θεῷ,
1129 2178 1269 2254 ὑπὲρ
1299 2175 1376 2239 ὧν
1409 2183 1601 2238 τοῦτον
1635 2200 1777 2255 παρ-

191 2275 415 2346 ώργισε,
444 2276 544 2338 τὰς
573 2270 736 2329 αὑτοῦ
765 2268 1016 2348 παραϐὰς
1043 2274 1283 2337 ἐντολάς.

263 2365 471 2435 Δώρων
495 2365 562 2419 δὲ
593 2368 627 2419 ό
650 2365 1023 2435 φειδόμενος.
1049 2364 1241 2433 θυμὸν
1260 2358 1470 2431 ἐγείρει
1494 2362 1771 2433 ἰσχυρόν.

203 2457 263 2510 '0
288 2456 343 2510 δὲ
366 2456 453 2510 διὰ
474 2449 766 2526 φειδωλίαν
789 2454 865 2526 μὴ
898 2454 1210 2525 μεταδιδοὺς
1238 2457 1351 2518 τοῖς
1378 2450 1641 2525 χρῄζουσι
1671 2452 1775 2508 τῶν

193 2546 407 2614 ἑαυτοῦ,
428 2547 679 2618 μεγάλως
697 2545 1023 2616 παροργίζει
1038 2545 1172 2600 Θεὸν
1190 2561 1204 2574 ·
1228 2545 1308 2600 ὅτι
1328 2533 1548 2617 χρῄζων
1564 2542 1770 2611 ἐλέους,

196 2640 273 2715 μὴ
299 2640 437 2694 ἐλεεῖ
460 2640 589 2704 τοὺς
626 2638 809 2704 ἐλέους
834 2637 1043 2703 ἀξίους.

264 2817 345 2868 ιε’.
381 2812 745 2882 [εὐφροσύνη
777 2809 1045 2876 δικαίων,
1074 2808 1268 2864 ποιεῖν
1293 2808 1493 2879 κρῖμα.
1519 2808 1773 2877 Πνευμα-

192 2905 316 2975 τική
349 2905 496 2958 ἐστιν
526 2900 845 2972 ἀγαλλίασις
871 2900 979 2953 τῶν
1004 2899 1145 2953 κατὰ
1176 2899 1376 2969 νόμους
1405 2897 1581 2962 θείους
1616 2896 1773 2951 πολι-

189 2994 524 3065 τευομένων,
569 2992 832 3064 πράττειν
862 2991 922 3045 τὸ
966 2992 1107 3049 κατὰ
1134 2991 1294 3060 λόγον
1326 2989 1514 3062 κριθὲν
1545 2990 1767 3058 ἀγαθόν.

1875 559 2046 614 cabit.

1946 738 2115 795 Vens.
2150 738 2239 794 i2.
2300 737 2569 811 Intelligit
2626 737 2808 809 justus
2858 739 3023 792 corda
3069 737 3353 806 impiorum
3409 747 3460 794 et

1875 820 2149 900 vilipendit
2188 829 2379 900 impios
2404 829 2459 884 in
2510 828 2674 885 malo.
2707 829 3035 884 Considerat
3064 830 3157 901 qui
3183 830 3460 900 inculpate

1875 929 2258 989 conversatur,
2283 937 2378 979 eos
2418 922 2512 993 qui
2550 937 2646 993 per
2678 922 2822 976 bona
2877 938 3043 992 opera
3076 923 3259 978 colere
3291 922 3459 977 Deunt

1876 1014 2430 1084 recusantquomodo
2447 1014 2629 1084 quoad
2660 1013 2900 1067 animam
2934 1014 3076 1068 male
3107 1030 3166 1069 se
3195 1015 3459 1079 habeant,

1875 1103 2112 1174 illosque
2130 1101 2412 1175 redarguit
2430 1105 2483 1157 in
2506 1103 2926 1158 irrationalibus
2951 1104 3210 1173 operibus
3240 1120 3454 1171 eorum,

1876 1204 1938 1250 ut
1971 1194 2246 1265 propriam
2283 1193 2578 1250 emendant
2616 1195 2782 1250 vitam
2813 1232 2831 1261 ,
2889 1202 3275 1265 aeternumque
3320 1194 3456 1251 cliu-

1876 1288 2029 1358 giant
2066 1280 2420 1356 supplicium.
2738 1291 2743 1295 ’

1948 1374 2116 1433 Vens.
2152 1378 2239 1431 15.
2268 1376 2374 1443 Qui
2415 1375 2625 1430 obturat
2658 1387 2839 1430 aurem
2862 1387 3016 1430 suam
3048 1374 3118 1428 ad
3169 1374 3459 1429 clamorem

1874 1469 2144 1538 pauperis,
2173 1476 2222 1521 et
2253 1467 2360 1535 ipse
2380 1464 2657 1533 clamabit,
2693 1470 2743 1520 et
2786 1483 2888 1520 non
2946 1464 3284 1520 exaudiatur.
3354 1466 3458 1533 Qui

1879 1558 2023 1612 male
2052 1572 2178 1613 sese
2202 1556 2455 1612 habentis
2484 1556 2603 1612 sive
2643 1554 2826 1626 quoad
2889 1569 3092 1623 corpus
3122 1556 3238 1611 sive
3276 1554 3459 1626 quoad

1880 1651 2141 1713 animam,
2174 1654 2231 1703 et
2257 1662 2612 1718 quocumque
2637 1646 2942 1716 indigentis
2971 1647 3185 1703 auxilio
3214 1663 3325 1701 non
3351 1648 3456 1701 mi-

1879 1748 2114 1805 seretur,
2151 1740 2283 1794 talia
2312 1749 2365 1793 et
2386 1739 2504 1809 ipse
2540 1739 2800 1809 patietur.
2836 1723 2977 1793 Cum
3012 1738 3303 1809 indigebit,
3342 1755 3451 1793 non

1877 1830 2189 1886 invenietur
2237 1831 2332 1900 qui
2373 1845 2500 1885 eum
2550 1829 2800 1899 adjuvet.
2844 1828 2967 1885 Non
3018 1829 3458 1886 misericordiam

1876 1929 2266 1992 consequetur,
2299 1921 2432 1992 quia
2481 1920 2803 1991 misericors
2831 1936 2943 1974 non
2975 1920 3106 1977 fuit.

1946 2013 2114 2070 Υειιε.
2152 2013 2240 2068 14.
2268 2004 2465 2068 Munus
2490 2014 2753 2068 occultum
2786 2013 2975 2068 avertit
2998 2014 3131 2068 iras.
3162 2011 3267 2080 Qui
3309 2014 3457 2069 indi-

1875 2107 2138 2179 gentibus
2170 2106 2446 2162 occultam
2488 2105 2897 2177 eleemosynam
2933 2103 3086 2169 facit,
3131 2102 3240 2160 Deo
3263 2119 3460 2160 recon-

1875 2199 2098 2257 ciliatur
2120 2198 2450 2264 cujus’iram
2472 2195 2797 2266 provocavit
2829 2209 2926 2265 per
2954 2195 3457 2265 transgressionem

1876 2289 2289 2344 mandatorum.

1946 2372 2255 2431 Muneribus
2284 2383 2459 2429 autem
2482 2372 2574 2443 qui
2590 2372 2784 2441 parcit,
2810 2372 3043 2442 furerem
3067 2375 3297 2429 suscitat
3318 2375 3456 2429 cali-

1873 2468 2021 2523 dum.
2054 2466 2161 2533 Qui
2182 2473 2364 2521 autem
2395 2462 2468 2520 ob
2514 2464 2912 2535 parcimoniam
2948 2480 3058 2520 non
3081 2465 3171 2520 dat
3187 2481 3287 2521 sua
3316 2466 3457 2522 indi.

1873 2560 2152 2632 gentibus,
2174 2571 2505 2629 magnopere
2550 2553 2721 2610 Deum
2741 2556 2807 2611 ad
2829 2557 2965 2612 iram
2993 2568 3255 2629 provocat
3284 2576 3298 2614 :
3325 2561 3460 2631 quia

1875 2646 2257 2704 misericordia
2289 2663 2459 2718 egens
2489 2659 2602 2701 non
2640 2645 2937 2704 miseretur
2966 2663 3163 2705 eorum
3208 2651 3303 2721 qtti
3347 2649 3457 2705 ιιιὶ·

1874 2738 2178 2795 sericordia
2207 2746 2339 2794 sunt
2370 2738 2543 2812 digni.

1945 2831 2114 2886 Vitas.
2160 2830 2241 2886 l5.
2274 2830 2487 2889 Laetitia
2513 2835 2788 2906 iustorum
2811 2836 2988 2905 [acere
3014 2834 3300 2902 iudicium.
3332 2831 3455 2904 Spio

1874 2923 2097 2979 ritualis
2133 2934 2215 2980 est
2244 2926 2431 2982 laetitia
2459 2928 2763 2984 secundum
2801 2929 2896 2983 Dei
2931 2931 3077 2997 leges
3108 2942 3453 2983 conversan-

1876 3017 2047 3083 tibus,
2080 3015 2261 3073 iacere
2288 3020 2436 3088 quod
2472 3021 2615 3075 ratio
2649 3021 2852 3077 bonum
2881 3019 3172 3091 judicavit.

262 3079 473 3151 ‘Omoc
527 3082 615 3152 δὲ,
659 3081 997 3152 ἀκάθαρτος
1038 3084 1195 3151 παρὰ
1224 3082 1600 3152 κακούργοις.
1645 3080 1703 3134 '0
1728 3081 1771 3134 δ’

1949 3103 2183 3161 Sanctus
2231 3116 2408 3160 autem
2456 3109 2763 3163 immundus
2815 3079 2899 3162 es;
2937 3109 3077 3176 apud
3132 3107 3319 3161 malos.
3352 3105 3459 3173 Qui

189 3176 335 3232 οὕτω
384 3175 824 3246 πολιτευόμενος,
868 3175 931 3228 οὐ
984 3175 1270 3244 νομίζεται
1318 3172 1470 3245 παρά
1515 3175 1629 3238 τοῖς
1671 3173 1774 3243 τῆς

189 3270 391 3335 κακίας
418 3270 703 3342 ἐργάταις,
722 3270 901 3334 καλῶς
931 3270 993 3323 τδ
1024 3266 1188 3322 καλὸν
1211 3266 1611 3341 ἐργαζόμενοςο
1640 3266 1775 3322 ἀλλὰ

188 3360 258 3416 δι’
297 3360 822 3442 ἀνθρωπαρέσκξιαν
863 3356 1021 3419 τοῦτο
1066 3360 1160 3417 καὶ
1203 3361 1513 3430 κενοδοξίαν
1543 3361 1773 3430 ὑποκριο

187 3454 433 3526 νόμενος.

262 3541 360 3608 ις’.
413 3543 597 3612 Ἀνὴρ
639 3542 1033 3613 πλανώμενος
1067 3540 1137 3607 ἐξ
1179 3536 1323 3597 ὀδοῦ
1357 3541 1773 3608 δικαιοσύνης,

186 3633 252 3688 ὲν
288 3633 615 3703 συναγωγῇ
648 3632 942 3702 γιγάντων
972 3634 1411 3687 ἀναπαύσεται.
1450 3631 1775 3702 ’Ἄνθρωπος

187 3724 594 3795 ἐκτρεπόμενος
622 3723 724 3792 τῆς
751 3721 874 3776 κατ’
903 3721 1105 3794 ἀρετὴν
1133 3721 1344 3793 τρίϐου,
1376 3716 1512 3793 μετὰ
1542 3719 1651 3773 τῶν
1687 3738 1775 3789 φι-

185 3813 527 3886 λοσωμάτων
579 3812 1103 3885 συναυλισθήσεται·
1156 3815 1213 3866 ἐν
1265 3809 1347 3877 οἷς
1394 3814 1456 3866 τὸ
1500 3811 1592 3867 τοῦ
1637 3810 1773 3865 θεοῦ

185 3907 409 3977 πνεῦμα
437 3902 496 3960 οὐ
524 3906 842 3977 καταμενεῖ,
876 3906 963 3959 διὰ
986 3906 1044 3957 τὸ
1075 3901 1215 3958 εἶναι
1245 3905 1443 3969 αὐτοὺς
1474 3906 1700 3975 σάρκας.

265 4000 350 4064 ιζ’.
390 3995 569 4065 Ἀνὴρ
613 3992 829 4066 ἐνδεὴς
888 3995 1089 4066 ἀγαπᾴ
1125 3997 1536 4066 εὐφροσύνην,
1581 3992 1776 4064 φιλῶν

138 4128 142 4132 ι
186 4087 360 4146 οἶνον
413 4089 515 4145 καί
567 4089 777 4144 ἔλαιον
816 4091 904 4156 είς
950 4089 1238 4144 πλοῦτον.
1293 4091 1350 4142 ’0
1397 4089 1774 4158 πνευματικῆς

186 4180 411 4256 χρῄζων
436 4181 665 4254 τροφῆς,
693 4179 792 4253 τὴν
840 4181 984 4235 κατὰ
1014 4179 1193 4251 ψυχὴν
1234 4180 1392 4233 ποθεῖ
1422 4179 1769 4249 ἁγαλλίασιψ

184 4273 571 4344 ἀσπαζόμενος
596 4271 857 4342 δαψιλῶς,
888 4272 983 4326 τόν
1024 4289 1085 4324 τε
1111 4271 1268 4341 δίκην
1302 4270 1448 4326 οἴνου
1482 4272 1774 4325 στυπτικὸν

183 4367 327 4436 πρὸς
354 4364 530 4434 φυγὴν
559 4364 658 4434 τῆς
686 4361 887 4429 κακίας
931 4364 1073 4417 θεῖον
1120 4363 1305 4433 φύσον,
1348 4365 1442 4417 καὶ
1485 4364 1575 4417 τὸν
1616 4364 1773 4434 δίκην

1878 3204 2060 3254 autem
2101 3205 2297 3254 sancte
2322 3210 2706 3265 conversatur,
2733 3200 2802 3255 ab
2837 3200 3183 3270 iniquitatem
3217 3214 3456 3269 operan-

1860 3288 2028 3345 'tibus
2057 3306 2165 3346 non
2201 3291 2436 3347 habetur
2480 3292 2615 3347 bene
2644 3293 2849 3347 bonum
2872 3307 3061 3362 agere,
3096 3292 3191 3346 sed
3256 3292 3461 3362 lingere

1878 3390 1939 3438 ttt
1966 3384 2260 3456 p0pulares
2292 3399 2458 3440 auras
2488 3393 2668 3455 captet
2708 3393 2763 3440 et
2800 3384 2871 3440 ob
2904 3399 3096 3438 vanam
3126 3383 3384 3454 gloriam.

1951 3550 2120 3611 Vens.
2151 3554 2241 3610 16.
2283 3554 2377 3609 Vir
2408 3571 2597 3609 errans
2630 3572 2662 3608 a
2687 3555 2771 3611 ria
2791 3554 3045 3623 iustitiae,
3077 3554 3130 3608 in
3188 3568 3459 3625 synagoga

1877 3648 2155 3718 gigantum
2187 3647 2491 3716 requiescet.
2514 3644 2689 3699 Homo
2717 3659 2747 3697 a
2769 3644 2855 3698 via
2884 3644 3103 3699 virtutis
3133 3643 3457 3708 deﬂectens,

1879 3755 2003 3794 cum
2039 3740 2288 3809 corporis
2322 3737 2637 3791 amantibus
2661 3736 3122 3802 commorabitur,
3171 3736 3226 3789 in
3255 3737 3459 3807 quibus

1880 3845 1987 3886 non
2014 3837 2296 3900 permanet
2328 3826 2566 3900 Spiritus
2600 3825 2715 3893 Dei,
2750 3827 2880 3898 quia
2906 3838 3037 3881 caro
3077 3838 3224 3881 sunt.

1954 4002 2118 4057 Vens.
2140 4000 2225 4055 17.
2264 3999 2356 4054 Vir
2375 4017 2565 4070 egenus
2580 4009 2723 4053 amat
2744 3998 3011 4064 lwtitiam,
3037 3998 3259 4068 diligens
3282 3999 3457 4051 vinum

1876 4104 1924 4148 et
1956 4095 2128 4147 oleum
2160 4093 2229 4145 ad
2283 4093 2518 4146 divitias.
2564 4093 2665 4157 Qui
2701 4090 2975 4161 spirituali
3038 4090 3164 4143 cibo
3230 4089 3452 4159 indiget,

1883 4184 2230 4253 concupiscit
2272 4184 2468 4237 anima:
2496 4182 2763 4236 laetitiam.
2797 4179 2866 4235 Ut
2906 4180 3094 4234 vinum
3146 4181 3293 4249 large
3341 4195 3457 4232 azn-

1882 4277 2155 4347 plectitur
2186 4276 2437 4330 timorem
2493 4272 2586 4328 Dei
2650 4276 2742 4343 qui
2789 4287 2817 4324 a
2854 4281 3080 4341 peccato
3142 4270 3363 4333 avertit,
3404 4279 3459 4323 et

1878 4368 2122 4423 divinum
2155 4366 2494 4423 desiderium
2531 4366 2678 4438 quod
2712 4365 2778 4419 ad
2811 4364 2988 4420 instar
3018 4363 3126 4418 olei
3160 4362 3215 4416 in
3240 4362 3459 4417 virtutis

183 4456 377 4510 ὲλαίου
415 4454 783 4526 ὑπαλείφοντα
806 4455 942 4529 πρὸς
961 4455 1225 4529 ἐργασίαν
1244 4454 1352 4509 τῶν
1376 4453 1602 4527 [καλῶν]
1630 4454 1771 4507 θεῖον

1891 4460 2253 4532 operationem
2284 4458 2539 4516 sublinit.

183 4546 374 4601 πόθον.

260 4637 352 4708 ιη’.
406 4637 821 4709 Περικὰθαρμα
869 4639 939 4693 δὲ
973 4640 1230 4705 δικαίου,
1279 4640 1524 4711 ἄνομος.
1568 4635 1776 4704 Ἐξίλαα-

186 4742 303 4804 σμα
335 4729 412 4793 δὲ,
447 4730 524 4794 ὡς
555 4729 617 4783 τὸ
662 4729 1057 4801 περικάθαρμα
1084 4733 1113 4785 ὁ
1151 4731 1383 4794 Ἀκύλας
1429 4729 1772 4801 ἡρμήνευκε,

183 4824 283 4878 τοῦ
319 4821 741 4893 πολιτευομένου
784 4820 928 4874 κατὰ
960 4821 1135 4884 θείους
1172 4820 1373 4887 νόμους
1410 4822 1579 4887 ἐστὶν,
1609 4821 1638 4873 ὁ
1669 4838 1775 4873 πα⁹

184 4914 505 4985 ραὸάτης...
540 4913 691 4966 ἐστὶν
735 4912 944 4965 αὐτῶν·
990 4907 1367 4975 ἑξιλεουμένου
1395 4910 1527 4964 Θεὸν
1570 4910 1768 4981 τούτῳ,

185 5005 247 5055 ὲν
279 5003 359 5073 τῷ
402 5002 741 5074 διορθοῦσθαι
770 5000 941 5055 αὑτοῦ
972 5004 1064 5053 τὸν
1098 4999 1233 5067 βίον,
1272 5001 1340 5052 δι’
1376 4993 1437 5053 οὗ
1466 4998 1600 5052 Θεὸν
1635 5017 1775 5071 παρ-

184 5092 457 5163 ὡργισεν’
492 5094 521 5145 ὁ
557 5093 667 5163 γὰρ
711 5090 858 5147 κατά
877 5087 1011 5144 Θεὸν
1037 5089 1170 5153 ζῶν,
1190 5088 1281 5141 τὸν
1310 5089 1386 5159 μὴ
1403 5086 1545 5141 οὕτω
1572 5086 1771 5151 ζῶντα,

182 5188 313 5246 ταῖς
342 5182 535 5237 ἑαυτοῦ
561 5185 920 5254 παραινέσεσι
939 5181 1230 5253 προσάγων
1254 5178 1394 5250 Θεῷ,
1413 5179 1773 5233 καταλλάττει

182 5274 380 5328 τοῦτον
410 5273 580 5343 αὐτῷ.

265 5364 353 5419 ιθ’.
382 5364 683 5434 Κρεῑσσον
720 5365 906 5419 οίκεῑν
939 5365 1009 5419 ἑν
1051 5362 1126 5433 γῇ
1165 5363 1384 5433 ἐρήμῳ,
1417 5362 1454 5431 ἢ
1479 5362 1632 5432 μετὰ
1668 5382 1772 5432 γυ-

184 5459 398 5526 ναικὸς
421 5458 690 5528 μαχίμου
716 5458 810 5513 καί
836 5459 1099 5527 ὀργίλου.
1130 5457 1342 5526 ’Ὥσπερ
1367 5456 1428 5507 τὸ
1454 5455 1632 5522 ἄζυγα
1653 5472 1774 5509 τινα

185 5550 336 5607 εἶναι
371 5553 467 5606 καὶ
504 5549 893 5623 μεμονωμένον
938 5551 1128 5612 οἰκεῖν,
1179 5548 1395 5603 κάλλιόν
1444 5552 1593 5603 ἐστιν
1633 5548 1772 5617 ὑπὲρ

185 5647 253 5699 τὸ
274 5648 542 5700 συνοικεῖν
573 5645 791 5713 γυναικὶ
809 5646 1058 5716 ὲριστικῇ
1087 5644 1210 5714 εἰκῆ
1242 5642 1595 5715 ὀργιζομένη,
1631 5639 1772 5692 οὕτω

186 5739 409 5796 κάλλιόν
462 5741 575 5794 ἐστι
630 5740 721 5794 καὶ
770 5739 843 5811 τῷ
881 5737 952 5810 νῷ
1007 5736 1158 5808 ἁτλιξ)
1194 5739 1247 5791 ὲν
1287 5735 1402 5806 9εῷ
1434 5737 1635 5806 μένειν,
1672 5732 1772 5799 ἔξω

1950 4638 2118 4696 Vens.
2154 4638 2244 4694 18.
2284 4638 2748 4709 Circumpurgetio
2773 4646 2925 4707 justo
2958 4637 3193 4707 iniquus.
3251 4633 3457 4706 Legum

1878 4732 1970 4787 Dei
2003 4743 2381 4801 transgressor
2410 4733 2697 4804 placamen
2722 4739 2808 4787 est
2837 4731 2853 4800 (
2879 4731 3069 4801 Aquila
3110 4733 3216 4782 circ
3235 4745 3456 4797 autpar-

1874 4826 2022 4895 gatio
2086 4824 2485 4895 interpretatus
2533 4822 2660 4891 est)
2708 4822 2829 4892 ejus
2859 4822 2954 4892 qui
3002 4821 3309 4876 secundum
3365 4835 3461 4873 eas

1874 4925 2254 4973 conversatur.
2281 4914 2452 4970 Deum
2489 4913 2692 4984 placat,
2730 4914 2900 4965 vitam
2930 4912 2984 4964 itt
3008 4910 3079 4965 iis
3115 4909 3459 4965 emendando

1814 5020 1821 5033 '
1874 5012 2077 5081 quibus
2094 5026 2218 5065 eum
2247 5008 2313 5063 ad
2340 5009 2473 5062 iram
2499 5007 2840 5078 provocavit.
2867 5004 3000 5058 Nam
3030 5003 3126 5073 qui
3151 5002 3457 5060 secundum

1878 5102 2047 5157 Deum
2081 5102 2214 5157 vivit
2241 5116 2367 5156 eum
2397 5101 2490 5170 qui
2524 5115 2632 5154 non
2668 5099 2742 5153 ita
2791 5107 3159 5153 conversatur
3216 5096 3458 5165 prOpriis

1875 5193 2358 5249 adhortationibus
2398 5191 2462 5247 ad
2495 5189 2667 5245 Deum
2699 5190 2856 5244 ducit
2909 5191 3074 5259 eique
3111 5189 3485 5245 reconciliat.~

1948 5372 2112 5426 Vens.
2152 5369 2233 5423 l9.
2268 5366 2461 5422 Metius
2493 5380 2570 5422 est
2598 5367 2839 5421 habitare
2864 5368 2917 5419 in
2938 5366 3143 5421 deserto
3164 5380 3318 5434 quam
3338 5379 3457 5417 eum

1876 5460 2094 5513 muliere
2129 5458 2311 5511 rixosa
2334 5466 2384 5512 et
2420 5456 2705 5511 iracunda.
2736 5453 3210 5521 Quemadmodum
3255 5450 3453 5504 melius

1874 5562 1958 5606 est
1996 5550 2245 5604 caelibem
2277 5564 2341 5602 ac
2367 5548 2543 5603 solum
2576 5561 2820 5610 manere,
2851 5561 3016 5616 quant
3048 5544 3302 5596 habitare
3324 5556 3451 5595 cum

1875 5644 2107 5697 muliere
2143 5642 2322 5695 risosa
2358 5650 2408 5693 et
2448 5639 2566 5694 sine
2606 5654 2772 5693 causa
2826 5638 3117 5701 irascente;
3167 5634 3237 5687 ita
3283 5633 3455 5687 satius

1878 5744 1960 5789 est
2018 5732 2073 5786 itt
2120 5736 2300 5787 mente
2330 5730 2566 5802 simplici
2599 5729 3070 5795 terrestribusque
3105 5726 3280 5782 soluta
3329 5736 3455 5777 runt
