3950 6206
247 222 377 292 Mil

1306 217 1831 279 COMMENTARII
1879 214 1950 273 1N
1992 215 2453 278 PROVERBIA.

3355 208 3494 274 1442

243 335 450 408 ἀρετάς
484 328 821 402 φῒλοπονίαν,
867 326 1006 382 κατὰ
1050 325 1111 379 τὸ
1145 324 1350 398 παρόν*
1394 325 1481 378 ἵνα
1529 327 1628 394 τῆς
1659 340 1807 376 πνευ·

1939 324 2082 383 bunt.
2115 326 2165 379 in
2201 324 2300 378 hac
2328 325 2461 386 vita,
2499 323 2634 379 utin
2663 321 2844 381 futura
2871 335 2992 383 cum
3051 319 3185 392 ipsis
3216 319 3491 391 spirituali

245 426 480 496 ματικῆς
523 422 866 495 εὐφροσύνης
898 420 1041 472 κατὰ
1084 419 1144 471 τὸ
1177 417 1373 490 μέλλον
1426 416 1649 480 ταύταις
1694 433 1815 470 συν·

242 518 648 574 απολαύσωσιν.

312 607 381 679 η’.
426 609 489 661 '0
526 606 790 672 σπείρων
837 602 1061 671 φαῦλα,
1094 602 1312 671 θερίσει
1355 600 1530 655 κακά.
1577 600 1635 653 '0
1684 599 1816 671 περὶ

239 700 299 753 τὶ
329 699 531 767 γεῶδες
565 698 782 768 σκῆνος,
814 696 972 768 δίκην
1008 695 1211 765 σπόρου
1247 694 1487 765 φαύλους
1520 694 1815 764 λογισμοὺς

242 789 620 854 καταϐάλλων,
678 788 935 861 δρέψεται
1005 787 1149 845 κατὰ
1211 785 1412 859 πρᾶξιν
1468 787 1566 857 τὴν
1629 787 1815 857 ἁμαρ-

239 884 383 937 τίαν.

310 970 563 1043 Πληγὴν
593 970 663 1025 δὲ
692 971 881 1040 ἔργων
908 969 1095 1027 αὐτοῦ
1116 969 1498 1025 συγ-τελέσει.
1530 969 1813 1040 Τιμωρίαν

238 1063 294 1117 δὲ
346 1063 434 1116 διὰ
488 1062 588 1126 τὰς
650 1062 894 1132 πονηρὰς
962 1062 1194 1134 πράξεις
1250 1061 1417 1116 αὐτοῦ
1479 1062 1812 1132 συγκομίσε-

237 1169 354 1208 ται.

314 1244 531 1316 Ἄνδρα
555 1247 769 1313 ίλαρὸν
794 1244 893 1299 καὶ
937 1243 1126 1312 δότην
1168 1243 1371 1313 ἀγαπᾷ
1401 1248 1434 1299 ὀ
1457 1246 1619 1313 Θεός.
1650 1247 1813 1314 Ἀγα-

239 1335 317 1404 πᾷ
347 1336 375 1391 ὀ
428 1334 563 1397 Θεὸς
608 1333 898 1404 ἄνθρωπον
932 1332 1101 1400 ὑγιῶς
1135 1331 1459 1403 φρονοῦντα,
1494 1333 1588 1389 καὶ
1642 1349 1811 1406 προσ-

236 1426 477 1495 φέροντα
507 1424 683 1496 τούτῳ
706 1426 851 1481 κατὰ
886 1424 1091 1497 πρᾶξιν
1115 1425 1214 1488 τὰς
1244 1425 1466 1495 ἀρετάς.

305 1515 686 1583 Ματαιότητα
716 1514 785 1569 δὲ
813 1512 1003 1584 ἔργων
1037 1514 1223 1569 αὑτοῦ
1258 1514 1635 1573 συν-τελέσει.
1662 1515 1734 1571 Τὸ
1755 1516 1811 1575 δὲ

237 1608 366 1676 περὶ
416 1606 485 1659 τὰ
525 1606 840 1677 πρόσκαιρα
876 1605 1163 1675 φιλόπονον
1196 1605 1387 1670 αὐτοῦ,
1419 1606 1602 1661 τέλεον
1642 1624 1810 1660 κατα-

235 1697 438 1750 παύσει
459 1714 472 1727 ·
507 1696 616 1750 ἀπὸ
649 1696 761 1750 τῶν
791 1696 1079 1768 παρόντων
1113 1696 1251 1769 πρὸς
1285 1696 1350 1750 τά
1389 1696 1658 1767 μέλλοντα
1690 1697 1809 1751 ὅλον

238 1788 614 1857 μεταϐιϐάσας
644 1788 733 1841 τὸν
759 1787 925 1841 πόθον
952 1787 1141 1842 αὑτοῦ.

307 1880 374 1934 0'.
425 1880 486 1934 Ὀ
540 1878 731 1934 ἐλεῶν
774 1881 1035 1949 πτωχὸν,
1085 1880 1263 1942 αὐτὸς
1320 1878 1808 1948 διατραφήσεται.

247 1972 305 2024 Ὀ
345 1969 490 2025 θείου
519 1957 1131 2038 Λόγουδιδασκαλικῶς
1164 1970 1242 2041 τῷ
1272 1969 1461 2023 τούτου
1496 1969 1812 2040 μεταδιδοὺς

233 2061 420 2127 ἐνδεεῖ,
457 2060 620 2123 αὐτὸς
654 2061 1001 2130 τραφήσεται
1034 2061 1234 2130 μᾶλλον
1277 2061 1420 2114 κατὰ
1480 2059 1661 2130 ψυχήν
1683 2076 1696 2089 ·
1729 2060 1810 2112 ὅτι

239 2172 256 2201 ι
285 2152 398 2205 Οὐκ
452 2152 537 2205 ἐπ’
567 2150 718 2221 ἄρτῳ
773 2150 920 2221 μόνῳ
964 2152 1192 2221 ζήσεται
1238 2151 1547 2221 ἄνθρωπος,
1603 2151 1719 2205 ἀλλ’
1752 2152 1811 2202 ὲν

235 2243 398 2297 παντὶ
436 2244 644 2314 ῥήματι
675 2240 1100 2311 ἐκπορευομένῳ
1122 2242 1187 2293 ὲκ
1209 2242 1478 2312 στόματος
1502 2242 1689 2295 αὐτοῦ.
1715 2260 1733 2295 s

310 2332 429 2386 Τῶν
453 2333 562 2400 γὰρ
589 2331 807 2387 ἑαυτοῦ
829 2330 1024 2399 ἄρτων
1063 2329 1286 2384 δέδωκε
1316 2330 1394 2395 τῷ
1438 2330 1672 2400 πτωχῷ.
1702 2331 1808 2384 Τοῦ

234 2424 342 2493 γὰρ
394 2424 686 2493 τρέφοντος
738 2424 837 2493 τὴν
889 2422 1056 2475 αὐτοῦ
1084 2422 1262 2494 ψυχὴν
1308 2423 1454 2476 θείου
1515 2424 1696 2492 λόγου,
1732 2422 1810 2491 τῷ

236 2516 495 2585 χρῄζοντι
573 2514 765 2569 τούτου
851 2514 1161 2583 μετέδωκε·
1227 2515 1321 2567 καὶ
1401 2514 1807 2584 μεταλαμϐάνει

235 2608 429 2660 τορτου
488 2606 836 2677 τρανότερον.
880 2603 956 2669 ὡς
1006 2603 1073 2661 ἂν
1125 2603 1341 2657 δύναιτο
1378 2603 1589 2667 πολλοῖς
1637 2606 1809 2675 ὲπαρ-

238 2714 374 2749 κειν.

307 2788 502 2856 Νίκην
551 2787 649 2841 καὶ
700 2787 883 2856 τιμὴν
930 2785 1317 2855 περιποιεῖται
1371 2788 1403 2840 ό
1442 2784 1599 2854 δῶρα
1637 2786 1804 2853 δούς.

236 2880 348 2948 Τὴν
370 2878 514 2931 κατὰ
544 2878 652 2931 τῶν
676 2877 865 2953 παοοῶν
900 2877 1079 2948 νίκην,
1121 2876 1218 2933 καὶ
1250 2876 1349 2945 τὴν
1392 2877 1544 2947 παρὰ
1578 2877 1696 2947 Θεῷ
1722 2877 1809 2931 δό-

235 2970 331 3035 ξαν
361 2968 537 3040 ὲιυτῷ
570 2971 792 3035 πάντως
817 2971 1184 3041 περιποιεῖται
1214 2970 1243 3023 ὁ
1270 2968 1389 3039 Θεῴ
1413 2968 1489 3032 ὥς
1510 2985 1632 3022 τινα
1656 2969 1804 3039 δῶρα
1830 2986 1875 3047 c

235 3064 332 3125 τὰς
368 3064 500 3133 ἀρετ
509 3063 592 3125 άς.

310 3154 427 3221 Τὴν
460 3154 666 3222 μέντοι
720 3154 932 3224 ψυχὴν
998 3152 1330 3224 ἀφαιρεῖται
1360 3154 1479 3207 τῶν
1516 3153 1805 3223 κεκτημέ-

234 3260 376 3300 νων.
408 3242 723 3305 Κὰντεῦθεν
752 3244 851 3313 τὴν
889 3243 1086 3298 ἑαυτοῦ
1131 3242 1448 3314 ἀφαρπάζει
1484 3243 1662 3314 ψυχὴν
1699 3241 1809 3295 ἀπὸ

235 3332 342 3385 τῶν
368 3334 605 3403 ἑχόντων
643 3333 848 3405 ταύτην
906 3334 1007 3405 τῆς
1042 3333 1311 3405 πονηρίας
1370 3332 1698 3404 πνευμάτων
1739 3335 1806 3404 τῇ

236 3428 483 3497 ἁμαρτίᾳ
517 3426 885 3497 αἰχμάλωτον.

310 3526 363 3573 ι’.
416 3519 680 3571 Ἔκϐαλε
716 3517 787 3569 ἐκ
842 3516 1167 3583 συνεδρίου
1214 3516 1448 3583 λοιμόν.
1511 3514 1809 3569 ’Λπέλασον

235 3610 326 3663 τὸν
354 3607 707 3678 μεταδιδόντα
726 3605 824 3674 τῆς
854 3603 1049 3658 ἑαυτοῦ
1084 3604 1283 3668 κακίας
1308 3605 1402 3657 καὶ
1439 3608 1551 3668 τοῖς
1577 3603 1805 3669 λοιποῖς,

237 3698 345 3751 ἀπὸ
375 3695 482 3752 τῶν
514 3694 969 3763 συνεδριαζόντων
1005 3695 1085 3756 εἰς
1117 3692 1521 3765 βουλευτήριον.

311 3786 415 3841 Kal
470 3784 978 3848 συνεξελεύσεται
1034 3782 1195 3849 αὑτῷ
1236 3785 1466 3849 νεῖκοςο
1501 3783 1648 3838 ὅταν
1696 3784 1807 3854 γὰρ

237 3878 458 3944 καθίσῃ
499 3876 567 3930 ὲν
597 3874 913 3942 συνεδρίῳ,
946 3872 1180 3939 πάντας
1205 3873 1482 3943 ἀτιμάζει.
1516 3876 1630 3933 Καὶ
1684 3892 1808 3928 συν-

237 3969 644 4039 απελαϐήσεται
677 3967 855 4038 τούτῳ
905 3966 1239 4035 φιλονεικία·
1276 3965 1479 4021 ὁπόταν
1514 3966 1621 4036 γάρ
1652 3957 1808 4029 οὗτος

240 4061 565 4134 συνεδριάσῃ
598 4058 728 4122 τισὶ,
764 4057 974 4121 πάντας
1003 4054 1277 4127 χλευάζει,
1307 4056 1403 4124 καὶ
1429 4056 1691 4128 διεγείρει
1726 4057 1807 4119 εἰς

240 4154 441 4226 μάχας.

307 4245 398 4300 ια’.
447 4240 678 4313 Ἀγαπᾷ
697 4241 913 4310 Κύριος
942 4239 1119 4305 ὁσίας
1148 4238 1413 4309 καρδίας.
1443 4239 1501 4293 Ὀ
1530 4238 1805 4307 Δεσπότης

1921 414 2104 469 Iu'lilitl
2142 414 2517 485 perfruantur.

1986 591 2155 645 Natis.
2191 592 2243 645 8.
2291 592 2395 657 Qui
2443 590 2670 645 seminat
2708 587 3067 656 iniquitatem,
3111 596 3262 640 metet
3321 585 3489 640 mala.

1986 683 2086 750 Qui
2119 686 2263 738 circa
2289 692 2548 738 terrestre
2598 682 3039 743 tabernaculum,
3102 680 3222 733 loco
3261 678 3490 734 seminis

1917 791 2115 846 pravas
2175 775 2627 830 ratiocinationes
2674 773 2927 845 spargit,
2985 771 3203 843 colliget
3251 769 3305 823 in
3362 777 3488 823 actu

1917 878 2140 940 peccatu
2151 884 2224 921 tn.

1988 958 2211 1030 Plagam
2249 967 2425 1017 autem
2458 973 2669 1027 operum
2697 972 2915 1010 suorum
2945 952 3353 1009 consummabit.
3373 949 3488 1006 Ρω-

1916 1064 2039 1103 nam
2080 1056 2258 1105 autem
2288 1050 2551 1109 malarum
2578 1050 2853 1105 actionum
2889 1046 3062 1103 dabit.

1982 1222 2224 1283 Hilarem
2255 1221 2494 1279 datorem
2518 1221 2693 1291 diligit
2722 1221 2878 1277 Deus.
2929 1220 3118 1275 Virum
3148 1227 3297 1275 recte
3362 1234 3486 1275 sen-

1914 1316 2137 1371 tieutem
2167 1331 2230 1370 ac
2256 1317 2490 1371 virtutes
2528 1294 2629 1388 ipsi
2657 1315 2973 1370 aﬂ'ercutcm
3010 1314 3194 1385 diligit
3222 1312 3367 1368 Deus

1994 1490 2292 1546 l'anitatem
2318 1505 2435 1544 vero
2461 1505 2674 1559 operum
2703 1488 2816 1557 ejus
2874 1487 3280 1544 consummabit.
3318 1487 3483 1543 Solli-

1914 1583 2215 1637 citudinem
2240 1582 2362 1653 ejus
2384 1583 2533 1636 circa
2580 1581 2923 1650 temporalia,
2981 1579 3408 1645 consummabit,
3450 1594 3482 1633 a

1914 1674 2276 1743 praesentibus
2302 1673 2367 1728 ad
2400 1672 2584 1726 futura
2602 1667 2940 1727 transferens
2966 1686 3129 1726 omne
3144 1669 3480 1726 desiderium

1913 1781 2093 1821 suum.

1984 1853 2150 1909 Vens.
2183 1854 2239 1909 tl.
2272 1854 2376 1920 Qui
2404 1855 2680 1909 miseretur
2698 1854 2968 1921 pauperis,
3016 1855 3128 1922 ipse
3162 1853 3481 1908 enutrietur.

1983 1945 2088 2014 Qui
2160 1945 2379 2015 inopem
2437 1945 2608 2000 divini
2653 1945 2806 2001 verbi
2864 1944 3186 2014 participem
3238 1943 3486 2000 docendo

1912 2035 2091 2103 ellicrt,
2115 2036 2295 2090 anima
2319 2035 2439 2106 ejus
2473 2036 2707 2107 amplius
2771 2037 3109 2102 enutrietur;
3143 2036 3268 2106 quia
3306 2055 3325 2088 ι
3365 2034 3483 2089 Non

1913 2127 1966 2180 in
2006 2127 2127 2181 solo
2158 2141 2297 2196 pane
2317 2127 2451 2181 vivit
2480 2128 2666 2192 homo,
2692 2127 2785 2182 sed
2821 2143 2887 2181 ex
2930 2126 3080 2181 omni
3113 2127 3278 2181 verbo
3335 2125 3484 2197 quod

1912 2218 2159 2289 procedit
2186 2234 2251 2277 ex
2287 2233 2383 2274 ore
2411 2216 2506 2273 Dei
2544 2219 2586 2274 '.
2622 2236 2641 2270 ι

1981 2310 2061 2364 De
2093 2311 2321 2379 panibus
2346 2313 2486 2365 enim
2506 2312 2618 2366 suis
2647 2312 2794 2366 dedit
2834 2312 3074 2380 pauperi.
3128 2309 3262 2363 Nam
3307 2309 3481 2365 divini

1910 2401 2061 2457 verbi
2114 2401 2257 2469 quod
2289 2402 2565 2472 propriam
2591 2402 2797 2456 enutrit
2860 2402 3096 2455 animam
3160 2399 3480 2469 participem

1910 2493 2089 2549 effecit
2123 2492 2453 2563 indigentem
2477 2510 2493 2558 ;
2517 2499 2565 2545 et
2594 2492 2877 2563 eolargius
2905 2492 3005 2551 hoc
3032 2490 3265 2548 Verbum
3286 2489 3484 2546 dividit

1910 2601 2019 2656 quo
2042 2585 2295 2653 pluribus
2326 2583 2620 2641 subvenire
2651 2585 2846 2639 valeat.

1993 2761 2343 2816 Virtoriamet
2366 2761 2617 2815 honorem
2663 2760 2891 2831 acquirit
2944 2762 3034 2832 qui
3086 2759 3179 2833 dat
3235 2777 3474 2815 munera.

1910 2851 2210 2907 Victoriam
2236 2851 2303 2905 de
2324 2850 2676 2919 passionibus
2734 2857 2789 2904 et
2844 2850 3071 2918 gloriam
3134 2865 3163 2904 a
3205 2849 3315 2904 Deo
3373 2848 3478 2905 sibi

1907 2939 2132 2995 omnino
2150 2937 2385 3008 acquirit
2412 2937 2503 3009 qui
2528 2934 2637 2990 Deo
2664 2951 2761 3006 pro
2800 2935 2961 2990 donis
3018 2936 3247 2991 virtutes
3298 2935 3473 2991 oﬂ‘crt.

1912 3116 1919 3123 ’
1980 3116 2232 3170 Animam
2277 3122 2451 3173 autem
2484 3110 2660 3187 aufert
2707 3109 3110 3180 possidentium.
3170 3109 3238 3163 Et
3282 3107 3479 3163 exinde

1909 3212 2147 3266 animam
2210 3225 2365 3266 suam
2406 3206 2585 3262 aufert
2617 3221 2647 3261 a
2682 3205 2866 3276 pravis
2917 3203 3205 3275 spiritibus
3234 3203 3328 3277 qui
3357 3217 3477 3257 eam

1907 3312 2136 3377 peccato
2168 3301 2535 3372 mancipatam
2563 3298 2821 3354 retinent.

1980 3505 2141 3561 Vens.
2175 3502 2259 3557 ιο.
2295 3500 2443 3569 Ejice
2466 3515 2496 3553 ε
2519 3511 2760 3551 consessu
2823 3492 3172 3563 pestilentem,
3204 3490 3243 3545 Α
3282 3490 3477 3547 seden-

1908 3597 2059 3653 tibus
2088 3595 2143 3649 iu
2164 3592 2317 3647 curia
2345 3589 2485 3659 ejice
2507 3602 2634 3643 eum
2665 3587 2759 3656 qui
2792 3599 2891 3641 sua
2952 3583 3164 3641 malitia
3189 3582 3327 3640 alios
3355 3584 3478 3639 inti-

1906 3689 2005 3746 cit.

1976 3776 2050 3834 Et
2070 3773 2237 3831 exibit
2266 3770 2427 3828 simul
2443 3786 2560 3825 cum
2586 3769 2905 3839 eojurgium
2924 3785 2945 3834 ;
2968 3784 3091 3822 nam
3124 3783 3244 3823 cum
3286 3767 3477 3825 sederit

1905 3872 1962 3926 in
1995 3867 2239 3928 concilio,
2264 3878 2442 3918 omnes
2470 3861 2776 3915 inhonorat.
2809 3857 2872 3912 Et
2913 3874 3037 3913 cum
3076 3872 3144 3913 eo
3194 3859 3475 3927 expellen-

1907 3973 1996 4017 tur
2020 3956 2401 4014 contentiones
2431 3967 2446 4003 :
2478 3965 2604 4005 nam
2635 3945 2857 4019 quando
2881 3947 2974 4002 ille
2999 3960 3123 4001 cum
3142 3934 3474 4017 quibusdam

1906 4049 2128 4116 sederit,
2163 4061 2356 4103 omnes
2394 4044 2587 4100 irridet
2611 4049 2666 4099 et
2696 4039 2761 4095 ad
2810 4052 3023 4111 pugnas
3048 4037 3313 4094 concitat.

1975 4247 2144 4303 Vens.
2184 4244 2269 4299 li.
2304 4241 2490 4311 Diligit
2531 4237 2793 4293 Dominus
2847 4244 3037 4291 sancta
3093 4235 3276 4290 corda.
3331 4234 3474 4292 Deus

239 4336 457 4389 πάντων
512 4309 681 4399 Θεὸς,
730 4309 924 4402 ἀγαπᾷ
969 4331 1068 4401 μὲν
1122 4330 1332 4399 ψυχὰς,
1385 4330 1586 4397 σαρκὸς
1630 4329 1801 4397 ὑπερ-

1944 4342 2287 4398 niversorum
2340 4309 2792 4401 Doininusdiligit
2844 4330 3055 4384 animas
3076 4345 3196 4399 quae
3251 4346 3471 4388 carnem

238 4423 476 4494 ορὼσας,
502 4424 595 4476 καὶ
626 4422 769 4476 κατὰ
795 4421 888 4475 τὸν
925 4419 1294 4491 πνευματικὸν
1324 4419 1487 4489 νόμον
1525 4418 1807 4472 πολιτευο-

287 4514 431 4576 ἐνας.

287 4526 379 4566 ενα
417 4552 431 4566 .

244 4526 282 4589 P
306 4529 510 4655 Aairol
542 4599 610 4653 δὲ
636 4599 798 4665 αὐτῷ
822 4600 1048 4669 πάντες
1077 4600 1324 4670 ἄμωμοι.
1356 4599 1723 4671 Προσδέχεται
1748 4600 1807 4654 δὲ

240 4692 563 4762 συμπαθῶς,
619 4690 967 4762 ἡπλωμέναις
987 4692 1276 4759 ἀγκάλαις,
1319 4691 1445 4753 τοὺς
1500 4690 1589 4743 διὰ
1641 4709 1806 4761 μετα-

238 4784 410 4845 νοίας,
443 4782 623 4853 πάσης
664 4782 1075 4853 ἁμαρτημάτων
1135 4781 1353 4854 κηλίδος
1390 4783 1616 4845 ἑαυτοὺς
1641 4784 1807 4836 ἐκκα-

241 4875 538 4943 ϐάραντας.

310 4967 551 5019 Χείλεσι
595 4965 895 5033 ποιμαίνει
940 4964 1259 5029 βασιλεύς.
1298 4964 1358 5016 ’0
1407 4965 1624 5017 πάντων
1655 4964 1808 5033 βασι-

239 5058 412 5114 λεύων
434 5058 589 5122 Θεὸς,
615 5057 783 5122 ἀξιῶν
811 5057 897 5110 διὰ
929 5056 1037 5109 τῶν
1059 5056 1231 5123 ἁγίων
1252 5055 1418 5109 αὐτοῦ
1451 5057 1679 5110 ἐντολῶν
1708 5057 1807 5126 τῆς

242 5148 626 5221 προσηκούσης
659 5148 936 5218 προνοίας,
976 5148 1102 5209 τοὺς
1131 5147 1454 5217 δεχομένους
1493 5147 1716 5211 ἑκόντας
1746 5146 1808 5199 τὸ

241 5242 332 5295 ὑπ’
381 5239 546 5294 αὐτοῦ
581 5239 995 5310 βασιλεύεσθαι,
1050 5239 1253 5309 ἀπάγει
1322 5240 1421 5309 μὲν
1467 5240 1664 5302 αὐτοὺς
1704 5238 1802 5308 τῆς

240 5330 568 5403 φθοροποιοῦ
620 5328 841 5394 κακίας,
871 5329 996 5398 ἄγει
1037 5329 1095 5383 δὲ
1142 5332 1265 5383 κατ’
1315 5332 1514 5403 ἀρετὴν
1555 5329 1691 5402 πρὸς
1742 5330 1805 5383 τὸ

239 5422 378 5493 ἁγαο
386 5423 465 5477 όν.

309 5606 330 5639 ⁸
361 5602 554 5658 Matth.
582 5617 655 5667 tv,
696 5602 751 5659 4.

1906 4437 2324 4489 contemnentes
2346 4423 2646 4481 secundum
2671 4420 2839 4491 legem
2881 4418 3222 4489 spiritualem
3240 4437 3473 4479 conver-

1905 4535 2120 4579 santur.

1976 4611 2192 4681 Aceepti
2222 4615 2397 4664 autem
2414 4612 2538 4660 sunt
2567 4604 2616 4659 ei
2633 4619 2810 4658 omnes
2866 4603 3219 4659 immaculati.
3261 4601 3474 4676 Recipit

1910 4715 2091 4761 autem
2124 4716 2251 4757 cum
2276 4713 2465 4753 amore
2482 4695 2837 4768 brachiisque
2858 4696 3106 4752 extensis
3130 4710 3230 4752 eos
3262 4698 3354 4761 αιιί
3380 4714 3476 4769 per

1905 4790 2287 4865 paenitentiam
2311 4800 2528 4843 omnem
2557 4793 2911 4855 peccatorum
2949 4800 3162 4841 naevum
3190 4788 3473 4844 absterse-

1903 4893 2052 4939 runt.

1974 4973 2157 5028 Labiis
2191 4971 2359 5025 noscit
2394 4985 2510 5025 rex.
2551 4968 2694 5024 Deus
2749 4974 2946 5022 cuncta
2982 4967 3318 5038 gubernans.
3379 4984 3475 5025 eos

1907 5070 2004 5140 qui
2034 5068 2266 5121 libenter
2296 5064 2414 5129 ejus
2465 5061 2777 5131 suscipiunt
2811 5060 3122 5131 imperium,
3153 5077 3249 5131 per
3282 5075 3473 5118 sancta

1912 5160 2171 5216 mandata
2202 5154 2548 5211 convenienti
2575 5152 2912 5223 providentia
2965 5167 3321 5222 prosequens,
3354 5154 3473 5207 illus

1911 5249 2131 5320 quidem
2164 5247 2232 5301 ab
2257 5243 2550 5314 iniquitate
2572 5257 2694 5311 qua:
2715 5240 2912 5310 perdit,
2936 5241 3156 5305 avertit,
3178 5242 3243 5293 ad
3270 5241 3472 5294 bonqu

1911 5354 2091 5398 autem
2121 5338 2342 5394 virtutis
2368 5335 2606 5390 fructum
2639 5333 2806 5389 ducit.
