3950 6206
212 207 349 275 1445

1227 200 1762 264 COMMENTARII
1800 201 1882 265 IN
1914 201 2374 267 PROVERBIA.

3339 212 3479 281 H46

208 318 265 369 δὲ
303 315 629 388 πλήττοντες
664 308 857 368 τοῦτον
905 307 1063 381 δίκην
1104 307 1304 379 ῥάϐδου
1345 307 1656 378 ἐλεγκτικοὶ
1706 309 1789 363 λό-

1906 309 2039 365 Loria
2065 312 2233 367 verba
2254 326 2376 383 quae
2396 310 2542 368 sicut
2573 312 2724 385 virga
2750 314 3068 386 percutiunt
3102 315 3278 384 illum,
3317 328 3374 375 et
3409 321 3477 376 ml

210 425 321 476 γοι,
350 408 443 461 καὶ
466 407 517 460 οἱ
546 404 686 477 πρὸς
711 404 771 458 τὺ
796 402 917 456 δέον
942 401 1253 469 ὲνάγοντες,
1287 398 1478 472 πόρρω
1501 400 1594 454 ἀπ’
1629 400 1795 456 αὐτοῦ

210 497 635 561 ἀπελαύνονται,
698 496 777 568 μὴ
828 491 1279 567 παραδεχομένου
1317 492 1647 565 τοπαράπαν
1701 495 1797 551 αὖ-

210 594 362 659 τοὺς,
393 591 485 647 διὰ
514 592 577 647 τδ
604 592 703 663 τὴν
741 588 983 645 διάνοιαν
1019 586 1185 641 αὑτοῦ
1210 584 1489 658 ἐπιμελῶς
1513 587 1796 659 ἐγκεῖσθαι

211 688 324 748 τοῖς
353 685 636 756 πονηροῖς.

283 784 381 843 ις’.
442 776 506 830 '0
547 773 953 844 συκοφαντῶν
991 772 1243 843 πένητα,
1289 772 1494 829 πολλὰ
1531 770 1694 827 ποιεῖ
1722 772 1796 829 τὰ

209 860 433 919 ἑαυτοῦ
463 860 641 917 κακά.
682 862 741 915 '0
772 860 984 928 ψευδῶς
1009 860 1186 929 λέγων
1209 863 1356 919 κατά
1384 878 1525 927 τινος
1556 860 1794 934 πενομέ-

212 971 325 1018 νου,
355 953 457 1025 τὴν
489 953 589 1024 μὲν
618 953 814 1010 ἑαυτοῦ
844 954 1045 1008 κακίαν
1074 952 1227 1021 αὔξει
1255 955 1349 1008 ἐπὶ
1379 953 1538 1010 πολύ.

280 1043 496 1099 Διδωσι
525 1042 595 1097 δὲ
632 1046 912 1112 πλουσίῳ
938 1044 1033 1098 ἐπ’
1066 1044 1386 1102 ἐλάσσονι.
1411 1047 1530 1102 Ἐπ’
1572 1048 1792 1106 ἔλαττον

214 1136 271 1191 δὲ
302 1135 400 1209 τὴν
428 1134 519 1191 τοῦ
559 1134 843 1201 πλουσίου,
875 1136 1017 1208 πρὸς
1042 1135 1103 1190 ὃν
1133 1140 1365 1193 κατεῖπε
1398 1139 1496 1197 τοῦ
1520 1140 1755 1215 πένητος
1774 1160 1789 1177 ο

209 1229 293 1281 ὃτι
328 1226 490 1291 αὐτὸς
516 1228 610 1281 καὶ
640 1227 741 1297 τῆς
771 1226 966 1283 τούτου
995 1227 1203 1301 βλάϐης
1237 1231 1412 1296 alato;
1452 1233 1683 1302 γίνεται.

287 1318 371 1383 ιζ’.
412 1321 627 1391 Λόγοις
660 1320 871 1389 σοφῶν
899 1320 1209 1391 παράϐαλε
1241 1323 1360 1378 σὸν
1388 1320 1517 1392 οὖς.
1550 1326 1684 1391 Ταῖς
1715 1328 1792 1382 δι-

208 1410 527 1475 δασκαλίαις
554 1411 665 1465 τῶν
705 1411 852 1466 θείου
885 1412 1046 1482 λόγου
1111 1414 1538 1487 μετειληφότων,
1586 1419 1680 1477 καὶ
1723 1419 1790 1474 τά

211 1501 333 1555 θεῖα
356 1500 931 1572 φρονούντων,ύπόθες
958 1500 1057 1573 τὴν
1093 1503 1192 1576 σὴν
1226 1503 1425 1575 ἀκοὴν,
1460 1506 1791 1579 ἑτεροδὸελις

208 1591 347 1653 ολως
387 1591 464 1662 μὴ
493 1590 808 1648 ὑπακούων.

1897 416 1961 457 ea
2006 418 2130 473 qua:
2180 403 2367 461 facere
2414 413 2635 477 oportet
2662 406 2956 475 inducunt,
2993 409 3155 481 longe
3183 409 3256 466 ab
3288 426 3478 468 eoex-

1896 494 2198 565 pelluntur.
2237 494 2362 553 llaec
2384 498 2613 554 omnino
2635 498 2839 571 reiicit,
2894 503 3026 573 quia
3063 502 3245 560 omnis
3265 504 3476 573 cogita-

1898 583 1975 640 tio
2009 582 2130 654 ejus
2154 585 2460 660 admalum
2499 588 2732 646 intenta.

1966 759 2137 820 Vens.
2164 763 2252 819 16.
2278 763 2383 832 Qui
2407 765 2776 822 calumniatur
2799 782 3079 838 pauperem
3132 769 3301 824 multa
3340 768 3475 839 facit

1894 867 1994 908 sua
2025 855 2192 911 mala.
2229 854 2334 923 Qui
2389 857 2733 915 mendaciter
2794 859 2864 915 de
2927 875 3170 931 paupere
3203 864 3471 933 loquitur,

1894 946 2127 1001 multum
2152 962 2308 1003 suam
2334 960 2496 1022 auget
2527 952 2815 1006 malitiam.

1962 1037 2128 1093 Dabit
2173 1039 2286 1109 ipse
2337 1019 2549 1108 ditiori,
2598 1052 2649 1097 et
2680 1042 2873 1113 egebit.
2928 1044 3009 1100 Ad
3044 1046 3228 1102 minus
3283 1055 3467 1105 autem
3578 1019 3585 1025 ⁸

1893 1139 2056 1201 auget
2081 1130 2223 1187 mala
2262 1131 2456 1189 divitis
2487 1134 2630 1205 apud
2690 1150 2855 1206 quem
2920 1136 3285 1194 calumniatur
3334 1156 3474 1213 pau-

1892 1235 2114 1293 perem;
2144 1223 2273 1293 quia
2302 1226 2417 1293 ipse
2443 1223 2563 1295 ejus
2595 1225 2784 1280 damni
2818 1225 2879 1281 lit
2908 1241 3099 1282 causa.

1970 1312 2244 1370 Vsus.l7.
2280 1314 2626 1372 Sermonibus
2664 1318 2984 1387 sapientium
3033 1320 3235 1375 inclina
3286 1321 3469 1377 aurem

1893 1413 2061 1461 tuam.
2093 1404 2372 1463 Doctrinis
2392 1422 2583 1464 eorum
2611 1411 2706 1480 qui
2741 1409 2911 1467 divini
2975 1409 3139 1468 Verbi
3175 1414 3469 1484 participes

1891 1496 2053 1563 liunt,
2100 1506 2157 1552 et
2203 1497 2388 1553 divina
2442 1500 2709 1568 sentiunt,
2743 1502 2976 1559 admove
3035 1518 3222 1559 aurem
3292 1512 3464 1570 tuam,

1891 1588 2108 1643 caeteris
2138 1598 2319 1645 autem
2354 1605 2422 1646 ne
2449 1606 2665 1662 pareas.
3067 1597 3073 1603 ’

278 1683 386 1741 Kal
426 1682 610 1737 ἄκουε
644 1682 804 1753 ἐμῶν
828 1685 1049 1755 λόγων.
1084 1687 1396 1742 Κάντεῦθεν
1440 1689 1608 1759 αὐτῆς
1652 1689 1787 1760 ἐμοῦ

1952 1675 2036 1757 ⁹ιΞι
2059 1679 2186 1734 audi
2205 1697 2346 1737 meos
2370 1700 2657 1741 sermones.
2689 1686 2758 1741 Et
2777 1686 2974 1741 exinde
2997 1688 3287 1759 sapientiae
3318 1702 3468 1745 meos

205 1777 306 1845 τῆς
344 1773 539 1845 σοφίας
563 1776 822 1841 ἐνωτίζου
853 1777 981 1841 τοὺς
1009 1777 1228 1845 λόγους·
1258 1779 1347 1835 διά
1378 1779 1559 1853 μέσων
1586 1780 1695 1834 τῶν
1720 1781 1787 1834 τά

208 1867 315 1938 ἐμά
343 1866 719 1938 μεμυημένων
752 1870 1051 1941 μυστήρια.

281 1958 401 2028 Τὴν
433 1957 503 2013 δὲ
532 1957 655 2028 σὴν
684 1959 941 2029 καρδίαν
970 1959 1333 2029 ἐπίστησον,
1355 1963 1457 2018 ἵνα
1497 1961 1651 2033 γνῷς
1695 1964 1787 2019 ὅτι

206 2050 384 2105 καλοί
413 2052 555 2105 οισι.
585 2048 746 2104 Κατὰ
785 2049 843 2103 δὲ
881 2048 980 2122 τὴν
1009 2050 1251 2104 διάνοιάν
1283 2068 1377 2106 σου
1415 2050 1678 2124 πρόσχες,
1710 2051 1786 2117 ὡς

202 2143 270 2198 ἂν
297 2143 616 2217 καταλάϐῃς
645 2142 731 2196 δτι
754 2141 895 2196 εἰσὶν
931 2142 1150 2212 ἀγαθοί.

277 2240 372 2307 ιη’.
415 2234 522 2290 Kal
569 2234 681 2289 ἐὰν
712 2232 982 2304 ἐμϐάλῃς
1015 2233 1212 2304 αὐτὴν
1252 2236 1341 2303 είς
1381 2234 1495 2304 τὴν
1536 2235 1788 2306 καρδίαν

204 2343 344 2390 σου,
376 2325 756 2395 εὐφρανοῦσι
788 2341 862 2378 σε
902 2324 1024 2395 ἅμα
1057 2325 1154 2380 ἐπὶ
1190 2326 1326 2393 σοῖς
1355 2329 1647 2396 χείλεσιν.
1677 2328 1786 2385 Καὶ

206 2418 304 2472 ἐὰν
334 2416 638 2489 εἰσαγάγῃς
660 2414 888 2479 τούτους
918 2416 997 2480 είς
1029 2414 1130 2489 τὴν
1156 2414 1339 2488 ψυχήν
1370 2433 1496 2481 σου,
1527 2419 1787 2489 γενήσον-

204 2508 296 2564 ταί
322 2508 417 2562 σού
440 2508 616 2579 χαρᾶς
651 2510 1032 2580 πνευματικῆς
1072 2509 1324 2580 πρόξενοι
1347 2525 1362 2540 ο
1411 2509 1530 2582 ἅμα
1562 2514 1629 2583 τῇ
1663 2512 1784 2565 δια-

206 2602 327 2672 νοίᾳ
354 2618 448 2655 σου
480 2601 651 2654 ἑνίοτε
681 2600 1107 2671 περιφερόμενοι
1129 2603 1356 2666 καὶτοῖς
1384 2602 1622 2672 χείλεσιν
1641 2618 1655 2633 ⁸
1675 2603 1786 2656 εἴτε

205 2692 340 2748 Θεδν
368 2693 456 2747 διὰ
483 2692 688 2747 τούτων
714 2691 1139 2763 ὑμνολογοῦντός
1170 2708 1285 2761 σου,
1332 2693 1430 2753 εἴτ’
1462 2691 1785 2765 ἀνθρώπους

205 2785 556 2849 διδάσκοντος
585 2785 654 2838 τά
682 2783 1026 2840 συνοίσοντα.

282 2877 367 2931 ιδ’.
418 2877 553 2932 Ἵνα
599 2890 717 2930 σου
764 2873 1008 2945 γένηται
1060 2874 1161 2928 ἐπὶ
1215 2876 1438 2944 Κύριον
1482 2875 1520 2944 ἡ
1587 2874 1781 2942 ἐλπίς.

208 2968 399 3032 Ὅπως
429 2965 650 3041 ὑπάρξῃ
683 2982 779 3020 σου
801 2966 950 3021 πᾶσα
970 2966 1004 3036 ἡ
1033 2963 1189 3028 ἐλπὶς
1217 2965 1311 3019 ἐπὶ
1335 2968 1428 3019 τὸν
1449 2964 1542 3019 τοῦ
1584 2966 1785 3030 παντὸς

206 3059 487 3131 Δεσπότην
525 3058 678 3125 Θεὸν,
717 3057 857 3129 μόνα
889 3056 1217 3130 φρονοῦντος
1244 3057 1340 3112 κα)⁸
1380 3057 1666 3124 λαλοῦντος
1718 3058 1785 3113 τά

208 3150 351 3207 θεῖα.

278 3242 389 3296 Kal
439 3240 707 3311 γνωρίσῃ
745 3255 846 3295 σοι
875 3239 984 3308 τὰς
1021 3239 1202 3307 ὀδοὺς
1237 3241 1447 3297 αὐτοῦ.
1503 3242 1612 3297 Kal.
1639 3258 1785 3310 γνω-

210 3335 340 3398 στάς
367 3351 449 3388 σοι
477 3328 631 3397 οὗτος
659 3333 861 3406 ποιήσῃ
891 3333 991 3395 τὰς
1019 3334 1099 3397 είς
1145 3333 1311 3388 αὐτὸν
1340 3333 1611 3405 φερούσας
1644 3334 1787 3389 κατὰ

209 3426 413 3493 γνῶσιν
454 3426 547 3478 καὶ
574 3422 775 3494 ἀρετὴν
812 3422 1069 3494 πορείας*
1112 3422 1289 3495 πέρας
1318 3424 1635 3496 ὑπάρχοντα
1676 3424 1787 3477 τῶν

213 3518 313 3587 μὲν
347 3515 627 3585 γνωστῶν,
682 3514 757 3577 ὡς
796 3513 1091 3585 ἀλήθειανο
1126 3513 1236 3567 τῶν
1268 3515 1324 3567 δὲ
1371 3515 1633 3586 πρακτῶν
1655 3554 1668 3579 ,
1711 3515 1788 3578 ὼς

198 3605 436 3675 ,αγαοόψ

278 3700 347 3752 κ’.
386 3695 493 3750 Καὶ
520 3696 602 3749 σὺ
625 3695 693 3750 δὲ
718 3696 1058 3766 ἀστόγραψαι
1081 3695 1267 3762 αὐτὰς
1284 3695 1478 3763 ἑαυτῷ
1501 3697 1783 3767 τρισσῶς.

212 3789 321 3841 Καὶ
362 3787 523 3850 αὐτὸς
565 3787 624 3842 δὲ
663 3786 980 3842 ὲντύπωσον
1010 3788 1135 3852 τοὺς
1172 3786 1448 3853 τοιούτους
1479 3789 1676 3860 λόγους
1726 3794 1788 3847 ὲν

210 3878 429 3951 σεαυτῷ
457 3878 771 3949 τριαδικῶς,
801 3878 944 3933 κατὰ
972 3877 1034 3933 τὸ
1058 3879 1155 3951 τῆς
1178 3879 1359 3953 ψυχῆς
1389 3898 1484 3937 σου
1518 3882 1747 3957 μέγεθος
1769 3903 1783 3918 ·

210 3969 631 4041 ὑφαπλούμενον
653 3970 733 4034 είς
754 3986 814 4025 τε
839 3969 939 4042 τὴν
967 3972 1089 4026 κατ’
1119 3973 1375 4045 αἴσθησιν
1404 3979 1498 4031 καὶ
1527 3976 1626 4048 τὴν
1645 3979 1789 4031 κατὰ

207 4064 453 4118 διάνοιαν
508 4063 606 4118 καὶ
633 4063 735 4135 τὴν
757 4064 901 4118 κατὰ
927 4063 1053 4118 νοῦν
1090 4064 1325 4135 Θεωρίαν
1344 4084 1358 4099 ο
1382 4067 1455 4134 ὡς
1484 4072 1581 4141 τῆς
1611 4069 1789 4142 ψυχῆς

211 4157 535 4231 ίστορούσης
566 4157 666 4229 μὲν
688 4157 813 4212 κατ’
842 4157 1098 4231 αἰσθησιν
1124 4159 1186 4213 τὸ
1215 4160 1323 4216 τῶν
1360 4163 1669 4234 εἰρημένων
1694 4164 1786 4220 λό-

210 4267 323 4320 γων
352 4250 518 4322 ῥητὸν
545 4250 607 4303 τὸ
657 4249 959 4322 δυνάμενον
991 4252 1201 4317 πάντας
1239 4253 1563 4323 οἰκοδομεῖν,
1601 4254 1690 4310 διὰ
1726 4256 1789 4309 τὸ

211 4344 311 4413 τῆς
330 4342 539 4405 ἐννοίας
562 4340 728 4395 αὐτοῦ
754 4342 1209 4413 προχειρότατον*
1250 4344 1525 4417 ἐχομένης
1553 4345 1611 4400 δὲ
1643 4346 1788 4401 κατὰ

208 4435 449 4491 διάνοιαν
473 4435 576 4504 τῆς
607 4433 717 4487 τῶν
756 4434 1018 4490 τοιούτων
1054 4434 1229 4506 λόγων
1261 4438 1617 4508 ἀναγωγικῆς
1647 4438 1786 4495 θεωο

184 4526 364 4597 ,ρίαςο
422 4525 523 4596 τῆς
552 4524 783 4589 πολλοὺς
815 4526 932 4580 ἀλλ’
964 4528 1023 4581 οὐ
1053 4531 1266 4592 πάντας
1296 4529 1385 4584 διὰ
1420 4533 1480 4584 τὺ
1520 4531 1791 4586 ἐπαναϐε-

186 4618 381 4691 cum;
414 4614 659 4688 βελτιοῦν
699 4615 1032 4689 δυναμένης,
1078 4619 1174 4672 καὶ
1199 4618 1578 4693 ἀναφερούσης
1620 4622 1788 4676 αὑτοῦ

209 4709 338 4771 τοὺς
366 4708 469 4778 τῆς
500 4706 695 4777 σοφίας
728 4706 924 4777 λόγους
949 4710 1030 4773 είς
1056 4709 1336 4780 θεολογίαν
1359 4712 1500 4767 κατὰ
1522 4712 1665 4780 νοῦν,
1692 4713 1791 4787 τὴν

211 4798 413 4866 ὀλίγοις
448 4800 591 4853 τισὶν
632 4792 802 4851 οὖσαν
833 4798 1123 4871 χωρητὴν,
1161 4805 1257 4855 καὶ
1308 4803 1523 4873 μεγάλα
1566 4805 1790 4871 τούτους

128 4879 132 4883 ’
211 4889 443 4957 ὠφελεῖν
471 4888 814 4960 δυναμένην⁸
860 4891 953 4944 καὶ
1002 4892 1125 4963 οὐχὶ
1151 4895 1263 4957 τοῖς
1311 4893 1555 4949 πλείοσιν
1602 4896 1635 4969 ἢ
1678 4900 1792 4963 τοῖς

220 4983 374 5047 πᾶσι,
398 4980 485 5035 διὰ
516 4980 577 5033 τὸ
610 4982 1097 5055 ὐπεραναβεὸηκὸς
1136 4984 1307 5056 αὐτῆς
1346 4986 1443 5041 καὶ
1475 4988 1792 5058 κρυφιώτα-

213 5090 327 5127 τον.

289 5162 393 5228 Εἰς
414 5163 660 5233 ,ϐουλὴν
685 5164 783 5218 καὶ
819 5161 1047 5233 γνῶσιν
1074 5164 1175 5219 ἐπὶ
1198 5165 1264 5220 τὸ
1289 5166 1518 5233 πλάτος
1543 5169 1792 5237 καρδίας

214 5270 355 5308 σου.
388 5254 545 5309 Οὕτω
564 5256 624 5309 δὲ
652 5255 878 5319 τούτους
910 5258 977 5327 τῇ
1007 5256 1154 5329 ψυχῇ
1178 5273 1273 5311 σου
1306 5258 1632 5331 ὲγχάραξον,
1658 5262 1794 5331 πρὸς

214 5343 489 5414 διάκρισίν
514 5360 575 5397 τε
603 5344 711 5399 τῶν
746 5345 1027 5416 πρακτῶν,
1057 5347 1152 5399 καὶ
1187 5347 1498 5420 κατάληψιν
1519 5350 1630 5403 τῶν
1658 5352 1792 5406 θεω-

217 5436 400 5507 ρητῶν
420 5453 437 5470 ο
471 5436 647 5508 τούτῳ
680 5439 789 5510 γὰρ
806 5437 884 5507 τῷ
918 5440 1128 5509 τρόπῳ,
1159 5438 1219 5493 τὸ
1256 5425 1425 5505 ὅντως
1450 5441 1656 5509 ἀγαθὸν
1686 5443 1795 5496 ἀπὸ

214 5528 309 5581 τοῦ
339 5529 696 5600 νομιζομένου
743 5530 1066 5604 διακρινεῖςο
1105 5531 1199 5585 καὶ
1231 5530 1417 5603 γνώσῃ
1459 5533 1528 5586 τά
1559 5533 1688 5589 ὄντα
1719 5536 1795 5600 ὡς

215 5622 397 5693 ἔχουσι
421 5622 657 5694 φύσεως.

1890 1768 2122 1825 auribus
2140 1771 2363 1843 percipe
2396 1787 2727 1831 sermones:
2770 1773 2827 1830 in
2893 1776 3079 1833 medio
3138 1792 3331 1834 eorum
3376 1778 3485 1849 qui‘

1888 1859 2028 1917 meis
2056 1862 2257 1916 initiati
2288 1872 2418 1918 sunt
2440 1866 2744 1936 mysteriis.
3063 1944 3067 1949 Ι

1957 1949 2027 2004 Et
2049 1967 2144 2006 cor
2170 1962 2319 2007 tuum
2348 1954 2529 2024 ﬁrma,
2563 1966 2623 2011 ut
2655 1974 2944 2030 cognoscas
2995 1961 3121 2030 quia
3168 1959 3291 2016 boni
3320 1971 3467 2016 sunt.

1888 2038 1987 2098 llis
2010 2052 2196 2102 autem
2228 2048 2444 2119 applica
2473 2058 2709 2107 mentem
2748 2059 2806 2108 ut
2828 2053 3108 2125 intelligas
3140 2052 3271 2125 quia
3337 2054 3469 2110 boni

1886 2145 2042 2193 sunt.
2859 2154 2863 2157 ‘

1961 2227 2131 2286 Vens.
2162 2223 2349 2291 l8..Et
2370 2233 2417 2288 si
2444 2233 2730 2289 immiseris
2752 2252 2839 2291 eos
2870 2237 2926 2290 in
2955 2252 3045 2291 cor
3075 2245 3247 2303 tuum,
3293 2236 3469 2309 (ediﬁ-

1887 2320 2085 2375 cabunt
2111 2332 2160 2377 te
2189 2324 2353 2378 simul
2390 2325 2446 2381 in
2476 2326 2582 2381 tuis
2605 2326 2783 2380 labiis.
2817 2325 2883 2380 Et
2937 2327 2984 2382 si
3010 2343 3106 2384 eos
3134 2328 3189 2383 in
3226 2329 3468 2385 animam

1888 2420 2038 2467 tuam
2093 2414 2403 2478 induxeris.
2461 2416 2559 2472 tibi
2610 2418 2811 2494 laetitia:
2839 2418 3149 2490 spiritualis
3211 2428 3468 2475 auctores

1886 2515 2079 2571 erunt;
2117 2522 2149 2563 e
2178 2517 2358 2565 mente
2379 2510 2542 2564 simul
2574 2510 2869 2581 aliquando
2935 2510 3098 2567 labiis
3126 2514 3289 2566 etiam
3342 2528 3470 2584 pro-

1888 2600 2162 2668 feruntur,
2198 2600 2315 2657 sive
2352 2600 2523 2657 Deum
2551 2617 2647 2673 per
2672 2616 2769 2660 eos
2817 2602 3029 2669 laudes,
3055 2602 3171 2659 sive
3216 2604 3468 2660 homines

1887 2694 2023 2766 ipsis
2047 2698 2332 2769 profutura
2358 2696 2581 2755 doceas.

1964 2871 2128 2928 Vens.
2179 2872 2264 2928 l9.
2328 2872 2397 2929 Ut
2430 2884 2522 2929 tua
2559 2875 2659 2944 ﬁat
2688 2888 2845 2943 super
2893 2873 3181 2930 Dominum
3203 2892 3342 2947 spes.
3395 2875 3469 2933 Ut

1888 2966 2071 3020 omnis
2093 2967 2165 3021 sit
2186 2976 2281 3021 tua
2311 2981 2437 3037 spes
2474 2969 2529 3022 in
2554 2967 2723 3023 Deum
2746 2967 3131 3024 universorum
3148 2970 3469 3036 Dominum,

1888 3052 2017 3109 dum
2044 3054 2228 3110 divina
2263 3063 2473 3111 tantum
2501 3057 2712 3129 cogitas
2744 3064 2798 3113 et
2849 3058 3115 3129 loqueris.

1961 3236 2029 3293 Et
2055 3247 2212 3293 notas
2249 3239 2344 3293 tibi
2378 3238 2543 3294 faciat
2574 3238 2687 3293 vias
2724 3248 2867 3295 tuas.
2905 3237 2969 3293 Et
2992 3249 3152 3296 notas
3182 3239 3281 3296 tibi
3305 3238 3471 3298 faciet

1888 3331 2134 3388 scientiae
2186 3348 2251 3388 ac
2302 3334 2523 3389 virtutis
2578 3335 2699 3388 vias
2757 3348 2881 3405 qua:
2928 3332 2995 3387 ad
3059 3347 3186 3388 eum
3235 3334 3468 3402 ducunt,

1888 3424 2091 3495 quippe
2113 3426 2206 3495 qui
2225 3425 2439 3482 exsistit
2461 3441 2660 3496 scopus
2691 3426 2744 3481 in
2779 3427 3189 3497 cognoscendis
3207 3428 3339 3498 quia
3370 3444 3470 3484 ve-

1887 3532 2006 3583 rus,
2028 3515 2256 3588 agendis
2280 3528 2487 3587 autem,
2510 3520 2638 3589 quia
2664 3519 2861 3573 bonus.

1959 3691 2131 3749 Vsus.
2196 3694 2287 3749 20.
2345 3692 2412 3750 Et
2456 3706 2511 3751 tu
2535 3696 2774 3755 describe
2815 3717 2904 3755 eos
2936 3703 3353 3774 tibitripliciter.
3384 3708 3465 3767 Tu

1888 3796 2072 3843 autem
2100 3786 2432 3859 tibimetipsi
2463 3789 2722 3860 imprime
2754 3791 2855 3847 ltos
2912 3809 3202 3852 sermones
3262 3801 3465 3870 triplici

1889 3878 2076 3946 modo,
2106 3879 2410 3935 secundum
2447 3879 2646 3937 anima:
2669 3889 2776 3938 tute.
2815 3886 3217 3955 cxtensionem,
3270 3906 3469 3948 secun-

1892 3970 2023 4025 dum
2054 3969 2289 4036 scilicet,
2314 3971 2511 4025 animae
2556 3974 2992 4043 speculationem
3021 3979 3329 4033 sensibilem
3351 3981 3469 4051 spi.

1891 4063 2105 4118 ritalcm
2152 4070 2208 4118 et
2246 4063 2697 4119 intellectualem.
2746 4067 2946 4122 Anima
3002 4084 3100 4139 per
3140 4073 3459 4130 sensibilent

1850 4182 1856 4187 -
1890 4154 2317 4224 speculationem
2336 4155 2566 4225 inquirit
2585 4155 2859 4212 «lictorum
2875 4161 3168 4217 verborum
3192 4164 3472 4234 signiﬁea~

1892 4240 2122 4304 tionem,
2167 4254 2310 4310 quas,
2367 4248 2559 4309 utpote
2594 4240 2878 4298 intellectu
2915 4243 3200 4313 facillima,
3238 4260 3470 4306 cunctos

1891 4329 2170 4385 mdiﬁcare
2200 4339 2400 4401 potest.
2424 4330 2526 4387 Per
2581 4336 3101 4405 contemplationem
3133 4352 3318 4395 autem
3358 4344 3468 4415 spi-

1892 4422 2145 4477 ritualem
2196 4423 2487 4478 verborum
2538 4427 2722 4481 Sensui
2768 4429 3003 4498 mystico
3051 4430 3311 4500 adhaeret,
3373 4436 3470 4507 qui

1891 4513 2154 4580 quoniam
2177 4513 2339 4568 altior
2364 4522 2469 4581 est,
2507 4517 2711 4573 multos
2742 4519 2838 4573 sed
2871 4534 2979 4575 non
2997 4535 3191 4579 omnes
3210 4523 3472 4584 meliores

1892 4606 2123 4662 reddere
2155 4615 2365 4677 potest;
2397 4609 2712 4666 intellectus
2757 4613 2979 4669 tandem
3036 4618 3318 4686 sapientia:
3350 4635 3467 4675 sor-

1892 4711 2086 4753 mones
2116 4698 2183 4754 ad
2217 4698 2546 4771 theologiam
2563 4701 2734 4759 refert
2763 4721 2886 4777 quae
2909 4709 3099 4777 paucis
3126 4710 3458 4779 quibusilmn

1894 4805 2142 4858 accessa,
2179 4809 2433 4865 magnam
2460 4796 2541 4852 eis
2577 4800 2855 4856 utiliatem
2894 4802 3090 4858 all‘erre
3111 4807 3475 4878 vah-unoque

1893 4894 2024 4934 vero
2053 4881 2309 4950 pluribus
2343 4892 2439 4941 aut
2468 4888 2707 4957 cunctis,
2730 4890 2860 4961 quia
2887 4892 3163 4949 altissima
3200 4906 3255 4952 et
3283 4901 3476 4954 occul-

1893 4973 2110 5029 tissima
2136 4983 2241 5031 est.

1968 5175 2036 5230 In
2071 5178 2298 5232 consilio
2329 5187 2379 5232 et
2405 5178 2628 5234 scientia
2681 5195 2838 5248 super
2898 5184 3241 5243 latitudinem
3298 5193 3474 5245 cordis

1898 5263 1999 5317 tui.
2023 5261 2116 5319 Sic
2138 5277 2319 5321 autem
2344 5268 2446 5322 hos
2474 5283 2762 5328 sermones
2776 5272 2975 5329 anima:
3000 5283 3108 5333 tuae
3130 5278 3381 5349 insculpe
3407 5280 3475 5335 ad

1897 5356 2289 5413 discretionem
2337 5362 2679 5433 agendorum
2740 5378 2796 5422 et
2823 5367 2893 5422 ad
2940 5372 3349 5442 perceptionem
3382 5388 3479 5427 θος

1896 5450 2364 5518 gnoscentlorum.
2418 5455 2634 5510 Etenim
2666 5457 2769 5512 hoc
2804 5460 2970 5516 modo
3032 5477 3218 5518 verum
3267 5463 3473 5518 bonum

1898 5541 1967 5595 ab
1998 5557 2062 5596 eo
2102 5542 2248 5613 quod
2282 5553 2508 5613 putatur
2535 5546 2734 5603 bonum
2764 5551 3073 5622 discernes,
3108 5568 3304 5625 resque
3324 5557 3473 5611 exsi-

1900 5643 2109 5691 stcntes
2132 5642 2187 5689 ut
2227 5651 2355 5691 vero
2378 5647 2502 5693 sttttl
2540 5655 2866 5711 cognosces.
