3950 6206
315 217 450 284 1449

313 443 510 498 γμαοι,
547 429 642 482 καὶ
676 429 751 500 μὴ
782 429 1148 498 ἀνθρωπίνοις
1174 428 1269 483 καὶ
1311 427 1451 496 πρὸς
1485 425 1750 498 ἐργασίαν
1807 423 1902 478 τοῦ

313 517 474 572 καλοῦ
505 517 594 571 διά
657 518 720 571 τὸ
770 519 868 589 τῆς
909 519 1116 589 ἀρετῆς
1174 518 1434 573 ἐπίπονον
1461 517 1852 572 ἀποκναίουσιν
1885 529 1902 546 ⁸

307 611 456 674 ὅπως
485 612 610 674 ταῖς
628 609 999 682 θεωρητικαῖς
1029 612 1127 664 καὶ
1150 615 1272 674 ταῖς
1303 613 1642 682 πρακτικαῖς
1666 613 1767 682 τῆς
1800 610 1905 679 ψυ-

309 707 412 777 χῆς
443 703 708 774 δυνάμεσι
747 705 849 774 τὴν
891 704 1092 778 γνῶσιν
1125 704 1221 758 καὶ
1265 703 1360 774 τὴν
1391 703 1591 775 ἀρετὴν
1639 703 1902 774 ἐνεργῶν,

312 799 394 858 είς
415 793 568 860 Θεδν,
601 794 678 859 ὡς
715 795 976 865 ἀλήθειαν
1007 797 1103 850 καὶ
1148 795 1352 864 ἀγαθὸν
1396 797 1648 866 φέρηται,
1690 797 1784 850 καὶ
1828 795 1904 867 μὴ

313 885 664 958 μακρύνηται
701 885 920 952 τούτου,
949 890 1018 957 τῇ
1057 885 1240 956 σχέσει
1270 885 1378 940 τῶν
1425 887 1626 940 ὑλικῶν
1681 885 1902 942 ἀπατώ-

313 993 494 1048 μενος,
525 976 620 1030 καὶ
647 975 779 1046 περὶ
809 976 984 1031 ταῦτα
1022 977 1158 1046 μόνα
1181 976 1638 1048 καταγινόμενος.

893 1069 1146 1123 ΚΕΦΛΛ.
1185 1071 1312 1124 Kl".

379 1160 449 1224 α’,
509 1163 576 1232 β’.
646 1161 784 1214 Ἐὰν
821 1161 1082 1228 καθίσῃς
1132 1161 1402 1216 δειπνεῖν
1449 1161 1548 1216 ἐπὶ
1599 1161 1902 1232 τραπέζης

310 1253 638 1318 δυνάστου,
664 1251 896 1322 γοητῶς
918 1254 1044 1307 νόει
1079 1254 1152 1308 τὰ
1175 1253 1612 1324 παρατιθέμενά
1646 1273 1766 1320 σοι,
1803 1255 1904 1310 καί

307 1346 598 1400 ἀπέϐαλλε
632 1345 748 1414 τὴν
781 1345 953 1416 χεῖρά
993 1361 1131 1404 σου.
1177 1345 1304 1400 Ἐὰν
1337 1349 1417 1411 εἰς
1463 1349 1730 1401 ἀπάθειαν
1759 1347 1904 1418 φθόι-

235 1479 240 1486 .
310 1453 434 1506 σῃς,
465 1437 819 1508 παυσάμενος
846 1437 946 1506 τῆς
980 1437 1119 1509 πρὸς
1177 1437 1380 1491 κακίαν
1413 1440 1702 1508 κινήσεως,
1759 1439 1902 1493 ὥστε

309 1527 404 1579 τοῦ
439 1527 671 1599 οὐρανοῦ
697 1527 1040 1592 καταϐάντος
1077 1530 1243 1602 ἄρτου
1291 1529 1552 1584 δύνασθαι
1619 1531 1902 1602 μεταλαμ-

312 1619 518 1684 ϐάνειν,
547 1621 640 1672 ἐπὶ
673 1623 785 1684 τοῖς
812 1620 888 1685 ὡς
925 1623 984 1673 ὲν
1012 1621 1274 1692 τέσσαρσι
1311 1623 1441 1675 ποσὶ
1473 1625 1584 1686 τοῖς
1611 1622 1900 1693 στοιχείοις

1389 211 1922 277 COMMENTARII
1967 211 2049 272 IN
2076 213 2530 276 PROVEBBIA.

311 338 536 408 θαρχεῖν
564 335 750 404 θείοις,
785 339 880 391 καὶ
919 337 1158 408 ἐννόμως
1201 335 1560 391 ὲπιστατοῦσι
1605 337 1720 398 τοῖς
1763 333 1892 405 πρά-

2011 348 2131 403 quaa
2157 333 2282 402 jure
2298 332 2554 388 omnibus
2596 331 2726 384 sunt
2753 325 3091 398 superiores,
3114 335 3298 382 etnon
3341 325 3600 381 humanis
3689 403 3702 414 .

3468 211 3604 276 1450

2013 431 2070 478 et
2109 422 2177 478 ad
2207 423 2582 494 operationem
2623 419 2753 476 boni
2783 427 3005 490 propter
3021 417 3498 472 virtutislaborem
3519 417 3606 486 pi-

2010 516 2154 588 gris:
2177 524 2238 570 ut
2267 513 2622 585 speculativis
2655 523 2708 568 et
2729 510 3142 566 activisanimte
3165 509 3376 563 viribus
3419 508 3602 564 scien-

2011 609 2142 663 tiam
2183 623 2246 663 ac
2277 609 2534 662 virtutem
2551 621 2807 676 operaus,
2841 603 2894 657 in
2937 601 3105 656 Deum
3133 609 3194 655 ut
3227 600 3513 655 veritatem
3545 611 3602 658 et

2010 700 2215 756 bonum
2244 700 2470 764 feratur,
2489 713 2666 768 neque
2686 697 2754 751 ab
2775 711 2840 751 eo
2859 696 3021 765 longe
3039 700 3381 754 amoveatur,
3401 691 3600 747 aﬂ'ectu

2011 791 2354 850 terrenorum
2383 793 2662 864 deceptus,
2695 791 2870 860 iisque
2896 789 3031 844 solis
3063 797 3389 857 occupatus.

2605 1057 2756 1112 CAP.
2813 1053 3006 1108 XXIII.

2081 1147 2247 1203 Vens.
2285 1147 2336 1214 Ι,
2367 1147 2423 1201 2.
2465 1146 2527 1203 Si
2563 1149 2764 1202 sederis
2791 1161 2998 1200 creuere
3028 1147 3096 1198 ad
3143 1161 3380 1199 mensam
3415 1156 3602 1222 poten-

2013 1242 2116 1308 tis,
2176 1243 2442 1310 sapienter
2503 1241 2740 1311 intellig‘e
2800 1257 2916 1312 quae
2973 1249 3314 1308 apponuntur
3371 1236 3495 1302 tibi,
3547 1247 3598 1290 et

2009 1335 2161 1387 mitte
2189 1348 2404 1387 manuni
2434 1341 2604 1387 tuam.
2643 1333 2701 1387 Si
2738 1333 2804 1386 ad
2837 1333 3157 1402 passionum
3197 1333 3596 1384 immunitatem

2011 1426 2351 1497 perveneris,
2393 1425 2780 1496 sedaverisque
2821 1425 2888 1479 ad
2913 1427 3116 1478 malum
3145 1421 3596 1493 propensionem,

2011 1519 2086 1575 ita
2119 1527 2180 1573 ut
2225 1520 2385 1590 panis
2416 1519 2512 1589 qui
2537 1519 2604 1574 de
2627 1519 2770 1574 coelo
2791 1517 3076 1574 descendit
3105 1517 3287 1588 possis
3320 1516 3436 1570 ﬁeri
3469 1529 3598 1586 par-

2019 1610 2216 1680 ticeps,
2252 1610 2463 1664 scilicet
2506 1609 2598 1665 Dei
2635 1609 3028 1680 omnipotentis
3055 1617 3328 1664 creatum
3354 1607 3598 1662 elemen-

312 1711 606 1779 ίσταμὲνης
629 1711 861 1775 κτίσεως
885 1711 981 1764 τοῦ
1016 1714 1428 1784 παντοδυνάμου
1463 1713 1625 1777 Θεοῦ,
1659 1715 1734 1784 μὴ
1759 1711 1892 1766 κατ’

2008 1699 2078 1754 tis
2116 1699 2277 1769 quasi
2313 1707 2550 1769 quatuor
2583 1699 2808 1769 pedibus
2839 1699 3062 1765 stantis,
3109 1700 3214 1770 hac
3261 1715 3330 1754 ne
3365 1713 3598 1755 sensua-

310 1800 564 1870 αἴσθησιν
587 1801 791 1872 ταύτης
819 1801 1058 1855 ἀπόλαυε
1094 1819 1107 1832 ’
1143 1803 1283 1858 ἀλλά
1311 1803 1377 1857 τὰ
1409 1805 1548 1859 κατά
1599 1805 1660 1858 τδ
1713 1805 1900 1874 φαινό-

313 1893 474 1962 μενόν
514 1911 596 1946 σοι
629 1895 968 1968 προκείμενα
991 1896 1108 1967 εἴδη
1133 1897 1361 1967 ταύτης,
1395 1899 1598 1969 νοερῶς
1623 1899 1898 1968 καταλάμ-

309 1983 462 2048 ϐανε,
496 1984 624 2048 τοὺς
653 1985 858 2039 τούτων
887 1986 1081 2054 λόγους
1121 1987 1418 2058 συλλέγων,
1473 1990 1567 2044 καὶ
1627 1991 1748 2045 κατ’
1794 1990 1898 2044 αὑ-

306 2077 432 2138 τοὺς
461 2075 730 2145 ἐπιχείρει
755 2075 1017 2146 πράττειν
1047 2077 1109 2129 τὸ
1138 2077 1362 2146 ἀγαθόν.

374 2165 565 2232 Εἰδὼς
598 2167 687 2220 ὅτι
723 2167 970 2222 τοιαῦτὰ
1006 2185 1081 2222 σε
1110 2167 1206 2223 δεῖ
1221 2169 1701 2238 παρασκευάσαι.
1737 2169 1900 2224 Γινώ-

307 2273 453 2312 σκων
477 2259 560 2312 ὅτι
587 2259 875 2329 μιμεῖσθαι
903 2261 1036 2314 Θεὸν
1067 2264 1180 2324 τοῖς
1221 2261 1407 2332 ἔργοις
1460 2262 1720 2330 ὀφείλεις,
1770 2280 1896 2333 κιρ-

307 2347 413 2400 νῶν
439 2348 580 2400 κατά
611 2350 838 2420 γνώμην
875 2351 976 2414 τὰς
1019 2351 1394 2420 ἀναλογούσας
1438 2354 1552 2416 τοῖς
1607 2353 1894 2422 στοιχείοις

306 2437 580 2510 τέσσαρας
613 2441 842 2509 γενικὰς
880 2443 1090 2512 ἀρετάς
1125 2458 1140 2475 ⁸
1191 2445 1287 2496 καὶ
1338 2443 1427 2498 τὸν
1478 2444 1619 2497 κατά
1655 2445 1896 2498 διάνοιαν

307 2529 776 2600 θεοπρεπέστατον
799 2534 892 2587 καὶ
921 2533 1082 2597 αὐτὸς
1114 2533 1377 2588 συνιστῶν
1399 2534 1627 2605 κόσμον,
1647 2537 1758 2600 τοῖς
1791 2553 1894 2589 κα-

305 2617 374 2672 τά
403 2619 566 2688 μέρος
592 2620 702 2674 τῶν
730 2621 939 2688 ἀρετῶν
962 2621 1160 2675 είδεσιν
1195 2638 1208 2652 ⁸
1260 2623 1320 2676 ὲν
1379 2623 1458 2694 τῷ
1505 2623 1766 2696 μετάγειν
1807 2641 1918 2677 σο·-

307 2708 424 2778 φῶς
451 2709 520 2762 δι’
540 2709 815 2781 ἐμφεροῦς
841 2713 1180 2783 ὁμοιότητος,
1211 2713 1308 2784 τὴν
1342 2714 1484 2768 κοιτά
1512 2714 1606 2767 τὸν
1635 2714 1895 2786 αἰσθητὸν

304 2800 478 2852 αἰῶνα
511 2801 782 2873 μυστικὴν
806 2801 1061 2874 θεωρίαν,
1087 2805 1180 2858 ἐπὶ
1209 2805 1301 2857 τὸν
1350 2806 1493 2860 κατὰ
1547 2805 1789 2860 διάνοιαν
1835 2809 1893 2862 ἐν

304 2885 578 2958 πνεύματι
620 2888 710 2942 διά
741 2889 850 2944 τῶν
885 2891 1096 2962 ἀρετῶν
1133 2894 1626 2966 συμπληρούμενον
1664 2899 1890 2968 κόσμον.

266 2975 268 2977 ’
375 2985 446 3046 γ’.
498 2981 567 3033 El
618 2980 686 3034 δὲ
734 2983 1188 3052 ἁπληστότερος
1237 2985 1312 3052 εἴ,
1342 2987 1428 3055 μὴ
1474 2988 1742 3058 ἐπιθύμει
1771 2989 1892 3044 τῶν

305 3067 650 3139 ἐδεσμάτων
678 3072 886 3128 αὐτοῦ.
927 3074 989 3126 Εἰ
1015 3075 1060 3127 δ’
1089 3075 1189 3128 οὐκ
1213 3075 1356 3147 ἀρκῇ
1387 3079 1451 3147 τῇ
1487 3077 1664 3148 τοιᾷδε
1687 3078 1889 3146 γνώσει

303 3161 414 3214 τῶν
443 3161 676 3233 ἀρετῶν,
711 3164 828 3218 ἀλλ’
865 3167 959 3218 ἐπὶ
990 3166 1151 3220 πλέον
1189 3167 1332 3220 κατά
1358 3169 1592 3239 θεωρίαν
1651 3170 1888 3241 ὲκτείνῃ,

307 3254 386 3323 μὴ
411 3251 510 3324 ἔρα
549 3254 992 3326 καταλαμϐάνειν
1018 3258 1088 3312 τά
1133 3259 1264 3328 παρ’
1323 3258 1490 3312 αὐτοῦ
1536 3261 1698 3329 μόνου
1751 3261 1888 3314 Θεοῦ

303 3347 688 3418 γινωσκόμενα
713 3351 988 3420 μυστήρια
1019 3347 1128 3403 οἷον
1146 3352 1228 3415 τὸ,
1255 3352 1404 3416 ὅπως
1435 3353 1500 3406 ὲκ
1529 3354 1621 3406 τοῦ
1655 3355 1890 3426 ἀγεννή-

299 3452 398 3490 του
423 3438 637 3508 Πατρδς
667 3439 694 3490 ὁ
743 3442 1035 3512 μονογενὴς
1081 3443 1249 3494 αὑτοῦ
1308 3445 1404 3496 καὶ
1464 3446 1730 3509 συναῖδιος
1759 3447 1890 3510 Υἱὸς

301 3531 579 3595 γεννᾶται,
615 3531 707 3581 καὶ
735 3531 796 3582 τὸ
823 3533 1092 3584 συναῖδιον
1121 3533 1288 3585 αὐτοῦ
1323 3535 1686 3604 ἐκπορεύεται
1717 3538 1890 3590 Πνεῦ-

305 3633 384 3686 μα
409 3636 421 3648 ο
454 3621 549 3672 καὶ
573 3621 719 3682 ὅπως
749 3619 900 3690 ποιρά
929 3620 1065 3674 Θεοῦ
1099 3623 1335 3693 ήκτίσις
1385 3627 1450 3678 ἐκ
1489 3625 1584 3678 τοῦ
1617 3626 1692 3698 μὴ
1737 3627 1889 3691 ὄντος

303 3709 589 3780 «apulia-

378 3799 569 3852 Ταῦτα
597 3797 710 3868 γὰρ
743 3799 942 3868 ἔχεται
984 3801 1136 3871 ζωῆς
1182 3804 1470 3872 ψευδοῦς.
1529 3805 1588 3859 '0
1645 3807 1756 3876 γὰρ
1819 3809 1886 3862 τὰ

300 3887 546 3953 τοιαῦτα,
578 3889 706 3942 ὄντα
752 3891 1131 3962 ἀκατάληπτα,
1194 3887 1635 3967 καταλαμϐἅνειν
1682 3899 1886 3972 ἐπιχει-

302 3979 434 4050 ρῶν,
455 3979 682 4048 ψευδοῦς
709 3981 994 4052 ἀντέχεται
1009 3985 1286 4053 γνώσεως.

368 4073 431 4127 δ’.
462 4073 560 4142 Μὴ
605 4077 1024 4146 παρεκτείνων,
1069 4079 1260 4146 πένης
1311 4079 1415 4144 ὢν,
1461 4087 1754 4150 πλουσίῳ.
1791 4090 1884 4160 Μὴ

298 4163 392 4222 οῦν
408 4169 710 4236 όπλασθεὶς
731 4173 794 4225 ἐκ
811 4173 955 4243 χοδς,
978 4176 1072 4228 καὶ
1091 4175 1190 4244 τῆς
1211 4175 1361 4239 θείας
1391 4177 1614 4249 χάριτος
1643 4181 1881 4254 ἐπιδεὴς,

297 4261 402 4313 κᾶν
458 4264 693 4334 μετέχῃς
746 4264 905 4331 Θεοῦ,
955 4267 1250 4338 παρεξίσου
1309 4269 1483 4340 τούτῳ
1537 4273 1758 4339 ἑαυτδν,
1805 4275 1882 4347 τῷ

1967 3055 1980 3066 κ

2001 1791 2126 1846 Iiter
2184 1792 2424 1858 fruaris,
2483 1793 2576 1848 sed
2639 1801 2968 1862 apparentes
3026 1793 3148 1862 ejus
3215 1793 3432 1848 oblatas
3493 1791 3596 1847 tibi

2001 1881 2208 1937 formas
2246 1883 2619 1953 intelligenter
2659 1885 2879 1953 accipe,
2917 1883 3112 1938 barum
3155 1886 3398 1940 rationes
3441 1883 3598 1941 colli~

2001 1989 2136 2046 gens
2163 1983 2220 2030 et
2244 1977 2547 2030 secundum
2581 1991 2674 2032 eas
2705 1977 2921 2031 enitens
2945 1975 3148 2032 bonum
3175 1977 3414 2047 operari.

2073 2154 2257 2211 Sciens
2291 2153 2430 2227 quod
2475 2151 2674 2225 oportet
2717 2169 2764 2212 te
2805 2158 2938 2212 talia
2989 2174 3316 2228 praeparare.
3375 2158 3594 2228 Cogno-

2000 2261 2162 2301 scens
2198 2248 2328 2316 quia
2365 2247 2535 2302 Deum
2573 2250 2627 2302 in
2663 2249 2926 2319 operibus
2957 2250 3156 2303 imitari
3191 2249 3356 2304 debes
3383 2263 3480 2318 per
3495 2264 3593 2304 co-

1999 2339 2320 2409 gitationem
2383 2341 2623 2396 miscens
2677 2351 2918 2412 quatuor
2971 2343 3203 2412 virtutes
3258 2345 3592 2414 principales

1997 2431 2284 2488 elementis
2341 2433 2789 2490 accommodatas
2851 2443 2906 2491 et
2958 2446 3222 2492 mundum
3281 2438 3590 2496 secundum

1997 2538 2254 2591 sensum,
2311 2526 2420 2580 Deo
2469 2527 2856 2597 dignissimum
2911 2531 3297 2598 constituens,
3352 2534 3590 2604 singulis

1997 2617 2258 2670 virtutum
2291 2618 2606 2687 speciebus,
2650 2618 2728 2673 ita
2778 2627 2838 2674 ut
2863 2623 3278 2691 comparatione
3313 2625 3586 2689 instituta,

1931 2721 1938 2728 ·
1997 2707 2282 2777 mysticam
2310 2709 2495 2764 saeculi
2525 2711 2804 2766 sensibilis
2833 2713 3330 2770 considerationem
3365 2717 3584 2787 sapien.

1996 2808 2078 2852 ter
2101 2799 2409 2854 transferas
2440 2800 2506 2854 ad
2535 2801 2957 2857 intellectualem
2993 2806 3256 2860 mundum
3289 2807 3384 2877 qui
3415 2807 3584 2879 spiri-

1995 2887 2220 2940 tualiter
2251 2903 2348 2957 per
2381 2889 2615 2945 virtutes
2645 2900 3085 2948 consummatur.

2065 2975 2232 3033 Vens.
2268 2981 2321 3034 5.
2360 2979 2422 3034 Si
2443 2981 2808 3036 insatiabiﬁor
2837 2999 2916 3050 es,
2957 2999 3020 3038 ne
3053 2983 3316 3041 desideres
3351 2985 3416 3040 de
3453 2988 3584 3042 cibis

1992 3070 2129 3140 ejus.
2190 3069 2246 3126 Si
2297 3088 2405 3127 non
2457 3073 2553 3128 tibi
2603 3073 2835 3130 sufﬁciat
2895 3076 3128 3132 scientia
3173 3077 3266 3132 illa
3293 3079 3584 3144 virtutum.

1993 3165 2338 3235 ampliusque
2369 3166 2700 3220 extendatur
2729 3169 3035 3238 speculatio
3070 3179 3182 3236 tua,
3207 3187 3276 3227 ne
3297 3171 3586 3229 desideres

1991 3267 2188 3324 capere
2214 3259 2474 3327 mysteria
2523 3271 2553 3312 a
2605 3255 2715 3312 Deo
2769 3259 2891 3314 solo
2924 3260 3171 3330 cognita,
3205 3261 3391 3330 qualia
3453 3271 3585 3318 sunt

1991 3346 2277 3414 generatio
2323 3347 2590 3418 unigeniti
2635 3357 2690 3404 et
2714 3352 2976 3405 coaeterni
3017 3351 3141 3407 Filii
3175 3367 3203 3406 a
3235 3351 3398 3410 Patre
3430 3355 3584 3426 inge-

1993 3435 2128 3502 nito,
2157 3438 2440 3504 processio
2469 3439 2728 3495 coaeterni
2752 3437 3016 3512 Spiritus,
3035 3453 3090 3499 et
3111 3445 3324 3502 crcatio
3351 3461 3380 3503 e
3409 3447 3584 3504 nihilo

1993 3537 2024 3576 a
2057 3525 2169 3581 Deo
2203 3527 2371 3581 facta.

2053 3815 2181 3870 Hae
2199 3817 2339 3871 enim
2371 3817 2602 3874 obtinent
2629 3822 2790 3874 vitam
2823 3823 3042 3892 falsam.
3069 3823 3224 3878 Talia
3252 3828 3424 3894 enim,
3450 3845 3578 3886 cum

1989 3907 2110 3976 capi
2146 3922 2252 3962 non
2285 3920 2538 3978 possunt,
2577 3921 2668 3982 qut
2704 3927 2902 3984 capere
2935 3927 3192 3982 conatur,
3212 3916 3363 3975 falsa:
3397 3921 3578 3978 scien-

1987 3997 2076 4054 tia
2102 3999 2362 4056 adhaeret.

2057 4088 2226 4146 Vens.
2259 4091 2312 4147 4.
2335 4091 2566 4160 Pauper,
2585 4111 2646 4148 ne
2675 4095 2852 4167 erigas
2876 4099 3059 4154 oculos
3087 4109 3203 4155 tuos
3230 4103 3300 4155 ad
3330 4103 3571 4159 divitem.

1985 4179 2109 4236 Noli
2137 4184 2325 4255 igitur,
2352 4187 2628 4256 epulvere
2675 4190 3006 4260 plasmatus,
3049 4193 3350 4276 divinaque
3398 4197 3576 4266 gratia

1983 4275 2260 4346 indigens.
2292 4281 2541 4348 quamvis
2580 4281 2670 4336 Dei
2725 4285 3006 4354 particeps
3049 4285 3324 4352 eﬂiciaris,
3379 4299 3578 4344 temet-

295 4353 537 4423 ἀκτίστῳ
554 4356 648 4407 καὶ
674 4356 1046 4428 ὑπερπλήρει,
1087 4360 1530 4432 καταλαμϐάνειν
1555 4366 1720 4420 αὑτὸν
1755 4371 1876 4422 ἐπι-

2009 4384 2168 4438 psum
2207 4369 2302 4425 illo
2335 4373 2581 4428 increalo
2611 4389 2676 4428 ac
2713 4375 2990 4433 immenso
3038 4379 3409 4448 mquiparare,
3446 4396 3574 4436 eum

297 4443 521 4510 χειρῶν,
546 4445 622 4508 ὡς
653 4441 795 4500 οἶδεν
820 4449 984 4512 αὐτὸς
1001 4451 1217 4506 ἑαυτόν.
1489 4513 1516 4538 κ

371 4531 450 4601 Τῇ
489 4535 558 4587 δὲ
586 4534 904 4616 σῇλέννοίᾳ
937 4540 1240 4610 ἀπέσχου.
1293 4531 1628 4615 Ἇπόστῆσον
1673 4547 1729 4601 δὲ
1778 4549 1879 4619 τὴν

285 4621 529 4675 διάνοιάν
587 4641 680 4678 σου
741 4627 852 4681 ἀπὸ
899 4629 1000 4698 τῆς
1030 4633 1152 4683 κατ’
1195 4633 1384 4686 οὐσίαν
1413 4633 1506 4686 τοῦ
1541 4635 1675 4689 Θεοῦ
1705 4637 1878 4706 Λόγου

294 4716 674 4786 καταλήψεως.

362 4814 424 4862 ε’.
474 4811 617 4864 Ἐὰν
641 4811 988 4882 ἐπιστήσῃς
1009 4818 1075 4868 τὸ
1107 4817 1226 4872 σὸν
1256 4819 1414 4892 ὄμμα
1467 4822 1620 4890 πρὸς
1663 4823 1872 4890 αὐτόν,

289 4898 556 4968 οὐδαμοῦ
585 4903 878 4971 φανεῖται.
923 4907 1048 4960 Ἐὰν
1095 4909 1203 4980 γὰρ
1250 4911 1311 4964 τὸ
1337 4913 1521 4982 νοερὸν
1557 4915 1652 4984 τῆς
1698 4914 1876 4985 ψυχῆς

291 5007 387 5042 σου
415 4989 570 5062 ὄμμα
600 4993 818 5066 ὲρείσῃς
844 4997 980 5068 πρὸς
1011 4999 1177 5052 αὑτὸν
1212 5003 1438 5069 ἀτενῶς,
1463 5005 1554 5056 τὸν
1589 5005 1694 5057 ὑπὸ
1736 5007 1874 5059 πάν-

288 5097 396 5134 των
429 5083 504 5147 ὼς
536 5088 708 5142 αἴτιον
752 5093 1183 5164 κηρυττόμενον,
1215 5097 1274 5148 ὲν
1305 5097 1482 5151 οὐδενὶ
1531 5102 1650 5152 κατ’
1685 5102 1873 5155 οὐσίαν

288 5171 562 5243 εὑρήσεις,
583 5179 658 5242 ὡς
693 5181 1038 5251 ὑπεροὺσιον.

357 5270 841 5326 Κατεσκεύασται
899 5276 1009 5344 γὰρ
1068 5277 1228 5345 αὐτῷ
1293 5279 1580 5352 πτέρυγες
1668 5281 1870 5352 ὥσπερ

285 5355 484 5410 ἀετοῦ.
533 5357 590 5411 Ὁ
625 5361 733 5432 γάρ
763 5365 882 5417 κατ’
915 5367 1103 5420 οὐσίαν
1133 5369 1309 5438 μένων
1339 5372 1395 5422 ἐν
1428 5371 1506 5441 τῷ
1529 5375 1724 5439 Πατρὶ,
1773 5376 1870 5427 καὶ

1984 4460 2202 4516 enitens
2226 4465 2694 4532 comprehendere
2726 4466 2876 4522 sicut
2905 4467 3020 4538 ipse
3051 4469 3294 4544 seipsum
3327 4471 3501 4526 novit.
3563 4479 3568 4486 '

2074 4551 2190 4607 Tua
2222 4563 2398 4609 autem
2432 4557 2854 4613 consideratione
2879 4559 3107 4614 abstine.
3133 4562 3335 4617 Averte
3358 4565 3574 4634 cogita-

1983 4641 2189 4697 tionem
2247 4653 2398 4702 tuatn
2457 4662 2486 4700 a
2549 4649 2646 4704 Dei
2684 4649 2862 4706 Verbo
2910 4651 3216 4708 secundum
3270 4655 3570 4710 essentiam

1981 4741 2522 4810 comprehendendo.
2705 4815 2712 4820 '

2038 4829 2262 4886 VEBS.5.
2281 4831 2342 4887 Si
2359 4835 2644 4890 intenderis
2661 4838 2870 4891 oculum
2891 4849 3036 4893 tuum
3055 4840 3124 4893 ad
3139 4840 3289 4895 illum
3308 4857 3570 4911 nusquam

1981 4925 2275 4991 apparebit.
2319 4925 2374 4980 Si
2414 4929 2560 4981 enim
2600 4931 2822 4984 oculum
2875 4933 3075 4986 animae
3130 4933 3566 4990 intellectualem

1977 5024 2184 5070 attente
2211 5017 2394 5074 ﬂxeris
2427 5020 2480 5073 in
2499 5036 2828 5093 eum,qnem
2865 5033 2922 5079 ut
2953 5040 3180 5082 causam
3207 5029 3388 5082 omnia
3421 5043 3568 5098 prae-

1975 5104 2198 5170 dicant,
2231 5124 2506 5184 nusquam
2539 5116 2910 5171 essentialiter
2943 5117 3232 5182 invenies.
3267 5121 3360 5189 qui
3397 5135 3564 5191 supra

1973 5212 2190 5254 omnem
2225 5203 2522 5258 essentiam
2568 5207 2782 5276 positus
2815 5219 2920 5265 cst.

2045 5287 2261 5344 Parata:
2283 5293 2421 5346 enim
2447 5305 2568 5348 sunt
2592 5297 2640 5350 ei
2668 5299 2770 5352 alte
2807 5311 3060 5374 tanquam
3099 5305 3316 5375 aquilw.
3355 5303 3564 5377 Unige-

1971 5379 2146 5435 nitum
2181 5386 2326 5439 enim
2367 5385 2462 5442 Dei
2511 5387 2774 5458 Verbum,
2827 5413 3055 5452 manens
3091 5399 3466 5454 essentialiter
3504 5399 3561 5455 in

285 5447 626 5514 ἀδιαστ-ιτως
655 5453 736 5516 είς
765 5455 856 5508 τσο
883 5457 1088 5528 κόσμον
1129 5461 1488 5532 ἐξερχόμενος
1547 5464 1670 5518 κατ’
1717 5465 1868 5537 ἐνέρ-

2008 5479 2130 5528 ‘atre
2160 5489 2224 5529 ac
2258 5478 2380 5534 sine
2411 5487 2758 5552 separatione
2787 5489 2842 5542 in
2869 5489 3132 5544 mundum
3169 5505 3264 5558 per
3297 5491 3558 5546 virtutem

285 5551 462 5602 γειαν,
483 5539 558 5603 ὼς
593 5540 660 5594 ἂν
689 5559 864 5613 κηρυτ
877 5563 1016 5602 τοιτο
1050 5550 1154 5604 ὑπὸ
1178 5551 1286 5606 τῶν
1309 5555 1569 5610 αίτιατῶν
1599 5560 1666 5627 τῇ
1692 5575 1862 5611 κατα·
1915 5561 1924 5570 ’

285 5630 488 5700 φατικῇ
545 5629 810 5704 θεολογὶᾳ,
869 5635 946 5700 ὡς
1001 5639 1172 5704 αἴτιος
1224 5645 1518 5716 μονογενὴς
1579 5645 1674 5699 τοῦ
1725 5648 1861 5704 Θεοῦ
1965 5657 2170 5712 mativa
2229 5663 2582 5736 praedicatur,

521 5737 524 5740 ’
602 5727 872 5794 ΡΑτιιοι..
920 5734 1038 5798 Gn.
1071 5737 1444 5804 LXXXVII.

1968 5566 2214 5631 veniens,
2243 5577 2302 5622 ut
2332 5570 2476 5626 sicut
2503 5589 2669 5630 causa
2695 5593 2722 5630 ιι
2747 5581 2992 5636 causalis
3021 5581 3074 5634 in
3107 5579 3380 5653 theologia
3410 5583 3552 5636 amr-

2641 5667 2880 5740 Spiritus
2935 5673 3013 5728 illi
3063 5675 3550 5734 consubstantialls

3065 5767 3146 5833 46
