3950 6206
303 299 438 363 1453

1351 287 1884 354 COMMENTARII
2053 281 2502 344 PROVERBIA.

3425 268 3478 328 1-1
3491 267 3556 328 ἰρι

367 415 442 470 Τὰ
493 413 562 469 δὲ
587 409 708 468 ὦτά
745 427 864 466 σου
897 409 1219 476 ὲτοίμιισον
1267 406 1471 475 λόγοις
1517 395 1878 470 αῐσθήσεως.

2033 398 2200 452 Aures
2221 405 2396 450 autem
2411 403 2530 448 tuas
2549 390 2736 445 adhibe
2753 387 3076 443 sermnnibus
3098 383 3561 440 sensus.Fat-ulta-

289 510 402 572 Τὰς
453 509 498 562 δ’
547 502 854 565 ὲπιπειθείς
905 499 1050 570 λόγῳ
1075 498 1170 552 τοῦ
1198 497 1501 567 παθητικοῦ
1533 495 1735 567 μέρους
1771 497 1872 566 τῆς

287 602 469 674 ψυχῆς
499 617 592 653 σου
631 597 918 666 δυνάμεις,
950 593 1050 666 τὴν
1079 591 1374 663 ἐπιθυμίαν
1415 592 1508 672 καί
1557 592 1648 644 τὸν
1677 589 1868 660 θυμὸν,

195 709 202 712 ·
290 688 614 760 εὖτρέπισον
667 685 950 754 λογισμοῖς
1013 684 1126 745 τοῖς
1173 683 1508 750 διακρίνουσι
1582 679 1644 734 τὸ
1701 679 1870 742 ὅντως

289 779 496 848 ἀγαθὸν
528 777 637 832 ἀπὸ
659 775 754 830 τοῦ
779 772 1142 846 νομιζομένου
1165 789 1178 802 ·
1201 771 1344 824 ὥστε
1371 771 1470 840 τὴν
1503 771 1622 838 μὲν,
1652 769 1748 822 τοῦ
1787 769 1872 822 ὅν-

289 887 400 934 τως
437 868 728 940 ὀρέγεσθαι
761 863 968 934 ἀγαθοῦ
999 881 1012 893 ·
1041 863 1135 917 τὸν
1163 862 1243 926 δὲ,
1269 863 1330 916 τὸ
1357 861 1712 932 νομιζόμενον
1733 861 1874 914 ἀπο-

295 962 640 1035 στρέφεσθαι.

365 1122 454 1192 ιγ’.
481 1120 580 1190 Μὴ
617 1120 864 1188 ἀπόσχῃ
891 1116 1116 1184 νήπιον
1137 1115 1442 1172 παιδεύειν
1475 1131 1491 1148 ο
1519 1117 1608 1170 ὅτι
1629 1113 1737 1169 ἐὰν
1761 1128 1874 1168 παι

293 1215 484 1283 τάξῃς
507 1211 696 1268 αὐτὸν
715 1209 940 1280 ῥάϐδῳ,
967 1211 1040 1264 οὐ
1081 1207 1168 1279 μὴ
1211 1207 1506 1276 ἀποθάνῃ.
1551 1205 1643 1276 Μὴ
1687 1205 1874 1276 παύσῃ

294 1307 356 1360 τδ
381 1323 446 1378 νη
457 1303 667 1366 πιωδῶς
699 1302 952 1374 φρονοῦν,
974 1303 1068 1358 καὶ
1089 1300 1392 1368 ἀλογίστως
1417 1297 1718 1369 φερόμενον
1747 1313 1878 1368 σαρ-

294 1399 416 1452 κίον
445 1413 564 1460 σου,
587 1395 725 1468 πρὸς
747 1393 1008 1466 ἐργασίαν
1033 1391 1318 1464 ῥυθμίζειν
1337 1389 1430 1444 τοῦ
1461 1388 1667 1458 ἀγαθοῦ
1689 1405 1704 1419 ο
1727 1389 1878 1442 ἐπει-

1975 495 2055 544 tes
2077 495 2260 542 autem
2301 499 2426 556 quae
2441 483 2638 538 anima:
2655 481 2792 551 parti
2811 479 3085 532 scnsitivaa
3101 477 3384 537 obediunt,
3397 489 3562 543 appe-

1975 580 2136 635 titum
2159 571 2878 644 scilicetconcupiscibilem
2893 578 2950 624 rt
2971 569 3274 638 appetitum
3301 565 3560 620 irascibi-

1977 669 2110 736 lem,
2135 683 2382 740 praepara
2423 663 2936 722 ratiocinationibus
2967 675 3092 731 quin
3125 673 3316 714 verum
3359 661 3564 712 bonum

1975 763 2298 820 discernunt
2327 762 2396 816 ab
2427 775 2494 815 eo
2513 758 2658 829 quod
2697 762 2960 811 censetur
2990 755 3229 816 bonum;
3265 750 3568 822 appetitum

1976 853 2195 926 quidem
2219 850 2708 922 concupiscibilcm
2758 855 2818 900 ut
2847 859 3032 899 verum
3066 844 3267 898 bonum
3297 843 3568 912 concupi-

1976 953 2114 1012 scat,
2172 944 2511 1000 irascibilem
2587 949 2772 994 autem
2820 947 2872 991 nt
2921 935 2989 990 ab
3012 949 3078 990 eo
3123 934 3266 1004 quod
3309 943 3572 989 censetur

1974 1037 2180 1092 bonum
2221 1042 2519 1090 avertatur.

2051 1127 2219 1183 Vens.
2252 1128 2340 1181 13.
2383 1124 2518 1181 Noli
2547 1123 2858 1178 subtrahere
2919 1139 2949 1176 a
2981 1137 3144 1192 puero
3185 1119 3520 1188 disciplinam
3551 1133 3570 1170 .-

1977 1221 2022 1274 εἰ
2071 1219 2212 1275 enim
2257 1215 2578 1286 percusseris
2621 1229 2740 1268 eum
2809 1213 2978 1280 uirga,
3029 1225 3132 1262 non
3179 1207 3453 1262 morietur.
3495 1204 3574 1258 Ne

1979 1309 2292 1368 cessaveris
2323 1320 2546 1362 carnem
2573 1304 2812 1374 puerilia
2839 1301 3174 1358 sentientem
3221 1307 3276 1354 et
3318 1299 3384 1352 ad
3435 1299 3576 1350 irra-

1979 1400 2212 1457 tionalia
2246 1399 2572 1469 proclivem,
2603 1395 2842 1464 dirigere
2881 1393 2948 1448 ad
2985 1391 3363 1462 operationem
3407 1389 3572 1453 boni;

295 1489 472 1561 δήπερ
497 1489 546 1542 εί
573 1487 651 1552 ὡς
687 1487 745 1540 ἐν
763 1503 872 1540 τινι
897 1485 1104 1556 ῥάϐδῳ,
1144 1484 1288 1554 λόγῳ
1339 1479 1700 1544 ταπεινώσεις
1745 1477 1879 1534 αὐτὸ

2004 1493 2254 1565 liquide
2307 1491 2458 1545 illam
2517 1487 2738 1543 ratione
2797 1484 2956 1554 quasi
3015 1483 3170 1552 virga
3231 1480 3574 1535 lnnniliatam

297 1577 636 1644 ὑπωπιάζων
664 1581 759 1633 καὶ
783 1575 1169 1645 δουλαγωγῶν,
1200 1575 1260 1628 οὐ
1303 1573 1378 1645 μὴ
1417 1571 1718 1644 διαφθαρῇ,
1775 1571 1880 1625 κᾶν

2004 1583 2292 1655 subjeceris
2323 1590 2378 1637 et
2415 1581 2471 1636 in
2515 1579 2840 1636 servitutem
2873 1573 3175 1644 redegeris,
3225 1585 3334 1626 non
3370 1569 3580 1625 interli-

297 1669 574 1741 ὑποτρέχῃ
609 1687 669 1722 σε
701 1667 866 1738 φόϐος
891 1665 1152 1726 τοιοῦτος.

2004 1677 2187 1742 :ietur,
2211 1675 2314 1730 etsi
2343 1674 2506 1728 timor
2537 1672 2666 1727 talis
2697 1671 2752 1725 in
2779 1677 3018 1724 mentem
3041 1667 3140 1722 tibi
3168 1665 3384 1722 subeat.

368 1762 452 1816 ιδ’.
479 1761 562 1814 Σὺ
587 1759 704 1830 μὲν
739 1758 854 1828 γὰρ
881 1755 1173 1822 διατάξεις
1211 1753 1402 1809 αὐτὸν
1427 1751 1650 1821 ῥάϐδῳ,
1677 1749 1794 1820 τὴν
1819 1750 1887 1805 δὲ

2069 1763 2232 1820 Vsus.
2269 1763 2354 1817 Η.
2381 1762 2462 1817 Tu
2489 1761 2700 1834 quidem
2725 1761 2984 1830 percuties
3003 1775 3124 1812 eum
3155 1758 3323 1826 uirga,
3341 1757 3580 1810 animum

297 1851 518 1922 ψυχὴν
539 1849 728 1906 αὐτοῦ
772 1851 842 1904 ἐκ
883 1847 1146 1904 θανάτου
1169 1846 1362 1916 ῥύσῃ.
1410 1845 1484 1898 Σὺ
1527 1843 1628 1914 μὲν
1653 1842 1784 1914 γὰρ,
1816 1841 1892 1904 ὼς

2004 1865 2172 1910 autem
2197 1855 2314 1924 ejus
2353 1871 2386 1908 α
2427 1863 2596 1908 morte
2637 1851 2908 1907 liberabis.
2953 1850 3090 1919 Nam
3123 1857 3184 1903 tu
3223 1848 3472 1917 quidem,
3519 1857 3584 1900 ut

299 1945 540 2020 εἴρηται,
585 1941 956 2005 ταπεινώσεις
989 1939 1151 2006 αὐτὸ,
1179 1940 1256 2002 ὡς
1285 1937 1354 1991 ἂν
1386 1937 1462 2008 μὴ
1499 1934 1792 2007 παρασύρῃ
1833 1953 1892 1988 σε

2004 1945 2258 2010 diximus,
2287 1944 2612 2000 humiliabis
2653 1959 2775 1999 eam
2803 1953 2864 1998 ut
2895 1955 3005 2010 non
3031 1947 3086 1996 te
3115 1939 3350 2010 abripiat
3377 1940 3431 1994 in
3463 1939 3582 1993 vitii

298 2039 379 2100 εἰς
397 2035 678 2107 κρημνοὺς
697 2033 896 2096 κακίας
907 2033 1002 2086 καὶ
1021 2029 1292 2103 βάραθρα·
1307 2028 1407 2098 τὴν
1417 2027 1476 2080 δὲ
1517 2025 1893 2094 ζωογονοῦσαν

297 2128 454 2182 τοῦτο
483 2126 662 2197 ψυχήν
692 2142 808 2188 σου,
843 2123 1006 2196 ἐξέλῃ
1039 2121 1131 2176 τοῦ
1165 2120 1288 2176 καθ’
1317 2119 1598 2190 ἁμαρτίαν
1631 2117 1890 2174 θανάτου.

373 2219 454 2284 ιε’,
485 2225 581 2282 ις’.
610 2217 724 2282 Υἱὲ,
775 2215 892 2270 ἐὰν
927 2213 1094 2283 σοφὴ
1146 2211 1392 2283 γένηταί
1433 2225 1551 2266 σου
1579 2209 1618 2276 ἠ
1656 2210 1890 2280 καρδία,

299 2309 622 2378 εὐφρανεῖς
649 2308 750 2362 καὶ
779 2307 898 2374 τὴν
934 2305 1094 2376 ἐμὴν
1126 2303 1384 2372 καρδίαν
1408 2318 1424 2334 ·
1463 2302 1562 2357 καὶ
1601 2301 1893 2369 ἐνδιατρί-

301 2401 404 2468 me
431 2399 638 2462 λόγοις
683 2396 756 2449 τὰ
789 2395 874 2449 σὰ
917 2395 1092 2464 χείλη
1125 2393 1275 2462 πρὸς
1322 2391 1398 2446 τὰ
1435 2390 1548 2460 ἐμὰ
1586 2390 1780 2459 χειλη,
1815 2389 1894 2443 ἂν

303 2487 450 2554 ὀρθὰ
487 2484 622 2539 ὦσι.
665 2483 894 2546 Τέκνον,
927 2481 958 2534 ὃ
1007 2479 1396 2550 πνευματικῶς
1439 2480 1563 2542 ταῖς
1619 2479 1780 2548 ἐμαῖς
1815 2477 1892 2531 διο

303 2574 627 2637 δασκαλίαις
669 2573 934 2641 ὡδίνησα,
975 2570 1072 2626 ἐὰν
1115 2569 1276 2640 λόγου
1327 2569 1478 2624 θείου
1516 2567 1765 2642 μετάσχῃ
1797 2585 1890 2622 σου

303 2665 532 2738 ἡψυχὴ,
585 2664 910 2735 ἀγαλλίασιν
953 2665 1050 2718 καὶ
1097 2665 1164 2734 τῇ
1217 2663 1323 2732 ὲμῇ
1352 2661 1499 2732 ψυχῇ
1547 2661 1890 2732 ἐμποιήσεις,

305 2759 485 2814 οἰκεῖά
531 2775 634 2830 μου
691 2755 1050 2828 λογιζομένου
1089 2755 1159 2808 τὰ
1205 2753 1312 2808 σὰ-⁶
1364 2754 1460 2807 καὶ
1495 2752 1564 2806 τὰ
1601 2752 1758 2820 λόγιά
1799 2767 1892 2804 σου
1927 2745 1934 2750 ’

307 2850 445 2922 πρὸς
474 2850 543 2904 τὰ
575 2851 684 2920 ὲμά
711 2848 788 2914 ὡς
822 2848 960 2920 πρός
983 2865 1106 2900 τινα
1133 2845 1336 2900 κανόνα
1393 2843 1756 2916 παραϐαλεῖς,
1799 2844 1894 2896 καὶ

311 2941 693 3006 συνεξετάσεις
727 2939 822 2994 έάν
847 2940 1178 3011 ὑπάρχωσιν
1201 2936 1402 3008 ἀληθῆ.

381 3033 470 3098 ιζ’,
497 3033 588 3104 ιη’.
609 3032 705 3102 Μὴ
737 3031 1000 3102 Cilicum
1031 3032 1069 3101 ἠ
1101 3029 1315 3100 καρδία
1335 3044 1455 3084 σου
1481 3026 1892 3098 ἁμαρτωλοὺς,

305 3126 470 3180 ἀλλὰ
527 3125 598 3178 ἐν
627 3125 789 3193 φόϐῳ
837 3123 1064 3192 Κυρίου
1105 3123 1232 3176 ἴσθι
1271 3121 1426 3187 ὅλην
1457 3118 1573 3188 τὴν
1630 3119 1894 3188 ἡμέραν·

305 3212 418 3268 ἐῢν
445 3215 556 3284 γὰρ
581 3213 858 3282 τηρήσῃς
889 3213 1066 3274 αὐτὰ,
1106 3211 1280 3265 ἔσται
1319 3225 1414 3264 σοι
1448 3209 1672 3278 ἔκγονα
1697 3223 1712 3240 ο
1755 3209 1794 3275 ἡ
1831 3207 1900 3262 δὲ

307 3305 487 3372 ἐλπίς
515 3321 632 3360 σου
684 3306 796 3359 οὐκ
836 3303 1273 3373 ἀποστήσεται.
1320 3301 1414 3372 Μὴ
1439 3301 1567 3364 τοὺς
1597 3299 1705 3354 τῶν
1737 3300 1900 3354 θείων

307 3397 542 3450 ἐντολῶν
599 3397 926 3468 παραϐάτας
983 3395 1263 3466 μιμείσθω
1317 3411 1414 3448 σου
1457 3395 1491 3462 ἡ
1545 3391 1714 3464 ψυχὴ,
1761 3391 1900 3446 ἀλλά

311 3488 480 3557 φόϐον
507 3487 598 3557 ἔχε
642 3487 738 3540 τοῦ
783 3485 895 3538 τῶν
935 3485 1072 3538 ὅλων
1113 3483 1388 3538 Δεσπότου
1437 3481 1596 3546 Θεοῦ,
1635 3481 1742 3544 ἓως
1767 3481 1834 3534 ἂν
1867 3483 1900 3550 ή

309 3577 406 3631 τοῦ
451 3577 684 3631 θανάτου
739 3575 838 3640 νὺξ
893 3573 1202 3646 καταλάϐῃ.
1262 3573 1390 3627 Ἐὰν
1445 3571 1554 3642 γὰρ
1609 3571 1900 3641 ἀμφότερα

311 3666 490 3721 ταῦτα
543 3666 832 3738 φυλάξῃς,
893 3664 1037 3728 ἕξεις
1108 3661 1370 3734 μαθητῶν
1431 3661 1724 3731 μαθητὰς,
1773 3661 1900 3724 τοὺς

317 3751 619 3822 ἑπομένους
644 3755 710 3823 τῇ
744 3751 1062 3822 διδασκαλίᾳ
1099 3768 1215 3817 σου,
1249 3753 1344 3806 καὶ
1373 3751 1466 3806 τὸν
1492 3750 1786 3822 ἀμεμπτόν
1809 3768 1901 3805 σου

317 3842 430 3912 βίον
463 3841 782 3912 ζηλοῦντας,
813 3842 908 3896 καὶ
936 3841 1194 3896 οὐδέποτε
1244 3841 1570 3906 ἀπελπίσεις
1601 3841 1700 3914 τὴν
1728 3859 1904 3912 σωτη-

317 3933 444 4006 ρίαν
476 3950 591 3988 σου.
759 3923 768 3930 ’

390 4025 476 4080 ιθ’.
512 4028 742 4104 Ἄκουε,
783 4023 897 4092 υἱὲ,
939 4025 1038 4080 καὶ
1075 4024 1273 4094 σοφὸς
1315 4026 1520 4094 τίνουο
1551 4025 1648 4078 καὶ
1693 4025 1902 4080 κατεύ-

1997 2035 2358 2106 priet-initium
2387 2041 2442 2088 et
2481 2035 2534 2088 in
2569 2033 2908 2101 perniciem;
2943 2032 3180 2086 animam
3213 2039 3396 2084 autem
3429 2041 3580 2084 tuam

2005 2139 2126 2196 quae
2155 2125 2303 2178 illam
2335 2123 2578 2177 viviﬁcat
2607 2139 2636 2176 a
2671 2129 2846 2176 morte
2882 2121 3089 2191 peccati
3119 2121 3402 2176 liberabis.

2067 2215 2236 2270 Vens.
2269 2215 2358 2282 15,
2389 2215 2476 2273 16-.
2515 2211 2648 2280 Fili,
2693 2213 2741 2266 si
2769 2213 2981 2280 sapiens
3009 2211 3169 2279 fuerit
3193 2213 3402 2264 animus
3432 2221 3577 2273 tuus.

1995 2311 2246 2380 gaudebit
2275 2319 2443 2362 tecum
2487 2323 2578 2361 cor
2613 2323 2812 2370 meum,
2847 2315 2896 2360 et
2923 2305 3348 2359 immorabuntnr
3379 2321 3580 2358 sermo-

1995 2401 2147 2456 nibus
2176 2415 2266 2456 tua
2294 2401 2437 2455 labia
2460 2401 2528 2454 ad
2554 2397 2668 2455 inea
2685 2399 2850 2462 labia,
2875 2399 2923 2452 si
2953 2407 3098 2452 recta
3123 2398 3248 2451 sint.
3269 2383 3392 2456 Fili.
3417 2413 3580 2467 quem

1998 2491 2372 2562 spiritualiter
2413 2491 2556 2546 meis
2587 2489 2860 2544 doctrinis
2907 2489 3092 2557 genui,
3141 2489 3187 2541 si
3220 2487 3390 2542 divini
3429 2487 3580 2543 verbi

1995 2581 2182 2637 anima
2207 2591 2298 2636 tua
2321 2579 2598 2650 particeps
2631 2578 2775 2634 facta
2803 2577 2990 2642 fuerit,
3033 2577 3237 2648 gaudio
3267 2577 3583 2632 etanimam

1995 2687 2172 2729 meam
2202 2671 2480 2736 aﬁeceris,
2515 2673 2642 2741 quia
2678 2681 2767 2726 tua
2817 2679 3010 2739 reputo
3055 2683 3216 2725 mea:
3263 2680 3318 2725 et
3363 2671 3586 2741 eloquia

1998 2773 2092 2820 tua
2126 2779 2256 2820 cum
2287 2763 2526 2834 eloquiis
2557 2763 2696 2819 meis
2730 2763 2888 2832 quasi
2919 2762 2987 2816 ad
3017 2761 3307 2832 quamdam
3343 2763 3586 2832 regulam

1997 2853 2274 2923 conteres,
2302 2865 2356 2912 et
2397 2865 2584 2912 utrum
2617 2869 2740 2910 vera
2773 2855 2888 2910 sint
2922 2855 3194 2926 inquires.

2073 3033 2236 3089 Vens.
2269 3033 2355 3096 i7,
2379 3035 2466 3092 18.
2493 3032 2614 3089 Non
2627 3033 2908 3090 (emuletur
2936 3049 3030 3088 cor
3058 3043 3205 3087 tuum
3233 3045 3534 3100 peccatores
3565 3048 3587 3087 :

2000 3124 2092 3179 sed
2123 3127 2179 3179 in
2215 3127 2406 3180 timore
2443 3123 2540 3180 Dei
2581 3135 2693 3181 esto
2721 3135 2834 3180 tota
2863 3123 2971 3180 die.
3007 3123 3151 3180 Nam
3201 3127 3248 3180 si
3283 3125 3586 3182 obseruare-

2003 3218 2076 3272 ris
2095 3228 2352 3284 ea,erunt
2377 3217 2472 3272 tibi
2498 3229 2742 3289 nepotes;
2771 3213 2885 3288 spes
2911 3227 3088 3272 autem
3111 3229 3204 3272 tua
3227 3235 3334 3273 non
3361 3221 3580 3274 recedat.
3659 3271 3664 3274 .

2001 3307 2079 3365 Nc
2111 3309 2424 3366 divinorum
2449 3313 2832 3366 mandatorum
2865 3319 3309 3382 transgressores
3341 3311 3590 3365 imitetur

2003 3401 2189 3456 anima
2243 3409 2362 3464 tua,
2413 3401 2508 3455 sed
2559 3399 2653 3456 Dei
2713 3401 3100 3456 universorum
3150 3399 3368 3455 Domini
3449 3401 3590 3455 habe

2003 3491 2284 3558 timorem,
2315 3493 2490 3548 donec
2527 3493 2726 3548 mortis
2756 3507 2866 3548 nox
2899 3493 3178 3550 adveniat.
3215 3493 3270 3550 Si
3300 3503 3592 3566 utrumque

2003 3581 2417 3646 observaveris,
2449 3583 2676 3638 habebis
2720 3583 3032 3653 discipulos
3065 3587 3466 3654 discipulorum
3497 3589 3590 3658 qni

2005 3671 2312 3727 doctrinam
2364 3679 2512 3726 tuam
2571 3683 2872 3744 sequentur
2925 3687 2990 3727 ac
3049 3673 3590 3744 irrt-prchensibilem

2007 3773 2154 3819 tuam
2196 3763 2534 3819 tctnttlabunt
2555 3766 2746 3831 vitam,
2777 3775 2828 3822 et
2865 3779 3148 3836 nunquam
3185 3765 3254 3821 dc
3287 3765 3468 3822 salute
3499 3777 3590 3822 tua

2005 3857 2346 3928 desperabis.

2011 4091 2020 4104 ,
2071 4041 2236 4098 Vsus.
2275 4043 2362 4098 l9.
2395 4043 2558 4108 Audi,
2591 4044 2670 4112 ﬁli
2699 4013 2792 4106 mil,
2837 4053 2886 4099 et
2931 4055 3048 4100 es'o
3077 4045 3395 4116 sapiens;et
3425 4045 3592 4114 dirige

315 4119 460 4172 θυνε
492 4115 737 4171 ἔννοιαν
779 4116 901 4184 σῆς
949 4114 1222 4183 καρδίας.
1269 4114 1502 4179 Ἀπόθες
1545 4133 1636 4186 μοι
1683 4112 1893 4172 τιϊῶτό

2009 4133 2364 4205 cogitationes
2385 4135 2562 4188 cordis
2583 4135 2680 4188 tui.
2707 4137 2952 4206 Appone,
2975 4137 3074 4201 liii,
3093 4112 3258 4194 aures
3281 4147 3406 4192 tuas
3431 4112 3589 4204 mihi,

319 4226 436 4274 σου,
465 4209 676 4272 τέκνον,
701 4206 794 4260 καὶ
813 4205 962 4260 θείου
997 4205 1396 4276 μεταλάμϐανε
1425 4207 1608 4276 λόγου,
1643 4209 1738 4262 καὶ
1763 4209 1893 4264 κατό

2004 4235 2062 4292 ιιι
2112 4225 2280 4282 divini
2325 4235 2442 4283 esto
2491 4205 2771 4297 particeps
2829 4229 3007 4292 verbi,
3037 4239 3092 4284 et
3113 4233 3420 4286 secundum
3453 4233 3590 4286 illud

317 4299 506 4354 τοῦτον
557 4297 852 4352 κατεύθυνε
894 4297 994 4368 τὴν
1039 4296 1266 4370 πρώτην
1313 4297 1456 4352 κατά
1515 4299 1638 4354 νοῦν
1686 4299 1893 4370 κίνησιν

2005 4317 2234 4376 verbum
2263 4321 2442 4390 dirige
2473 4296 2902 4374 intcliectualcm
2927 4322 3123 4375 anima:
3145 4335 3250 4376 tua:
3274 4333 3506 4392 motum,
3535 4335 3594 4378 ut

319 4393 422 4462 τῆς
450 4389 634 4460 ψυχῆς
667 4407 760 4444 σου
787 4406 800 4419 ⁸
851 4389 993 4445 ὥστε
1041 4391 1140 4462 τῆς
1187 4387 1461 4459 ἀληθείας
1485 4389 1562 4461 μὴ
1593 4392 1893 4464 παρεκτρέ-

2006 4427 2036 4468 a
2067 4413 2298 4469 veritate
2337 4429 2444 4469 non
2476 4415 2766 4468 avertaris.

319 4479 536 4535 πεσθαι.

387 4579 458 4626 κ’.
505 4573 603 4638 Μὴ
647 4571 774 4628 τσθι
815 4575 1156 4642 οἰνοπότης,
1179 4573 1336 4643 μηδὲ
1365 4575 1634 4630 ἐκτεινου
1673 4579 1898 4645 συμϐο-

317 4665 476 4730 λαῖς,
505 4663 696 4732 κρεῶν
725 4681 792 4718 τε
841 4665 1226 4734 ἀγορασμοῖς.
1263 4667 1358 4736 Μὴ
1391 4666 1506 4738 χρῶ
1529 4669 1596 4737 τῇ
1627 4667 1724 4722 τοῦ
1753 4669 1898 4722 οτνου

317 4755 476 4808 πόσει
506 4753 758 4825 ἀμέτρως
786 4770 798 4784 ·
837 4755 976 4826 μήτε
1025 4755 1132 4826 μὴν
1181 4759 1274 4810 ἐπὶ
1323 4757 1462 4811 πολὺ
1494 4759 1614 4820 ταῖς
1669 4757 1900 4828 ἀγοραῖς

317 4847 648 4918 ὲνδιάτριόε,
695 4847 764 4900 τὰ
816 4848 956 4918 πρὸς
1015 4848 1315 4918 θεραπείαν
1363 4849 1464 4920 τῆς
1514 4850 1751 4923 γαστρός
1803 4867 1898 4904 σου

317 4939 456 4992 ὠνοῦ
465 4956 644 5010 μενος.

387 5035 494 5084 κα’.
535 5027 660 5095 Πᾶς
714 5031 824 5100 τὰρ
849 5029 1112 5100 μέθυσος
1157 5033 1256 5088 καὶ
1289 5035 1670 5103 πορνοκόπος
1744 5049 1898 5088 πτω-

315 5121 558 5190 χεύσει,
593 5123 692 5178 καὶ
739 5123 1062 5178 ἐνδύσεται
1101 5124 1494 5195 διερῤηγμένα
1533 5129 1632 5180 καὶ
1657 5124 1898 5195 ρακώδη

316 5211 436 5278 πᾶς
469 5213 768 5282 ὑπνώδης.
821 5215 936 5278 Πᾶς
979 5215 1094 5284 γὰρ
1145 5217 1209 5285 τῇ
1251 5217 1420 5288 πολλῇ
1463 5217 1764 5288 οίνοποσίᾳ,
1803 5213 1898 5266 τοῦ

316 5304 435 5366 νοὸς
479 5303 855 5374 ἐξιστάμενος,
911 5307 1006 5359 καὶ
1055 5307 1114 5360 ὲν
1168 5305 1247 5376 τῷ
1293 5309 1394 5378 τὴν
1437 5311 1682 5378 γαστέρα
1733 5307 1898 5376 θερα-

209 5435 212 5438 λ
317 5393 527 5460 πεύειν,
556 5397 666 5457 τοῖς
709 5395 1100 5466 ὑπογαστρίοις
1139 5397 1638 5466 ἑκθερμαινόμενος
1677 5395 1896 5457 πάθεσι,

318 5483 766 5555 καὶὲκλυόμενος
801 5489 868 5556 τῇ
899 5487 1190 5557 ἀκολασία,
1221 5490 1542 5542 ἐκπεσεῖται
1581 5487 1678 5540 τοῦ
1707 5505 1766 5539 τε
1797 5504 1900 5540 σω-

321 5572 554 5642 ματικοῦ
587 5575 680 5626 καὶ
713 5577 1088 5647 πνευματικοῦ
1137 5577 1374 5632 πλούτου
1395 5593 1407 5608 ·
1439 5577 1898 5648 καταδαπανήσας

319 5661 417 5718 καὶ
451 5664 798 5739 ἀμφοτέρους
857 5670 914 5722 ἐν
973 5672 1086 5733 τοῖς
1137 5671 1232 5740 τῆς
1281 5669 1540 5740 αἰσχύνης
1589 5669 1772 5740 ἔργοις
1807 5672 1900 5723 καὶ

2073 4569 2238 4628 Vens.
2267 4569 2360 4625 20.
2407 4569 2536 4624 Noli
2563 4587 2678 4626 esse
2719 4573 2774 4626 in
2807 4573 3056 4626 conuiuiis
3107 4581 3412 4640 potatornm
3459 4575 3592 4636 vini,

2001 4675 2093 4714 nec
2122 4660 2176 4713 in
2209 4657 2678 4728 comessationibus
2707 4675 2890 4714 eorum
2939 4660 3028 4729 qui
3063 4676 3248 4715 carnes
3281 4661 3348 4714 ad
3383 4679 3591 4718 resten-

2001 4751 2126 4804 dum
2155 4749 2454 4818 conferunt.
2499 4739 2590 4804 Ne'
2628 4747 2990 4804 immoderate
3031 4748 3145 4802 vini
3197 4759 3328 4819 potu
3380 4755 3592 4819 utaris,

2001 4855 2180 4911 neque
2211 4841 2442 4894 multum
2478 4841 2531 4893 in
2555 4837 2676 4894 foro
2711 4839 3024 4894 immoreris
3047 4839 3118 4894 ad
3144 4841 3438 4898 cnicndum
3471 4861 3594 4915 quae

2005 4933 2180 4986 ventri
2218 4943 2314 4986 tuo
2349 4930 2681 4986 inserviunt.

2077 5025 2233 5082 Vsus.
2267 5023 2362 5080 2|.
2395 5023 2582 5080 Omnis
2607 5024 2750 5077 enim
2793 5023 2968 5078 ebrius
3011 5033 3063 5078 et
3085 5033 3351 5078 scortator
3393 5023 3596 5080 mendi-

2001 5119 2164 5182 cabit,
2205 5127 2254 5172 et
2292 5117 2541 5170 induetur
2583 5116 2838 5184 disruptis
2881 5125 2932 5170 et
2979 5115 3170 5172 laceris
3203 5117 3394 5186 pannis
3425 5117 3593 5172 omnis

2001 5211 2382 5264 sontnolentus.
2427 5209 2620 5264 Omnis
2651 5209 2796 5264 enim
2849 5209 3014 5264 homo
3051 5211 3238 5266 multa:
3281 5211 3390 5266 vini
3441 5219 3596 5280 pota-

2003 5301 2139 5356 tioni
2167 5300 2384 5356 deditus
2407 5317 2472 5356 ac
2503 5301 2732 5356 servitio
2765 5302 2998 5368 ventris,
3029 5305 3307 5372 corporeis
3326 5317 3596 5358 accensus

2005 5392 2324 5447 libidinibus
2353 5401 2404 5447 ct
2429 5393 2484 5446 in
2519 5393 2977 5448 incontinentiam
3007 5395 3334 5466 dissipatus,
3371 5393 3592 5451 divitiis

2005 5495 2122 5540 tum
2153 5483 2536 5554 corporalibus
2565 5493 2678 5540 tum
2712 5485 3094 5556 spiritualibus
3113 5485 3350 5542 excidet.
3371 5483 3600 5546 Utrum-

2003 5593 2112 5648 que
2142 5577 2288 5634 enim
2346 5577 2610 5646 impendit
2661 5579 2716 5634 in
2751 5581 3015 5650 operibus
3063 5595 3128 5635 ac
3167 5580 3600 5650 cogitationibus

2009 5669 2393 5740 turpitudinis.
2427 5669 2490 5724 Et
2525 5673 2704 5728 omnis
2729 5673 2894 5730 homo
2921 5671 3200 5746 negligens
3230 5681 3284 5730 ct
3311 5672 3366 5730 in
3397 5687 3600 5745 corpo-
