3950 6206
350 324 374 389 1
390 323 485 386 £57

1396 326 1929 388 COMMENTARII
1970 329 2051 389 IN
2092 331 2551 393 PROVERBIA.

3472 333 3609 397 1458

347 456 446 508 νην
491 435 632 509 έχων
680 432 784 506 τὴν
820 414 1046 507 σχέσιν,
1102 436 1197 491 καλ⁸
1244 420 1360 501 τοῖς
1418 436 1616 507 διψῶσι
1662 440 1761 510 τὴν
1813 440 1922 493 ἀπο

2054 442 2276 497 ﬂectum
2294 454 2347 498 et
2367 443 2661 514 perniciem
2683 457 2838 498 suam
2872 442 3095 500 haurire
3129 443 3332 515 praebet
3372 444 3611 502 inimicis

347 530 545 584 ώλειαν
571 526 740 583 αὑτοῦ
773 532 983 602 νοητοῖς
1006 529 1222 603 ἐχθροῖς
1248 531 1502 603 παρέχων
1540 531 1744 603 ταύτην
1767 533 1931 605 ἀρύε-

350 620 497 674 σθαι.

422 709 529 781 κη’.
573 708 764 778 Οὗτος
792 712 901 783 γὰρ
944 715 1259 783 συντόμως
1291 714 1598 772 ἀπολεῖται
1617 732 1634 748 ο
1661 716 1759 771 καὶ
1812 715 1932 783 πᾶς

353 803 699 872 παράνομος
728 803 1202 875 ἀναλωθήσεται.
1253 805 1314 861 '0
1349 807 1591 872 τοιοῦτος
1639 807 1749 880 γὰρ
1792 808 1932 879 μετά

353 892 450 961 τὴν
478 891 812 964 πρόσκαιρον
866 893 1036 964 ζωὴν,
1071 898 1151 960 εἰς
1187 897 1410 968 διηνεκῆ
1446 898 1721 952 ἀπώλειαν
1754 917 1932 971 παραο

353 982 777 1051 πεμφθήσεται·
829 984 1122 1039 κάντεῦθεν
1169 988 1277 1051 πᾶς
1321 989 1349 1041 ὁ
1390 988 1488 1053 τὰς
1535 988 1685 1054 θείας
1713 990 1932 1055 ἐντολὰς

255 1104 261 1111 -
357 1075 732 1145 παραϐαίνων,
752 1077 843 1131 τὸν
873 1076 996 1131 καθ’
1027 1078 1305 1150 ἁμαρτίαν
1342 1079 1442 1152 τῆς
1480 1080 1662 1154 ψυχῆς
1687 1082 1930 1152 ὑποστή-

357 1181 513 1221 σεται
542 1166 662 1220 δλεθ
671 1184 763 1240 ρον
1567 1171 1595 1192 ⁸
1794 1228 1795 1231 η

429 1261 533 1318 κθ’.
587 1263 710 1317 Τίνι
765 1261 920 1329 οὐαὶ,
960 1263 1079 1319 τίνι
1108 1265 1378 1333 θόρυϐος,
1412 1266 1530 1321 τίνι
1565 1270 1784 1338 κρίσις,
1818 1269 1934 1326 τίνι

357 1352 426 1406 δὲ
462 1352 664 1421 ἀηδίαι
705 1349 807 1408 και
840 1357 1079 1426 λέσχαι,
1114 1358 1231 1410 τίνι
1272 1361 1686 1430 συντρίμματα
1735 1362 1931 1416 διακε-

355 1445 492 1515 γῆς,
539 1440 706 1513 τίνος
754 1446 1023 1501 πελιδνοὶ
1071 1451 1126 1501 ol
1169 1449 1500 1519 όφθαλμοί;
1540 1452 1665 1527 ΔΤίνι
1704 1453 1935 1517 κοπετὸς

354 1539 582 1605 γοερὸς;
620 1537 727 1591 τίνι
756 1538 1015 1603 διένεξιςς
1050 1542 1155 1593 τίνι
1192 1540 1248 1595 δὲ
1273 1542 1617 1614 ἀποστροφαὶ
1645 1544 1753 1598 τῶν
1802 1546 1935 1614 ὁμου

357 1626 509 1690 φυῶν
542 1627 637 1683 καὶ
684 1629 805 1682 κατ’
839 1628 1019 1683 αὐτῶν
1061 1628 1317 1704 φλυαρίαι
1347 1648 1361 1697 ;
1393 1634 1499 1688 τίνι
1550 1635 1934 1706 συμπτώματα

360 1718 451 1770 ἐπὶ
481 1719 720 1791 μηδεμιᾷ
753 1720 989 1794 ὠφελείᾳ
1012 1724 1310 1795 γινόμενα;
1341 1726 1484 1793 τίνος
1514 1728 1569 1783 αἱ
1601 1727 1824 1782 όπτικαὶ
1845 1729 1933 1784 δυ-

358 1806 548 1876 νάμεις
579 1808 824 1873 ἀσθενεῖς
840 1827 856 1878 ;

427 1897 492 1952 λ’.
526 1902 608 1954 Οὐ
632 1887 749 1956 τῶν
794 1902 1256 1973 ἐγχρονιζόντων
1309 1906 1381 1962 ἐν
1430 1908 1656 1975 οινοις;
1703 1911 1774 1963 οὐ
1822 1903 1984 1963 τώγ’
2030 1946 2031 1949 η

350 1991 727 2065 ίχνευόντων
763 1994 881 2049 ποῦ
914 1997 1084 2050 πότοι
1116 1997 1415 2067 plosor-rat;
1441 2000 1573 2070 οὐχὶ
1605 1998 1715 2053 τῶν
1744 2001 1938 2054 ἐναπο-

364 2082 633 2150 μενόντων
682 2086 805 2147 ταῖς
851 2085 1195 2155 ἐπιφανείαις
1224 2088 1335 2141 τῶν
1387 2088 1622 2159 ὁρατῶν,
1678 2090 1848 2160 αἴπερ
1876 2091 1941 2142 ὲκ

360 2171 454 2226 τοῦ
483 2174 625 2228 κατὰ
659 2174 851 2244 φύσιν,
901 2176 1037 2249 πρὸς
1085 2177 1339 2250 τὸπαρά
1387 2178 1547 2249 φύσιν
1594 2179 1751 2251 δίκην
1794 2181 1941 2235 οίνου

361 2262 454 2316 τὸν
485 2262 610 2316 νοῦν
659 2265 1019 2334 μεθιστῶσιν;
1068 2267 1188 2336 οὐχὶ
1228 2267 1339 2322 τῶν
1367 2269 1783 2340 ἀναζητούντων
1812 2270 1941 2323 ἔνθα

362 2355 506 2409 κατὰ
554 2355 714 2426 κόρον
762 2359 796 2426 ἡ
830 2357 925 2409 τοῦ
976 2355 1201 2429 θολεροῦ
1235 2358 1480 2430 πόματος
1510 2360 1612 2428 τῆς
1666 2361 1942 2432 ἁμαρτίας

361 2444 595 2499 τελεῖται
648 2446 988 2517 μετάληψιςς
1039 2448 1136 2502 καὶ
1191 2449 1301 2520 γὰρ
1352 2452 1381 2503 ὁ
1423 2453 1547 2515 ταῖς
1574 2450 1942 2522 θεωρητικαῖς

363 2535 462 2602 τῆς
488 2535 666 2606 ψυχῆς
712 2537 1012 2607 δυνάμεσιν
1053 2538 1310 2611 ἀσθενὴς,
1338 2539 1413 2611 μὴ
1464 2539 1761 2611 δυνάμενος
1801 2542 1944 2596 κατά

363 2623 489 2676 νοῦν
521 2625 656 2697 πρὸς
681 2628 807 2690 τοὺς
841 2627 950 2681 τῶν
984 2627 1152 2682 ὅντων
1188 2629 1442 2699 διαϐῆναι
1477 2629 1693 2700 λόγους,
1732 2632 1819 2687 διὰ
1843 2633 1943 2704 τὴν

364 2716 486 2768 κατ’
517 2714 772 2788 αἴσθησιν
797 2719 926 2789 περὶ
955 2720 1055 2784 τὰς
1096 2721 1420 2791 ἐπιφανείας
1444 2722 1623 2789 αὐτῶν
1655 2724 1837 2795 σχέσιν
1874 2729 1941 2799 τῇ

362 2806 570 2862 τούτων
613 2809 831 2864 ἀνιᾶται
867 2810 1042 2883 φθορᾷ
1068 2828 1082 2842 '
1130 2814 1225 2867 καὶ
1276 2815 1477 2886 στῆσαι
1509 2816 1716 2888 ταύτην
1746 2818 1945 2891 ἀνηνύ-

362 2912 470 2960 τως
499 2896 816 2968 ἐπιχειρῶν,
844 2900 1113 2970 ἐμπίπτει
1140 2902 1221 2965 είς
1243 2903 1530 2974 φροντίδας
1556 2904 1818 2976 ὁχλούσας
1845 2907 1944 2961 αὑ-

363 2986 455 3041 τὸν
479 2988 541 3042 ού
566 2989 778 3060 μικρῶς
800 3008 815 3024 ο
848 2990 941 3044 καὶ
960 2990 1050 3045 διὰ
1075 2992 1392 3061 πλεονεξίαν
1421 2994 1530 3049 τῶν
1553 2996 1774 3063 ύλικῶν,
1806 2997 1945 3069 μετά

361 3078 470 3131 τῶν
488 3080 748 3149 ὁμοφυῶν
769 3082 1121 3153 διαμάχεται’
1143 3086 1237 3138 καὶ
1264 3087 1669 3159 ἀποστρέφεται
1692 3089 1940 3157 τούτους,

363 3169 458 3222 καὶ
499 3169 799 3240 διαϐάλλει,
851 3174 945 3230 καὶ
985 3174 1402 3248 συμφθείρεται,
1452 3179 1809 3253 προσκρούων
1840 3181 1940 3236 αύ-

361 3264 475 3325 τοῖς
517 3263 815 3336 ἀνονήτως.
1848 3299 1852 3303 ’

434 3354 535 3411 λα’.
568 3356 666 3426 Μὴ
711 3359 1094 3427 μεθύσκεσθε
1135 3362 1206 3415 ἐν
1252 3362 1462 3430 οτνοις,
1497 3363 1638 3418 ἀλλ’
1687 3365 1947 3435 ὁμιλεῖτε

363 3444 702 3515 ἀνθρώποις
730 3448 1002 3517 δικαίοις,
1043 3451 1139 3505 καί
1187 3452 1446 3521 ὁμιλεῖτε
1473 3453 1544 3515 ἐν
1575 3455 1941 3523 περιπάτοις.

363 3537 456 3591 Διδ
506 3540 580 3611 μὴ
631 3540 916 3605 ἐξίστασθε
955 3541 1048 3595 τὸν
1096 3526 1328 3596 νοῦν-ἐν
1360 3546 1482 3607 ταῖς
1529 3546 1651 3598 κατ’
1691 3546 1945 3616 αἴσθησιν

296 3649 308 3660 ·
365 3629 624 3699 θεωρίαις
652 3631 759 3682 τῶν
793 3631 1024 3702 ὁρατῶν,
1059 3632 1269 3700 ἀλόγως
1304 3633 1488 3697 αὐτοῖς
1520 3635 1903 3702 ἐπιϐάλλοντες
1926 3654 1940 3669 ο

364 3719 503 3772 ἀλλά
546 3721 927 3785 συναυλίζεσθε
964 3722 1330 3790 διδασκάλοις,
1363 3725 1569 3797 ἑκάστῃ
1623 3727 1723 3796 τῆς
1766 3729 1946 3799 ψυχῆς

363 3809 591 3880 δυνάμει
620 3813 681 3862 τὸ
712 3811 1020 3883 πρόσφορον
1066 3813 1408 3883 ἀπονέμουσι
1434 3830 1448 3845 °
1496 3818 1594 3870 xui.
1625 3820 1945 3882 συναυλίζε-

367 3898 461 3952 σθε
498 3898 708 3962 τούτοις
731 3900 789 3951 ἐν
806 3903 923 3964 ταῖς
955 3901 1094 3956 κατά
1117 3901 1352 3971 θεωρίαν
1376 3902 1486 3959 τῶν
1505 3904 1783 3976 αἰσθητῶν
1807 3907 1947 3980 πρὸς

363 3989 433 4043 τά
459 3989 628 4060 νοητά
654 3990 989 4047 διαϐάσεσιν.
1198 4064 1201 4065 ν

447 4078 588 4135 Ἐὰν
616 4082 725 4152 γὰρ
763 4085 852 4150 εις
894 4085 1000 4151 τὰς
1040 4085 1261 4153 φιάλας
1299 4087 1398 4141 καὶ
1445 4086 1518 4143 τὰ
1547 4090 1800 4159 ποτήρια
1829 4090 1949 4158 δῷς

364 4172 509 4240 τοὺς
561 4173 910 4251 ὀφθαλμούς
965 4191 1121 4245 σου,
1190 4178 1451 4248 ὕστερον
1514 4182 1948 4251 περιπατήσεις

364 4249 734 4335 τυμνότεροέ
758 4266 1008 4335 ὑπέρου.
1048 4269 1111 4322 Et
1164 4268 1274 4342 γάρ
1321 4270 1405 4335 είς
1446 4249 1614 4342 μόνας
1646 4273 1746 4337 τάς
1792 4249 1949 4345 δίκην

366 4354 576 4424 φιαλῶν
604 4356 698 4409 καὶ
733 4357 1009 4429 ποτηρίων
1032 4359 1286 4425 δεκτικάς
1316 4361 1412 4416 τοῦ
1457 4366 1558 4436 τῆς
1613 4363 1947 4433 θεογνωσίας

366 4445 608 4515 νάματος
628 4448 948 4517 ἐπιφανείας
992 4450 1102 4507 τῶν
1153 4453 1365 4524 ὁρατῶν
1402 4456 1814 4529 ἀποσχολήσεις,
1851 4459 1945 4513 ὄσ-

339 4526 451 4600 ’τις
484 4538 550 4591 ἂν
585 4538 679 4592 καὶ
711 4539 850 4608 είης,
887 4542 984 4603 τὰς
1008 4543 1350 4617 θεωρητικὰς
1383 4547 1481 4617 τῆς
1509 4526 1689 4620 ψυχῆς
1723 4566 1816 4603 σου
1850 4551 1945 4606 δυ·

368 4629 585 4700 νάμεις,
630 4630 769 4699 μετὰ
796 4629 971 4685 ταῦτα
1011 4635 1282 4707 κινηθήσῃ
1333 4636 1455 4690 κατ’
1496 4638 1796 4709 ἐπιθυμίαν
1823 4639 1951 4694 ἀλὸο

370 4734 557 4788 γιστον
608 4719 747 4790 πρὸς
788 4724 1222 4790 συγκαταθέσεις
1268 4728 1485 4791 πάντως
1524 4729 1761 4794 ἀτόπους
1786 4747 1799 4761 ⁸

374 4811 523 4874 θείας
565 4813 789 4883 χάριτος
829 4819 1255 4888 γεγυμνωμένος
1301 4820 1467 4874 πλέον
1507 4820 1665 4886 ξύλου
1705 4823 1852 4888 τινος
1885 4825 1951 4895 τῇ

373 4907 587 4974 συνεχεί
633 4905 818 4976 τρίψει
894 4904 988 4962 τοῦ
1067 4912 1466 4983 προστυχόντος
1511 4951 1528 4978 ,

2037 535 2418 606 splritualibus
2457 536 2548 623 qui
2580 551 2703 591 eum
2739 534 2971 607 perdere
3000 536 3210 592 volunt.

2110 710 2281 769 Vens.
2306 712 2396 767 28.
2430 710 2535 766 Hic
2550 714 2689 768 enim
2717 713 2855 769 brevi
2879 714 3091 782 peribit,
3112 723 3167 768 et.
3194 719 3365 770 omnis
3398 715 3611 786 iniquus

2040 802 2363 860 absumetur.
2398 803 2504 860 Iste
2539 806 2682 861 enim
2726 814 2851 875 post
2880 806 3098 861 brevem
3135 807 3277 861 hanc
3329 809 3518 872 vitam,
3557 813 3614 864 in
3700 809 3711 820 '

2040 904 2360 966 perpetuam
2388 896 2634 952 mittetur
2658 897 2980 966 perniciem.
3007 896 3335 969 Quicunque
3357 901 3614 954 mandata

2039 985 2134 1041 Dei
2170 987 2595 1059 transgreditur,
2655 986 2846 1046 animm
2902 1002 2998 1058 per
3046 997 3334 1059 peccatum
3384 989 3613 1045 exitium

2041 1079 2272 1136 subibit.

2109 1254 2279 1312 Vens.
2333 1254 2422 1312 29.
2458 1254 2560 1311 Cui
2608 1255 2738 1311 vae?
2781 1256 2867 1310 cui
2904 1256 3197 1312 tumultus?
3240 1258 3327 1311 cui
3365 1257 3616 1327 judicia?

2041 1351 2129 1405 cui
2167 1358 2342 1403 autem
2378 1348 2635 1403 molestite
2674 1358 2724 1402 et
2769 1350 2957 1405 tricce?
2996 1337 3086 1403 cui
3138 1350 3481 1404 contritiones
3520 1366 3615 1403 su-

2041 1442 2360 1509 pervacare?
2397 1440 2483 1493 cui
2504 1438 2642 1493 oculi
2677 1438 2829 1492 lividi
2853 1440 2996 1494 γειιί
3031 1440 3291 1511 planctus
3313 1439 3617 1511 lugubris?

2042 1534 2132 1589 cui
2179 1531 2470 1587 dissidium
2504 1531 2528 1585 ?
2555 1532 2641 1585 cui
2671 1531 2932 1587 similium
2959 1532 3084 1585 odia
3118 1548 3182 1587 ac
3212 1532 3565 1603 garrulitates
3595 1532 3619 1583 τ

2048 1625 2137 1681 cui
2167 1633 2401 1680 eventus
2436 1623 2553 1678 sine
2613 1623 2719 1676 ulla
2756 1623 3045 1678 utilitate?
3102 1624 3190 1680 cui
3248 1616 3411 1679 vires
3435 1623 3620 1678 \‘isiHB

2044 1712 2252 1771 debiles
2289 1714 2313 1768 'i

2113 1890 2278 1945 Vens.
2317 1889 2407 1944 50.
2443 1887 2635 1953 Nonne
2658 1887 2737 1941 his
2784 1887 2876 1959 qui
2904 1895 3307 1941 commorantur
3338 1887 3392 1940 in
3424 1887 3542 1942 vino
3570 1897 3624 1944 ct

2039 1982 2248 2037 student
2277 1981 2535 2034 calicibus
2568 1980 2850 2048 epotandis
2882 1981 2906 2035 1’
2937 1977 3132 2033 Nonne
3176 1976 3265 2033 his
3296 1978 3389 2047 Qui
3426 1978 3625 2034 immo~

2040 2081 2234 2126 rantur
2274 2071 2330 2123 in
2391 2068 2728 2138 apparentiis
2763 2065 3062 2122 visibilium
3099 2079 3220 2135 qua:
3255 2066 3398 2119 sicut
3436 2064 3623 2120 vinum
3656 2080 3674 2094 ο

2043 2172 2275 2219 mentem
2305 2177 2369 2217 ex
2414 2171 2562 2216 statu
2602 2160 2841 2214 naturali
2882 2159 2948 2212 ad
2986 2167 3195 2225 statum
3227 2167 3420 2212 contra
3454 2168 3623 2212 notua

2040 2269 2158 2307 ram
2195 2251 2540 2307 transierunt
2564 2250 2725 2323 iqnon
2781 2249 2867 2303 liis
2897 2248 2989 2318 qni
3039 2255 3291 2317 quierunt
3330 2246 3422 2301 ubi
3463 2246 3623 2316 plena

2041 2356 2300 2395 mensura
2321 2341 2377 2394 lit
2408 2339 2641 2394 turbida:
2664 2340 2872 2406 peccati
2906 2338 3206 2408 petationis
3228 2336 3577 2407 participatio
3600 2335 3627 2390 2

2041 2431 2254 2486 Etenim
2308 2431 2401 2501 qui
2436 2430 2793 2501 speculativis
2822 2432 3020 2483 animae
3053 2427 3321 2499 potentiis
3357 2427 3623 2485 iniit-mus

2041 2526 2148 2587 εει,
2172 2538 2281 2577 non
2304 2523 2494 2577 valens
2517 2537 2613 2592 per
2638 2529 2877 2576 mentem
2909 2521 2976 2575 ad
3013 2521 3261 2575 rationes
3283 2535 3465 2575 rerum
3509 2534 3624 2588 per-

2042 2617 2250 2682 venire,
2287 2615 2415 2687 quia
2459 2631 2556 2685 per
2580 2630 2801 2671 sensum
2849 2614 3231 2670 exsistentium
3285 2613 3624 2684 appareniiis

2044 2710 2389 2769 immoratur,
2417 2707 2487 2763 de
2515 2723 2706 2764 eorum
2743 2708 3098 2777 corruptione
3136 2704 3303 2761 dolet.
3340 2704 3475 2759 Cum
3522 2720 3620 2758 an-
3655 2753 3661 2761 .

2044 2806 2152 2865 tem
2196 2799 2289 2854 illa
2328 2798 2581 2855 stabilire
2612 2798 2815 2853 frustra
2871 2807 3066 2862 tentat,
3105 2796 3294 2851 incidit
3327 2797 3379 2849 in
3412 2797 3614 2865 cogita-

2046 2891 2223 2947 tiones
2252 2905 2583 2961 magnOpere
2612 2906 2734 2945 eum
2766 2891 3148 2946 molestantes.
3184 2890 3247 2942 Et
3273 2888 3344 2941 ob
3375 2902 3620 2942 amorem

2045 2992 2391 3039 terrenarum
2423 2996 2549 3037 cum
2582 2982 2855 3037 similibus
2890 2988 3114 3051 pugnat.
3160 2978 3269 3036 Eos
3313 2987 3623 3047 aversatur,

2045 3075 2394 3141 criminatur,
2430 3084 2484 3131 et
2503 3073 2645 3145 perit
2666 3072 2734 3152 de
2763 3072 2874 3128 illis
2902 3070 3106 3127 frustra
3145 3070 3455 3127 oli‘endcns.

2115 3359 2288 3417 Vens.
2321 3360 2414 3415 3i.
2453 3358 2636 3415 Nolite
2678 3358 2934 3415 inebriari
2963 3358 3020 3413 in
3050 3359 3190 3425 vino,
3214 3358 3306 3414 sed
3341 3375 3625 3415 conversa-

2046 3451 2178 3505 mini
2207 3466 2326 3504 cum
2358 3449 2659 3503 hominibus
2680 3448 2870 3517 justis,
2903 3457 2953 3503 et
2987 3447 3372 3503 conrersamini
3404 3447 3458 3500 in
3491 3446 3623 3501 locis

2045 3541 2513 3595 deambulationis.
2562 3539 2688 3594 Ideo
2731 3541 2903 3594 nolite
2959 3554 3233 3610 apponere
3272 3548 3509 3595 mentem
3568 3539 3624 3594 in

2047 3630 2296 3685 sensibili
2320 3630 2617 3684 visibilium
2638 3629 3108 3693 consideratione,
3130 3630 3278 3685 illam
3307 3630 3378 3685 iis
3401 3629 3624 3684 irratio-

2047 3722 2245 3777 naliter
2270 3721 2605 3792 applicantes
2633 3722 2765 3784 ;sed
2799 3722 3205 3776 conversamini
3253 3737 3377 3776 cum
3421 3736 3628 3792 praece.

2046 3811 2297 3884 ptoribus
2335 3811 2430 3882 qni
2461 3811 2660 3881 cuique
2695 3810 2899 3865 animae
2954 3812 3213 3880 potentia:
3242 3810 3385 3883 quod
3420 3827 3622 3868 conve-

2046 3905 2129 3957 nit
2154 3903 2477 3973 assignant;
2505 3908 2700 3955 ctcum
2723 3900 2833 3955 illis
2872 3901 3277 3956 conversatnini
3309 3902 3364 3956 in
3387 3902 3624 3960 transitu

2047 4011 2144 4066 per
2181 3994 2611 4064 speculationem
2641 4008 2672 4048 a
2716 3993 3073 4050 sensibilibus
3100 3993 3167 4048 ad
3204 3993 3622 4052 intellectualia.

2119 4085 2262 4141 Nam
2284 4088 2331 4142 si
2357 4088 2409 4141 in
2457 4085 2667 4155 phialas
2690 4094 2741 4139 et
2782 4085 2974 4153 pocula
3021 4085 3230 4141 dederis
3259 4088 3439 4143 oculos
3480 4099 3625 4152 tuos,

2046 4187 2226 4250 postea
2257 4179 2556 4232 ambulabis
2580 4177 2773 4231 nudior
2797 4177 3026 4247 pistillo.
3062 4178 3121 4234 Si
3151 4180 3296 4234 enim
3321 4182 3626 4250 speculati-

2050 4285 2146 4325 vas
2190 4268 2385 4322 anima:
2415 4275 2522 4322 tuae
2553 4265 2828 4336 potentias
2862 4266 2918 4320 in
2952 4266 3099 4322 solas
3130 4265 3426 4322 visibilium
3452 4283 3627 4340 appa-

2050 4363 2257 4417 rentias
2292 4375 2413 4430 qua:
2439 4368 2498 4413 ut
2531 4360 2727 4430 phialae
2771 4367 2825 4414 et
2869 4359 3067 4431 pocula
3105 4360 3349 4430 recipere
3389 4370 3627 4432 possunt

2050 4455 2248 4510 divina:
2284 4451 2528 4508 scientiae
2596 4450 2884 4517 ﬂuentum,
2934 4450 3174 4517 dederis,
3217 4454 3473 4523 quisquis
3524 4454 3624 4519 sis,

2049 4562 2239 4618 posma
2261 4544 2710 4615 concupiscentia
2735 4551 2826 4597 tua
2855 4544 3195 4600 irrationalis
3231 4547 3542 4600 movebitur
3558 4546 3624 4601 ad

2048 4639 2335 4694 voliliones
2362 4651 2586 4705 prorsus
2603 4634 2891 4690 absurdas.
2914 4632 3104 4690 Gratia
3137 4635 3324 4691 divina
3349 4636 3627 4707 privatus.

1853 4731 1954 4800 τῆς
2050 4730 2251 4786 nudior
2280 4730 2391 4785 eris
2436 4729 2583 4800 ligno
2611 4728 2755 4799 quod
2787 4727 2934 4783 foliis
2964 4728 3257 4797 spoliatum
3309 4729 3629 4786 indesinen-

2053 4834 2134 4879 ter
2167 4823 2238 4879 ab
2271 4822 2528 4878 omnibus
2558 4824 2776 4876 teritur.
2805 4819 2898 4876 Sic
2927 4819 3323 4891 propemodum
3356 4837 3513 4878 ineius
3535 4830 3629 4877 tua

1589 4914 1684 4968 τὸν
1757 4917 1957 4970 οἰκεῖον
2055 4921 2374 4971 conteretur
2408 4921 2756 4969 terrenarum
2782 4920 3061 4967 contactu.

370 4997 816 5070 ἀποϐαλλομένου
892 4999 1076 5071 φλοιόν
1114 5018 1129 5033 ·
1183 5003 1259 5068 ὡς
1319 5005 1495 5078 τούτῳ
1555 5009 1959 5081 παραπλησίως
1997 5005 2472 5080 κατατριϐομένου
2522 5003 2618 5059 τοῦ
2658 5003 2780 5070 νοός
2837 5020 2955 5071 σου,
3010 5005 3077 5075 τῇ
3126 5003 3469 5078 ἐνδιατρίψει
3523 5006 3634 5059 τῶν

368 5090 592 5146 ὐλικῶν.

438 5186 537 5256 λβν.
575 5184 652 5240 Τὸ
686 5186 754 5241 δὲ
796 5189 1083 5258 ἔσχατον,
1125 5188 1330 5262 ὥσπερ
1356 5195 1472 5250 ὑπὸ
1496 5197 1685 5267 ὄφεως
1715 5203 1952 5266 πεπλη-

362 5270 482 5343 τὼς
510 5272 856 5341 ἐκτείνεται,
891 5278 989 5331 καὶ
1021 5275 1225 5347 ὥσπερ
1248 5281 1367 5335 ὑπὸ
1401 5284 1700 5353 κεράστου
1727 5284 1947 5354 διαχεῒο

364 5381 457 5419 ται
496 5362 663 5428 αὐτῷ
713 5367 747 5418 ὁ
793 5367 902 5433 ιός.
959 5368 1284 5424 Τελευταῖον
1326 5372 1403 5441 δὲ,
1449 5367 1700 5450 καθάπερ
1738 5377 1767 5430 ὁ
1798 5376 1950 5448 δεδη-

362 5451 564 5522 γίιένος
618 5452 722 5506 ῧπδ
767 5452 945 5525 ὄφεως
993 5460 1371 5533 κερασφόρου,⁴
1416 5466 1497 5528 εἰς
1528 5469 1632 5538 γῆν
1680 5466 1949 5522 ἀπλοῦται

363 5542 574 5611 νεκρὸς,
611 5544 706 5597 καὶ
750 5545 870 5599 ὅλον
926 5548 1091 5602 αὑτὸν
1126 5553 1154 5603 ὁ
1199 5552 1277 5615 ἰὸς
1311 5553 1586 5627 διατρέχει
1608 5574 1623 5590 ·
1658 5557 1803 5612 οὕτω
1853 5558 1947 5612 καὶ

364 5628 526 5696 αὐτὸς
560 5632 666 5688 ὑπὸ
694 5637 788 5691 τοῦ
823 5640 1063 5712 πονηροῦ
1101 5643 1431 5717 δεδηγμένος
1471 5647 1832 5722 ἐξαπλωθήσῃ
1866 5653 1947 5715 είς

363 5727 458 5800 τὴν
485 5726 784 5802 πολυσχιδῆ
806 5731 901 5787 τοῦ
957 5735 1143 5807 χοϊκοῦ
1186 5742 1532 5819 φρονήματος
1566 5742 1946 5815 ἁμαρτητικὴν

2121 5188 2407 5246 Vens.52.
2440 5185 2739 5244 Novissime
2786 5196 2961 5244 autem
3009 5197 3267 5262 tanquam
3318 5208 3352 5247 a
3397 5201 3634 5262 serpente

2049 5300 2329 5355 percussus
2353 5281 2678 5341 extenditur.
2704 5289 2755 5334 et
2782 5289 3037 5352 tanquam
3064 5298 3097 5336 a
3122 5290 3327 5337 ceraste
3382 5278 3632 5350 diffundi-

2051 5387 2138 5429 tur
2156 5375 2204 5429 ei
2231 5388 2507 5428 venenum.
2554 5368 2867 5426 Novissime
2906 5379 3117 5436 autem,
3158 5370 3629 5442 quemadmodum

2048 5468 2144 5539 qui
2175 5482 2206 5520 a
2232 5473 2447 5521 ceraste
2475 5478 2774 5535 percussus
2823 5461 2942 5527 fuit,
2971 5462 3026 5517 in
3061 5471 3263 5517 terram
3312 5463 3630 5518 extenditur

2051 5566 2325 5623 mortuus,
2359 5558 2567 5628 totique
2597 5555 2714 5623 ejus
2741 5556 2959 5626 corpori
2988 5552 3312 5611 diﬂ‘unditur
3334 5569 3628 5621 venenum,

2051 5655 2127 5708 ita
2174 5653 2270 5725 qni
2301 5652 2371 5708 ab
2408 5652 2627 5706 homine
2672 5664 2935 5721 perverso
2971 5662 3191 5702 morsus
3238 5653 3347 5714 est,
3384 5644 3628 5716 explicao

2055 5745 2205 5803 litnr
2236 5745 2291 5801 in
2328 5742 2702 5823 nultjplicitcr
2731 5738 3173 5812 peccaminosam
3198 5752 3438 5796 cteuosae
3482 5736 3631 5808 rogi.
