3950 6206
332 299 468 364 1165

1347 301 1881 365 COMMENTARII
1927 303 2008 364 IN
2049 305 2495 372 PROVERBIA.

3440 306 3598 371 14663

399 412 464 462 Ol
492 407 544 462 δ’
587 407 827 475 ἀσεϐεῖς
879 407 1338 476 ἁσθενήσουσιτ·
1385 413 1457 466 ἐν
1505 415 1734 482 κακοῖς.
1763 417 1824 470 0i
1851 416 1895 468 δ’

2070 417 2234 472 Vens.
2295 419 2380 471 17.
2433 417 2592 487 [mpii
2639 425 2812 472 autem
2887 416 3408 496 inﬁrmabunturlin
3469 439 3578 476 ma-

324 496 624 570 άλογιστως
651 499 876 564 ζῶντες,
925 501 1021 579 καὶ
1063 500 1202 564 ὅλως
1230 501 1292 554 τὺ
1319 501 1487 567 ὅντως
1520 505 1684 558 καλὸν
1725 507 1801 576 μὴ
1823 523 1905 559 τι·

329 593 558 664 μῶντες,
601 589 962 643 άπελπίσουσι
1015 591 1117 662 τὴν
1169 591 1387 646 ἑαυτῶν
1436 595 1715 666 σωτηρίαν
1735 597 1794 650 ὲν
1823 593 1906 663 οἷς

264 707 284 719 ι
325 684 667 754 περίκεινται
700 683 1128 756 ἁμαρτήμασιν·
1159 685 1234 748 ὡς
1263 684 1364 756 τὴν
1384 687 1527 742 κατὰ
1553 689 1643 742 τὸν
1659 706 1906 759 πνευμα-

324 774 474 828 τικὸν
504 776 666 842 νόμον
695 774 990 844 θεραπείαν
1031 775 1298 845 βαστάσαι
1325 795 1398 848 μη
1430 779 1750 849 δυνηθέντες
1771 822 1786 847 ,
1817 779 1908 838 οἷα

326 864 536 934 τροφῆς
563 865 639 927 ὡς
667 865 1027 936 νηπιόφρονες
1053 867 1413 936 άπαλωτέρας
1437 869 1706 939 δεόμενοι.

396 953 482 1016 ιζ’.
505 952 638 1006 Ἐὰν
658 953 818 1021 πέσῃ
841 957 875 1006 ό
889 953 1101 1024 ἐχθρός
1125 971 1264 1020 σου,
1279 957 1366 1026 μὴ
1391 957 1689 1028 ἐπιχαρῆς
1718 959 1902 1028 αὐτῷ·
1933 999 1936 1004 -

324 1043 396 1096 ἐν
431 1043 498 1096 δὲ
531 1042 610 1108 τῷ
632 1046 1118 1114 ὑποσκελίσματι
1137 1049 1348 1115 αὐτοῦ,
1374 1049 1461 1119 μὴ
1486 1051 1758 1120 ἐπαίρου.
1778 1053 1904 1108 Ἐάν

324 1151 407 1196 τις
471 1134 779 1203 μαχόμενός
819 1152 932 1197 σοι,
988 1137 1268 1210 περιπέσῃ
1326 1141 1436 1192 τινὶ
1491 1141 1770 1213 πτώματι,
1827 1145 1902 1217 μὴ

327 1223 704 1295 ὲπεγγελάσῃς
761 1225 928 1295 αὐτῷ,
987 1228 1079 1281 ἐπὶ
1111 1231 1174 1300 τῇ
1206 1231 1455 1303 ἀπωλείᾳ
1481 1233 1647 1288 αὑτοῦ
1673 1236 1906 1304 εὐφραι-

323 1310 564 1380 νόμενος·
596 1315 688 1366 ἐπὶ
709 1314 766 1366 δὲ
789 1317 852 1388 τῇ
881 1317 1017 1388 πρὸς
1038 1320 1302 1374 τάναντία
1329 1315 1641 1394 περιτροπῇ
1674 1323 1892 1392 τούτου,

327 1403 400 1474 μὴ
461 1405 604 1473 μέγα
671 1407 854 1476 φρόνει
912 1408 1094 1474 αὐτὸς,
1125 1409 1200 1474 ὡς
1253 1411 1358 1482 ήδη
1425 1413 1768 1482 ἀπαλλαγεὶς
1805 1415 1900 1468 τοῦ

323 1491 620 1589 λυποῦντός
675 1513 766 1563 σε,
819 1499 916 1552 καὶ
979 1499 1415 1566 καταϐάλλοντος
1481 1519 1576 1557 σου
1636 1505 1699 1558 τὸ
1763 1505 1902 1576 φρό-

325 1600 387 1652 w;
397 1600 496 1653 μα.

395 1673 487 1746 ιη’.
519 1677 650 1731 Ὅτι
681 1677 890 1746 ὄψεται
928 1680 1164 1748 Κύριος,
1193 1680 1292 1734 καὶ
1311 1683 1425 1737 οὐκ
1457 1683 1664 1754 ἀρέσει
1687 1683 1848 1752 αὐτῷ
1879 1700 1894 1715 ·

2009 509 2095 564 lis.
2165 509 2269 576 Qui
2340 519 2520 565 autem
2582 509 3222 566 irrationaliter.vivunt
3275 521 3330 567 et
3383 528 3574 568 verum

2006 602 2210 656 bonum
2267 603 2538 656 honorare
2603 616 2833 670 prorsus
2888 601 3194 672 negligant,
3245 603 3408 658 saluti
3463 621 3578 662 sua:
3685 615 3692 624 '

2007 693 2376 766 desperabunt
2417 693 2472 747 in
2505 693 2750 762 peccatis
2773 693 2975 764 quibus
3001 691 3186 762 jacent
3215 712 3230 747 :
3263 695 3389 764 quia
3417 696 3580 766 spiri-

2007 787 2154 840 tuale
2194 785 2286 840 Dei
2337 785 2622 840 servitium
2675 799 2786 838 non
2839 785 3018 840 valent
3061 796 3304 854 portare,
3349 786 3580 856 mboque

2006 877 2542 948 delicatiori,utpote
2575 875 2807 946 puerilia
2838 875 3166 939 sentientes,
3201 875 3468 946 indigent.

2077 971 2246 1026 Vens.
2282 971 2368 1024 17.
2403 967 2464 1024 Si
2505 968 2750 1022 ceciderit
2777 967 3021 1020 inimicus
3053 976 3195 1032 tuus,
3229 985 3290 1022 ne
3321 967 3600 1037 gaudeas,

2005 1073 2056 1120 et
2080 1065 2133 1116 in
2160 1061 2584 1134 supplantqtione
2610 1059 2722 1127 ejus
2747 1075 2808 1112 ne
2829 1058 3128 1112 extollaris.
3159 1059 3214 1112 Si
3241 1059 3364 1126 quis
3386 1058 3580 1113 adver-

2006 1170 2099 1212 sus
2129 1161 2180 1210 te
2216 1165 2492 1223 pugnans,
2535 1150 2590 1204 in
2623 1149 2860 1218 aliquam
2898 1149 3264 1202 calamitatem
3301 1149 3578 1214 inciderit,

2005 1243 2321 1300 neirrideas
2351 1243 2450 1307 illi,
2470 1242 2535 1296 de
2561 1241 2730 1294 exitio
2755 1241 2875 1309 ejus
2901 1241 3078 1306 lmtus,
3107 1249 3160 1294 et
3193 1239 3260 1294 de
3290 1255 3421 1292 casu
3457 1241 3579 1307 ejus

2004 1337 2060 1392 in
2083 1336 2312 1391 adversa
2342 1351 2409 1388 ne
2445 1333 2750 1396 extollaris,
2777 1340 2962 1401 utpote
2999 1332 3067 1386 ab
3091 1347 3156 1386 eo
3186 1332 3279 1400 qui
3323 1339 3374 1384 te
3401 1333 3569 1386 mole-

2004 1427 2204 1494 stabat,
2229 1431 2282 1482 et
2307 1425 2379 1480 ob
2401 1439 2562 1495 quem
2589 1425 2826 1478 animam
2857 1419 3258 1492 despondebas,
3287 1421 3576 1476 liberatus.

2071 1689 2240 1745 Vsus.
2282 1673 2368 1744 i8.
2400 1687 2483 1743 Ne
2528 1688 2661 1758 forte
2691 1683 2860 1740 videat
2896 1681 3176 1747 Dominus,
3209 1691 3258 1735 et
3287 1679 3578 1748 displiceat

323 1769 420 1822 καὶ
437 1768 806 1838 ἀποστρέψει
841 1769 949 1824 τὸν
979 1773 1171 1841 θυμὲν
1195 1773 1384 1828 αὑτοῦ
1400 1776 1502 1831 ἀπ’
1525 1778 1740 1850 αὑτοῦ.
1773 1779 1894 1832 Ὅτι

2016 1785 2074 1848 ei,
2103 1792 2156 1837 ct
2185 1781 2396 1850 auferat
2435 1780 2498 1834 ab
2541 1795 2598 1834 eo
2649 1779 2785 1831 iram
2830 1791 3005 1830 suam.
3055 1772 3196 1838 Quia
3243 1765 3582 1832 omnisciens

322 1860 350 1912 ὁ
378 1860 553 1913 πάντα
583 1861 737 1925 εἰδὼς
773 1862 1051 1933 Δεσπότης
1103 1864 1212 1920 τῶν
1251 1867 1389 1921 ὅλων
1421 1867 1572 1934 Θεὸς,
1607 1841 1894 1940 ἐπιϐλέψει

321 1948 472 2011 ὅπως
498 1948 684 2014 κακῶς
705 1967 800 2002 σου
830 1952 898 2004 τά
925 1951 1066 2005 κατὰ
1095 1951 1274 2023 ψυχὴν
1303 1953 1507 2025 ἔχουσι·
1544 1955 1640 2009 καὶ
1661 1953 1750 2008 οἷα
1779 1956 1901 2024 φιλ-

322 2041 616 2110 ανθρώπῳ,
639 2041 738 2094 οὐκ
763 2040 1066 2095 ἀπώεκτέα
1089 2042 1386 2112 φανοῦνται
1406 2043 1576 2114 αὐτῷ·
1609 2043 1731 2098 ὅθεν
1760 2047 1902 2100 ἐκεῖ-

321 2147 410 2186 νον
427 2131 942 2203 ·μὲν,διορθωθὲντα
967 2136 1088 2196 ταῖς
1125 2137 1445 2204 ἐπαγωγαῖς
1473 2135 1581 2191 τῶν
1601 2137 1900 2208 ὀδυνηρῶν,

321 2223 562 2291 ἑλεήσει⁶
623 2223 717 2276 ἐπὶ
746 2225 804 2276 σὲ
836 2223 894 2276 δὲ
922 2224 1139 2288 πάντως
1189 2225 1292 2295 τὴν
1333 2227 1505 2298 ὀργὴν
1543 2228 1714 2282 αὐτοῦ
1765 2230 1903 2284 ἀπο-

323 2313 564 2383 στρέψει,
599 2313 846 2377 παιδείας
867 2314 1120 2384 δεόμενον
1151 2317 1288 2386 πρὸς
1313 2317 1620 2386 διόρθωσιν.

395 2401 481 2466 ιϐ’,
519 2409 587 2458 κ’.
619 2404 714 2472 Μὴ
756 2405 924 2472 χαῖρε
943 2405 1042 2458 ἐπὶ
1097 2407 1466 2473 κακοποιοῖς,
1517 2408 1674 2478 μηδὲ
1717 2407 1902 2476 ζήλου

323 2495 728 2564 ἁμαρτωλούς·
749 2497 822 2549 οὐ
849 2496 960 2564 γὰρ
983 2495 1070 2565 μὴ
1095 2494 1330 2566 γένηται
1353 2499 1574 2568 ἔκγονα
1599 2499 1898 2568 πονηρῶν.

323 2585 604 2654 λαμπτὴρ
629 2585 698 2640 δὲ
713 2585 948 2641 ἀσεϐῶν
963 2586 1389 2654 σϐεσθήσεται.
1411 2591 1501 2661 Μὴ
1531 2592 1902 2662 ἐπευφραινου

323 2675 668 2740 διδασκάλοις
713 2676 884 2730 κακόν
921 2693 980 2730 σε
1014 2677 1338 2732 ἀποτελοῦσι
1365 2681 1486 2742 ταῖς
1513 2681 1726 2734 ἑαυτῶν
1755 2700 1904 2754 παρ-

325 2769 598 2834 αινέσεσι,
661 2769 798 2840 μηδὲ
857 2767 1028 2840 μιμοῦ
1095 2771 1222 2834 τοὺς
1271 2773 1756 2843 ἀποτυγχάνοντας
1807 2773 1902 2828 τοῦ

324 2859 492 2923 δντως
524 2859 690 2914 καλοῦ
715 2861 772 2912 ὲν
797 2863 916 2924 ταῖς
939 2859 1144 2914 ἑαυτῶν
1194 2861 1460 2932 πράξεσιν
1480 2879 1496 2896 ·
1545 2863 1672 2916 οὕτε
1699 2863 1810 2935 γὰρ
1841 2866 1906 2918 ὲκ

325 2954 424 3020 τῆς
449 2950 798 3016 διδασκαλίας
826 2951 1054 3004 ἐκείνων
1113 2953 1450 3023 ἀποκυήσεις
1511 2952 1676 3006 καλόν
1708 2971 1784 3012 τι,
1809 2953 1905 3006 καὶ

325 3043 386 3096 τδ
413 3042 764 3113 προσκαίρως
785 3043 906 3114 ἡδὺ,
939 3043 1034 3095 καὶ
1061 3042 1345 3114 περιδοξον
1375 3043 1482 3095 τῶν
1514 3043 1590 3114 μὴ
1616 3041 1904 3112 τιμώντων

325 3133 386 3186 τὸ
413 3133 580 3196 ὅντως
639 3131 824 3198 καλὸν,
887 3133 1182 3188 κάντεῦθεν
1204 3134 1692 3205 ἀποτυγχανόντων
1711 3135 1901 3198 αὑτοῦ,

325 3225 532 3295 ταχέως
555 3223 1002 3294 ἀφανισθήσεται.

397 3322 508 3376 κα’.
532 3315 638 3385 κβ’.
671 3315 862 3370 Φοϐοὗ
897 3319 1001 3368 τὸν
1026 3314 1196 3382 Θεὸν,
1227 3314 1466 3392 υὶὲηκαὶ
1486 3314 1772 3381 βασιλέα,
1807 3315 1908 3372 καὶ

322 3407 625 3479 μηδετέρῳ
645 3406 844 3460 αὐτῶν
863 3407 1188 3475 ἀπειθήσῃ·
1207 3407 1500 3476 ἐξαίφνης
1513 3406 1626 3476 γὰρ
1639 3408 1910 3460 τίσωνται

328 3500 468 3566 τοὺς
527 3499 786 3563 ἀσεϐεῖς·
831 3497 940 3561 τὰς
995 3495 1062 3549 δὲ
1103 3497 1382 3565 τιμωρίας
1425 3497 1773 3565 ἀμφοτέρων
1819 3497 1912 3562 τίς

329 3591 654 3659 γνώσεταις
709 3587 912 3640 Τέκνον
971 3587 1364 3654 πνευματικὸν,
1399 3589 1536 3656 μήτε
1577 3586 1716 3639 Θεοῦ
1745 3603 1912 3638 κατα-

331 3681 520 3751 φρόνει
549 3679 642 3731 τοῦ
672 3677 1018 3748 κυριεύοντος
1060 3679 1155 3730 καὶ
1183 3677 1360 3746 ψυχῆς
1385 3693 1482 3729 σου
1505 3676 1598 3728 καὶ
1635 3675 1909 3744 σώματος,

337 3773 474 3842 μήτε
528 3769 792 3840 βασιλέως
817 3767 912 3820 τοῦ
949 3768 1111 3837 μόνου
1135 3765 1232 3820 τοῦ
1266 3767 1522 3837 σώματός
1552 3784 1644 3820 σου
1665 3767 1916 3831 ιὶξουσιόιο

333 3861 519 3927 ζοντος
539 3873 553 3888 ·
585 3860 680 3912 καὶ
722 3859 832 3912 τῶν
901 3859 1396 3929 παραγγελμάτων
1426 3857 1812 3922 τούτων’τινδς
1837 3857 1912 3929 μὴ

337 3951 722 4023 παροικούσης·
751 3951 1016 4020 αἰφνίδιον
1053 3951 1164 4021 γάρ
1222 3951 1631 4020 τιμωρήσονται
1673 3951 1800 4014 τοὺς
1837 3950 1914 4021 μὴ

333 4044 616 4116 τιμῶντας
633 4043 863 4107 αὐτούς·
893 4043 992 4106 τὰς
1015 4043 1072 4097 δὲ
1103 4042 1356 4106 κολάσεις
1387 4041 1453 4106 ἃς
1480 4041 1574 4096 καὶ
1604 4041 1913 4113 ἀμφότεροι

334 4139 602 4206 ἐπάγουσι
627 4138 742 4198 τοῖς
771 4133 909 4206 πρὸς
933 4136 1132 4198 αὐτοὺς
1157 4134 1589 4206 ἁμαρτάνουσιν,
1617 4134 1795 4198 οὐδεὶς
1823 4135 1914 4188 διὰ

333 4230 396 4284 τὸ
429 4229 628 4301 ἄδηλον
673 4227 770 4281 τοῦ
829 4225 1024 4297 καιροῦ
1073 4227 1388 4297 ὑπονοήσεν
1419 4225 1494 4288 ὡς
1519 4225 1587 4278 ἂν
1613 4224 1914 4296 διορθωσά-

337 4337 498 4392 μενος
557 4319 666 4391 πρὸ
709 4317 802 4372 τοῦ
849 4315 1274 4390 τιμωρηθῆναι,
1315 4315 1631 4389 καταλλάξῃ
1683 4315 1914 4381 τούτους

335 4409 534 4480 ἑαυτῷ.
1737 4415 1744 4420 “

405 4501 602 4569 Λόγον
659 4495 1134 4568 φυλασσόμενος
1195 4497 1358 4564 υἱὸς,
1404 4497 1706 4566 dat-3.18mi;
1739 4481 1915 4567 ἐκτὸς

333 4592 535 4646 ἐσται·
588 4592 912 4661 δεχόμενος
961 4589 1049 4655 δὲ,
1113 4585 1363 4652 ἐδέξατο
1411 4591 1619 4646 αὐτόν.
1665 4590 1778 4662 Τὴν
1819 4589 1915 4644 τοῦ

335 4683 470 4736 Θεοῦ
500 4683 718 4752 ἐντολὴν
743 4681 926 4752 τηρῶν
948 4681 978 4732 ό
1009 4679 1150 4734 κατὰ
1179 4679 1342 4751 χάριν
1371 4680 1499 4744 Υἱὸς
1523 4681 1712 4735 τούτου
1747 4685 1918 4750 γενέ-

339 4775 464 4828 σθαι
485 4773 762 4840 ἀξιωθεὶς,
789 4769 886 4824 τοῦ
919 4771 1039 4824 καθ’
1073 4771 1354 4840 ἁμαρτίαν
1395 4771 1644 4827 κινδύνου
1679 4773 1920 4827 ἀπαλλα-

337 4865 598 4938 γήσεται·
633 4863 1062 4935 προσδεχόμενος
1094 4861 1152 4915 δὲ
1181 4861 1350 4933 αὐτὴν
1380 4863 1460 4928 εις
1495 4865 1558 4918 τὸ
1610 4864 1772 4936 βάθος
1815 4865 1918 4934 τῆς

339 4957 574 5020 διανοίας
615 4955 803 5012 αὑτοῦ.

409 5047 617 5118 Μηδὲν
643 5046 874 5116 ψεῦδος
905 5046 1022 5102 ἀπὸ
1049 5047 1340 5118 γλώσσης
1361 5047 1614 5115 ,ϐασιλεῖ
1627 5047 1920 5118 λεγέσθω,

341 5137 644 5193 καὶοὺδὲν
688 5136 918 5206 ψεῦδος
959 5137 1081 5192 ἀπὸ
1149 5139 1438 5208 γλώσσης
1477 5139 1668 5196 αὑτοῦ
1715 5140 1788 5193 οὐ
1830 5136 1918 5207 μὴ

341 5229 701 5300 ὲξέλθῃ.Μὴ
755 5229 968 5300 ὑπόσχῃ
1019 5229 1096 5300 τῷ
1137 5231 1384 5304 Δεσπότῃ
1431 5235 1526 5289 τοῦ
1572 5231 1772 5294 παντὸς
1799 5228 1920 5300 Θεῷ

341 5321 430 5374 διά
452 5319 716 5386 στόματος
759 5318 956 5390 ψευδῆ,
1009 5321 1146 5374 άλλά
1169 5323 1268 5385 τὰς
1301 5323 1436 5393 πρὸς
1475 5323 1640 5376 αὐτόν
1668 5339 1764 5374 σου
1794 5339 1922 5375 συν-

345 5411 520 5483 θήκας
556 5409 908 5483 ὲκπλήρωσον
937 5427 954 5442 '
995 5413 1090 5466 καὶ
1125 5413 1406 5484 πληρώσει
1445 5415 1663 5477 πάντως
1705 5414 1802 5466 καὶ
1825 5414 1923 5466 αὐ-

343 5507 436 5570 τὸς
487 5507 580 5560 ἐπὶ
629 5507 712 5560 σοὶ
771 5507 871 5570 τὰς
929 5507 1037 5562 τῶν
1107 5509 1412 5579 μελλόντων
1473 5509 1696 5578 ἀγαθῶν
1749 5511 1924 5578 ἑπαγ-

311 5617 317 5623 ·
349 5595 554 5665 γελίας,
582 5597 675 5652 καὶ
713 5599 771 5652 οὐ
796 5598 1196 5672 ψευσθήσονταξ
1230 5617 1312 5654 σοι
1364 5602 1418 5654 αἱ
1457 5602 1546 5654 ἐπὶ
1581 5600 1808 5664 ταύταις
1835 5601 1922 5654 ἐλ-

349 5691 526 5750 πίδες.

2003 1874 2387 1928 universorum
2421 1870 2684 1924 Dominus
2721 1868 2864 1920 Deus
2897 1865 3106 1917 videbit
3137 1859 3414 1932 quomodo
3443 1859 3582 1912 male

2000 1981 2062 2022 se
2084 1965 2290 2030 habeat
2316 1962 2498 2017 anima
2531 1969 2652 2026 tua;
2675 1967 2726 2014 et
2749 1957 2876 2028 quia
2913 1955 3226 2009 misericors
3259 1959 3364 2015 est,
3393 1965 3500 2004 non
3527 1949 3576 2002 ei

2001 2053 2260 2126 placebit.
2299 2051 2454 2106 Unde
2490 2051 2640 2102 illum
2689 2047 2910 2117 quidem
2964 2041 3361 2097 afﬂictionibus
3386 2053 3580 2093 emen-

2001 2146 2189 2201 datum
2217 2143 2564 2198 miserebitur
2594 2158 2608 2204 ;
2648 2141 2700 2192 in
2735 2147 2786 2192 te
2822 2145 3008 2191 autem
3045 2149 3259 2188 omnem
3294 2133 3430 2186 iram
3454 2145 3580 2184 con-

2002 2245 2205 2304 vertet,
2258 2250 2383 2290 cum
2449 2231 2740 2301 disciplina
2801 2229 3048 2298 indigeas
3107 2223 3176 2278 ad
3229 2222 3574 2278 emendatio-

2003 2344 2243 2474 ῃθλῗειιε.
2281 2413 2479 2480 19,20.
2503 2411 2582 2467 Ne
2631 2409 2864 2482 gaudeas
2904 2408 2960 2458 in
3002 2403 3452 2473 malefactoribus,
3501 2417 3582 2454 ne-

2002 2529 2100 2584 que
2139 2509 2403 2568 (smuleris
2471 2513 2790 2574 peccatores.
2874 2497 2995 2551 Non
3025 2497 3161 2550 enim
3207 2495 3332 2564 fient
3385 2491 3582 2560 posteri

2003 2579 2252 2672 malignis
2291 2617 2310 2666 ;
2352 2611 2400 2653 et
2465 2596 2682 2650 lucerna
2735 2591 3018 2661 impiorum
3073 2586 3457 2654 exstinguetur.
3506 2579 3582 2634 Ne

2003 2697 2242 2767 gaudeas
2273 2693 2326 2746 in
2357 2688 2659 2758 magistris,
2688 2685 2782 2755 qui
2833 2680 3080 2738 consiliis
3122 2677 3238 2733 suis
3285 2684 3338 2729 te
3377 2675 3580 2728 malum

2003 2784 2268 2848 eﬂicinnt,
2300 2789 2355 2836 et
2379 2779 2490 2834 noli
2545 2776 2744 2830 imitari
2769 2789 2864 2828 eos
2902 2771 2998 2841 qui
3047 2770 3100 2824 in
3143 2767 3360 2828 actibus
3395 2781 3424 2818 a
3453 2777 3583 2818 vero

2005 2874 2148 2928 bono
2175 2886 2295 2927 sese
2329 2872 2630 2932 avertunt;
2685 2879 2752 2918 ex
2807 2863 2900 2915 tali
2945 2859 3088 2914 enim
3147 2855 3398 2910 doctrina
3446 2849 3582 2904 nihil

2005 2965 2253 3036 proferes
2279 2979 2294 3028 ;
2321 2971 2374 3015 et
2410 2960 2722 3028 voluptates
2757 2954 2952 3008 breves
2975 2958 3029 3006 et
3063 2948 3238 3020 gloria
3267 2959 3456 3001 eorum
3487 2941 3574 3012 qui

2005 3035 2198 3112 verum
2231 3056 2436 3111 bonum
2471 3067 2578 3106 non
2620 3055 2876 3118 quaerunt
2911 3051 2966 3099 et
2999 3040 3278 3111 rejiciunt,
3309 3035 3421 3089 cito
3457 3047 3584 3088 eva-

2009 3160 2254 3206 nescent.

2082 3324 2247 3380 Vens.
2277 3323 2370 3386 2|,
2395 3321 2485 3378 22.
2521 3319 2666 3375 Time
2705 3313 3008 3376 Dominum,
3041 3307 3120 3378 ﬁli
3171 3305 3264 3369 mi,
3295 3313 3342 3357 et
3393 3313 3586 3370 regem,

2009 3428 2058 3472 et
2116 3415 2291 3470 neutri
2342 3428 2522 3468 eorum
2565 3411 2640 3464 sis
2691 3403 3016 3462 inobediens.
3073 3399 3259 3454 Subito
3311 3395 3450 3450 enim
3499 3391 3590 3444 ul-

2011 3507 2274 3558 ciscentur
2308 3501 2518 3570 impios,
2553 3507 2602 3550 ct
2641 3495 2905 3564 supplicia
2949 3491 3222 3558 utriusque
3250 3487 3366 3556 quis
3403 3479 3594 3535 nouit?

2013 3594 2114 3648 Fili
2146 3591 2470 3662 spiritualis,
2525 3603 2594 3641 ne
2648 3597 2971 3640 contemnas
3001 3580 3174 3635 Deum
3207 3577 3300 3647 qui
3345 3581 3590 3644 potesta-

2013 3695 2121 3740 tem
2153 3683 2319 3738 habet
2361 3689 2474 3733 tum
2505 3677 2700 3730 anima:
2730 3687 2842 3727 tum
2869 3670 3138 3738 corporis,
3165 3679 3344 3734 neque
3382 3675 3588 3731 regem.

2012 3775 2105 3847 qui
2159 3771 2408 3840 corporis
2461 3776 2672 3822 tantum
2741 3765 2904 3818 habet
2964 3763 3348 3830 potestatem;
3409 3765 3590 3818 neque

2015 3845 2270 3920 mandata
2295 3862 2583 3930 utriusque
2601 3859 2788 3911 audire
2819 3869 2882 3908 ac
2909 3851 3134 3920 implere
3171 3845 3450 3916 negligas;
3491 3855 3596 3924 εει-η

2013 3959 2132 4014 bito
2160 3955 2307 4011 enim
2343 3967 2532 4024 pinnas
2567 3951 2772 4004 dabunt
2804 3947 2895 4016 qui
2933 3959 3039 3999 non
3085 3947 3418 3994 venerantur
3456 3949 3551 3988 eos
3570 3948 3606 3996 ;-

2015 4049 2288 4119 supplicia
2315 4055 2498 4100 autem
2549 4057 2670 4112 quae
2715 4040 2771 4094 in
2825 4045 3273 4104 transgressores
3303 4027 3610 4088 inducent,.

2015 4155 2176 4196 nemo
2205 4139 2276 4194 ob
2309 4138 2546 4192 obscura
2595 4141 2844 4202 tempora
2876 4127 3194 4196 excogitare
3227 4121 3462 4194 poterit;
3505 4125 3590 4180 ut,

2015 4242 2307 4302 antequam
2339 4227 2599 4302 puniatur
2629 4223 2954 4280 emendatos
2975 4233 3071 4274 eos
3107 4215 3213 4272 sibi
3247 4209 3592 4268 reconciliet.

2100 4491 2320 4548 Verbum
2359 4484 2660 4542 custodiens
2692 4483 2836 4551 ﬁlius
2873 4487 3028 4534 extra
3069 4472 3418 4542 perditionem
3449 4467 3550 4522 erit
3573 4483 3614 4533 ;_

2015 4586 2277 4655 excipiens
2333 4591 2510 4636 autent
2564 4577 2764 4644 excepit
2811 4571 2968 4627 illud.
3014 4569 3118 4636 Qui
3153 4581 3250 4637 per
3287 4562 3612 4618 custodiam-

2016 4651 2401 4733 mandatorum
2459 4671 2564 4726 Der
2605 4669 2780 4722 Filius
2837 4663 3138 4720 secundum
3189 4657 3422 4729 gratiam
3475 4651 3598 4708 ﬁeri

2017 4767 2242 4832 meruit,
2291 4781 2321 4819 a
2385 4761 2631 4834 periculo
2695 4757 2904 4829 peccati
2957 4753 3318 4816 liberabitur;
3383 4743 3608 4814 excepit.

2017 4867 2202 4915 autem
2238 4859 2332 4913 illa
2361 4857 2418 4910 in
2461 4853 2733 4926 profundo
2769 4849 2969 4904 mentis
2993 4847 3137 4916 ejus.

2081 5039 2244 5102 Nihil
2278 5039 2408 5110 falsi
2430 5038 2494 5092 de
2510 5053 2600 5091 ore
2619 5035 2728 5106 regi
2755 5035 2990 5096 dicatur,
3013 5041 3062 5086 et
3095 4992 3228 5084 nihil
3253 5027 3384 5100 falsi
3413 5043 3474 5082 ea
3503 5027 3600 5082 lin-

2019 5150 2122 5202 gua
2153 5134 2318 5203 ipsius
2347 5139 2520 5186 exeat.
2547 5129 2660 5184 Deo
2678 5127 3060 5182 universorum
3085 5123 3318 5177 Domino
3355 5137 3424 5176 ne
3439 5119 3601 5190 polli-

2020 5226 2198 5281 ccaris
2231 5225 2390 5288 falsa,
2422 5224 2516 5278 sed
2548 5221 2733 5277 omnia
2763 5228 2856 5274 tua
2881 5233 3005 5272 cum
3033 5216 3128 5270 illo
3167 5214 3370 5270 hedera
3419 5213 3598 5265 adim-

1995 5319 2132 5390 ‘ple,
2159 5327 2215 5372 et
2245 5317 2480 5372 ﬁdeliter
2507 5314 2624 5384 ipse
2667 5310 2916 5382 implebit
2957 5309 3014 5364 in
3055 5315 3108 5362 te
3161 5307 3472 5362 futurorum
3497 5303 3600 5356 boh

2023 5426 2220 5466 norum
2272 5406 2688 5477 promissiones,
2738 5413 2792 5458 et
2848 5419 2956 5458 non
3019 5397 3436 5456 frustrabuntur
3489 5403 3606 5448 tua

2025 5519 2150 5572 Spes
2183 5501 2249 5556 de
2281 5500 2388 5556 illis
2415 5506 2716 5568 conccpltc.
