3950 6206
412 282 541 349 1471

1734 277 2089 341 PROCOPII
2129 276 2371 337 (ΞΑΖᾹΞΙ

3522 267 3656 332 HT!

408 398 579 453 dibus
629 392 1038 459 custodiuntur,
1089 398 1435 457 evertuntur,
1472 391 1604 478 dum
1657 388 1725 444 ad
1781 389 1987 458 cogita.-

2123 385 2289 457 πρᾶξιν
2324 385 2489 451 ἔξεις.
2545 382 2968 455 καθαιροῦνται·
3025 383 3108 447 τίς
3159 382 3394 446 ἀτόπους
3421 381 3657 452 ἐνθυμή-

411 490 593 543 tiones
624 493 678 542 et
704 493 864 540 actus
893 484 1176 555 improbos
1207 483 1450 539 decidis.

486 578 654 633 Vsus.
691 578 780 632 32.
831 575 1133 631 Novissime
1174 592 1267 647 ego
1315 574 1675 646 pwnitentiam
1721 572 1827 643 egi.
1874 570 1987 641 Ego

414 679 596 723 autem
628 667 794 721 homo
830 667 912 721 sic
945 666 1305 730 constitutus,
1334 656 1478 734 saepe
1502 663 1558 717 in
1583 663 1693 717 line
1718 660 1990 733 paeniten-

368 737 382 752 .
414 760 546 813 tiam
582 757 690 828 egi.

490 846 729 912 Respexi,
747 852 807 899 ut
837 845 1078 915 eligerem
1107 843 1468 912 disciplinam.
1490 843 1728 914 Scopum
1755 842 1989 898 intuitus

416 951 539 990 sum
591 936 663 988 ita
714 942 773 988 ut
826 934 1087 989 omnibus
1132 922 1447 989 visibilibus
1499 940 1885 1002 anteponerem
1935 939 1993 985 et

417 1026 656 1078 animam
677 1033 730 1079 et
757 1039 979 1078 carnem
1009 1024 1075 1077 ad
1106 1024 1310 1080 bonum
1335 1023 1847 1079 accommodantem
1876 1022 1994 1077 elli-

419 1130 604 1169 cacem
642 1114 1024 1170 mandatorum
1060 1113 1149 1168 Dei
1183 1114 1474 1170 theoriam.

489 1205 653 1259 Vens.
702 1205 791 1259 '55.
847 1203 1140 1258 Paululum
1189 1204 1454 1269 dormito,
1497 1207 1776 1275 paululum
1816 1217 1993 1262 autem

419 1314 664 1352 somnum
716 1297 910 1365 capio;
960 1296 1238 1365 paululum
1276 1313 1396 1351 vero
1432 1300 1707 1367 amplexor
1747 1300 1995 1353 manibus

418 1397 653 1458 pectora.
689 1385 827 1441 Cum
857 1401 989 1441 caro
1021 1401 1118 1455 per
1149 1390 1454 1445 senectutis
1483 1390 1859 1448 inﬁrmitatem
1894 1391 1998 1446 im-

419 1478 633 1534 becillis
669 1478 812 1531 facta
848 1477 940 1543 sit,
975 1477 1128 1532 brevi
1163 1478 1386 1547 quidem
1421 1480 1566 1535 taadii
1608 1482 1998 1537 dormitatione

423 1585 545 1625 sum
594 1577 928 1633 contentus;
976 1568 1129 1623 brevi
1173 1580 1354 1625 autem
1410 1572 1756 1643 negligentia:
1803 1587 1999 1629 somno

423 1661 643 1727 servio;
684 1674 991 1732 parumque
1015 1674 1167 1715 meas
1213 1662 1489 1731 practicas
1518 1661 1806 1720 facultates
1836 1679 1992 1720 eser-

2088 493 2204 541 σεις
2240 476 2335 531 καὶ
2372 474 2601 546 πράξεις
2630 474 3014 545 ἐμπίπτοντος.

2157 567 2260 639 λβ’.
2283 568 2573 634 Ὕστερον
2618 565 2737 635 ἐγὼ
2791 565 3152 635 μετενόησα.
3203 563 3362 617 Οὕτω
3413 561 3459 616 δ’
3495 563 3524 614 ὁ
3563 563 3658 617 ἀν-

2089 659 2307 729 θρωπος
2362 657 2476 727 ἐγὼ
2534 657 2900 728 διακείμενος,
2934 655 3194 719 πολλάκις
3222 655 3315 710 ἐπὶ
3363 653 3505 709 τέλει
3532 671 3659 722 μετ-

2090 750 2288 819 έγνων.
2571 748 2579 755 ’
2762 815 2767 821 _

2174 842 2505 912 Ἁπέόλεψα
2529 841 2638 897 τοῦ
2665 839 3026 906 ἐκλέξασθαι
3065 839 3363 895 παιδείαν.
3412 836 3523 892 Καὶ
3560 837 3660 890 ἁπ-

2090 934 2372 1004 εσκόπησα
2408 932 2553 988 ὥστε
2602 934 2896 1004 προκρῖναι
2950 929 3169 984 πάντων
3204 931 3313 983 τῶν
3346 927 3658 999 ὁρωμένων,

2090 1027 2192 1098 τὴν
2221 1027 2316 1079 καὶ
2349 1024 2528 1095 ψυχὴν
2552 1024 2647 1078 καὶ
2677 1024 2857 1093 σάρκα
2884 1022 3019 1093 πρὸς
3043 1022 3104 1074 τὸ
3149 1022 3352 1089 ἀγαθὸν
3375 1018 3666 1091 ῥυθμίζου-

2096 1134 2197 1171 σαν
2229 1116 2549 1187 ἔμπρακτον
2578 1114 2814 1185 Θεωρίαν
2843 1112 3080 1165 τῶν’τοῦ
3109 1112 3243 1166 Θεοῦ
3270 1111 3524 1165 ἐντολῶν.

2166 1208 2269 1278 λγ’.
2323 1207 2564 1276 Ὀλίγον
2610 1203 2882 1265 νυστάζω
2902 1216 2917 1231 ⁸
2951 1204 3160 1274 ὀλίγον
3215 1203 3285 1257 δὲ
3342 1199 3627 1257 καθυπνῶ
3647 1217 3661 1231 ’

2098 1300 2306 1372 ὀλίγον
2335 1298 2405 1353 δὲ
2444 1295 2903 1369 ἐναγκαλίζομαι
2954 1295 3127 1365 χερσί
3178 1294 3393 1362 στήθη.
3456 1296 3571 1364 τῆς
3614 1293 3664 1346 δὲ

2099 1392 2301 1464 σαρκὸς
2355 1389 2651 1460 ἀτονούσης
2688 1389 2778 1444 διά
2803 1389 2908 1460 τὴν
2954 1387 3050 1441 τοῦ
3089 1388 3291 1458 γὴρους
3344 1384 3664 1447 ἀσθένειαν,

2101 1484 2297 1556 μικρὸν
2332 1483 2429 1555 μὲν
2478 1480 2777 1552 νυσταγμῷ
2810 1480 3046 1548 ἀκηδίας
3098 1478 3430 1549 συνέχομαι·
3479 1476 3667 1548 μικρὸν

2098 1575 2155 1631 δι
2175 1575 2330 1645 ῦπνῳ
2365 1572 2639 1645 ῥᾳθυμίας
2665 1571 2903 1625 δουλεύω
2923 1587 2936 1602 ·
2966 1572 3060 1624 καὶ
3096 1570 3271 1641 βραχὺ
3316 1569 3418 1633 τὰς
3450 1585 3671 1639 πρακτιο

2102 1669 2205 1730 κάς
2238 1683 2337 1737 μου
2370 1665 2631 1733 δυνάμεις
2658 1661 2934 1732 ὲνασχολῶ
2954 1664 3067 1727 τοῖς
3082 1660 3191 1715 ἀπὸ
3212 1659 3317 1731 γῆς
3343 1662 3422 1723 είς
3453 1659 3672 1731 καρδίαν

422 1768 523 1809 eeo
568 1754 623 1807 in
668 1750 1099 1823 cogitationibus
1130 1767 1255 1822 quae
1303 1768 1334 1808 a
1380 1760 1529 1809 terra
1577 1755 1634 1810 in
1682 1769 1781 1813 cor
1816 1771 1996 1812 meum

2123 1758 2451 1812 ιναδαίνουσι
2481 1755 2878 1825 διαλογισμοῖς.

425 1842 757 1899 ascendunt.

499 1930 660 1989 vm.
689 1933 780 1989 54.
813 1932 873 1988 Si
915 1943 1094 1987 autem
1134 1934 1231 1987 hoc
1267 1934 1478 2003 feceris,
1513 1938 1680 1993 veniet
1715 1937 2003 2007 procedens

427 2032 715 2093 paupertas
742 2033 871 2088 tua;
893 2032 942 2076 et
969 2030 1173 2092 egestas
1203 2033 1295 2075 tua
1324 2033 1577 2091 tartguam
1603 2026 1767 2080 bonus
1791 2042 1999 2080 cursor.

430 2116 487 2171 Si
520 2123 704 2172 autem
734 2117 847 2170 haec
874 2113 1147 2177 feceris,o
1176 2113 1362 2179 homo,
1383 2124 1438 2170 ut
1468 2117 1586 2187 ipse
1616 2117 2001 2187 memetipsum

429 2209 782 2279 redarguam,
819 2208 886 2262 ad
936 2218 988 2265 te
1032 2210 1212 2265 veniet
1257 2208 1414 2279 plena
1458 2208 1642 2278 inopia
1684 2210 2003 2264 divitiarum

428 2300 686 2366 virtutis,
732 2302 1098 2373 perditionem
1171 2303 1270 2358 tibi
1328 2300 1645 2370 adducens;
1698 2309 1752 2357 et
1804 2302 2005 2374 imper-

428 2390 595 2447 lectio
639 2392 1023 2448 mandatorum
1077 2392 1169 2449 Dei
1217 2393 1493 2459 scientiae,
1538 2403 1764 2465 propter
1814 2408 2005 2449 eorum

430 2483 810 2549 omissionem,
843 2485 987 2543 sicut
1016 2500 1213 2542 cursor
1245 2485 1651 2543 velocissimus.

1048 2662 1201 2719 CAP.
1236 2661 1405 2718 XXV.

507 2749 674 2809 Vsus.
715 2751 771 2809 1.
812 2751 916 2811 Har
962 2763 1085 2809 sunt
1137 2756 1438 2825 disciplina!
1496 2755 1804 2812 Salomonis
1865 2757 2011 2812 indi-

435 2844 664 2907 stincue,
696 2860 829 2914 quas
862 2845 1251 2899 transtulerunt
1281 2847 1381 2901 viri
1416 2845 1655 2903 Euthia:
1681 2849 1815 2918 regis
1842 2848 2009 2904 Juda.

435 2934 747 2992 Praesentes
790 2938 1077 3017 sententiae
1122 2938 1434 2995 Salomonis
1471 2942 1815 3009 sunt;prius
1857 2956 2045 3012 spar—.

439 3028 544 3082 sim
584 3026 924 3093 ferebantur,
988 3029 1176 3085 multis
1215 3030 1526 3101 incognitae.
1562 3033 1712 3098 Quas
1749 3032 2015 3104 colligen-

438 3126 525 3173 tes
558 3128 684 3189 post
710 3128 942 3177 mortem
974 3119 1120 3189 ejus,
1146 3122 1242 3189 qui
1276 3120 1689 3192 Scripturarum
1726 3140 2012 3180 sacrarum

439 3209 787 3265 meditationi
822 3210 1094 3265 vacabant
1131 3220 1187 3266 et
1224 3213 1432 3267 idcirco
1461 3215 1626 3268 amici
1664 3223 1825 3270 erant
1867 3192 2014 3285 regis

439 3297 755 3356 Judaeorum
801 3299 1070 3391 Ezechiae,
1100 3302 1239 3359 libro
1280 3304 1703 3362 Proverbiorum
1746 3307 2015 3377 adjunxe-

443 3402 596 3449 runt.

516 3568 680 3626 Vens.
713 3570 769 3627 2.
808 3569 993 3627 Gloria
1045 3571 1139 3628 Dei
1188 3583 1264 3629 est
1317 3573 1487 3630 celare
1538 3575 1771 3633 verbum.
1827 3578 2015 3635 Gloria

445 3671 621 3716 autem
666 3664 803 3734 regis
851 3664 1167 3736 investigare
1218 3682 1531 3722 sermonem.
1582 3667 1769 3723 Gloria
1819 3669 1911 3725 Dei
1958 3680 2016 3725 ut

442 3753 1033 3823 supersubstantialis,
1087 3755 1381 3812 ineﬂabilis
1436 3766 1540 3823 est,
1578 3760 1704 3829 quia
1759 3739 2008 3831 compre-

442 3847 609 3902 luendi
654 3848 843 3918 nequit
878 3847 1058 3913 Deus;
1103 3849 1275 3919 gloria
1306 3847 1402 3903 Dei
1435 3859 1495 3905 ut
1523 3851 1783 3907 universa
1823 3867 2019 3918 regen-

443 3941 515 3993 tis
549 3939 745 3995 suadet
772 3953 965 4009 parere
990 3938 1113 4010 ejus
1132 3939 1423 4009 mandatis,
1441 3941 1512 3997 ob
1536 3941 1879 4009 timorem,et
1905 3944 2042 3999 non~

438 4044 505 4085 ea
538 4039 755 4087 contem
762 4046 910 4088 nere.

500 4120 682 4183 ,Vens‘.
718 4123 772 4178 5.
808 4121 1013 4180 Caelum
1061 4138 1297 4189 sursum,
1316 4131 1366 4178 et
1413 4131 1557 4179 terra
1606 4124 1877 4192 deorsum,
1923 4141 2018 4181 cor

441 4229 623 4268 autem
658 4214 794 4285 regis
834 4214 1198 4270 inscrutabile.
1239 4214 1707 4282 Quemadmodum
1743 4216 1904 4271 nobis
1931 4222 2018 4271 est

441 4306 1019 4379 incomprehensibilis
1053 4308 1179 4364 caeli
1221 4308 1453 4363 altitudo
1495 4315 1550 4363 et
1592 4315 1753 4384 terra:
1786 4307 2019 4379 profun-

2171 1936 2267 1992 λδν.
2336 1936 2479 1990 Ἐὰν
2537 1936 2607 1989 δὲ
2662 1935 2838 1989 τοῦτο
2878 1932 3092 2002 ποιῇς,
3141 1933 3272 2002 ἤεει
3317 1948 3678 2004 προπορευο-

2097 2027 2253 2096 μένη
2303 2028 2342 2093 ἡ
2381 2026 2558 2080 πενία
2602 2039 2758 2080 σου·
2822 2023 2921 2079 καί
2951 2025 2988 2093 ἡ
3030 2023 3233 2079 ἔνδεια
3284 2040 3427 2091 σου,
3480 2024 3675 2093 ὥσπερ

2104 2118 2327 2188 ἀγαθὸς
2362 2116 2636 2186 δρομεύς.
2679 2116 2853 2188 Εἴπερ
2882 2116 2939 2170 δὲ
2966 2115 3139 2170 ταῦτα
3175 2119 3370 2183 ποιεῖς,
3400 2117 3673 2188 ἄνθρωπε,

2107 2210 2197 2263 ἵνα
2226 2207 2429 2277 ἐλέγξω
2450 2209 2613 2272 αὐτὸς
2651 2208 2864 2273 ἑαυτὸν,
2888 2207 3167 2261 ἐλεύσεται
3201 2208 3292 2261 ἐπὶ
3323 2209 3383 2262 σε
3418 2209 3678 2277 παντελὴς

2106 2298 2310 2373 ἀπορία
2333 2301 2430 2356 τοῦ
2461 2301 2696 2355 πλούτου
2720 2301 2818 2370 τῆς
2851 2300 3055 2372 ἀρετῆς
3075 2317 3092 2333 ο
3135 2299 3568 2370 προοδοποιώσᾶ
3608 2316 3681 2353 σοι

2107 2393 2205 2465 τὴν
2225 2393 2526 2448 ἀπώλειαν
2580 2394 2674 2448 καὶ
2714 2392 2932 2447 ἀτέλεια
2978 2392 3077 2462 τῆς
3129 2391 3238 2445 τῶν
3264 2390 3432 2445 θείων
3460 2391 3695 2459 ἐντολῶν,

2108 2484 2387 2554 γνώσεως,
2409 2484 2499 2537 διὰ
2532 2474 2633 2554 τὴν
2659 2483 2933 2555 ἀπραξίαν
2957 2482 3156 2551 αὐτῶν,
3181 2478 3438 2554 καθάπερ
3467 2499 3553 2546 τις
3572 2482 3687 2552 δρο-

2111 2574 2249 2647 μεὺς
2282 2575 2608 2646 ταχύτατος.

2684 2664 2935 2718 ΚΕΦΑΛ.
2977 2662 3106 2718 κε’.

2180 2758 2254 2814 α’.
2291 2753 2479 2815 Αὗται
2512 2759 2574 2813 al
2616 2757 2878 2812 παιδεῖαι
2908 2754 3294 2827 Σολομῶντος
3328 2757 3390 2809 al
3429 2754 3691 2823 ἀδιάκριο

2114 2866 2201 2903 τοι
2221 2890 2236 2915 ,
2266 2848 2342 2915 ἃς
2360 2848 2773 2918 Memmi-arto
2805 2850 2860 2902 οι
2883 2849 3050 2917 φίλοι
3085 2845 3344 2907 Ἐζεκίου
3371 2845 3486 2900 τοῦ
3506 2847 3693 2910 pam-

2113 2938 2268 3005 λέως
2294 2938 2406 3008 τῆς
2436 2938 2740 3004 Ἰουδαίας.
2782 2937 2849 2990 Al
2898 2935 3172 3007 παροῦσαι
3211 2932 3488 2988 νουθεσίαι
3532 2934 3695 2987 Σολο-

2121 3030 2328 3101 μῶντός
2352 3031 2511 3092 εἰσιν,
2541 3031 2597 3083 αί
2629 3028 2821 3100 πρώην
2852 3027 2930 3090 ὡς
2957 3025 3381 3097 διεσπαρμέναι,
3413 3026 3532 3101 τοῖς
3566 3025 3696 3078 πολ-

2115 3120 2228 3186 λοῖς
2279 3120 2639 3189 ἀδιάγνωστοι
2661 3136 2676 3149 ·
2716 3118 2783 3183 ἀς
2828 3116 3213 3188 συλλεξάμενοι
3272 3115 3414 3187 μετά
3468 3116 3697 3171 θάνατον

2115 3213 2278 3267 αὑτοῦ
2304 3255 2320 3281 ,
2350 3216 2400 3268 οἱ
2434 3214 2566 3285 περὶ
2593 3212 2693 3285 τὴν
2726 3210 2959 3283 μελέτην
2985 3209 3097 3263 τῶν
3140 3207 3306 3263 θείων
3339 3209 3699 3279 ὲσχολακότες

2115 3303 2370 3376 Γραφῶν,
2394 3306 2490 3358 καὶ
2514 3302 2607 3357 διὰ
2633 3302 2795 3357 τοῦτο
2823 3300 3077 3372 συνήθεις
3106 3300 3183 3371 τῷ
3220 3301 3437 3371 βασιλεῖ
3466 3301 3571 3372 τῆς
3596 3302 3705 3354 τῶν

2128 3396 2395 3450 Ἰουδαίων
2426 3394 2612 3466 χώρας
2640 3393 2881 3465 Ἐζεκίᾳ,
2912 3396 2979 3465 τῇ
3011 3392 3119 3447 τῶν
3158 3392 3486 3465 Παροιμιῶν
3535 3393 3705 3464 βίϐλῳ

2115 3487 2422 3541 τελευταῖον
2457 3483 2849 3555 ἑγκατέταξαν.

2188 3577 2255 3648 β’.
2291 3577 2445 3643 Δόξα
2460 3575 2608 3632 Θεοῦ
2628 3575 2872 3644 κρύπτει
2884 3574 3071 3643 λόγον
3084 3589 3101 3605 ο
3126 3572 3276 3637 δόξα
3294 3572 3365 3627 δὲ
3384 3573 3704 3641 ,βασιλέως

2115 3667 2255 3739 τιμᾷ
2280 3668 2729 3739 προστάγματα.
2760 3667 2828 3720 Ἦ
2855 3665 2949 3720 τοῦ
2972 3664 3107 3719 Θεοῦ
3134 3665 3280 3731 δόξα,
3306 3664 3383 3728 ὼς
3408 3664 3511 3734 μὲν
3534 3665 3708 3735 ὕπερ-

2115 3761 2322 3826 ουσίου,
2351 3760 2634 3831 ἀφραστός
2662 3759 2779 3811 ἔστι
2822 3756 2910 3810 διά
2957 3754 3020 3809 τδ
3064 3754 3229 3809 αὐτοῦ
3262 3755 3664 3824 ἀκατάληπτον
3687 3770 3702 3785 ·

2115 3852 2195 3917 ὡς
2240 3851 2300 3906 δὲ
2344 3851 2565 3904 πάντων
2591 3847 2963 3912 δεσπόζοντος,
2995 3846 3175 3900 πείθει
3226 3845 3559 3917 πειθαρχεῖν
3590 3848 3713 3908 ταῖς

2116 3944 2282 4001 αὐτοῦ
2325 3943 2590 4006 ἐντολαῖς,
2624 3939 2714 3994 διὰ
2746 3939 2844 3992 τὸν
2887 3936 3056 3993 αὐτοῦ
3087 3937 3270 4006 φόϐον,
3306 3937 3406 3990 καὶ
3457 3936 3538 4009 μὴ
3587 3936 3712 4007 περὶ

2116 4036 2320 4097 ταύτας
2357 4031 2662 4087 διακεῖσθαι
2697 4027 3208 4102 καταφρονητικῶς.

2187 4125 2256 4195 Υ.
2299 4124 2585 4193 Οὐρανὸς,
2608 4122 2880 4191 ὑψηλός*
2905 4120 2981 4191 γῆ
3009 4120 3096 4183 δὲ,
3120 4117 3341 4184 ,βαθεῖα
3357 4134 3372 4150 ·
3397 4107 3628 4185 καρδία
3649 4116 3716 4171 δὲ

2111 4215 2417 4282 ,ϐασιλέως
2440 4253 2455 4275 ,
2522 4210 2976 4279 ἀνεξέλεγκτος.
3030 4210 3247 4280 Ὠσπερ
3313 4208 3714 4275 ἀκατάληπτον

2120 4309 2254 4377 ἡμῖν
2290 4306 2353 4359 τό
2388 4322 2445 4358 τε
2486 4303 2619 4373 ῦψος
2651 4303 2745 4356 τοῦ
2768 4300 3026 4373 ούρανοῦ,
3048 4301 3144 4353 καὶ
3167 4300 3229 4353 τὺ
3256 4297 3426 4369 βάθος
3455 4299 3565 4367 τῆς
3590 4299 3713 4367 γῆς,

430 4401 606 4465 dum,
656 4403 739 4458 sic
783 4400 1268 4457 indiscriminatim
1319 4398 1501 4463 Deus,
1544 4409 1734 4469 utpote
1780 4398 1873 4469 qui
1916 4414 2010 4456 nec

2123 4397 2262 4453 οῦτω
2297 4397 2389 4450 καὶ
2417 4394 2478 4449 τὸ
2502 4394 2645 4447 θεῖον
2675 4392 3057 4464 ἀσυγκρίτως,
3098 4390 3175 4453 ὡς
3221 4388 3462 4458 ἀναρχόν
3508 4405 3577 4441 τε
3628 4388 3721 4441 καὶ

442 4491 662 4546 initium
689 4506 789 4546 nec
811 4491 971 4545 linem
994 4490 1176 4544 habet.
1191 4489 1348 4545 Circa
1371 4499 1554 4545 autem
1581 4489 1802 4543 modum
1820 4488 2018 4545 futura:

444 4592 648 4638 nostra:
693 4597 791 4652 per
835 4582 1067 4651 gratiam
1121 4580 1510 4645 deitieationis,
1549 4581 1845 4637 consilium
1897 4581 2015 4648 Dei,

442 4675 692 4727 ouinium
726 4672 965 4738 Domini,
1004 4670 1159 4726 nobis
1188 4672 1370 4726 adhuc
1402 4672 1677 4727 occultum
1711 4681 1796 4730 est
1818 4691 1838 4728 τ
1869 4675 2017 4745 quod

441 4762 687 4821 Joannes
732 4762 1064 4832 evangelista
1104 4760 1403 4818 ostendens
1437 4761 1597 4829 dixit,
1633 4762 2018 4834 Nondunmp-

444 4857 631 4926 paruit
660 4855 789 4926 quid
824 4855 1051 4911 erimus.
1736 4926 1740 4932 Δ

521 4947 684 5001 Vens.
725 4946 782 5000 4.
824 4943 1051 5002 Percute
1075 4956 1355 5018 argentum
1386 4946 1766 5017 imprébatum.
1797 4958 1846 5001 et
1868 4963 2021 5001 mun-

442 5040 665 5094 dabitur
720 5039 973 5094 mundum
1032 5049 1225 5096 totum.
1282 5040 1433 5096 Tolle
1486 5042 1850 5111 cogitationes
1909 5038 2021 5093 Deo

444 5133 748 5202 injuriosas
809 5131 881 5186 ab
935 5134 1119 5187 anima
1159 5132 1271 5189 'tua
1329 5132 1619 5189 Dominico
1698 5134 2023 5189 charactere

336 5276 344 5282 .
447 5230 741 5293 honorata,
790 5234 848 5282 et
890 5226 1204 5283 intellectus
1240 5228 1364 5298 ejus
1403 5229 1455 5284 in
1489 5242 1600 5297 quo
1636 5227 2019 5287 universorum

448 5318 735 5382 Dominus,
771 5312 915 5373 Deus
958 5318 1113 5386 quasi
1166 5318 1364 5373 throno
1409 5319 1647 5390 quodam
1702 5317 2021 5387 requiescit,

447 5410 520 5464 ob
572 5408 988 5465 similitudinem
1044 5408 1246 5463 bonum
1302 5411 1655 5479 operabitur,
1708 5425 1816 5464 non
1873 5410 2024 5479 cogi-

450 5491 622 5555 tando
649 5498 795 5571 quod
822 5500 1062 5572 cogitare
1095 5515 1206 5555 non
1239 5508 1474 5571 oportet,
1506 5516 1682 5572 neque
1713 5516 1809 5571 per
1850 5500 2023 5554 virtu-

451 5593 528 5645 tis
561 5591 855 5655 defectum,
895 5607 1071 5663 neque
1117 5608 1213 5665 per
1252 5605 1575 5657 excessum;
1622 5594 1714 5647 sed
1758 5592 2025 5661 sapicndo

460 5679 530 5736 sti
564 5683 936 5740 sobrietatem.

2120 4490 2507 4561 ἀτελεύτητον·
2558 4490 2592 4559 ἡ
2636 4487 2853 4559 semp.
2880 4487 2975 4539 τὸν
3001 4485 3205 4557 τρόπον
3245 4484 3345 4554 τῆς
3397 4483 3722 4552 μελλούσης

2119 4582 2262 4636 κατὰ
2280 4581 2440 4651 χάριν
2464 4579 2714 4642 θεώσεως
2734 4576 2914 4649 ἡμῶν,
2935 4575 3100 4646 βουλὴ
3123 4573 3289 4627 αὑτοῦ
3314 4572 3411 4625 τοῦ
3430 4574 3720 4626 Aean-dm

2118 4671 2227 4726 τῶν
2255 4671 2392 4725 ὅλων
2416 4669 2576 4735 Θεοῦ,
2611 4669 2692 4722 ἔτι
2719 4668 2867 4722 ἐστὶν
2916 4669 3048 4737 ἡμῖν
3091 4665 3309 4735 ἀφανής
3333 4681 3349 4696 ·
3382 4663 3671 4752 ὅπερ.καὶ
3694 4661 3725 4713 6

2120 4761 2509 4831 εύαγγελιστὴς
2542 4760 2802 4829 Ἰωάννης
2842 4757 3057 4828 δηλῶν,
3106 4758 3350 4827 εἴρηκεν,
3382 4755 3472 4807 ὅτι
3543 4754 3726 4807 Οὕτω

2121 4851 2444 4924 ἐφανερώθη
2480 4851 2536 4903 τί
2579 4848 2844 4922 ἐσόμεθα.

2190 4943 2251 4997 δ’.
2292 4945 2530 5012 Κρύπτε
2555 4942 2847 5012 ἀδόκιμον
2875 4939 3181 5008 ἀργύριον,
3213 4934 3309 4990 καί
3340 4934 3734 5003 καθαρισθή-

2123 5052 2295 5091 σεται
2344 5035 2608 5103 καθαρὸν
2647 5034 2829 5090 ἅπαν.
2870 5030 3127 5113 ’Δφάνιζε
3168 5029 3296 5090 τοὺς
3329 5027 3407 5099 μὴ
3434 5027 3737 5097 “pawn;

2124 5127 2257 5191 Θεὸν
2288 5126 2605 5196 λογισμοὺς,
2635 5124 2744 5178 ἀπὺ
2782 5122 2885 5194 τῆς
2928 5120 3008 5192 τῷ
3040 5115 3357 5186 Δεσποτικῷ
3391 5117 3737 5187 χαρακτῆρι

2123 5218 2493 5289 τετιμημένης
2524 5215 2707 5286 ψυχῆς
2737 5231 2853 5278 σου,
2879 5215 2975 5267 καὶ
3004 5212 3068 5266 τὸ
3098 5209 3287 5280 νοερὸν
3319 5206 3569 5279 ταύτης,
3604 5210 3671 5260 ὲν
3694 5198 3743 5274 ᾧ

2128 5311 2289 5374 αὐτὸς
2318 5311 2346 5362 ὁ
2371 5307 2479 5361 τῶν
2511 5307 2649 5360 ὅλων
2674 5305 2959 5376 Δεσπότης
2991 5295 3249 5364 Θεδς,οἷά
3277 5315 3385 5352 τινι
3413 5297 3619 5369 θρόνῳ
3646 5300 3748 5350 ἐπε

2126 5401 2491 5464 αναπαύεται,
2519 5398 2641 5453 καθ’
2664 5397 2927 5469 ὁμοίωσιν
2950 5394 3141 5449 τούτου
3172 5391 3477 5463 ἐργάσεται
3501 5390 3575 5445 τὸ
3600 5392 3751 5458 ﬁre-

2128 5496 2219 5551 O’N
2251 5497 2308 5549 ὲν
2334 5493 2411 5565 τῷ
2439 5493 2513 5565 μὴ
2538 5493 2769 5563 φρονεῖν’
2789 5489 2918 5561 παρ’
2946 5488 2975 5541 δ
3004 5487 3085 5541 δεῖ
3116 5485 3359 5555 φρονεῖν,
3391 5481 3526 5535 κατ’
3554 5482 3754 5536 ἔλλει-

2126 5589 2220 5657 ψιν
2272 5590 2492 5647 πάντως
2543 5584 2640 5654 τῆς
2686 5582 2911 5652 ἀρετῆς,
2955 5578 2988 5650 ἦ
3027 5575 3150 5631 καθ’
3174 5571 3542 5645 ὑπερϐολήν*
3604 5572 3757 5629 ἀλλὰ

2135 5681 2351 5750 φρονεῖν
2390 5679 2468 5741 εἰς
2507 5676 2567 5732 τὸ
2608 5677 2928 5746 σωφρονεῖν.
