3950 6206
305 277 438 366 “'73
1265 272 1795 366 CQMMENTARII
1831 269 1912 330 IN
1953 269 2413 332 PROVERBIA.
2645 283 2654 296 ε
3142 322 3146 326 ,
3416 269 3552 334 1m

371 433 396 469 ε
429 413 493 478 ζ’.
536 409 630 478 Μὴ
677 405 1040 468 ἁλαζονεύου
1090 359 1669 462 ὲνώπιονθβασιλέως
1692 431 1706 456 ,
1733 383 1882 461 μηδὲ

2057 377 2217 437 Vitas.
2255 383 2368 437 5-7.
2404 383 2487 438 Ne
2541 384 2770 454 gloriose
2821 395 2868 439 te
2916 391 3142 440 ostentes
3193 398 3372 437 coram
3415 399 3553 452 rege,

298 509 366 562 ἐν
415 474 626 568 τόποις
671 495 992 554 δυναστῶν
1036 494 1374 562 ὑφίστασο·
1417 486 1712 557 κρεῖσσον
1764 481 1876 553 γάρ

2007 491 2140 544 ιεᾳιιε
2168 475 2223 528 in
2256 475 2383 528 locis
2411 477 2707 544 principum
2737 477 2969 529 steteris.
2997 474 3190 529 Melius
3223 485 3300 528 est
3327 475 3468 528 enim
3493 483 3550 526 ut

299 613 398 652 σοι
419 597 486 650 τὸ
507 567 795 662 ῥηθῆναι,
817 586 1118 642 Ἀνάϐαινε
1144 583 1294 651 πρός
1314 598 1411 651 με,
1439 580 1476 648 ἢ
1511 575 1877 632 ταπεινῶσαι

2007 569 2190 619 licatur
2208 569 2321 628 tibi,
2340 567 2576 622 Ascende
2591 568 2659 619 ad
2677 583 2774 630 me,
2791 583 2945 636 quam
2965 576 3022 620 ut
3051 567 3346 620 huntilieris
3370 580 3552 618 coram

302 707 375 745 σε
405 689 474 740 ὲν
505 681 802 752 προσώπῳ
829 678 1160 733 δυνάστου.
1203 674 1295 743 Μὴ
1326 673 1436 726 οἴου
1471 670 1694 724 σεαυτὸν
1723 665 1880 730 ἀξίας
1905 719 1914 722 -

301 777 442 838 τινὸς
474 775 647 840 ἄξιον,
682 770 790 840 πρὸ
833 769 927 822 τοῦ
960 765 1260 835 ἀξιωθῆναι
1292 763 1496 832 ταύτης
1525 759 1678 830 παρὰ
1703 756 1838 811 Θεοῦ
1862 771 1875 786 ·

307 869 426 938 μηδ’
456 865 710 936 ὲπίτρεχε
737 845 958 932 ἀρχαῖς,
985 857 1358 932 ἁρμοζούσαις
1377 853 1604 925 ἀνδράσι
1637 850 1882 904 καθυπο-

303 962 556 1014 τάττουσι
583 957 658 1026 τῷ
688 955 1002 1026 φρονήματι
1031 951 1128 1004 τοῦ
1159 947 1472 1020 πνεύματος
1491 989 1506 1012 ,
1538 944 1600 998 τὸ
1625 943 1884 1014 φρόνημα

303 1053 402 1122 τῆς
435 1050 640 1122 σαρκός
659 1067 673 1080 ·
705 1047 926 1100 κάλλιον
953 1045 1063 1114 γάρ
1093 1045 1208 1096 ἐστι
1237 1037 1769 1108 ταπεινοφρονοῦντὰ
1799 1051 1880 1098 σε,

309 1145 402 1198 καὶ
454 1140 672 1206 ἀνάξιον
723 1137 916 1194 ἑαυτὸν
962 1135 1220 1206 κρίνοντα
1269 1133 1448 1202 πάσης
1501 1130 1695 1201 ἀρχῆς,
1747 1125 1884 1196 πρὸς

306 1235 512 1304 ταύτην
547 1232 813 1303 κληθῆναι
844 1227 997 1298 παρὰ
1024 1226 1182 1290 Θεοῦ,
1209 1225 1242 1295 ἢ
1277 1222 1655 1293 ἐπιτρέχοντα,
1681 1217 1884 1285 ταύτης

305 1324 684 1397 ἀπορριφῆναι
699 1339 712 1353 ·
739 1321 924 1391 ἐτέρου
947 1317 1078 1389 παρ’
1102 1315 1264 1371 αὐτοῦ
1293 1312 1724 1384 προσκληθέντος
1747 1308 1884 1378 πρὸς

308 1417 534 1487 ταύτην,
573 1413 668 1466 τοῦ
709 1412 974 1484 πρότερον
1013 1409 1276 1480 ἄρξαντος
1315 1405 1528 1458 ἑαυτοῦ.

384 1512 450 1563 "A
489 1504 652 1562 εἶδον
689 1508 742 1560 ol
777 1501 1074 1572 ὀφθαλμοί
1096 1517 1236 1564 σου,
1263 1497 1422 1566 λέγε.
1455 1497 1634 1564 ’Ἀπερ
1658 1495 1714 1550 αἱ
1749 1492 1886 1547 θεω-

311 1600 532 1672 ρητικαί
555 1615 650 1651 σου
669 1598 932 1666 δυνάμεις
953 1594 1258 1649 κατέ).αῆον
1278 1592 1398 1646 θεῖα
1424 1590 1728 1660 θελήματα,
1752 1587 1856 1640 καθ
1874 1585 1888 1606 ’

310 1693 347 1748 δι
391 1691 460 1746 τὰ
504 1692 682 1747 πάντα
724 1689 1004 1759 γεγόνασι,
1037 1686 1220 1756 λόγοις
1251 1701 1313 1740 τε
1342 1684 1436 1738 καὶ
1465 1681 1650 1754 ἔργοις
1679 1679 1884 1742 αὐτοῖς,
1919 1728 1962 1786 Β

311 1784 552 1838 δίδασκε.

383 1870 506 1944 η-ι’.
547 1871 643 1940 Μὴ
685 1871 1028 1939 πρόσπιπτε
1057 1871 1144 1935 είς
1163 1867 1371 1938 μάχην
1395 1865 1640 1935 ταχέως,
1669 1863 1771 1916 ἵνα
1803 1863 1888 1928 μὴ

307 1963 728 2034 μεταμεληθῇς
754 1965 845 2018 ἐπ’
867 1961 1142 2031 ἐσχάτων
1159 1979 1174 1994 ο
1207 1960 1389 2028 ἡνίκα
1411 1959 1488 2010 ἄν
1518 1972 1592 2010 σε
1618 1953 1891 2020 ὀνειδίσῃ

312 2061 346 2112 ὀ
385 2059 565 2127 φίλος
594 2071 712 2110 σου
733 2094 747 2118 ,
775 2055 1068 2122 ἀναχώρει
1095 2055 1182 2118 είς
1221 2053 1294 2106 τὰ
1321 2051 1514 2103 ὀπίσω
1537 2065 1550 2078 ·
1583 2046 1668 2115 μὴ
1711 2058 1892 2097 κατα-

311 2148 538 2216 φρόνει,
561 2147 647 2215 μή
683 2163 757 2199 σε
787 2143 1056 2212 ὀνειδίσῃ
1083 2142 1201 2211 μὲν
1236 2145 1268 2196 ὁ
1308 2142 1508 2210 φίλος.
1539 2139 1576 2204 ή
1621 2137 1691 2190 δὲ
1727 2133 1892 2204 μάχη

313 2256 430 2292 σου
453 2239 550 2292 καί
585 2239 624 2304 ἠ
655 2239 842 2306 ἔχθρα
870 2239 984 2292 οὐκ
1005 2232 1440 2296 ἀπέσται,ἀλλ’
1463 2233 1632 2310 ἔσται
1659 2243 1757 2282 σοι
1786 2227 1892 2292 ἴση

315 2329 568 2395 θανάτῳ.
609 2329 701 2398 Μὴ
732 2328 1136 2394 ἀσυλλογίστως
1163 2326 1312 2394 ὅρμα
1339 2321 1474 2392 πρὸς
1503 2320 1722 2388 ἔχθραν,
1747 2315 1892 2378 ὅπως

319 2420 392 2489 μὴ
420 2418 600 2487 ἑαυτῷ
637 2416 932 2487 ἐπιμέμφῃ
961 2417 1020 2477 ὲς
1047 2413 1308 2482 ὕστερον·
1339 2410 1453 2462 ἀλλ’
1475 2410 1606 2461 ὅταν
1655 2405 1746 2456 ἐπί
1788 2421 1895 2457 τινι

315 2509 458 2576 λόγῳ
482 2505 516 2577 ἢ
538 2507 684 2576 ἔργῳ
712 2505 865 2574 φίλος
891 2522 971 2556 σοι
1000 2503 1306 2574 μέμψηται,
1327 2497 1437 2554 ἀπὸ
1463 2499 1568 2551 τῶν
1595 2495 1896 2564 ἐπταισμέ-

317 2616 422 2653 νων
471 2585 560 2652 σοι
607 2596 824 2650 ἔκκλινε
869 2593 1361 2664 ὲξασφαλιζὸμενος
1409 2589 1659 2654 σεαυτὸν,
1698 2587 1896 2658 μηκέτι

316 2693 431 2754 τοῖς
464 2688 674 2759 ὁμοίοις
703 2687 1025 2757 περιπεσεῖν
1045 2700 1059 2714 ·
1092 2685 1186 2738 καὶ¹
1229 2683 1304 2753 μὴ
1323 2681 1444 2760 ,τὴν
1471 2681 1606 2751 πρὸς
1643 2679 1732 2731 τὸν
1762 2677 1898 2750 πλη-

321 2781 435 2834 σίον
461 2781 682 2849 ἀγάπην
715 2777 912 2850 μικρὸν
943 2778 1175 2846 πρᾶγμα
1195 2773 1330 2845 ἡγοῦ
1354 2790 1368 2804 ⁸
1387 2775 1541 2834 ὅπως
1569 2771 1642 2842 μὴ
1678 2769 1898 2840 μέμψηο

317 2891 410 2928 ται
459 2873 556 2944 μέν
609 2889 692 2924 σοι
722 2869 886 2932 αὐτὸς
905 2911 919 2934 ,
947 2868 1032 2937 ἐφ’
1061 2862 1104 2934 ᾧ
1137 2865 1212 2936 μὴ
1240 2866 1485 2931 διετὲθῃς
1531 2863 1715 2923 καλῶς
1762 2861 1897 2932 πρὸς

320 2964 504 3026 αὑτὸν,
543 2963 576 3033 ἡ
621 2963 676 3014 δὲ
716 2959 941 3024 διένεξις
964 2957 1143 3014 καὶτὸ
1179 2959 1356 3026 μῖσος,
1391 2955 1492 3008 οὐκ
1523 2953 1897 3024 ἀποστήσεται

320 3053 429 3107 ἀπὸ
470 3053 566 3106 σοῦ
589 3071 604 3084 ·
640 3052 776 3107 ἀλλὰ
805 3049 988 3120 ψυχῆς
1017 3048 1232 3118 ὑπάρξῃ
1267 3064 1350 3100 σοι
1382 3045 1630 3107 θάνατος.

391 3146 570 3215 Χάρις
599 3145 696 3199 καί
723 3143 897 3214 φιλία
927 3141 1267 3210 ἐλευθεροῖ·
1305 3137 1377 3204 ἅς
1407 3138 1686 3206 τήρησον·
1717 3151 1900 3190 σεαυ-

322 3239 423 3304 τῷ,
477 3239 574 3291 ἵνα
607 3235 694 3306 μὴ
735 3232 1151 3296 ἐπενείδιστος
1195 3230 1374 3300 γένῃ·
1419 3227 1579 3282 ἀλλὰ
1625 3226 1903 3296 φύλαξον

325 3327 429 3394 τὰς
455 3329 634 3394 ὁδούς
667 3342 783 3381 σου
811 3323 1342 3387 ὲὺσυναλλάκτως.
1384 3320 1458 3372 Τὸ
1508 3323 1756 3389 χάρισμα
1777 3317 1898 3390 κτῆς

325 3421 515 3490 σοφίας
546 3422 640 3474 καὶ
674 3421 706 3487 ἡ
730 3419 916 3488 ἀγάπη
935 3457 950 3481 ,
979 3414 1205 3484 ἀγνοίας
1235 3412 1636 3468 ἀπαλλάττουσι
1667 3410 1762 3463 καὶ
1800 3425 1902 3461 κα-

327 3513 485 3576 κίας·
525 3511 590 3572 ἃς
623 3508 860 3578 φύλαξον
897 3506 1047 3576 παρὰ
1077 3503 1314 3572 σεαυτῷ,
1347 3503 1494 3564 ὅπως
1533 3501 1606 3571 μὴ
1653 3499 1904 3572 ὑπάρξῃς

326 3603 657 3670 κατάκριτος
679 3617 692 3629 ⁸
727 3597 864 3650 ἀλλὰ
893 3599 1158 3666 τήρησον,
1178 3594 1456 3663 ἄνθρωπε,
1480 3593 1578 3654 τὰς
1626 3591 1762 3660 πρὸς
1803 3589 1903 3660 τὴν

328 3691 519 3760 σοφίαν
550 3691 646 3743 καὶ
673 3689 771 3757 τὴν
813 3689 1032 3755 ἀγάπην
1080 3683 1423 3755 θεωρητικὰς
1456 3681 1551 3734 καὶ⁵
1591 3679 1904 3751 πρακτικὰς

327 3783 551 3852 πορείας
585 3797 703 3844 σου,
735 3779 914 3842 καλῶς
942 3778 1200 3848 ἀλλήλαις
1221 3776 1332 3829 τῶν
1351 3773 1568 3827 οἰκείων
1591 3771 1906 3844 μεταδιδού-

329 3889 457 3934 σας·
499 3874 638 3926 αἰτεῖ
677 3870 776 3941 μὲν
809 3869 1088 3940 πρακτικὴ
1117 3869 1216 3940 τὴν
1243 3865 1604 3936 θεωρητικὴν,
1623 3864 1733 3918 τῶν
1763 3863 1906 3917 κατὰ

327 3963 528 4035 γνῶσιν
561 3963 735 4031 λόγων
757 3979 772 3994 ·
805 3963 840 4032 ἡ
865 3961 923 4013 δὲ
958 3958 1268 4031 θεωρητικὴ
1295 3959 1394 4028 τὴν
1425 3955 1770 4027 πρακτικὴνῖ,
1796 3956 1905 4010 τῶν

329 4057 448 4110 κατ’
483 4055 682 4126 ἀρετὴν
707 4053 927 4123 τρόπων
947 4067 963 4083 ·
1010 4050 1151 4103 ὥστε
1179 4047 1482 4120 ψυχοῦσθαι
1520 4047 1618 4116 μὲν
1643 4047 1746 4117 τὴν
1775 4047 1906 4116 ἀρε-

327 4149 424 4218 τὴν
456 4147 598 4202 κατὰ
627 4146 784 4214 λόγον
803 4160 817 4173 ’
853 4141 1236 4214 σωματοῦσθαι
1258 4143 1316 4194 δὲ
1334 4140 1425 4193 τὸν
1449 4139 1607 4207 λόγον
1632 4139 1756 4192 κατ’
1777 4140 1906 4208 ἁρε-

327 4239 448 4309 τήν.

403 4337 492 4382 ια’.
531 4327 742 4397 Μῆλον
781 4326 1056 4397 χρυσοῦν
1089 4326 1159 4379 ἐν
1187 4325 1450 4393 ὀρμίσκῳ
1487 4323 1763 4392 σαρδιόυ,
1803 4322 1904 4376 οὕ-

1977 657 2231 726 principe.
2287 655 2364 712 Ne
2423 667 2580 727 putes
2637 659 2986 727 temetipsum
3049 657 3230 726 aliqua
3287 654 3554 724 dignitate

1981 749 2230 818 dignum,
2263 748 2580 818 priusquam
2626 748 2716 801 illa
2756 747 2954 818 dignus
2985 762 3014 800 a
3045 747 3153 800 Deo
3197 747 3369 800 fueris
3400 745 3557 798 habi-

1985 849 2114 908 tus;
2176 855 2352 910 neque
2411 838 2704 908 dignitates
2760 838 2975 907 require
3034 853 3155 908 quae
3223 836 3557 891 conveniunt

1985 931 2298 986 hominibus
2356 931 2640 1000 sapientitc
2692 929 2922 1001 spiritus
2987 929 3170 982 carnis
3233 928 3556 998 sapientiam

1985 1021 2506 1077 subordiuantibus.
2541 1020 2731 1092 Melius
2775 1027 2858 1075 est
2908 1019 3052 1074 enim
3103 1027 3156 1075 te
3206 1018 3556 1088 temetipsum

1987 1113 2368 1167 bumiliantem
2401 1119 2454 1166 et
2487 1111 2769 1176 indignum
2825 1111 2972 1164 omni
3017 1109 3281 1179 dignitate
3321 1118 3372 1162 te
3411 1107 3562 1176 judi-

1987 1213 2203 1259 cantem
2244 1219 2274 1257 a
2314 1205 2426 1257 Deo
2472 1204 2538 1256 ad
2585 1203 2756 1271 ipsam
2807 1201 2990 1257 vocari
3034 1215 3197 1270 quam
3248 1207 3560 1264 currentem

1985 1295 2054 1348 ab
2084 1309 2146 1346 ea
2181 1293 2388 1363 repelli,
2413 1291 2539 1344 dum
2580 1292 2722 1345 alius
2756 1289 2850 1360 qui
2893 1289 3046 1358 prius
3087 1287 3415 1356 sibimetipsi
3457 1286 3557 1340 im-

1989 1387 2202 1457 peravit
2232 1385 2296 1439 ad
2331 1385 2477 1438 illam
2511 1393 2739 1438 vocatus
2777 1381 2955 1436 fuerit.

2061 1477 2193 1543 Qua:
2242 1475 2482 1530 viderunt
2534 1477 2674 1528 oculi
2721 1475 2825 1539 tui,
2878 1473 2983 1528 die.
3030 1473 3177 1537 Quas
3225 1470 3422 1524 animat
3459 1479 3565 1522 tum

1991 1571 2342 1640 speculativae
2394 1569 2686 1623 facultates
2716 1567 2932 1622 divinas
2973 1572 3339 1634 perceperunt
3367 1561 3566 1614 volun-

1993 1671 2152 1724 tates,
2188 1661 2389 1731 quibus
2421 1659 2605 1714 omnia
2647 1657 2788 1712 facta
2828 1665 2978 1722 sunt,
3007 1655 3188 1710 verbis
3217 1661 3272 1708 et
3302 1652 3566 1724 operibus

1994 1757 2129 1824 ipsis
2158 1753 2445 1808 annuntia.

2063 1845 2230 1902 Vens.
2272 1845 2424 1901 8-10.
2467 1841 2550 1897 Ne
2597 1858 2884 1913 procurras
2931 1840 3000 1894 ad
3035 1841 3276 1909 jurgium
3321 1839 3462 1901 cito;
3508 1845 3566 1890 ut

1992 1947 2098 1994 nan
2132 1948 2179 1991 te
2211 1938 2460 2005 paeniteat
2515 1937 2570 1988 in
2621 1935 2920 1988 novissimis
2959 1947 2978 1985 :
3017 1931 3150 1986 Cum
3190 1941 3238 1986 te
3274 1931 3568 1997 exprobra-

1993 2029 2122 2082 verit
2159 2027 2360 2080 amicus
2396 2037 2537 2088 tuus,
2569 2024 2749 2078 recede
2779 2025 2834 2075 in
2865 2023 3185 2091 posteriora.
3221 2019 3304 2074 Ne
3334 2029 3570 2074 contem-

1995 2133 2116 2184 nas,
2159 2133 2222 2170 ne
2258 2125 2304 2169 te
2341 2115 2549 2186 quidem
2581 2113 2856 2182 exprobret
2893 2113 3118 2176 amicus,
3157 2112 3275 2164 rixa
3311 2119 3482 2162 autem
3517 2117 3568 2161 et

1995 2210 2288 2262 inimicitia:
2341 2225 2444 2261 non
2500 2206 2744 2268 aberunt,
2793 2205 2885 2260 sed
2937 2215 3090 2259 erunt
3143 2205 3240 2256 tibi
3291 2218 3452 2270 usque
3499 2199 3569 2254 ad

1996 2306 2236 2350 mortem.
2287 2295 2368 2350 Ne
2410 2294 2785 2363 imprudenter
2837 2295 2985 2346 irrue
3033 2295 3084 2345 in
3136 2291 3470 2352 inimit-itias,
3507 2299 3570 2342 ul.

1997 2401 2104 2439 non
2155 2394 2206 2437 te
2252 2384 2516 2452 paeniteat
2571 2381 2625 2434 in
2669 2382 2955 2435 extremis.
3009 2380 3114 2434 Sed
3160 2394 3282 2433 cum
3344 2377 3570 2432 verbum

1997 2486 2092 2531 aut
2125 2483 2303 2529 actum
2335 2472 2622 2542 quemdam
2655 2471 2754 2526 tibi
2784 2471 3194 2541 exprobraverit
3239 2470 3471 2533 amicus,
3504 2471 3572 2522 ab

1997 2571 2084 2626 his
2115 2584 2236 2640 quae
2265 2567 2594 2622 commisisti
2641 2567 2856 2622 declina
2901 2565 3130 2620 ﬁrmans
3168 2579 3391 2635 gressus
3423 2573 3570 2626 tuos,

1999 2677 2068 2718 ne
2111 2663 2166 2716 in
2226 2659 2428 2715 similia
2484 2659 2717 2714 incidas.
2765 2657 3103 2713 Cbaritatem
3156 2657 3570 2726 ingproximum

1999 2739 2274 2824 negotium
2320 2764 2548 2821 parvum
2589 2765 2657 2805 ne
2703 2757 2960 2820 reputes;
3005 2757 3062 2802 ut
3112 2763 3220 2802 non
3265 2760 3574 2816 conquera-

1999 2855 2091 2901 tur
2121 2846 2212 2900 ille
2245 2847 2390 2914 quod
2435 2843 2490 2898 in
2539 2843 2718 2912 ipsum
2757 2843 2898 2896 male
2937 2842 3146 2910 egeris;
3175 2840 3446 2892 dissensio
3475 2853 3573 2892 au-

1999 2947 2106 2994 tem
2137 2945 2192 2992 et
2225 2935 2408 2989 odium
2438 2949 2468 2988 a
2500 2941 2554 2990 te
2584 2949 2689 2988 non
2721 2931 3012 2998 recedent;
3051 2929 3148 2986 sed
3190 2943 3338 2982 mors
3380 2930 3576 2982 auium:

1925 3051 1968 3109 ο
2002 3039 2054 3084 te
2083 3027 2346 3082 manebit.

2073 3118 2264 3173 Gratia
2303 3127 2352 3172 et
2401 3115 2642 3170 amicitia
2701 3114 2976 3168 liberant:
3007 3113 3102 3166 has
3153 3111 3246 3164 tibi
3304 3126 3450 3164 serra
3513 3124 3578 3164 ne

2002 3211 2252 3280 reprobus
2315 3211 2418 3278 ﬁas
2469 3224 2489 3262 :
2544 3207 2634 3261 sed
2682 3208 2890 3260 custodi
2939 3206 3052 3258 vias
3101 3212 3221 3257 tuas
3267 3203 3574 3270 composite.

1999 3303 2214 3358 Donum
2256 3299 2544 3371 sapientiae
2575 3306 2630 3352 et
2667 3297 2909 3352 Charitas
2955 3295 3024 3351 ab
3072 3295 3380 3365 ignorantia
3425 3307 3580 3346 aver-

2003 3403 2124 3449 tunt
2146 3403 2202 3448 et
2237 3408 2268 3446 a
2297 3391 2541 3456 malitia;
2571 3390 2671 3445 bas
2701 3389 2798 3444 tibi
2831 3403 2990 3444 serva
3030 3401 3096 3440 ne
3125 3388 3204 3441 sis
3241 3385 3532 3438 damnatus
3560 3424 3576 3448 ,

2001 3487 2096 3542 sed
2133 3485 2375 3551 custodi,
2403 3499 2438 3540 ο
2475 3483 2662 3548 homo,
2705 3481 2774 3536 ad
2807 3477 3132 3551 sapientiam
3167 3487 3223 3532 et
3253 3477 3578 3532 charitatem

2002 3576 2374 3646 speculativas
2403 3591 2468 3630 ac
2498 3575 2774 3645 practicas
2805 3574 2922 3627 vias
2951 3572 3056 3626 sibi
3094 3569 3324 3624 invicem
3361 3567 3581 3638 propria

2003 3666 2324 3738 largientes.
2373 3664 2565 3720 Praxis
2609 3664 2756 3719 enim
2803 3663 3074 3717 tbeoriam
3125 3659 3354 3730 requirit
3388 3659 3452 3712 ad
3485 3648 3582 3712 co:-

2003 3758 2352 3828 gnoscendas
2405 3757 2683 3820 rationes;
2731 3754 2944 3808 tlteoria
3002 3761 3182 3806 autem
3243 3751 3452 3820 praxim
3511 3749 3580 3804 ad

2003 3851 2260 3906 instituta
2293 3849 2560 3904 virtutum
2604 3845 2878 3917 operanda
2909 3861 2924 3898 :
2951 3845 3026 3898 ita
3067 3853 3126 3898 ut
3161 3841 3336 3896 virtus
3379 3856 3581 3896 secun-

2006 3944 2134 3999 dum
2165 3943 2434 3996 rationem
2466 3931 2624 4011 quasi
2655 3938 2861 4000 anima,
2893 3937 3031 3992 ratio
3067 3943 3248 3990 autem
3278 3934 3580 3991 secundum

2009 4036 2264 4091 virtutem
2299 4032 2464 4090 veluti
2496 4045 2730 4102 corpore
2765 4027 3054 4084 induatur.

2077 4302 2243 4358 Vens.
2289 4300 2370 4356 ll.
2416 4297 2570 4354 Mala
2603 4313 2764 4350 aurea
2803 4297 2857 4350 in
2897 4295 3082 4349 monili
3114 4291 3286 4349 sardii
3315 4335 3332 4360 ,
3371 4294 3462 4366 qui
3485 4293 3582 4348 lo-

329 4439 442 4486 τως
467 4385 656 4474 εὶπεέν
680 4385 868 4488 adpete
899 4417 1020 4491 [ἐπὶ
1049 4385 1648 4487 ἁρμόξουσιν-αὺτῷλ
1685 4385 1772 4478 Ὠς
1798 4415 1897 4484 μῆ-

2009 4398 2192 4467 quitur
2221 4395 2432 4449 verbum
2461 4393 2514 4446 in
2541 4401 2770 4458 tempore
2791 4405 2908 4442 suo.
2951 4385 3424 4454 Quemadmodum
3457 4401 3580 4440 ma-

330 4513 422 4566 λον
467 4511 725 4581 χρυσοῦν,
755 4509 1044 4582 ἐμπρέπον
1095 4507 1504 4578 περιτραχηλίῳ
1553 4507 1762 4576 κόσμῳ,
1797 4507 1906 4558 ἀπὸ

329 4602 482 4654 λίθου
511 4599 752 4668 σαρδίου,
784 4599 960 4662 οὕτως
1001 4599 1064 4651 τὸ
1097 4596 1326 4668 λαλῆσαι
1379 4595 1538 4662 λόγον
1587 4595 1906 4649 διδάσκοντα

334 4694 600 4762 σωτήρια,
628 4692 906 4760 ἐμπρέπει
929 4691 1006 4760 τῷ
1028 4688 1272 4760 κοσμίως
1299 4687 1505 4757 βιοῦντι
1527 4689 1650 4740 κατ’
1669 4689 1870 4758 ἀρετήν
1888 4705 1903 4719 ·

330 4781 408 4850 τῷ
441 4781 540 4850 βίῳ
571 4780 680 4849 γὰρ
710 4781 738 4832 ὁ
765 4778 922 4846 λόγος
953 4775 1448 4849 συναρμοζόμενος,
1482 4773 1683 4844 πολλὴν
1709 4775 1910 4826 ἀποτε-

331 4874 414 4927 λεῖ
447 4875 546 4942 τὴν
586 4872 946 4944 ὲμπρέπειαν.
1309 4873 1312 4876 ’
1517 4929 1532 4944 .

405 4967 468 5034 ιβ’
515 4965 636 5038 -Είς
689 4962 934 5016 ἐνώτιον
975 4961 1248 5030 χρυσοῦν
1283 4959 1535 5029 σάρδιον
1574 4956 1910 5022 πολυτελὲς

333 5053 814 5124 δέδεται,’λόγος
869 5055 1091 5122 σοφίας
1131 5055 1218 5118 είς
1255 5051 1516 5116 εὐήκοον
1543 5046 1674 5117 οὖς.
1712 5049 1799 5112 Ὧς
1829 5051 1908 5111 εἰς

333 5148 552 5200 ἐνώτιον
575 5147 810 5216 χρύσεον
835 5145 1050 5215 σάρδιον
1079 5144 1310 5208 δέδεται,
1342 5144 1620 5214 διαφόροις
1652 5141 1909 5212 χρώμασι

334 5238 757 5308 πεποικιλμένον
779 5276 795 5301 ,
826 5235 996 5297 οὕτως
1025 5236 1114 5298 είς,
1143 5235 1314 5304 ἀκοὴν
1343 5237 1409 5304 τῇ
1439 5233 1722 5302 εὐπειθείᾳ
1751 5249 1910 5284 κεκο-

335 5331 643 5400 σμημένην,
672 5329 736 5380 δι’
761 5328 938 5397 ἔργων
963 5327 1299 5398 κεκράτηται
1329 5325 1560 5390 ἄληστος
1580 5363 1594 5386 ,
1631 5326 1660 5377 ὁ
1691 5323 1908 5376 πολυει-

335 5425 430 5494 δὴς
466 5426 576 5486 τοῖς
613 5421 836 5491 τρόποις
875 5419 988 5472 τῶν
1024 5417 1236 5489 ἀρετῶν
1271 5415 1652 5478 διδασκαλικὸς
1690 5413 1868 5482 λόγος.

409 5593 492 5668 ιγ’,
528 5600 750 5670 Ὠσπερ
776 5599 985 5666 ἔξοδος
1006 5600 1209 5667 χιόνος
1225 5597 1296 5651 ἐν
1313 5595 1516 5664 ἀμητῷ
1537 5593 1690 5646 κατὰ
1708 5593 1906 5661 καῦμα

333 5692 568 5760 ὠφελεῖ,
587 5696 772 5758 οὕτως
797 5693 1048 5762 ἅγγελος
1079 5687 1294 5754 πιστὸς
1315 5687 1439 5752 τοῖς
1466 5687 1903 5742 ἀποστείλωσιν

2010 4491 2120 4543 lum
2157 4501 2386 4542 aureum
2423 4484 2654 4555 pulchre
2701 4489 2922 4552 aptatur
2965 4481 3089 4534 colli
3157 4478 3448 4534 muliebris
3487 4493 3582 4532 or-

2009 4581 2160 4636 natui
2194 4595 2257 4634 ex
2305 4577 2486 4648 lapide
2527 4575 2734 4637 sat-dio,
2779 4574 2860 4627 sic
2889 4571 3036 4642 loqui
3065 4570 3290 4626 verbum
3315 4571 3584 4624 salutaria

2008 4673 2238 4736 docens,
2271 4670 2530 4726 convenit
2560 4669 2608 4724 ei
2651 4669 2745 4737 qui
2797 4667 3059 4722 decenter
3094 4666 3148 4718 in
3181 4664 3384 4718 virtute
3427 4679 3584 4718 com-

2009 4775 2276 4820 moratur.
2329 4763 2562 4818 Verbum
2607 4761 2752 4815 enim
2784 4759 2930 4828 quod
2961 4773 3086 4812 cum
3121 4758 3232 4811 vita
3267 4756 3582 4820 consentit,

2009 4859 2236 4913 multam
2276 4863 2501 4923 przestat
2546 4851 3012 4906 convenientiam.

2083 4948 2248 5002 Vsus.
2299 4946 2386 5000 12.
2431 4943 2496 4998 1η
2565 4957 2784 4995 auream
2843 4943 3084 4994 inanrem
3137 4939 3300 4992 etiam
3367 4937 3583 4992 sardius

2009 5041 2274 5112 pretiosus
2295 5039 2516 5104 ligatur,
2537 5049 2708 5088 sermo
2729 5033 2940 5100 sapiens
2959 5030 3010 5082 in
3031 5045 3214 5082 aurem
3231 5027 3578 5082 obedientem.

2009 5128 2486 5199 Quemadmodum
2517 5126 2572 5180 in
2594 5139 2814 5200 auream
2837 5121 3084 5176 iuaurern
3117 5121 3332 5192 legatur
3365 5119 3582 5176 sardius

2007 5223 2242 5278 diversis
2275 5219 2556 5274 coloribus
2588 5215 2900 5284 variegatus
2926 5251 2942 5278 ,
2981 5215 3062 5268 sic
3109 5213 3164 5266 in
3219 5227 3406 5268 aurem
3434 5211 3582 5264 doci-

2007 5316 2159 5370 litate
2210 5307 2482 5374 ornatat'n,
2519 5308 2706 5363 varius
2751 5307 3042 5376 multiplici
3085 5305 3261 5360 forma
3315 5305 3578 5358 virtutum

2007 5403 2332 5464 doctrinalis
2359 5415 2540 5458 sermo
2579 5397 2856 5454 detinetur
2885 5413 2985 5469 per
3015 5411 3180 5467 opera
3229 5410 3340 5450 non
3375 5393 3582 5450 oblite-

2007 5500 2230 5554 randus.

2081 5589 2248 5643 Vens.
2293 5588 2378 5641 13.
2422 5583 2570 5640 Sient
2600 5583 2774 5638 exitus
2811 5583 2946 5636 nivis
2983 5579 3038 5634 in
3067 5592 3234 5633 messe
3263 5591 3356 5646 per
3392 5581 3582 5630 restitns

2013 5685 2252 5757 prodest,
2305 5685 2383 5738 sic
2413 5681 2631 5737 nuntius
2665 5677 2838 5750 ﬁdelis
2891 5677 2958 5731 iis
3005 5673 3094 5744 qui
3125 5673 3384 5728 miserunt
3415 5683 3578 5734 sunt:
