3950 6206
207 181 211 186 ’
295 226 429 287 tm

1350 235 1882 297 COMMENTARII
1925 235 2003 293 ιιι
2036 233 2494 295 PROVERBIA.
2576 208 2581 213 ’

3423 234 3441 298 l
3464 235 3561 300 ὶτὸ

289 351 409 415 ὄξος
426 349 753 422 δριμύτατον
773 349 1085 413 ἀλυσιτελὲς
1120 348 1195 421 τῷ
1225 349 1527 421 ἡλκωμένῳ
1556 349 1707 421 μέλει
1734 347 1868 403 καθ-

1982 357 2185 402 acetum
2223 350 2553 403 acerrimum
2587 348 2781 402 inutile
2816 354 2899 401 est
2944 346 3192 402 membro
3243 346 3556 418 vulnerato,
3620 332 3637 340 ’

291 446 510 514 έοτηκε,
548 443 743 497 δάκνον
771 441 924 505 αὐτὸ,
953 439 1099 494 οὕτω
1129 440 1224 494 καὶ
1246 440 1326 512 τῷ
1351 441 1451 511 τῆς
1479 440 1680 511 σαρκὸς
1710 440 1875 495 ἀσθε-

289 537 390 601 νεῖ,
421 533 677 597 ἀκούσιος
701 531 1013 603 ἑπισυμϐἀς
1038 530 1367 605 πειρασμὸς,
1394 534 1521 603 ἀνιᾷ
1548 531 1639 586 διά
1655 530 1717 586 τὸ
1740 546 1876 601 συγ-

288 624 444 693 γενὲς
473 625 573 695 τὴν
601 622 803 695 ψυχήνο

361 715 587 782 ’Ὠσπερ
615 713 739 783 σὴς
767 713 839 767 ἐν
866 712 1075 782 ίματίῳ
1098 750 1115 778 ,
1144 710 1246 768 καί
1274 710 1524 781 σκώληξ
1559 711 1745 779 ξύλῳ,
1775 710 1878 766 οὕ-

289 820 403 870 τως
447 804 616 872 λύπη
645 803 867 871 ἀνδρὸς
887 802 1153 868 βλάπτει
1178 801 1449 872 καρδίαν.
1490 801 1759 873 Καθάπερ
1782 800 1877 856 λυ·

291 894 573 960 μαίνονται
607 897 707 964 σὴς
743 894 843 966 μὲν
879 895 1082 966 ίματίῳ
1103 935 1118 959 ,
1154 894 1375 966 σκώληξ
1403 894 1459 947 δὲ
1485 893 1628 964 ξύλῳ
1652 932 1667 957 ,
1700 892 1877 957 οὓτως

289 990 323 1057 η
357 988 508 1058 παρά
530 986 823 1058 ἀνθρώπου
847 986 992 1050 τινὸς
1023 986 1196 1057 λύπη,
1221 984 1301 1056 τῷ
1322 985 1461 1056 πρὸς
1480 983 1672 1039 τοῦτον
1702 984 1873 1056 μίσει,

289 1075 387 1148 τὴν
426 1077 767 1148 ἑτοιμοπαθῆ
804 1075 1185 1135 καταϐλάπτει
1223 1076 1424 1146 ψυχήν.

360 1166 596 1238 κα¹,“κβ’.
628 1146 776 1224 ἶΕέιν
792 1165 969 1235 πεινᾷ
988 1170 1021 1222 ό
1036 1166 1248 1236 ἐχθρός
1269 1183 1408 1230 σου,
1427 1164 1644 1235 ψώμιζε
1663 1165 1872 1220 αὐτόν’

288 1260 397 1326 ἐὰν
421 1258 604 1329 διψᾷ,
638 1259 834 1321 πότιζε
868 1262 1058 1314 αὐτόν
1082 1277 1096 1292 ·
1146 1260 1325 1314 τοῦτο
1360 1260 1470 1329 γὰρ
1515 1259 1725 1321 ποιῶν,
1766 1259 1874 1313 ἇν-

289 1354 511 1420 θρακας
530 1352 722 1421 πυρὸς
746 1354 1073 1421 σωρεύσεις
1094 1350 1195 1404 ἐπὶ
1218 1350 1335 1419 τὴν
1355 1350 1631 1421 κεφαλὴν
1649 1348 1836 1405 αὐτοῦ
1854 1365 1870 1381 ⁸

289 1445 323 1498 d
345 1442 413 1496 δὲ
431 1444 647 1514 Κύριος
668 1443 1085 1500 ἀνταποδὼσει
1111 1460 1212 1499 σοι
1232 1443 1445 1513 ἀγαθά.
1481 1443 1611 1497 Ἐάν
1635 1444 1664 1496 ὁ
1696 1441 1873 1512 μισῶν

290 1552 377 1600 σε,
396 1536 606 1607 τροφῆς
652 1538 748 1590 καὶ
784 1537 1032 1608 πόματός
1063 1537 1212 1589 ἐστιν
1239 1534 1422 1606 ἐνδεὴς
1441 1575 1460 1600 ,
1491 1535 1659 1604 τρέφε
1683 1532 1873 1588 τοῦτον

289 1629 386 1681 καὶ
433 1627 658 1692 πότιζε·
694 1627 837 1682 οὕτω
887 1629 995 1699 γὰρ
1042 1626 1348 1699 εὐεργετῶν
1394 1626 1588 1692 αὐτὸν,
1621 1624 1872 1692 συνάξεις

1979 438 2095 494 iuzo
2124 439 2256 494 illud
2292 442 2503 510 pungit;
2535 441 2615 495 sic
2646 439 2951 493 inﬁrmitati
2975 440 3160 493 carnis
3186 441 3555 496 involuntaria

1980 531 2212 585 tentatio
2241 531 2541 585 adveniens
2571 532 2822 585 molestia
2860 530 3028 585 allicit
3055 532 3296 585 animam
3331 532 3400 586 ob
3431 548 3566 602 ejus

1978 635 2103 675 cum
2126 635 2373 691 'corpore
2401 621 2740 676 allinitatem.

2048 710 2199 767 Sicut
2224 714 2365 795 tinge
2407 713 2735 783 vestimento,
2770 720 2816 766 et
2846 713 3037 766 vermis
3100 712 3279 783 ligno;
3330 712 3409 767 ita
3459 713 3564 766 tri-

1975 803 2128 859 stitia
2155 804 2253 858 viri
2284 813 2430 858 nocet
2470 804 2638 859 cordi.
2693 803 3162 870 Quemadmodum
3203 805 3348 860 tinea
3405 804 3554 860 laedit
3601 816 3605 821 '

1977 896 2370 952 vestimentum
2411 903 2467 951 et
2527 895 2733 952 vermis
2786 896 2991 965 lignum
3025 934 3042 960 ,
3100 896 3175 950 ita
3211 896 3435 952 tristitia
3487 897 3567 953 ab-
3663 890 3669 896 ’

1978 985 2225 1050 homine,
2259 985 2333 1044 ob
2370 986 2507 1040 iram
2538 996 2731 1041 contra
2767 988 2947 1058 ipsum
2978 987 3173 1042 animae
3201 996 3387 1043 nocet.

2049 1156 2215 1218 Vens.
2254 1163 2363 1229 21,
2390 1162 2481 1216 22.
2534 1161 2597 1218 Si
2624 1161 2869 1216 esurierit
2931 1162 3179 1217 inimicus
3236 1173 3395 1227 tuus,
3436 1163 3555 1217 ciba

1976 1257 2167 1311 illum:
2192 1256 2239 1309 si
2265 1254 2483 1318 sitierit,
2510 1255 2581 1307 da
2615 1254 2697 1307 illi
2719 1270 2913 1323 aquam
2936 1253 3124 1310 bibere.
3164 1253 3277 1308 Hoc
3300 1255 3440 1308 enim
3466 1255 3553 1321 [a-

1975 1349 2158 1410 ciens,
2204 1362 2403 1415 prunas
2458 1347 2798 1417 congregabis
2860 1361 3017 1414 super
3069 1357 3229 1414 caput
3293 1347 3438 1416 ejus,
3500 1356 3551 1400 et

1981 1439 2234 1508 Dom-inus
2284 1437 2462 1492 reddet
2496 1437 2589 1491 tibi
2619 1436 2773 1491 bona.
2833 1434 2890 1490 Si
2936 1436 3195 1491 inimicus
3269 1443 3396 1489 tuus
3427 1435 3563 1489 cibo

1977 1531 2061 1585 vel
2099 1537 2235 1599 potu
2265 1528 2499 1598 indiget,
2535 1528 2663 1582 ciba
2711 1535 2770 1583 et
2806 1533 2934 1598 pota
2968 1526 3143 1581 illum.
3201 1526 3293 1581 Sic
3346 1524 3553 1581 benefl-

1977 1621 2226 1677 ciumilli
2256 1620 2555 1676 conferens
2585 1634 2853 1690 congeres
2898 1621 2956 1675 in
2990 1626 3228 1677 mentem
3280 1618 3401 1688 ejus
3453 1631 3551 1671 eo.

291 1718 384 1772 ἐπὶ
407 1718 498 1772 τὸν
526 1720 772 1791 ἡγεμόνα
815 1719 940 1772 νοῦν
965 1718 1181 1785 τούτου,
1207 1718 1567 1789 διανοήματα,
1594 1717 1753 1788 δίκην
1778 1719 1870 1771 ἀν-

1982 1712 2275 1784 gitationes
2301 1728 2447 1783 quae,
2476 1713 2623 1767 sicut
2673 1712 2814 1782 ignis
2876 1726 3066 1782 pruna:
3108 1710 3374 1765 malitiam
3432 1710 3555 1778 ejus

291 1811 508 1882 θράκων
538 1811 708 1881 πυρὸς
733 1810 833 1882 τὴν
860 1810 1059 1865 κακίαν
1088 1809 1407 1880 ἐλέγχοντα,
1427 1808 1525 1862 καὶ
1555 1806 1618 1861 τὸ
1644 1807 1783 1880 πρὸς
1813 1807 1874 1860 σὲ

292 1905 450 1971 μῖσος
484 1901 651 1957 αὑτοῦ
687 1900 1086 1956 κατακαίονται
1118 1902 1147 1954 ό
1179 1900 1236 1953 δὲ
1269 1897 1384 1952 τῶν
1431 1898 1571 1952 ὅλων
1592 1899 1875 1967 Δεσπότης

288 1976 445 2057 Θεὸς,
474 1992 699 2046 ἀνθότου
731 1992 807 2062 μὴ
847 1990 1129 2060 νενίκησαι
1157 1989 1236 2058 τῷ
1262 1988 1321 2054 ἐξ
1346 1989 1618 2057 ἐπηρείας
1646 1988 1741 2041 τοῦ
1766 1990 1874 2040 Σα-

287 2083 425 2136 τανᾶ
474 2083 610 2153 πρὸς
658 2082 718 2135 σὲ
769 2083 920 2151 μίσει
971 2080 1066 2133 τοῦ
1115 2077 1375 2146 ἀδελφοῦ,
1409 2078 1548 2131 ἀλλὰ
1579 2080 1875 2149 νενίκηκας

289 2173 489 2244 μᾶλλον
518 2173 651 2226 αὐτὸ
680 2176 747 2244 τῇ
775 2174 969 2243 ἀγαπῇ
990 2173 1058 2243 τῇ
1101 2170 1239 2241 πρὸς
1265 2169 1451 2235 αὐτὸν,
1484 2172 1599 2234 τοῖς
1630 2169 1873 2233 αίωνίοις

288 2279 348 2315 σε
388 2263 682 2333 ἀμείψεται
721 2262 969 2331 ἀγαθοῖς.

357 2362 464 2422 κγ’.
495 2356 741 2422 Ἄνεμος
767 2352 992 2419 ,βορέας
1017 2350 1300 2421 ἐξεγείρει
1336 2350 1490 2420 νέφη
1511 2367 1525 2382 ·
1547 2352 1874 2419 πρόσωπον

286 2443 357 2495 δὲ
387 2442 661 2508 ἀναιδὲς,
684 2438 986 2511 ,γλῶσσαν
1025 2437 1377 2507 ἐρεθίζει.Τὸ
1406 2440 1527 2509 μὲν,
1552 2439 1710 2510 δίκην
1738 2441 1871 2496 ἀνέ-

291 2549 395 2601 μου
433 2532 648 2603 βορέου,
710 2530 970 2600 χειμάζον
1006 2531 1103 2593 τὰς
1131 2528 1311 2599 ψυχάς
1346 2530 1586 2600 πονηρὸν
1632 2530 1871 2602 πνεῦμα,

289 2622 506 2694 ζοφώδη
537 2623 705 2694 πάθη,
735 2622 811 2686 ῶς
839 2639 959 2676 τινα
989 2621 1125 2691 νέφη
1147 2659 1163 2685 ,
1195 2621 1473 2691 ἐπεγείρει
1499 2621 1710 2687 αὐταῖς,
1742 2621 1873 2676 ταύ-

198 2712 201 2713 ⁷
287 2731 387 2780 τας
416 2716 761 2782 σκοτίζοντα,
792 2715 889 2769 καὶ
920 2714 996 2785 μὴ
1024 2714 1204 2768 ἐῶντα
1250 2715 1371 2776 ταῖς
1422 2710 1605 2767 ἀκτῖσι
1651 2714 1746 2767 τοῦ
1774 2715 1874 2785 τῆς

287 2807 636 2878 δικαιοσύνης
651 2806 834 2862 Ἡλίου
868 2802 1345 2876 καταυγασθῆναν
1382 2806 1411 2858 ὁ
1440 2803 1497 2857 δὲ
1531 2804 1873 2877 χαρακτηρί-

290 2897 400 2963 ζων
441 2900 542 2969 τὴν
588 2897 1050 2969 ἐγκεκρυμμένην
1082 2899 1150 2967 τῇ
1189 2894 1337 2967 ψυχῇ
1370 2894 1611 2949 διάθεσιν
1640 2895 1776 2966 βίος,
1803 2896 1895 2967 τῇ,

288 2991 381 3044 ἐπὶ
406 2990 519 3055 τοῖς
544 2992 791 3062 αἰσχροῖς
818 2988 1004 3060 ἔργοις
1038 2987 1437 3088 αίσχύνῃᾼὸλως
1468 2986 1545 3088 μὴ
1567 2987 1872 3088 περικαλυ-
1898 3029 1941 3088 C

288 3080 580 3151 πτόμενος,
612 3082 697 3147 είς
727 3080 826 3151 τὴν
866 3078 1066 3133 ἑαυτοῦ
1112 3077 1427 3150 παραθήγει
1476 3076 1732 3149 διαϐολὴν
1772 3079 1874 3151 τὴν

287 3170 536 3240 γλῶτταν
570 3170 666 3225 τοῦ
703 3155 945 3242 ὁρῶντος
981 3170 1167 3224 αὐτόν.
1440 3226 1444 3229 Α
1491 3207 1503 3217 -
1886 3170 1889 3173 ’

358 3261 458 3317 κδ’.
498 3262 802 3331 Κρεῒσσον
846 3261 1036 3316 οἰκεῖν
1080 3260 1179 3315 ἐπί
1227 3263 1450 3332 γωνίας
1503 3261 1791 3334 δώματος,
1833 3262 1874 3331 ἣ

285 3349 433 3423 μετὰ
462 3352 750 3422 γυναικὸς
773 3353 1056 3423 λοιδόρου
1102 3355 1174 3409 ἐν
1214 3357 1377 3427 οἰκίᾳ
1401 3355 1598 3428 κοινῆ.
1640 3356 1874 3411 Κάλλιον

285 3444 632 3515 ἀσυγκρίτως
662 3445 782 3498 ἐστὶ
810 3444 1156 3518 παραμένειν
1191 3447 1268 3517 τῷ
1300 3448 1627 3503 συνάπτοντι
1668 3447 1749 3518 τῷ
1794 3447 1874 3501 vo?

287 3530 386 3603 τὴν
411 3532 663 3604 αἴσθησιν
695 3532 873 3604 λόγῳ,
902 3534 979 3597 ὡς
1014 3534 1072 3587 εν
1107 3551 1214 3589 τινι
1240 3537 1414 3606 γωνίᾳ
1442 3530 1698 3600 εὐτελοῦς
1728 3554 1874 3600 τινος

286 3624 675 3696 καταλύματως
704 3624 803 3679 τοῦ
833 3624 1164 3695 φαινομένου
1215 3626 1447 3696 κόσμου,
1484 3627 1518 3697 ἦ
1566 3627 1624 3679 ὲν
1650 3624 1761 3697 ὅλῳ
1792 3626 1873 3698 τῷ

285 3716 500 3787 κόσμῳ,
535 3717 593 3779 ὃς
627 3717 744 3768 ἐστι
778 3714 970 3781 λιοινὸν
1009 3714 1358 3785 καταγώγιον
1400 3716 1494 3769 τοῦ
1528 3733 1588 3769 τε
1617 3715 1737 3780 νοὸς
1776 3717 1872 3771 καὶ

284 3805 381 3875 τῆς
412 3803 717 3875 αίσθήσεως
738 3819 753 3835 ·
800 3800 892 3857 οἷα
926 3804 1452 3875 ὲπαναπαυομένων,
1484 3804 1579 3858 τοῦ
1613 3806 1712 3874 μὲν
1744 3807 1869 3871 νοὸς

285 3898 398 3960 τοῖς
444 3895 626 3963 λόγοις
654 3895 764 3948 τῶν
801 3895 1168 3966 φαινομένων.
1199 3898 1299 3967 τῆς
1346 3895 1390 3949 δ’
1418 3896 1725 3966 αἰσθήσεως
1757 3888 1870 3963 τοῖς

284 3983 480 4051 τύποις
524 3987 636 4042 τῶν
681 3988 988 4059 νοουμένων
1039 3988 1439 4060 συνδιατρίϐειν
1485 3989 1581 4043 τὸν
1625 3989 1753 4043 νοῦν
1799 3993 1868 4063 τῇ

283 4076 649 4152 διαϐαλλούσῃ
671 4080 762 4134 διά
782 4078 881 4151 τῆς
905 4081 1120 4152 ἀπάτης
1139 4078 1250 4135 τῶν
1273 4083 1613 4152 φαινομένων
1634 4082 1701 4136 τά
1720 4082 1870 4137 νοούο

287 4180 425 4238 μενα
452 4168 723 4240 αἰσθήσει,
758 4169 1052 4224 κάντεῦθεν
1095 4172 1207 4235 τοῖς
1254 4169 1445 4235 τύποις
1492 4170 1865 4244 ὲναπομένειν,

284 4258 381 4313 καὶ
419 4260 496 4332 μὴ
531 4259 832 4315 διαϐαίνειν
868 4260 1005 4332 πρὸς
1042 4260 1144 4334 τὴν
1179 4262 1238 4315 ὲν
1273 4262 1421 4323 ὅλοις
1458 4261 1737 4334 ἀλήθειαν.

1974 1802 2392 1874 redarguentes,
2423 1803 2611 1858 odium
2660 1803 2782 1871 ejus
2839 1803 2892 1856 in
2948 1812 3001 1859 te
3029 1810 3374 1859 consument.
3411 1800 3556 1857 Deus

1975 1900 2184 1957 autem,
2215 1894 2345 1961 quia
2374 1908 2481 1947 non
2515 1892 2695 1947 victus
2731 1893 2883 1947 fuisti
2924 1892 3051 1947 odio
3105 1891 3290 1946 fratris
3318 1891 3371 1945 in
3404 1902 3457 1945 te
3483 1906 3554 1945 ex

1975 1982 2178 2036 damno
2208 1981 2445 2044 Satanas,
2478 1984 2571 2037 sed
2618 1999 2649 2037 e
2698 1996 2888 2038 contra
2944 1984 3130 2038 odium
3189 1983 3322 2038 illud
3368 1983 3554 2040 cbari-
3613 1978 3621 1986 ’

1975 2078 2089 2126 tate
2130 2071 2188 2127 in
2234 2086 2361 2128 eum
2392 2072 2612 2139 vicisti,
2679 2074 2839 2130 bonis
2906 2075 3126 2130 aeternis
3191 2081 3245 2131 te
3292 2088 3552 2131 remune-

1975 2162 2141 2218 rabit.

2051 2333 2213 2390 Vens.
2248 2336 2337 2390 25.
2392 2334 2586 2389 Ventus
2637 2335 2815 2405 aquilo
2860 2336 3086 2390 suscitat
3145 2338 3343 2401 nubes;
3384 2338 3552 2409 facies

1975 2437 2149 2482 autem
2185 2426 2460 2495 impudens
2495 2425 2733 2497 linguam
2781 2426 2982 2481 irritat.
3020 2427 3260 2497 Spiritus
3313 2442 3552 2499 nequam

1975 2517 2068 2589 qui
2101 2516 2248 2573 sicut
2276 2516 2467 2587 aquilo
2496 2525 2818 2587 tempestate
2846 2525 3064 2588 torquet
3097 2519 3344 2584 animas,
3378 2519 3432 2574 in
3467 2520 3551 2574 eis

1973 2610 2136 2681 quasi
2180 2610 2420 2665 nebulas
2482 2610 2685 2666 excitat
2727 2604 3049 2666 tenebrosa‘s
3086 2612 3372 2682 passiones
3424 2610 3554 2669 illas

1948 2708 2314 2767 ,excaecautes
2345 2716 2409 2756 ac
2433 2716 2503 2756 ne
2532 2701 2677 2758 Solis
2723 2701 2949 2771 justitia:
2979 2702 3146 2759 radiis
3180 2703 3555 2759 illuminentur

1973 2793 2368 2864 impedientes.
2402 2791 2524 2848 Vita
2553 2802 2738 2850 autem
2766 2809 2890 2864 quae
2910 2793 3049 2852 foris
3088 2792 3332 2852 ostendit
3362 2796 3555 2866 dispo-

1974 2883 2230 2938 sitionem
2257 2884 2313 2937 in
2344 2884 2528 2938 anima
2568 2883 2841 2939 occultam
2871 2924 2886 2947 ,
2917 2886 3129 2954 pudore
3187 2885 3255 2941 de
3301 2886 3556 2957 turpibus

1975 2975 2288 3031 actionibus
2318 2991 2427 3031 non
2458 2977 2676 3047 penitus
2698 2976 2977 3043 obvoluta,
3007 2977 3079 3034 ad
3098 2978 3552 3036 calumniantium

1979 3081 2041 3125 se
2071 3068 2277 3124 excitat
2318 3068 2562 3139 linguam
2589 3067 2856 3123 videntis.

2058 3261 2224 3320 Vsus.
2264 3263 2357 3320 24.
2402 3265 2594 3322 Melius
2634 3276 2713 3323 est
2740 3268 2922 3323 sedere
2960 3271 3017 3325 in
3048 3271 3243 3341 angulo
3270 3271 3505 3330 domatis
3533 3316 3552 3343 ,

1975 3372 2135 3426 quant
2171 3373 2289 3411 cum
2326 3359 2546 3415 muliere
2575 3362 2962 3425 contumeliosa
2988 3363 3042 3416 in
3070 3364 3224 3418 domo
3268 3369 3555 3421 communi.

1975 3441 2168 3500 Melius
2193 3452 2275 3500 est
2298 3444 2550 3514 profecto
2576 3463 2704 3502 cum
2731 3451 2943 3505 ratione
2978 3452 3350 3507 sensationem
3387 3455 3555 3508 menti

1975 3532 2328 3603 conjungcnti
2366 3550 2688 3605 permanere
2735 3540 2895 3608 quasi
2931 3541 2986 3596 in
3034 3543 3240 3612 angulo
3289 3545 3378 3599 vili
3419 3562 3557 3615 quo-

1973 3622 2100 3675 dam
2145 3624 2351 3693 tugurii
2400 3627 2693 3694 cujusdam
2750 3631 2938 3684 mttndi
2989 3634 3268 3699 visibilis,
3301 3652 3464 3704 quant
3502 3638 3554 3691 in

1973 3719 2090 3767 toto
2126 3714 2332 3769 tnnndo
2365 3755 2381 3780 ,
2423 3718 2517 3786 qui
2588 3725 2675 3773 est
2750 3733 3046 3777 commune
3091 3724 3453 3780 diversorium
3502 3738 3558 3782 et

1972 3802 2175 3858 mentis
2202 3812 2257 3858 et
2311 3808 2646 3861 sensatiouis
2677 3847 2695 3873 ,
2732 3818 2914 3865 mente
2985 3812 3203 3878 quidem
3249 3816 3554 3870 rationibus

1972 3909 2160 3961 rerum
2201 3896 2550 3965 quiescente,
2584 3901 2913 3955 sensatione
2951 3917 3086 3957 vero
3118 3903 3171 3957 in
3209 3903 3402 3961 formis
3460 3924 3555 3960 et»

1969 3986 2268 4058 gitatorum
2322 3989 2671 4051 immorante.
2706 4000 2944 4047 mentem
2987 3995 3241 4051 habitare
3269 4011 3395 4052 cum
3424 4014 3551 4054 scn-

1971 4079 2185 4134 satione
2236 4095 2356 4150 qua:
2383 4096 2449 4136 es
2493 4082 2820 4153 deceptione
2851 4084 3151 4142 visibilium
3185 4068 3416 4160 cogitata
3458 4106 3553 4145 ca-

1970 4170 2276 4227 lumniatur
2314 4183 2385 4227 et
2443 4172 2566 4229 ideo
2626 4176 2907 4232 immorari
2962 4180 3018 4234 in
3078 4180 3274 4238 formis
3319 4195 3371 4239 et
3445 4203 3552 4242 non

1970 4264 2271 4322 ascendere
2294 4265 2365 4320 ad
2407 4268 2699 4323 veritatem
2725 4269 2779 4323 in
2810 4271 3115 4329 omnibus.’

354 4356 454 4406 κε’.
482 4351 713 4421 Ὠσπερ
742 4350 901 4421 ὕδωρ
929 4351 1194 4421 ψυχρὸν,
1218 4351 1392 4421 ψυχῇ
1414 4351 1655 4426 διψώσῃ
1683 4368 1871 4423 προσ-

2048 4354 2214 4411 Vstts.
2252 4356 2346 4412 25.
2393 4358 2545 4413 Sicut
2584 4375 2722 4428 aqua
2782 4360 2982 4433 frigida
3048 4365 3245 4421 anima:
3298 4368 3549 4434 sitienti,

281 4442 450 4512 ηνές,
479 4443 670 4509 οὕτως
720 4443 969 4514 ἀγγελία
1015 4441 1211 4513 ἀγαθή
1265 4443 1333 4497 ἐκ
1387 4442 1502 4513 γῆς
1547 4447 1866 4513 μακρόθεν.

282 4532 552 4603 Καθάπερ
583 4531 728 4600 ὕδωρ
767 4532 1133 4603 ψυχρώτατον
1187 4532 1424 4602 ὑπάρχει
1475 4531 1699 4601 διψῶντι
1745 4532 1869 4605 ζώῳ

284 4624 625 4694 θελκτήριον,
651 4622 794 4676 οὕτω
825 4622 922 4676 καὶ
958 4624 1027 4692 τῇ
1073 4623 1167 4677 τὸν
1200 4622 1465 4676 καύσωνα
1514 4622 1623 4676 τῶν
1670 4640 1869 4696 πειρα-

284 4715 463 4786 σμῶν,
499 4716 593 4769 καὶ
623 4714 724 4785 τῆς
747 4713 952 4785 ἀρετῆς
976 4714 1037 4767 τὸ
1059 4716 1318 4769 ἐπίπονον
1340 4713 1604 4779 γενναίως
1627 4717 1869 4790 φερούσῃ

280 4806 425 4878 ψυχῇ
446 4848 463 4874 ,
493 4805 735 4878 ἡδυτάτη
761 4804 911 4860 ἐστὶν
935 4808 969 4877 ὴ
994 4806 1094 4877 τῆς
1124 4806 1269 4860 κατὰ
1292 4804 1354 4859 τὸ
1385 4804 1579 4877 μέλλον
1606 4807 1870 4879 κληρονο-

283 4898 412 4970 μίας
449 4898 549 4967 τῆς
595 4897 701 4968 γῆς
737 4897 849 4951 τῶν
882 4896 1108 4970 πραέων
1150 4896 1487 4966 ἐπαγγελία⁶
1541 4899 1609 4969 τῇ
1656 4897 1768 4951 τῶν
1809 4900 1868 4952 ὲν

280 4990 454 5061 ταύτῃ
502 4991 566 5060 τῇ
595 4991 668 5061 γῇ
696 4988 921 5059 ἀγαθῶν
953 4989 1129 5043 ἐλπίδι
1158 4988 1556 5061 παρακαλοῦσα
1585 4989 1682 5043 καὶ
1728 4990 1865 5045 ἀνα-

282 5082 534 5152 κτωμένη
572 5098 674 5153 την
710 5078 969 5153 τοιαύτην
1007 5081 1204 5152 ψυχήν.

350 5181 463 5239 κςκ
490 5174 720 5244 Ὠσπερ
751 5175 807 5228 ει
841 5191 931 5241 τις
963 5173 1168 5244 πηγὴν
1197 5172 1489 5242 φράσσοι,
1518 5158 1617 5228 καί
1643 5174 1861 5243 ὓδατος

283 5262 494 5327 ἔξοδον
525 5264 878 5332 λυμαίνοιτο
891 5263 1131 5329 ,⁵οὕτως
1164 5262 1439 5333 ἄκοσμον
1484 5263 1717 5318 δίκαιον
1752 5280 1858 5319 πε-

279 5353 574 5407 πτωκέναι
607 5353 867 5408 ἐνώπιον
898 5352 1176 5420 ἀσεϐοῦς.
1220 5354 1485 5422 Καθάπερ
1524 5355 1620 5408 ἐάν
1647 5372 1731 5418 τις
1757 5357 1857 5426 ὲμ-

285 5446 509 5517 φράττοι
543 5445 748 5518 πηγὴν,
781 5447 880 5519 καὶ
907 5445 1053 5519 ὕδωρ
1101 5448 1166 5501 ὲκ
1218 5446 1423 5518 ταύτης
1472 5447 1671 5501 κωλύοι
1702 5448 1857 5519 ἐξέρ-

1975 4447 2054 4501 sic
2082 4449 2302 4504 nuntius
2339 4448 2507 4531 bonus
2540 4451 2610 4505 de
2640 4459 2782 4507 terra
2828 4455 3135 4527 longinqua.
3181 4457 3541 4523 Quemadmo-

1973 4540 2106 4595 dum
2138 4556 2275 4611 aqua
2331 4542 2690 4614 frigidissima
2755 4546 3015 4603 illecebra
3048 4551 3271 4606 exsistit
3328 4554 3552 4609 animali

1970 4630 2211 4698 sitienti,
2240 4632 2312 4687 ita
2343 4643 2398 4689 et
2429 4635 2627 4691 animae
2649 4652 2915 4707 generose
2955 4638 3152 4696 ferenti
3184 4645 3550 4704 tentationum

1973 4732 2168 4778 aestum
2208 4731 2265 4779 et
2303 4725 2526 4784 virtutis
2555 4728 2774 4785 labores
2794 4729 3117 4787 dulcissima
3143 4742 3229 4788 est
3259 4738 3560 4804 promissio

1974 4812 2176 4869 futurae
2205 4814 2541 4873 hereditatis
2565 4818 2620 4872 in
2655 4825 2801 4874 terra
2822 4828 3261 4876 mansuetorum.
3285 4820 3407 4877 nam
3435 4840 3553 4894 pro-

1973 4905 2167 4962 missio
2198 4921 2295 4977 spe
2332 4908 2605 4965 bonorum
2664 4910 2830 4982 hujus
2887 4918 3049 4967 terra
3094 4913 3258 4969 talem
3310 4917 3556 4971 animant

1972 4998 2294 5054 consolatur
2310 5007 2366 5056 et
2416 5002 2617 5057 reiicit.

2041 5177 2208 5234 Vsus.
2241 5179 2333 5233 26.
2382 5179 2534 5236 Sicut
2560 5183 2607 5237 si
2645 5184 2764 5253 quis
2814 5182 3015 5255 fontem
3052 5185 3297 5241 obstruat
3328 5197 3372 5241 et
3399 5204 3556 5256 aqua

1971 5272 2169 5324 exitum
2199 5271 2513 5340 disperdat:
2546 5275 2622 5327 sic
2659 5276 2898 5330 indecens
2940 5286 3020 5332 est
3045 5275 3255 5347 justum
3300 5279 3555 5332 recidisse

1970 5380 2149 5417 eorum
2196 5365 2381 5432 impio.
2414 5366 2885 5435 Quemadmodum
2916 5370 2962 5425 si
2993 5371 3119 5443 quis
3152 5372 3404 5427 obstruat
3434 5371 3554 5425 fou-

1969 5460 2075 5507 tem
2099 5461 2154 5507 et
2184 5467 2380 5522 aquam
2405 5470 2470 5508 ex
2495 5469 2557 5507 ea
2580 5457 2728 5512 exire
2758 5456 3039 5528 impediat,
3063 5459 3376 5513 indecorant
3404 5457 3553 5511 illam

280 5539 492 5611 χεσθαι.
520 5540 743 5610 ἀπρεπῆ
766 5538 972 5610 ταύτην
1008 5538 1305 5609 ἐργάζεται
1327 5579 1342 5606 ,
1370 5539 1650 5609 ἀφανίζων
1689 5542 1758 5594 τὰ
1801 5541 1858 5607 ἐξ

1982 5544 2150 5625 :utcu,
2214 5545 2283 5599 ab
2350 5553 2575 5614 aspectu
2618 5561 2901 5603 removens
2959 5548 3267 5604 clarissima
3315 5562 3381 5602 ex
3434 5546 3552 5614 ipsa

279 5633 447 5701 αὐτῆς
476 5629 845 5698 ἀναϐλύζοντα
877 5632 1213 5688 διειδέστατα
1238 5633 1474 5705 νάματα*
1504 5631 1677 5695 οὕτως
1708 5634 1855 5686 ἐστὶν

1982 5651 2083 5705 pne
2120 5637 2432 5691 scaturiunt
2462 5638 2706 5703 lluenta;
2766 5638 2847 5696 sic
2907 5639 3224 5693 indecorum
3270 5646 3355 5694 est
3394 5636 3548 5692 iltutu
