3904 6200
447 266 544 332 1ιί
547 268 583 332 9

1784 254 2128 318 PROCOPII
2180 257 2422 317 GAZEI

3591 258 3737 322 ΗΜ

443 382 540 453 qui
585 375 995 451 pulchritudine
1024 376 1297 433 virtutum
1344 379 1599 435 ornatur,
1632 369 1689 424 in
1726 370 1872 422 lucta
1908 366 2022 419 'ad-

2154 371 2366 439 ιπρεπὲς
2409 367 2501 421 τδν
2529 366 2951 437 κεκοσμημένον
2996 366 3074 436 τῷ
3125 367 3310 423 κάλλει
3341 368 3451 424 τῶν
3483 369 3731 440 ἀρετῶν,

432 470 949 529 ’νειευείιιίιηίοιιιη
1007 467 1317 521 animarum
1374 470 1692 519 nostrarum
1743 466 1799 515 et
1851 457 2021 515 Deum

432 564 836 634 despicientem
870 600 888 627 ,
937 560 1184 615 incidere
1239 560 1294 613 in
1346 556 1593 627 peccata;
1645 552 2027 621 virtutumque

440 656 670 727 spoliari
703 661 1055 710 ornamento.

515 744 686 802 Vens.
728 745 819 800 27.
870 742 1155 799 Comedere
1204 739 1310 795 mel
1354 738 1602 799 multum,
1642 750 1747 790 non
1797 742 1876 788 est
1938 732 2029 787 bo-

440 852 613 901 num;
644 852 913 911 sermones
940 843 1116 888 autem
1159 833 1389 901 insignes
1427 830 1692 884 honorare
1754 825 1918 881 decet.
1945 824 2028 880 Ad

439 942 761 984 mensuram
836 925 943 980 frui
1006 923 1277 994 spirituali
1328 921 1421 976 Dei
1471 918 1857 990 mysteriorum
1905 914 2030 971 dul-

447 1019 644 1076 cedine
696 1034 806 1074 non
862 1015 1107 1088 prodest.
1153 1012 1228 1068 De
1267 1012 1353 1068 his
1412 1010 1561 1065 enim
1597 1007 1867 1063 effrenata
1916 1020 2032 1061 me-

447 1110 650 1167 ditatio
682 1108 787 1163 fert
829 1106 895 1160 ad
954 1104 1343 1175 praecipitium.
1401 1098 1674 1156 Convenit
1718 1104 1902 1150 autem
1954 1093 2034 1147 al-

443 1201 661 1258 tissima
686 1199 755 1255 de
782 1198 891 1253 Deo
924 1196 1178 1266 dogmata
1212 1193 1384 1248 vereri
1410 1201 1465 1248 et
1509 1178 1616 1245 non
1661 1185 1852 1243 conari
1884 1199 2034 1240 com-

449 1291 788 1365 prehendere
820 1285 1431 1358 incompreheusibilem
1473 1283 1594 1353 ejus
1636 1277 1957 1335 essentiam.

522 1465 692 1522 Vsus.
732 1464 821 1519 28.
876 1462 1026 1518 Sicut
1062 1463 1186 1515 urbs
1220 1468 1403 1530 patens
1438 1466 1485 1511 et
1537 1453 1732 1524 absque
1760 1461 2063 1506 murorum'

453 1558 658 1613 ambitu
687 1596 703 1621 ,
763 1557 838 1610 sic
883 1556 965 1609 uir
995 1554 1084 1625 qui
1140 1568 1244 1606 nou
1311 1565 1430 1604 cum
1468 1544 1692 1601 consilio
1747 1542 1873 1613 quid
1903 1545 2031 1612 agit.

448 1647 923 1715 Quemadmodum
955 1646 1089 1699 urbs
1115 1657 1237 1713 quae
1265 1655 1374 1695 non
1406 1638 1574 1693 habet
1622 1649 1832 1700 muros,
1857 1641 1911 1687 et
1933 1633 2035 1686 mi-

2132 460 2189 513 ἐν
2217 462 2283 531 τῇ
2318 459 2454 530 πρὸς
2480 460 2572 511 τὸν
2618 458 2694 529 μὴ
2722 457 2975 527 τιμῶντα
3000 458 3134 512 Θεὸν
3156 500 3172 525 ,
3202 460 3398 532 ὲχθρδν
3429 462 3542 515 τῶν
3586 463 3735 536 ἡμε-

2130 550 2307 622 τέρων
2330 549 2527 620 ψυχῶν
2556 550 2736 622 πάλῃ,
2782 549 3059 619 ἁμαρτίας
3092 554 3414 622 περιπεσεῖν
3444 554 3736 622 πτώματι,

2132 638 2227 692 καὶ
2258 637 2350 691 τὸν
2384 637 2590 708 κόσμον
2623 636 2998 691 ἀποϐαλέσθαι
3028 637 3138 692 τῶν
3168 639 3403 710 ἀρετῶν.

2202 728 2308 795 κζ’.
2345 727 2608 783 Ἐσθίειν
2640 728 2781 798 μέλι
2826 727 3009 795 πολὺ,
3061 730 3134 784 οὐ
3179 732 3406 784 καλόν·
3441 730 3627 801 τιμᾷν
3666 732 3737 785 δὲ

2133 819 2253 890 χρὴ
2282 822 2504 891 λόγους
2526 820 2838 886 ἐνδόξους.
2856 820 2947 884 Ei;
2969 821 3132 891 κόρον
3164 821 3615 893 μεταλαμϐάνειν
3637 823 3735 893 τῆς

2135 912 2518 983 πνευματικῆς
2577 913 2687 966 τῶν
2750 913 2911 967 θείων
2978 914 3293 985 μυστηρίων
3359 914 3734 986 γλυκύτητος,

2135 1003 2491 1076 ἀσύμφορον·
2524 1006 2558 1076 ἡ
2607 1005 2739 1076 περὶ
2781 1005 2957 1060 ταῦτα
2989 1006 3098 1078 γὰρ
3128 1006 3466 1077 ἀχαλίνωτος
3496 1007 3736 1078 θεωρία,

2137 1098 2294 1168 φέρει
2327 1097 2468 1151 κατὰ
2499 1097 2779 1169 κρημνοῦ·
2809 1097 3154 1152 εὐλαϐεῖσθαι
3198 1098 3243 1152 δ’
3265 1098 3509 1169 ὑπάρχει
3555 1098 3741 1167 ἁρμό·

2136 1188 2248 1243 διον
2280 1188 2350 1242 τὰ
2383 1188 2517 1259 περὶ
2551 1188 2687 1242 Θεοῦ
2719 1188 3034 1259 ὑψηλότατα
3062 1189 3342 1258 δόγματα·
3374 1188 3476 1240 καὶ
3506 1187 3592 1257 μὴ
3620 1189 3739 1242 ἑπι-

2136 1282 2342 1351 χειρεῖν
2378 1279 2823 1350 καταλαμϐάνειν
2859 1278 2921 1334 τὸ
2958 1279 3078 1335 κατ’
3101 1280 3285 1333 οὐσίαν
3312 1277 3490 1332 αὑτοῦ
3523 1278 3736 1332 iamsi-

2137 1371 2368 1441 ληπτον.

2212 1463 2321 1534 κη’.
2373 1464 2603 1533 Ὠσπερ
2658 1464 2837 1529 πόλις
2895 1462 2968 1517 τὰ
3018 1463 3185 1534 τείχη
3212 1464 3725 1533 καταϐεϐλημένς

2139 1556 2238 1610 καί
2270 1556 2631 1626 ἀτείχιστος,
2666 1557 2855 1622 οὕτως
2882 1554 3046 1623 ἀνὴρ
3076 1555 3143 1621 ὃς
3179 1556 3251 1608 οὐ
3287 1554 3445 1623 μετὰ
3486 1553 3735 1623 ,βουλῆς

2141 1657 2195 1695 τι
2229 1640 2510 1710 πράσσει.
2552 1643 2819 1713 Καθάπερ
2845 1660 2931 1707 τις
2960 1642 3113 1706 πόλις
3140 1642 3510 1714 καθῃρημένη
3538 1643 3613 1697 τά
3634 1644 3739 1697 τεί-

452 1740 603 1795 nime
656 1737 990 1798 custoditur.
1046 1734 1227 1788 facilis
1260 1738 1572 1801 Oppugnatu
1608 1732 1729 1792 est;
1763 1724 1845 1779 sic
1869 1723 2034 1778 etiam

2154 1749 2209 1801 [η
2245 1733 2340 1786 καὶ
2369 1731 2681 1802 ἀφύλακτος
2712 1731 2928 1798 τέλεον,
2964 1732 3136 1796 οὑτως
3170 1733 3403 1804 ὑπάρχει
3441 1733 3741 1787 εὑεπιϐού-

452 1828 549 1883 ille
595 1826 687 1896 qui
714 1827 834 1881 sine
872 1822 1132 1878 rationali
1168 1820 1503 1876 discretione
1551 1816 1795 1871 luctatur
1840 1811 2038 1866 adver-

451 1934 553 1973 sus
586 1918 775 1972 hostes
827 1914 1155 1970 invisibiles.
1216 1913 1325 1966 Aut
1357 1909 1530 1974 enim,
1567 1913 1758 1975 utpote
1813 1902 2040 1959 minime

457 2007 770 2063 custoditus
794 2046 808 2069 ,
856 2006 1018 2060 facile
1044 2011 1351 2073 occupatur
1381 1997 1737 2070 passionibus
1792 2009 1890 2065 per
1941 1993 2038 2049 de-

455 2098 662 2151 lectum
694 2097 935 2158 virtutis,
974 2102 1068 2147 aut
1095 2093 1257 2163 quasi
1325 2088 1635 2145 custoditus
1670 2086 1740 2140 ab
1796 2086 1882 2139 his
1912 2085 2038 2154 qui-

458 2188 562 2242 lius
588 2186 695 2242 sibi
749 2189 1100 2241 securitatem
1134 2182 1469 2246 vindicabat,
1510 2179 1578 2233 ab
1613 2178 1727 2231 alto
1775 2176 2037 2231 deorsum

459 2280 674 2335 delatus
714 2278 768 2332 in
802 2287 1125 2347 peccatum.
1189 2261 1544 2345 passionibus
1603 2281 1700 2338 per
1746 2281 2038 2321 excessum

457 2372 680 2429 virtutis
712 2369 952 2441 capitur.
1025 2352 1038 2361 ’

1055 2458 1210 2514 CAP.
1252 2455 1448 2512 XXVI.

533 2552 698 2610 Vsus.
716 2554 766 2608 l.
789 2552 937 2608 Sicut
955 2567 1039 2625 rps
1057 2552 1109 2604 in
1134 2565 1319 2613 messe,
1339 2557 1386 2602 et
1404 2547 1539 2601 sicut
1558 2546 1737 2617 pluvia
1756 2547 1811 2601 in
1831 2553 2039 2608 testate,

463 2649 541 2704 sic
574 2663 678 2702 non
711 2655 788 2701 est
838 2643 1105 2715 insipienti
1143 2647 1331 2696 Itanor.
1364 2637 1835 2705 Quemadmodum
1869 2651 1962 2691 ros
1986 2635 2040 2689 in

402 2750 405 2754 ‘
462 2740 758 2811 manipulis
802 2739 1102 2808 spicarum,
1132 2741 1187 2788 et
1236 2731 1433 2803 pluvia:
1462 2730 1518 2784 in
1567 2738 1814 2799 tempore
1846 2727 2043 2782 messis

350 2878 351 2881 η
462 2845 650 2886 earum
673 2846 780 2884 nou
808 2826 1234 2884 suntlaudaudae
1255 2826 1347 2897 qui
1381 2841 1490 2882 nou
1516 2832 1777 2897 prosunt;
1796 2825 1872 2879 ita
1898 2823 2043 2877 irra-

388 2966 395 2975 .
463 2924 746 2979 tionaliter
770 2928 1190 2977 couversautem
1230 2934 1338 2973 non
1364 2927 1551 2972 manet
1569 2917 1763 2988 gloria,
1789 2930 1966 2986 neque
1987 2915 2041 2970 in

464 3027 663 3084 morte,
720 3030 897 3085 neque
933 3020 1056 3084 post
1098 3018 1351 3067 mortem.
1408 3008 1542 3063 Nam
1585 3010 1760 3081 gloria
1824 3008 2040 3079 quidem
2068 3049 2093 3085 ί

462 3098 761 3165 immortali
813 3106 1043 3162 orbatus
1096 3113 1181 3161 est
1216 3143 1232 3170 ,
1267 3104 1402 3173 quia
1446 3117 1554 3157 non
1584 3101 1862 3157 festinavit
1893 3099 2042 3154 illam

463 3204 693 3274 adipisci
742 3216 841 3273 per
912 3202 1083 3255 vitam
1163 3199 1468 3253 virtutibus
1525 3204 1826 3258 ornatam,
1873 3191 2046 3263 gloria

465 3303 650 3349 autem
712 3300 1078 3362 temporanea‘
1125 3287 1328 3343 accidit
1378 3287 1541 3343 etiam
1594 3284 1729 3340 illud
1791 3282 2042 3353 spoliari.

540 3472 707 3527 Vtilis.
746 3472 803 3526 2.
846 3468 996 3524 Sicut
1025 3484 1144 3523 aves
1169 3466 1404 3522 volantes
1440 3475 1490 3520 et
1515 3480 1755 3533 passeres
1776 3505 1792 3531 ,
1838 3464 1917 3518 sic
1944 3480 2048 3517 ma-

468 3563 721 3619 ledictum
749 3576 944 3617 vanum
975 3575 1081 3614 non
1134 3558 1460 3628 superveniet
1511 3556 1633 3609 ulli.
1681 3554 2047 3622 Quemadmo-

467 3658 598 3712 dum
628 3670 755 3711 aves
782 3667 978 3709 omnes
1010 3660 1125 3707 tum
1164 3665 1376 3722 magna:
1402 3664 1528 3704 cum
1562 3660 1742 3720 parvae
1770 3648 1993 3702 avolant
2016 3662 2046 3702 a

469 3744 594 3797 loco
627 3742 683 3796 in
710 3755 818 3812 quo
845 3741 1132 3809 quiescere
1161 3753 1273 3795 non
1301 3745 1570 3809 possunt;
1624 3738 1706 3792 sic
1737 3751 1899 3792 omne
1926 3752 2047 3791 rna-

470 3833 733 3889 ledictum
782 3833 909 3909 sine
942 3831 1263 3887 rationabili
1310 3845 1479 3885 causa
1512 3830 1567 3883 in
1601 3829 1755 3883 illum
1803 3829 1896 3899 qui
1932 3843 2048 3884 ma-

470 3925 728 3981 ledicitur
772 3923 1069 3994 prolatum,
1099 3936 1212 3977 non
1263 3921 1445 3976 veniet
1498 3921 1626 3990 ipsi,
1671 3919 1765 3975 sed
1825 3920 2049 3975 omnino

471 4016 823 4087 superveniet
846 4014 923 4068 illi
946 4014 1064 4085 qui,
1097 4011 1348 4082 quamvis
1380 4026 1410 4064 a
1447 4010 1667 4065 nemine
1702 4008 2047 4077 iualedictus,

472 4107 730 4179 operibus
767 4105 1153 4161 maledictione
1181 4104 1366 4176 dignis
1400 4102 1690 4159 incumbit.

543 4289 712 4345 Vens.
766 4289 821 4344 5.
864 4286 1012 4343 Sicut
1059 4286 1332 4359 ﬂagellum
1377 4301 1507 4355 equo
1554 4293 1605 4340 et
1645 4300 1828 4340 camus
1876 4285 2045 4352 asino,

2138 1823 2325 1886 λευτος
2351 1824 2446 1877 καὶ⁸
2468 1827 2496 1878 ό
2524 1823 2599 1894 μὴ
2632 1822 2769 1894 μετά
2791 1821 3017 1892 λογικῆς
3041 1823 3386 1895 διακρίσεως,
3430 1824 3576 1894 πρὸς
3609 1827 3740 1888 τοὶς

2136 1913 2405 1985 ἀοράτους
2430 1914 2660 1986 ἐχθροὺς
2687 1914 3218 1986 ἀνταγωνιζόμενος·
3244 1915 3277 1986 ἦ
3307 1915 3421 1986 γάρ
3445 1915 3523 1979 ὡς
3547 1917 3737 1987 πάντη

2140 2004 2471 2075 ἀφύλακτος,
2504 2005 2919 2077 εὐεπιχείρητός
2940 2008 3056 2059 ἐστι
3080 2009 3195 2069 τοῖς
3216 2009 3336 2059 κατ’
3361 2006 3612 2077 ἔλλειψιν
3637 2009 3738 2077 τῆς

2138 2098 2340 2166 ἀρετῆς
2370 2095 2630 2149 πάθεσιν·
2673 2096 2706 2168 ἢ
2752 2097 2828 2160 ὡς
2860 2096 2969 2150 ἀπὸ
2999 2095 3206 2150 τούτων
3243 2097 3342 2167 μὲν
3376 2097 3731 2167 φυλασσόμε-

2138 2204 2250 2251 νος,
2276 2188 2361 2255 ιφ·
2383 2180 2463 2250 οἷς
2491 2186 2538 2239 δ’
2562 2185 2814 2240 ἐντεῦθεν
2844 2186 2906 2239 τδ
2934 2187 3176 2252 ἀσφαλὲς
3196 2187 3375 2257 ἐαυτῷ
3401 2189 3718 2260 περιεποιήο

2141 2295 2291 2345 σατο,
2326 2278 2677 2351 κατενεχθεὶς
2723 2278 2801 2348 τῷ
2843 2282 2943 2349 τῆς
2971 2279 3259 2351 ἐπάρσεως
3294 2279 3579 2349 πτώματι.
3610 2284 3721 2347 τοῖς

2140 2372 2264 2427 καθ’
2296 2371 2601 2444 ὑπερϐολὴν
2639 2372 2737 2442 τῆς
2775 2372 2978 2443 ἀρετῆς
3014 2372 3296 2425 ἁλίσκεται
3336 2371 3581 2426 πάθεσιν.

2705 2462 2959 2516 ΚΕΦΑΛ.
3001 2461 3147 2530 Kq'.
3311 2472 3319 2481 ’

2211 2562 2280 2611 α’.
2315 2555 2545 2624 Ὠσπερ
2572 2554 2790 2624 δρόσος
2814 2554 2885 2608 ἐν
2921 2555 3146 2624 ἀμητῷ,
3184 2555 3283 2610 καί
3318 2554 3527 2624 ὥσπερ
3554 2556 3739 2624 ὑετὸς

2141 2646 2213 2700 ὲν
2236 2644 2409 2714 θέρει,
2460 2646 2647 2711 οὕτως
2674 2646 2785 2699 οὐκ
2817 2644 2989 2698 ἔστιν
3017 2644 3232 2714 ἄφρονι
3253 2646 3413 2716 τιμή.
3458 2648 3741 2720 Καθάπερ

2142 2738 2334 2810 δρόσος
2368 2738 2426 2789 ὲν
2453 2738 2568 2800 τοῖς
2615 2735 2895 2807 δράγμασι
2935 2736 3045 2789 τῶν
3076 2738 3384 2807 ἀσταχύων,
3426 2738 3527 2791 καὶ
3578 2739 3739 2806 ὑετὸς

2144 2829 2204 2884 ἐν
2260 2827 2444 2900 καιρῷ
2489 2827 2687 2899 θέρους
2733 2826 2935 2893 αὐτῶν,
2992 2828 3094 2882 οὑκ
3132 2829 3267 2882 εἰσὶν
3319 2829 3617 2895 ἐπαινετὰ,
3665 2832 3741 2891 ὡς

2108 2946 2121 2957 ·
2148 2921 2273 2994 μηδ’
2322 2919 2575 2975 ὁπωσοῦν
2613 2918 2949 2989 ὠφελοῦντα·
2999 2919 3172 2983 οὕτως
3227 2920 3326 2992 οὑχ
3365 2921 3620 2993 ὑπάρχει
3661 2921 3741 2993 τῷ

2144 3013 2446 3086 ἀλογίστως
2501 3012 2710 3087 βιοῦντι
2765 3014 2891 3069 οὔτε
2952 3015 3205 3081 θανόντι,
3263 3015 3388 3069 οὗτε
3437 3016 3741 3091 θνήσκοντι

2153 3108 2313 3173 κλέος
2332 3124 2346 3139 ·
2376 3107 2631 3162 ἐντεῦθεν
2660 3108 2771 3182 γάρ
2817 3110 2916 3179 τῆς
2949 3109 3049 3179 μὲν
3083 3109 3274 3180 ἀγήρω
3297 3108 3460 3180 δόξης
3499 3111 3745 3182 ἑστερη-

2155 3201 2319 3271 μὲνος
2364 3199 2547 3254 ἐστίν·
2573 3199 2657 3254 ὅτι
2709 3200 2785 3270 μὴ
2820 3199 3054 3253 ἔσπευσε
3098 3200 3300 3264 ταύτας
3348 3201 3418 3254 δι’
3468 3203 3740 3270 ἐναρέτου

2151 3291 2457 3364 κτήσασθαι
2494 3290 2811 3356 πολιτείας·
2845 3291 3135 3362 συμϐαίνει
3164 3292 3209 3346 δ’
3259 3293 3409 3365 αὑτῷ
3452 3292 3742 3349 ἀποϐαλέ-

2157 3381 2282 3435 σθαι
2309 3382 2408 3434 καὶ
2427 3381 2527 3452 τὴν
2549 3382 2842 3452 ἐπίκηρον.

2226 3470 2289 3542 β’.
2322 3471 2552 3542 Ὠσπερ
2572 3470 2749 3540 ὄρνεα
2776 3468 3057 3525 πέτονται
3081 3471 3181 3526 καὶ
3208 3472 3510 3542 στρουθοί,
3544 3473 3747 3542 οὕτως

2152 3563 2268 3631 ἀρὰ
2316 3562 2541 3632 ματαία
2579 3565 2692 3617 οὐκ
2742 3562 3138 3618 ἐπελεύσεται
3173 3563 3397 3618 οὐδενί.
3454 3565 3742 3637 Καθάπερ

2154 3656 2491 3725 ἀφίπτανται
2518 3656 2733 3710 ᾶπαντα
2760 3652 2831 3707 τά
2863 3652 3065 3724 πτηνὰ,
3091 3652 3163 3706 τά
3191 3669 3251 3705 τε
3285 3652 3501 3723 μεγάλα
3537 3653 3641 3707 καὶ
3667 3654 3741 3707 τά

2158 3747 2354 3819 μικρὰ,
2389 3745 2481 3800 τοῦ
2514 3746 2684 3800 τόπου
2736 3747 2792 3799 ὲν
2831 3738 2877 3813 ᾧ
2905 3744 3287 3813 ἀναπαυθῆναι
3340 3744 3416 3815 μὴ
3441 3742 3736 3799 δύνανται·

2152 3837 2328 3902 οὕτως
2354 3836 2705 3907 ἀφισταμένη
2739 3837 2889 3889 πᾶσα
2923 3835 3158 3903 κατάρα,
3191 3834 3278 3888 διά
3331 3833 3613 3905 μηδεμίαν
3637 3833 3741 3889 εὖ·

2152 3929 2314 3998 λογον
2340 3927 2521 3983 αἰτίαν
2548 3926 2695 3980 κατὰ
2716 3924 2812 3980 τοῦ
2847 3925 3237 3997 κατηραμένον
3272 3926 3601 3996 κινουμένη,
3634 3924 3739 3980 οὑκ

2143 4019 2370 4073 ἐπέλθοι
2407 4016 2557 4088 αύτῷ
2583 4032 2598 4047 ·
2649 4016 2844 4087 ἐκείνῳ
2885 4016 2945 4070 δὲ
2977 4016 3198 4080 πάντως
3249 4015 3586 4087 ἐπέρχεται,
3631 4015 3738 4071 κᾶν

2158 4110 2233 4182 μή
2264 4127 2345 4174 τις
2386 4107 2536 4180 αὑτῷ
2573 4108 2976 4180 καταράσηται,
3004 4107 3083 4180 τῷ
3130 4107 3317 4180 ἔργοις
3347 4107 3606 4179 κατάρας
3631 4110 3739 4180 ἐμ.

2292 4218 2398 4255 ντι.

2360 4218 2398 4255 ι.

2158 4201 2562 4361 μὲζῗονῖασςπερ
2596 4288 2821 4359 μάστιξ
2851 4288 3013 4354 ἵππῳ
3046 4288 3146 4342 καὶ
3175 4287 3431 4359 κέντρον
3462 4287 3597 4354 δνφν
3624 4287 3733 4342 σθ’

475 4387 552 4436 ita
597 4383 742 4451 virga
803 4380 945 4451 genti
989 4380 1205 4449 iniquae.
1261 4377 1729 4445 Quemadmodum
1777 4375 2041 4448 ﬂagellum

2155 4397 2271 4449 τως
2293 4379 2518 4450 ῥάϐδος
2547 4381 2707 4435 ἔθνει
2736 4381 3079 4450 παρανόμῳ.
3115 4379 3389 4451 Καθάπερ
3418 4379 3738 4447 πλήττουσα

475 4472 692 4526 cwdens
730 4485 957 4538 equum,
1002 4469 1284 4526 libidinem
1327 4468 1449 4538 ejus
1504 4477 1558 4522 et
1612 4466 2051 4538 pervicacitatem

475 4569 717 4629 coercet,
740 4571 796 4617 et
818 4576 1010 4616 camus
1045 4576 1294 4631 pungens
1324 4561 1544 4616 asinum
1582 4560 1733 4613 illum
1769 4559 1835 4613 ad
1891 4558 2052 4615 citius

477 4652 870 4722 ambulandum
898 4653 1144 4707 excitat:
1171 4652 1247 4705 ita
1275 4650 1437 4720 quasi
1485 4649 1636 4718 virga
1667 4649 1917 4719 quedam
1962 4663 2055 4702 ra-

476 4743 704 4798 tionalis
732 4742 920 4797 carnis
961 4754 1127 4812 paena
1183 4740 1367 4796 erudit
1420 4740 1684 4810 populum
1742 4741 2053 4795 divinarum

478 4836 662 4906 legum
712 4840 1205 4904 transgressorem.
1276 4830 1444 4887 Sedat
1500 4831 1721 4902 quidem
1780 4832 2056 4901 appetitus

456 4925 931 4996 iconcupiscibilis
990 4924 1497 4996 intemperantiam,
1525 4930 1580 4978 et
1610 4923 1886 4993 appetitus
1941 4924 2052 4977 ira-

481 5018 692 5076 scibilis
738 5018 1156 5085 contentiones;
1184 5017 1389 5072 excitat
1414 5026 1596 5071 autem
1631 5015 1903 5087 pigritiam
1935 5014 2055 5082 eius

482 5108 845 5164 imbecillitati
895 5109 1084 5164 carnis
1137 5092 1494 5165 inh‘aerentem
1556 5116 1614 5162 ut
1646 5106 1902 5161 mandata
1961 5106 2055 5161 Dei

471 5209 639 5259 curet
679 5201 737 5256 in
775 5202 932 5273 praxi
977 5200 1279 5273 implenda.

433 5368 439 5379 ’
551 5383 719 5441 Vatis.
760 5382 817 5450 δ,
849 5383 904 5439 5.
930 5381 1009 5438 Ne
1036 5380 1356 5454 respondeas
1396 5381 1558 5435 stulta
1576 5382 1738 5450 juxta
1763 5379 2056 5434 stultitiam

479 5492 655 5542 suam,
694 5492 758 5530 ne
783 5474 1027 5546 eﬂiciaris
1057 5476 1105 5528 ei
1131 5473 1324 5528 similis
1347 5474 1513 5538 ;‘sed
1574 5470 1829 5541 responde
1887 5471 2056 5524 stulto

477 5580 666 5623 contra
690 5568 971 5622 stultitiam
995 5583 1174 5632 suam,
1202 5582 1265 5620 ne
1300 5566 1401 5620 sibi
1422 5566 1633 5635 sapiens
1660 5580 1771 5619 esse
1792 5561 2053 5618 videatur.

478 5656 566 5714 llll
606 5662 699 5731 qui
727 5659 895 5714 Deum
933 5659 986 5713 iu
1030 5656 1198 5714 corde
1247 5673 1357 5714 non
1412 5640 1577 5720 habet
1615 5671 1684 5713 ne
1732 5653 2053 5712 consentias

2161 4470 2359 4544 μάστιξ
2387 4471 2577 4538 ἵππον,
2605 4470 2669 4523 τὸ
2698 4468 3012 4539 θηλυμανὲς
3053 4470 3245 4522 τούτου
3280 4469 3379 4522 κα)⁸
3425 4468 3741 4540 φιλόνεικον

2155 4559 2546 4633 ἀποκρούεται,
2598 4558 2693 4612 καὶ
2741 4557 2928 4613 νύττον
3000 4558 3226 4631 κέντρον
3271 4557 3427 4624 ὄνον,
3468 4557 3743 4626 διεγείρει

2153 4649 2347 4705 τοῦτον
2383 4650 2519 4722 πρὸς
2550 4648 2856 4719 ταχυτέραν
2903 4648 3155 4720 πορείαν·
3189 4647 3333 4701 οὑτω
3377 4647 3631 4701 παιδεύει
3663 4646 3746 4710 ὣς

2153 4759 2238 4807 τις
2273 4741 2491 4814 ῥάϐδος,
2523 4741 2557 4811 ἡ
2589 4740 2730 4795 κατὰ
2756 4740 2916 4808 λόγον
2941 4739 3044 4809 τῆς
3074 4739 3281 4811 σαρκὸς
3322 4741 3570 4810 τιμωρία
3605 4737 3745 4792 λαὸν

2155 4836 2245 4888 τὸν
2285 4835 2412 4896 τοὺς
2448 4831 2627 4895 θείους
2678 4830 3094 4903 παραϐαίνοντα
3145 4829 3379 4900 νόμους·
3411 4830 3508 4882 καὶ
3558 4846 3753 4883 κατα-

2157 4924 2324 4980 παύει
2366 4923 2466 4995 μὲν
2494 4922 2555 4975 τὸ
2582 4922 2773 4976 τούτου
2811 4921 2954 4975 κατά
2987 4920 3048 4974 τδ
3081 4919 3507 4991 ἐπιθυμητικὸν,
3533 4920 3756 4975 ἀπόλαυ

2137 5010 2310 5082 ’στον,
2351 5014 2451 5069 καὶ
2480 5013 2541 5067 τδ
2581 5016 2723 5067 κατά
2753 5011 2816 5067 τὸ
2849 5012 3111 5083 θυμικὸν,
3160 5011 3436 5082 μάχιμον·
3469 5010 3755 5080 διεγείρει

2156 5110 2214 5163 δὲ
2246 5109 2304 5161 τὸ
2345 5107 2433 5160 διὰ
2463 5106 2561 5178 τὴν
2594 5106 2883 5161 ἀσθένειαν
2928 5105 3030 5173 τῆς
3062 5104 3266 5174 σαρκὸς
3293 5102 3507 5175 νωθρὸν
3544 5104 3755 5166 αὑτοῦ,

2158 5196 2296 5265 πρὸς
2316 5182 2637 5265 ἐπιμέλειαν
2663 5194 2761 5265 τῆς
2784 5192 2927 5248 κατὰ
2947 5193 3150 5264 πρᾶξιν
3178 5192 3288 5247 τῶν
3312 5192 3473 5245 θείων
3500 5192 3753 5246 ἐντολῶν

2158 5286 2373 5358 τρίϐου.
3708 5315 3719 5319 -

2228 5377 2292 5442 δ’,
2330 5376 2394 5431 ε’.
2433 5376 2528 5446 Μὴ
2565 5376 2901 5445 ἀποκρίνου
2928 5375 3145 5445 ἄφρονι
3174 5374 3326 5444 πρὸς
3353 5372 3469 5441 τὴν
3499 5373 3758 5427 ἐκείνου

2158 5468 2535 5539 ἀφροσύνην,
2575 5467 2677 5521 ἵνα
2692 5466 2779 5537 μὴ
2804 5466 3007 5536 ὅμοιος
3033 5465 3181 5535 γένη
3204 5462 3365 5529 αὐτῷ
3385 5503 3400 5527 ,
3424 5462 3565 5517 ἀλλ’
3592 5464 3756 5517 ἀποο

2162 5560 2374 5627 κρίνου
2410 5555 2627 5627 ἄφρονι
2662 5555 2815 5613 κατὰ
2847 5553 2965 5625 τὴν
2990 5555 3349 5625 ἀφροσύνην
3394 5551 3606 5613 αὑτοῦ,
3645 5554 3756 5606 ἵνα

2164 5649 2251 5722 μὴ
2299 5648 2581 5718 φαίνηται
2615 5646 2810 5716 σοφός
2845 5644 2983 5716 παρ’
3011 5643 3224 5710 ἐαυτῷ.
3256 5644 3349 5715 Μὴ
3393 5642 3472 5713 τῷ
3509 5643 3655 5698 Θεὸν
3686 5643 3749 5695 οὗ
