3950 6206
30 667 106 696 ,νήΰὴ

30 2060 124 2104 ςιιτ.

268 335 398 401 1481

1301 329 1838 395 COMMENTABII
1877 327 1959 390 ΙΝ
1995 329 2450 395 PROVERBIA.

2155 157 2172 198 ι

3407 336 3544 404 1482

264 461 334 496 πε
343 443 468 516 ριφέ
477 461 622 528 pavet
647 445 704 498 ἐν
727 443 924 515 καρδία
949 439 1226 508 ἀπολογοῦ
1254 439 1570 504 ἀκολούθως
1589 443 1654 510 τῇ
1685 439 1836 508 ἀνοίᾳ

1947 440 2101 512 juxta
2128 443 2306 514 ipsius
2345 442 2720 514 insipientam,
2761 457 2830 500 ne
2855 443 2914 498 in
2942 457 3186 500 errorem
3217 445 3384 500 simul
3449 447 3540 502 ln-

263 535 468 590 αὐτοῦ·
510 535 586 598 ὡς
634 533 700 588 ἂν
743 535 818 604 μὴ
861 537 927 604 τῇ
975 532 1158 605 πλάνῃ
1207 531 1403 585 τούτου
1461 533 1850 602 συνυπαχοῇς’

266 623 470 695 μᾶλλον
515 625 614 694 μὲν
644 619 738 677 οὖν
771 626 866 676 καὶ
911 623 1166 692 ἀντίλεγε
1187 621 1360 692 αὐτῷ,
1397 623 1464 692 τῇ
1491 619 1683 674 τούτου
1715 636 1851 673 κατ-

259 713 504 784 αλλήλως
565 715 743 784 ἀνοίᾳ,
789 715 938 778 ὅπως
977 715 1053 786 μὴ
1093 714 1192 784 τὴν
1248 715 1460 768 οίκείαν
1515 714 1729 785 μωρίαν
1767 733 1854 768 νο-

265 809 400 880 μῑσῃ
444 807 662 876 σοφίαν,
716 808 812 861 καὶ
860 808 1023 880 μέχρι
1085 808 1274 870 τέλους
1306 809 1623 882 παραμείνῃ
1671 811 1848 882 αὐτῇ·
1892 877 1909 894 ο

262 900 381 956 ἀλλ’
415 902 681 969 ἐκφυγεῖν
709 901 916 972 ταύτην
945 899 1262 972 δυνήσεται,
1293 901 1490 954 ἐαυτοῦ
1515 901 1848 973 ἐπιγνώμων

263 992 579 1064 γενόμενος.

335 1091 410 1149 ς’.
462 1084 564 1138 Ἐκ
605 1081 728 1138 τῶν
765 1084 986 1139 ἑαυτοῦ
1038 1083 1195 1138 ὁδῶν
1240 1085 1474 1151 ὄνειδος
1511 1085 1782 1150 ποιεῖται,
1816 1089 1851 1141 ό

263 1176 633 1242 ἀποστείλας
663 1177 740 1230 δι’
773 1177 1033 1246 ἀγγέλου
1057 1177 1319 1245 ἄφρονος
1340 1177 1548 1248 λόγον.
1584 1177 1716 1230 Ἀπὸ
1739 1177 1848 1230 τῶν

260 1267 482 1336 ἀσόφων
531 1267 916 1338 διανοημάτων
969 1267 1136 1322 αὐτοῦ
1197 1267 1406 1338 μέμψιν
1477 1271 1848 1338 περιποιεῖται

257 1359 460 1432 ἐαυτῷ,
504 1361 532 1412 ὁ
579 1360 668 1413 διὰ
699 1361 796 1413 τοῦ
857 1361 1031 1414 ταῦτα
1093 1361 1557 1428 καταγγέλλοντος
1611 1363 1850 1432 ἄφρονος

255 1448 422 1518 λόγου
459 1451 814 1505 διδασκαλίαν
843 1453 966 1504 τινὰ
1001 1451 1438 1522 προϐαλλόμενος
1465 1451 1612 1514 νοῦς.
1649 1451 1848 1522 Ὀογάρ

257 1544 317 1596 ἐν
341 1544 597 1612 αἰσθήσει
635 1544 730 1596 τοῦ
767 1544 1014 1597 τοιούτου
1063 1544 1222 1612 λόγου
1253 1543 1572 1614 γενόμενος,
1607 1546 1848 1616 ἐπιμέμ-

263 1653 426 1700 φεται
449 1634 524 1705 τῷ
549 1635 741 1689 τοῦτον
769 1637 1095 1690 ἀποτεκόντι
1144 1635 1246 1703 νοῒ,
1269 1637 1346 1701 ὡς
1372 1637 1448 1707 μὴ
1479 1637 1848 1708 διανοουμένῳ

255 1725 326 1779 τὰ
357 1727 568 1779 δέοντα.

1957 534 2181 590 ducaris
2217 554 2232 590 :
2266 535 2362 592 sed
2398 536 2580 606 potius
2605 535 2802 592 resiste
2830 535 2880 590 ei
2911 535 3214 591 secundum
3248 537 3540 592 stultitiam

1954 627 2119 697 ejus,
2157 643 2222 683 ne
2275 630 2566 684 stultitiam
2622 644 2776 684 suam
2837 637 2993 700 putet
3045 629 3420 700 sapientiam,
3487 639 3544 688 et

1955 737 2138 791 usque
2187 722 2254 776 ad
2296 730 2528 776 mortem
2570 721 2624 776 in
2667 723 2758 776 illa
2797 729 3152 791 perseveret;
3185 722 3542 796 semetipsum

1955 829 2294 887 cognoscens
2323 815 2469 870 illam
2493 815 2732 886 effugere
2762 815 2986 886 poterit.

2031 1081 2195 1139 Vens.
2224 1083 2280 1138 6.
2321 1083 2406 1140 Ea:
2435 1085 2529 1140 uiis
2560 1086 2672 1139 suis
2703 1086 3044 1154 opprobrium
3087 1088 3219 1156 facit
3265 1091 3358 1160 qui
3396 1091 3540 1145 misit

1951 1176 2164 1230 t-erbum
2194 1193 2286 1246 per
2319 1178 2562 1232 nuntium
2601 1179 3003 1248 imprudentem.
3039 1179 3120 1233 Ex
3151 1181 3540 1248 insipientibus

1949 1269 2378 1338 cogitationibus
2427 1269 2910 1339 reprehensionem
2965 1269 3070 1326 sibi
3103 1274 3333 1328 attrahit
3385 1291 3540 1332 mens

1949 1374 2073 1426 quae
2101 1360 2409 1412 doctrinam
2458 1361 2656 1414 emittit
2685 1375 2780 1430 per
2803 1359 3202 1429 imprudentem
3227 1378 3538 1419 srrmonem

1949 1450 2042 1503 illa
2091 1451 2489 1504 enuntiantem.
2521 1449 2708 1506 Talem
2763 1466 3076 1506 sermonem
3123 1454 3216 1522 qui
3249 1455 3536 1524 percipiet,

1953 1551 2196 1596 montem
2233 1542 2530 1613 redarguet
2561 1559 2682 1614 qua:
2709 1543 2964 1615 concepit
2995 1545 3150 1600 illum
3171 1585 3186 1610 ,
3229 1546 3538 1619 incongrua

1951 1633 2304 1701 cogitavisse.

327 1817 394 1881 ζ’.
443 1808 692 1902 ’Ᾰφελοιξ
739 1795 988 1888 πορείαν
1027 1820 1290 1886 σκελῶν,
1321 1821 1420 1876 καί
1463 1821 1836 1890 παρανομίαν

2021 1803 2191 1862 Vsus.
2223 1807 2280 1860 7.
2321 1806 2488 1875 Aufer
2524 1824 2760 1879 gressum
2797 1823 3014 1862 crurum
3039 1846 3056 1872 ,
3109 1817 3162 1864 et
3201 1809 3540 1880 iniquitatem

253 1907 325 1962 ἐκ
369 1911 671 1976 στόματος
702 1913 1004 1979 ἀφρόνων.
1057 1911 1376 1980 Ἐξάλειψον
1399 1911 1498 1982 τὴν
1536 1913 1633 1980 μὲν
1686 1912 1844 1982 ἐνέρ-

255 2015 410 2063 γειαν
457 1999 560 2066 τῆς
611 2000 830 2064 κακίας,
867 2001 977 2053 ἀπό
1027 2017 1088 2054 τε
1135 1999 1230 2052 τοῦ
1278 1999 1682 2068 ἐπιθυμητικοῦ
1735 2001 1846 2054 τῶν

254 2089 718 2158 ἀμνημονούντων
756 2090 915 2152 Θεοῦ,
941 2091 1036 2144 καὶ
1076 2091 1172 2144 τοῦ
1228 2091 1464 2162 θυμικοῦ
1491 2109 1506 2122 ·
1547 2091 1616 2144 δι’
1645 2086 1720 2145 ὧν
1751 2091 1846 2145 δυ-

252 2179 496 2248 νάμεων,
524 2178 600 2244 ῶς
643 2197 808 2234 τινων
841 2181 1071 2248 σκελῶν,
1099 2185 1134 2254 ὴ
1177 2181 1325 2253 ψυχὴ
1354 2181 1542 2235 διώκει
1584 2199 1647 2234 τε
1698 2181 1844 2253 ἅπερ

253 2271 433 2332 ποθεῖ,
461 2273 555 2326 καὶ
590 2273 784 2340 φεύγει
814 2274 961 2344 ἅπερ
1005 2277 1156 2344 μισεῖ
1181 2291 1195 2305 °
1235 2275 1336 2344 τὴν
1359 2274 1416 2327 δὲ
1453 2274 1568 2338 ἕξιν
1612 2273 1842 2344 ταύτης,

253 2363 360 2416 ἀπὸ
379 2362 476 2414 τοῦ
507 2363 666 2432 δίκην
691 2364 985 2433 στόματος,
1017 2365 1118 2434 τὴν
1153 2365 1316 2417 ποιὰν
1357 2365 1480 2425 ταῖς
1511 2363 1844 2434 εἰρημέναις

252 2453 515 2523 δυνάμεσι
583 2455 804 2526 κίνησιν
861 2455 1264 2526 ὑποτιθεμένου
1321 2455 1666 2524 διανοητικοῦ
1733 2456 1846 2509 τῶν

251 2546 518 2600 τοιούτων
559 2547 656 2600 ἀνθ
669 2547 867 2617 ρώπων
889 2565 904 2579 ο
935 2548 1056 2602 δέον
1085 2549 1144 2603 δὲ
1179 2549 1400 2612 πάντως
1437 2547 1719 2618 ἐξαλεῖψαι
1747 2549 1846 2601 αύ-

251 2637 353 2700 τάς
377 2653 390 2668 ·
425 2637 516 2690 διὰ
559 2637 622 2690 τὸ
653 2639 934 2708 σπαρῆναι
971 2639 1124 2710 παρά
1171 2639 1266 2693 τοῦ
1318 2637 1558 2711 πονηροῦ
1604 2640 1706 2712 τὴν
1741 2641 1845 2712 τῆς

251 2729 456 2793 κακίας
498 2728 614 2795 ἓξιν
639 2745 652 2760 ·
688 2731 784 2784 καὶ
811 2731 1238 2802 καρποφορῆσαι
1279 2729 1378 2802 τὴν
1407 2731 1633 2798 ,οίκείαν
1685 2731 1842 2804 ἐνέρ-

251 2832 431 2886 γειαν.
707 2883 714 2896 1

324 2916 396 2980 η’.
439 2913 546 2978 ⁸ος
570 2912 972 2984 ἁποδεσμεύει
1001 2915 1176 2970 λίθον
1195 2915 1265 2970 ἐν
1283 2916 1614 2986 σφενδόνῃ,
1638 2918 1842 2989 ὅμοιός

248 2997 387 3054 ἐστι
415 3000 496 3067 τῷ
527 3001 756 3058 διδόντι
789 3005 1004 3076 ἄφρονι
1036 3005 1247 3070 δόξαν.
1299 3006 1356 3060 '0
1402 3007 1550 3062 λίθον
1579 3008 1842 3078 ἀσφαλῶς

249 3093 484 3158 ἐντιθεὶς
514 3099 581 3166 τῇ
611 3097 892 3169 σφενδόνῃ,
927 3097 1022 3152 τοῦ
1050 3099 1272 3169 ἀφεῖναι
1297 3097 1488 3152 τοῦτον
1513 3101 1832 3172 προθυμου-

255 3187 418 3256 μένου
454 3187 600 3242 κατά
658 3205 826 3254 τινος,
877 3189 1179 3261 παρόμοιος
1237 3191 1354 3243 ἐστι
1403 3189 1484 3260 τῷ
1534 3192 1832 3262 παρέχοντι

251 3277 419 3350 τιμὴν
493 3280 920 3352 περιποιητικὴν
997 3281 1322 3344 δυναστείας
1385 3281 1462 3350 τῷ
1532 3282 1836 3350 ἀλογίστως

254 3366 498 3439 βιοῦντι·
543 3371 750 3441 ταύτης
778 3369 888 3440 γὰρ
951 3373 980 3424 ὁ
1034 3371 1278 3434 τοιοῦτος
1321 3369 1688 3442 δραξάμενος,
1735 3371 1836 3426 οὐκ

251 3460 521 3532 ἀμελήσει
567 3461 636 3514 τὰ
663 3461 802 3532 πρὸς
855 3461 1064 3532 βλάϐην
1113 3461 1420 3534 ἀνθρώπων
1461 3463 1832 3534 ἐργάζεσθαιο

251 3552 548 3606 κάντεῦθεν
578 3554 607 3605 ό
635 3553 736 3623 τὴν
767 3553 936 3622 τιμὴν
959 3554 1110 3623 αύτῷ
1140 3553 1466 3625 παρασχὼν,
1487 3555 1837 3626 συμμέτοχος

247 3641 406 3696 ἔσται
431 3644 605 3712 τούτῳ
635 3644 734 3713 τῆς
763 3643 1170 3713 κατακρίσεως.

320 3731 388 3786 θ’.
431 3733 724 3786 Ἀκανθαι
765 3733 1021 3802 φύονται
1065 3733 1136 3786 ἐν
1183 3732 1333 3801 χειρί
1373 3733 1480 3788 τοῦ
1519 3734 1793 3803 μεθύσου
1819 3748 1832 3762 ·

248 3823 496 3878 δουλεία
531 3823 620 3890 δὲ,
649 3825 718 3878 ἐν
763 3825 912 3893 χειρί
957 3824 1079 3880 τῶν
1121 3825 1420 3902 ᾲεορόνων.
1472 3825 1834 3896 Ἑμμέριμνοι

253 3915 354 3984 μὲν
381 3913 716 3984 ἀναφύονται
745 3913 954 3970 ἔννοιαι
984 3919 1050 3988 τῇ
1073 3916 1220 3988 ψυχῇ
1255 3917 1312 3969 ἐν
1341 3919 1406 3988 τῇ
1431 3919 1554 3972 κατ’
1581 3916 1836 3988 αἴσθησιν

250 4009 525 4081 ἐνεργείᾳ,
565 4009 662 4063 τοῦ
709 4005 778 4081 τῇ
831 4011 1014 4082 σχέσει
1057 4011 1168 4065 τῶν
1220 4011 1436 4082 ὁρατῶν
1479 4013 1835 4082 ἐξεστηκότος

248 4097 350 4169 τῆς
377 4099 572 4154 ἑαυτοῦ
615 4100 812 4170 σοφίας
843 4103 982 4168 νοὸς,
1013 4103 1270 4158 ἀκανθῶν
1296 4103 1455 4174 δίκην
1495 4103 1834 4175 πλήττουσαι

249 4191 343 4244 καὶ
372 4189 640 4246 λυποῦσαι
672 4193 878 4264 αὖτήν*
918 4194 1132 4248 δουλεία
1157 4195 1216 4248 δὲ
1247 4193 1460 4258 παθῶν,
1499 4197 1556 4248 ἐν
1605 4199 1670 4267 τῇ
1709 4198 1832 4249 κατ’

248 4279 546 4350 ἐπιθυμίαν
595 4281 692 4335 καὶ
731 4281 903 4351 θυμὸν
946 4284 1220 4356 ἐνεργείᾳ,
1251 4283 1362 4338 τῶν
1412 4285 1487 4358 μὴ
1534 4287 1830 4358 ἐμφρόνως

245 4370 366 4432 ταῖς
391 4369 657 4442 δυνάμεσι
682 4371 910 4436 ταύταις
931 4374 1372 4430 ἐπιστατούντων
1401 4376 1700 4447 λογισμῶν·
1727 4380 1826 4432 καὶ

1950 1912 2016 1950 ex
2063 1913 2150 1951 ore
2199 1898 2635 1966 imprudentium.
2663 1899 2820 1954 Tolle
2867 1901 2996 1953 mali
3049 1901 3430 1969 Operationem
3471 1901 3541 1956 ab

1955 1991 2198 2058 appetitu
2233 1992 2654 2060 οοιιευρίεοὶιιὶιί
2683 1999 2738 2044 et
2771 1993 3018 2061 appetitu
3053 1993 3320 2048 irascibili
3343 2009 3538 2050 eorum

1950 2077 2048 2148 qui
2081 2081 2488 2136 obliviscuntur
2520 2081 2638 2136 Dei.
2676 2081 2774 2136 llis
2796 2083 3056 2152 potentiis
3091 2086 3252 2154 quasi
3299 2087 3538 2155 quibus-

1950 2171 2076 2226 dam
2110 2173 2411 2238 cruribus,
2462 2175 2646 2228 anima
2701 2175 3015 2230 desiderata
3061 2179 3422 2248 prosequitur
3471 2195 3538 2236 ac

1955 2265 2150 2319 odiosa
2192 2265 2354 2336 fugit.
2403 2265 2674 2320 Aﬂ‘ectum
2713 2275 2896 2322 autem
2926 2269 3052 2323 mali
3085 2269 3242 2326 aufer
3270 2273 3432 2340 quasi
3467 2289 3536 2330 et

1947 2367 2064 2417 ore,
2097 2368 2164 2408 ex
2203 2353 2482 2408 intellectu
2543 2355 2731 2410 talium
2784 2356 3064 2412 hominum
3112 2359 3206 2428 qui
3277 2361 3535 2429 praefatas

1951 2451 2176 2497 movent
2217 2443 2528 2512 passiones.
2556 2445 2786 2518 Oportet
2829 2448 3000 2518 igitur
3033 2465 3128 2506 eas
3171 2467 3402 2521 prorsus
3440 2455 3536 2510 de-

1946 2531 2079 2586 lere.
2112 2533 2159 2585 A
2201 2533 2446 2604 maligno
2477 2535 2626 2590 enim
2673 2537 2980 2592 seminatur
3027 2539 3158 2595 mali
3199 2539 3428 2600 allectus
3467 2557 3536 2600 ac

1947 2624 2230 2697 profertur
2265 2628 2538 2698 operatio.

2019 2892 2190 2952 Vens.
2217 2894 2274 2951 8.
2319 2893 2424 2962 Qui
2449 2893 2640 2964 alligat
2668 2893 2896 2964 lapidem
2929 2899 2984 2950 in
3015 2895 3204 2964 funda,
3237 2897 3428 2952 similis
3451 2907 3532 2954 est

1943 2983 2029 3040 illi
2056 2987 2146 3056 qui
2177 2987 2271 3040 dat
2303 2987 2572 3058 insipienti
2604 2987 2855 3058 gloriam.
2889 2986 2993 3053 Qui
3019 2987 3252 3056 lapidem
3277 2987 3330 3042 in
3359 2987 3528 3044 funda

1947 3084 2177 3140 ﬁrmiter
2205 3086 2395 3154 ponit,
2449 3085 2598 3140 illam
2637 3093 2832 3142 contra
2881 3087 3118 3157 aliquem
3167 3088 3530 3144 emittereino

1943 3177 2196 3245 tendens,
2238 3179 2436 3234 similis
2464 3187 2548 3234 est
2593 3179 2646 3234 ei
2692 3179 2787 3250 qui
2828 3179 3091 3235 honorem
3132 3189 3188 3236 et
3227 3183 3528 3252 potentiam

1943 3278 2172 3340 prastat
2208 3271 2604 3326 irrationaliter
2631 3272 3009 3328 conversanti.
3045 3271 3142 3328 Hic
3171 3277 3316 3330 enim
3347 3274 3530 3346 digni-

1939 3367 2052 3416 tate
2119 3363 2330 3431 potitus
2376 3377 2486 3418 non
2537 3363 2774 3434 negliget
2817 3363 3000 3420 facere
3035 3381 3158 3434 quas
3211 3367 3530 3426 hominibus

1942 3459 2164 3506 nocent.
2195 3453 2298 3518 Qui
2331 3465 2508 3508 autem
2535 3455 2684 3510 hunc
2717 3455 2980 3513 honorem
3011 3457 3090 3512 illi
3123 3461 3376 3548 praestitit
3405 3461 3530 3534 ejus

1934 3541 2128 3612 judicii
2158 3544 2434 3614 particeps
2463 3545 2546 3600 lit.

2015 3720 2184 3777 Vens.
2235 3725 2288 3778 9.
2343 3723 2522 3790 Spime
2566 3737 2858 3782 nascantur
2899 3729 2953 3782 in
3003 3746 3166 3784 manu
3215 3733 3488 3788 temulenti
3503 3749 3524 3796 :

1939 3815 2164 3868 seruitus
2211 3825 2390 3870 autent
2439 3818 2494 3872 in
2529 3835 2690 3872 manu
2723 3819 3154 3886 imprudentium.
3205 3824 3260 3880 In
3305 3827 3524 3882 actione

1938 3919 2232 3970 sensuum,
2269 3921 2394 3960 cum
2427 3908 2732 3964 visibilium
2773 3924 2960 3966 amore
3001 3929 3158 3969 mens
3189 3930 3218 3968 a
3248 3916 3520 3986 sapientia

1936 3996 2238 4062 direllitur,
2269 4001 2466 4055 animm
2489 4001 2712 4070 quidem
2744 4012 3051 4058 nascuntur
3081 4006 3520 4074 sollicitudines,

1935 4103 2060 4158 qua».
2081 4089 2226 4144 sicut
2251 4091 2424 4160 spina:
2451 4091 2654 4148 feriunt
2677 4109 2740 4148 ac
2765 4094 3058 4150 molestant
3085 4111 3239 4164 eam;
3281 4100 3520 4156 servitus

1939 4189 2122 4236 autem
2157 4183 2496 4252 passionum,
2532 4201 2628 4256 per
2661 4187 2962 4242 elllcaciam
2995 4193 3272 4262 appetitus
3307 4205 3514 4249 concu-

1936 4274 2210 4344 piscibilis
2257 4293 2322 4334 ac
2370 4279 2712 4342 irascibilis.
2761 4281 2891 4336 dum
2937 4283 3080 4338 ratio
3119 4283 3204 4341 his
3255 4289 3518 4356 potentiis

1935 4379 2042 4418 non
2073 4375 2294 4436 prmest.
2327 4379 2384 4424 et
2427 4385 2535 4425 non
2569 4369 2764 4428 suadet
2813 4373 3324 4444 concupiscentiam
3359 4375 3518 4436 forti~

248 4461 324 4530 μὴ
359 4461 660 4518 πειθόντων
685 4465 788 4533 τὴν
830 4466 930 4535 μὲν
961 4467 1281 4538 ἐπιθυμίαν,
1316 4467 1580 4540 ἀνδρείως
1615 4470 1820 4540 ύπομέ-
1855 4478 1908 4536 D
1935 4466 2020 4513 ῑετ
2055 4459 2286 4518 ιῑιθιθεῑθ
2321 4461 2484 4520 refre-

244 4563 360 4604 νειν
387 4549 458 4604 τὰ
483 4551 725 4624 λυπηρά.

315 4641 370 4698 ι’.
426 4647 654 4702 Πολλὰ.
693 4647 1024 4718 χειμάζεται
1074 4649 1246 4708 πᾶσα
1301 4653 1460 4722 σὰρξ
1509 4653 1788 4722 ἀφρόνων
1807 4671 1822 4686 ο

239 4737 624 4804 συντρίϐεται
649 4739 760 4810 γὰρ
787 4743 826 4809 ἠ
851 4741 1098 4810 ἔκτεισις
1124 4743 1340 4800 αὐτῶν.
1375 4745 1562 4816 Πολλῷ
1593 4747 1826 4816 χειμῶνι

237 4828 568 4898 πειρασμῶν
602 4831 868 4886 ἑκουσίων
901 4849 958 4886 τε
992 4836 1088 4888 καὶ
1123 4837 1400 4890 ἀκουσίων
1431 4837 1716 4906 συνέχεται
1741 4839 1824 4892 δί-

237 4931 346 4984 κην
373 4915 618 4984 σκάφους
642 4921 676 4991 ἠ
713 4921 852 4994 σὰρξ
888 4922 998 4976 τῶν
1029 4924 1104 4994 μὴ
1153 4925 1392 4996 ἔμφροσι
1423 4927 1708 4997 λογισμοῖς
1737 4927 1825 4984 οἷα

233 5021 380 5059 τισιν
409 5007 586 5073 οἴαξιν
609 5011 992 5083 ἐπιστημόνως
1027 5013 1419 5085 κυϐερνῶντων
1447 5019 1622 5092 αὐτήν
1643 5035 1658 5051 ·
1695 5021 1822 5074 τού-

229 5113 346 5150 των
379 5097 487 5170 γὰρ
517 5101 551 5172 ἡ
580 5101 690 5155 ἀπὸ
729 5103 826 5158 τοῦ
881 5105 1022 5160 κατὰ
1057 5105 1220 5176 φύσιν
1253 5110 1333 5172 είς
1364 5109 1427 5164 τὸ
1470 5111 1622 5182 παρὰ
1659 5111 1822 5182 φύσιν

232 5187 364 5240 καθ’
418 5190 614 5263 ἡδονὴν
645 5193 736 5248 καὶ
767 5193 975 5266 ὀδύνην
1013 5197 1398 5270 παρεκτροπὴ,
1435 5200 1576 5272 πρὸς
1621 5201 1822 5275 ἑαυτὴν

229 5281 572 5350 προσκρούει
615 5285 714 5340 καὶ
761 5283 1077 5358 φθείρεται·
1107 5289 1302 5361 ὅτιπερ
1348 5291 1420 5344 τὰ
1479 5293 1601 5348 κατ’
1627 5293 1822 5366 ὀδύνην

233 5371 426 5443 πάθη,
486 5377 600 5440 τοῖς
650 5378 772 5432 καθ’
815 5379 1008 5452 ἡδονὴν
1061 5382 1466 5455 ἀντικείμενα,
1527 5384 1818 5454 φθείρουσι

223 5461 432 5532 ⁶ταῦτα,
469 5467 564 5520 καὶ
589 5469 800 5534 τούτοις
832 5471 1254 5543 συμφθείρεται.

303 5647 394 5698 ια’.
433 5643 662 5714 Ὠσπερ
687 5649 850 5702 κύων
889 5650 1040 5705 ὅταν
1066 5651 1290 5722 ἐπέλθῃ
1325 5653 1423 5709 ἐπὶ
1455 5655 1564 5710 τὸν
1597 5655 1816 5710 ἑαυτοῦ

217 5731 462 5804 ἔμετον,
501 5737 600 5791 καὶ
641 5742 902 5808 μισητὸς
933 5742 1199 5812 γένηται,
1241 5747 1430 5812 οὕτως
1465 5747 1690 5819 ἄφρων,
1723 5745 1812 5818 ’τῇ

553 5828 826 5896 Panos.
873 5835 990 5900 Gn.
1039 5837 1422 5902 LXXXVII.

2003 4651 2170 4706 \‘sns.
2203 4654 2289 4708 10.
2334 4653 2522 4712 Multis
2575 4660 2820 4728 procellis
2871 4662 3118 4731 iactatur
3155 4668 3328 4722 omnis
3387 4687 3516 4724 caro

1927 4740 2359 4808 imprudentium.
2379 4750 2674 4806 conteritur
2693 4753 2832 4806 enim
2861 4758 3092 4811 exstasis
3115 4773 3318 4816 eorum.
3345 4759 3512 4816 Multa

1927 4838 2256 4900 tempestate
2303 4839 2667 4895 tentationum
2702 4843 3140 4900 rolnntariarum
3171 4857 3226 4904 et
3252 4851 3512 4908 involun-

1927 4922 2193 4976 tariarum
2243 4927 2398 4995 quasi
2461 4931 2664 5000 scapha
2711 4933 2954 4998 iactatur
3011 4951 3144 4992 caro
3179 4953 3370 4996 eorum
3413 4949 3508 5014 qui

1927 5015 2270 5084 sapientibus
2301 5020 2821 5083 ratiocinationibus
2859 5029 3018 5097 quasi
3043 5031 3373 5100 quibusdam
3406 5053 3511 5104 gu-

1927 5105 2240 5166 bernaculis
2271 5127 2380 5166 non
2411 5113 2650 5170 scienter
2681 5117 2926 5188 dirigunt
2951 5135 3096 5176 eam.
3121 5121 3332 5180 Horum
3359 5128 3506 5182 enim

1923 5202 2192 5258 transitus
2237 5205 2306 5258 ab
2362 5205 2442 5262 eis
2497 5223 2620 5276 quae
2665 5210 2966 5266 secundum
3019 5224 3273 5271 naturam
3319 5219 3386 5272 ad
3441 5233 3504 5274 ea

1923 5307 2044 5360 quae
2086 5303 2214 5348 sunt
2265 5303 2454 5352 contra
2513 5299 2817 5354 secundum
2872 5303 3210 5372 voluptatem
3255 5315 3312 5361 et
3345 5307 3506 5362 dolo-

1921 5399 2060 5448 rem,
2091 5387 2242 5442 illum
2271 5391 2558 5460 propulsat
2581 5399 2636 5446 et
2671 5394 2926 5449 conterit.
2969 5395 3266 5454 Passiones
3305 5413 3506 5458 secun-

1919 5475 2050 5528 dum
2077 5476 2322 5534 dolorem
2349 5520 2364 5544 ,
2421 5483 2774 5552 passionibus
2805 5487 3112 5542 secundum
3144 5491 3498 5559 voluptatem.

1917 5569 2204 5638 oppositae,
2241 5572 2362 5628 illas
2389 5571 2682 5630 destruunt
2711 5577 2908 5633 iterum
2935 5579 3006 5632 ab
3029 5580 3164 5648 ipsis
3185 5579 3498 5638 destructas.

1995 5656 2158 5715 Vnus.
2195 5661 2281 5716 11.
2335 5661 2486 5718 Sicut
2525 5667 2674 5721 canis
2724 5685 2844 5722 cum
2877 5669 3092 5724 redierit
3123 5673 3190 5726 ad
3217 5689 3374 5730 suum
3409 5691 3502 5730 νο·

1917 5749 2130 5816 mitum,
2175 5753 2384 5811 odibilis
2427 5757 2524 5826 ﬁt;
2571 5759 2646 5812 sic
2677 5760 2980 5830 imprudens
3017 5767 3235 5834 propria
3285 5769 3500 5828 malitia

3101 5856 3172 5922 '47
