3950 6206
428 250 563 316 1487

1759 246 2119 309 PROCOPII
2159 249 2406 314 ῦΑΖίΕΙ

3572 258 3719 324 1488

429 366 485 421 in
539 364 871 436 proximum.
922 363 1057 418 Cum
1090 363 1245 421 abest
1314 363 1626 435 obiectum.
1663 361 1851 418 odium
1905 376 2002 417 non

2121 365 2231 419 τῶν
2281 365 2481 432 ἔξωθεν
2537 367 2828 441 ἀφορμῶν,
2874 370 3023 427 ἔνδον
3064 374 3163 445 τῆς
3197 375 3387 430 τούτου
3421 374 3606 448 ψυχῆς
3649 378 3718 430 τὸ

426 469 551 516 actu
576 458 889 516 ostenditur
928 457 1086 530 quasi
1115 472 1211 530 per
1239 472 1510 530 organum
1544 456 1819 527 corporis.

513 732 678 789 Vsus.
730 734 821 789 ει.
875 732 1152 789 Craticula
1205 732 1524 788 carbonibus
1571 743 1622 787 et
1664 733 1809 805 ligna
1872 732 2005 803 igni,

427 829 582 883 homo
612 838 788 882 autem
818 826 1231 881 contumeliosus
1262 826 1331 879 ad
1398 827 1690 879 tumultum
1758 826 1875 880 ἔται.
1908 823 2007 880 Ac-

426 922 682 976 cenditur
725 920 947 988 quidem
994 918 1266 973 craticula
1346 934 1519 988 super
1609 919 1900 982 carbones,
1949 927 2009 973 et

425 1013 700 1065 ﬂammam
749 1011 1008 1064 emittunt
1058 1010 1339 1079 copiosam
1399 1010 1543 1079 ligna
1608 1025 1779 1080 super
1818 1011 1997 1079 ignem

425 1106 602 1173 posita
636 1123 650 1157 :
688 1103 853 1157 homo
871 1110 1051 1157 autem
1083 1102 1177 1171 qui
1209 1102 1467 1157 absentes
1497 1103 1822 1157 calumniari
1846 1103 2006 1167 solet,

423 1211 548 1248 cum
607 1193 877 1247 invenerit
921 1192 1186 1263 quosdam
1243 1193 1371 1249 odio
1397 1203 1594 1249 contra
1648 1196 1865 1265 aliquos
1893 1210 2012 1263 per-

424 1295 628 1351 motos,
656 1285 723 1341 de
758 1286 843 1341 his
868 1285 1016 1340 addit
1044 1286 1374 1353 calumnias,
1404 1296 1458 1342 et
1488 1286 1793 1343 odientium
1813 1296 2007 1342 contra

422 1393 519 1433 eos
566 1393 707 1448 quos
757 1379 988 1432 oderant
1051 1393 1308 1447 magnum
1341 1379 1592 1434 accendit
1640 1378 1866 1443 odium,
1894 1377 2010 1433 bel-

424 1470 648 1538 lumque
678 1468 744 1522 ad
778 1468 1011 1522 invicem
1041 1469 1279 1537 amplius
1338 1470 1599 1525 concitat.
1636 1461 1847 1525 Exinde
1878 1471 2006 1524 dum

424 1559 548 1613 illos
580 1559 945 1613 reconciliare
974 1556 1196 1612 deberet
1228 1573 1293 1614 ac
1322 1560 1441 1614 lleri
1477 1558 1575 1615 Dei
1602 1558 1797 1626 Filius,
1834 1575 1865 1614 a
1895 1561 2006 1615 Deo

424 1651 482 1705 lit
514 1652 747 1705 alienus.

497 1741 775 1796 Vsus.22.
824 1740 990 1798 Verba
1015 1753 1348 1799 rersutorum
1400 1743 1605 1808 mollia,
1658 1743 1780 1813 ipsa
1827 1750 2003 1796 autem
2038 1723 2083 1782 Β

423 1835 728 1902 perveniunt
756 1835 824 1889 ad
867 1837 1058 1890 intima
1081 1838 1300 1891 ventris.
1364 1832 1546 1891 Verba
1577 1851 1769 1891 eorum
1794 1836 1887 1906 qui
1939 1834 2008 1888 ad

425 1927 655 1994 gratiam
689 1926 1017 1996 captandam
1050 1928 1376 1998 loquuntur,
1401 1928 1549 1982 omni
1574 1928 1776 1982 duritie
1793 1934 2005 1981 carent.

426 2018 530 2085 Qui
564 2028 745 2072 autem
795 2019 884 2072 illa
923 2017 1237 2089 proferunt,
1268 2019 1495 2073 occlusa
1526 2020 1801 2073 viscerum
1843 2018 2007 2087 quasi

424 2110 806 2181 promptuaria
834 2118 1111 2164 conantur
1159 2108 1227 2163 ad
1269 2108 1707 2164 misericordiam
1767 2109 2004 2178 aperire.

426 2200 485 2253 Si
511 2200 679 2268 igitur
713 2198 776 2253 ad
811 2202 1043 2269 gratiam
1073 2199 1404 2268 captandam
1460 2198 1609 2269 loqui
1647 2205 1871 2269 prepter
1907 2213 2004 2253 ve-

423 2294 604 2350 ritatis
627 2299 1003 2362 contemptum
1038 2304 1145 2345 non
1175 2291 1400 2356 bonum,
1424 2289 1688 2360 culpandi
1721 2300 1845 2345 sunt
1882 2304 2005 2344 oni-

425 2387 559 2441 nino
587 2383 849 2439 immites.

502 2500 666 2554 \‘Ess.
706 2498 798 2553 2'5.
832 2497 1122 2568 Argentum
1150 2498 1338 2552 datum
1397 2515 1515 2552 cum
1556 2497 1701 2564 dolo,
1748 2507 2004 2569 tanquam

426 2600 563 2645 testa
590 2588 1041 2656 reputandum.Si
1069 2589 1192 2659 quis
1225 2599 1511 2659 argentum
1538 2588 1783 2655 impertit
1812 2587 2005 2663 alicui,

424 2684 673 2737 videntes
705 2681 1008 2752 decipiens,
1044 2680 1261 2735 laudem
1329 2682 1400 2735 ab
1449 2680 1556 2735 illis
1600 2688 1862 2749 captans,
1920 2694 2008 2735 rc-

424 2774 727 2847 pntandum
757 2783 840 2829 est
868 2773 1003 2827 illud
1036 2780 1332 2843 argentum
1387 2788 1495 2826 non
1524 2770 1748 2826 dill'erre
1775 2787 1804 2825 a
1838 2781 2001 2837 testa,

423 2869 554 2937 quia
589 2868 744 2921 dator
777 2866 886 2920 Deo
913 2879 1024 2920 non
1060 2864 1238 2936 placet
1264 2880 1359 2934 per
1405 2864 1658 2918 allectum
1690 2865 1745 2917 in
1779 2863 2003 2918 fratrem

422 2962 688 3013 tnttmlttm
712 2967 771 3013 ut
795 2968 1105 3031 argentum.
1141 2956 1385 3012 Verbum
1447 2956 1864 3011 enimdivinum
1914 2956 2023 3033 ju-’

424 3054 518 3109 bet
543 3067 640 3107 nos
668 3051 733 3106 ad
769 3051 945 3107 instar
973 3049 1067 3105 Dei
1099 3064 1224 3106 esse
1254 3049 1659 3104 misericordes.

495 3255 663 3311 Vatis.
692 3256 785 3312 24.
829 3254 999 3309 Verba
1041 3256 1291 3325 lwvigata
1349 3271 1441 3308 cor
1503 3255 1773 3309 occultant
1830 3256 2001 3310 triste.

421 3346 498 3402 Os
541 3346 704 3400 verba
735 3345 1109 3400 consolatoria
1132 3343 1424 3414 proferens
1478 3359 1543 3398 ac
1566 3347 1772 3399 nullam
1792 3345 2006 3400 baben-

376 3479 379 3483 -
423 3441 498 3494 tia
524 3436 864 3499 scabritiem,
895 3435 1130 3505 dissipat
1166 3435 1366 3490 anima:
1423 3436 1692 3503 dolorem,
1755 3454 1874 3493 eam
1934 3438 2002 3492 ad

422 3533 681 3590 solatium
703 3549 799 3605 per
830 3547 894 3589 ea
930 3531 1184 3590 advocat.
1219 3545 1628 3602 mruremque
1661 3534 1929 3603 reprimit.

495 3735 677 3790 Labiis
703 3734 883 3788 omnia
912 3732 1101 3786 annuit
1127 3730 1412 3800 deplorans
1462 3732 1732 3796 inimicus,
1759 3732 1813 3786 in
1846 3730 2002 3786 corde

422 3838 597 3881 autem
620 3825 918 3896 fabricatur
951 3822 1127 3878 dolos.
1161 3822 1376 3888 Quibus
1438 3822 1790 3878 sermonibus
1826 3822 1997 3875 mani-

423 3921 661 3976 testatur
715 3916 886 3970 animi
927 3915 1086 3993 dolor
1118 3928 1337 3982 semper
1393 3920 1614 3980 annuit,
1669 3914 1829 3983 quasi
1874 3913 2002 3967 talia

420 4012 625 4067 dicenti
659 4025 786 4065 vere
811 4007 1207 4077 compa‘tiatur,
1246 4004 1341 4075 qui
1360 4006 1614 4061 eumdem
1645 4005 1775 4061 odio
1811 4018 2003 4075 prose-

419 4106 626 4175 quitur.
662 4101 729 4157 Et
752 4099 917 4156 simul
942 4114 1010 4154 ex
1040 4097 1167 4153 odio
1209 4112 1367 4153 mens
1387 4097 1547 4151 dolos
1572 4097 1924 4151 machinatur
1947 4097 2001 4150 in

419 4210 568 4261 cum,
601 4191 877 4262 quomodo
909 4207 963 4245 in
989 4188 1327 4260 prufundum
1358 4188 1768 4258 desperationis
1802 4187 2002 4258 impel-

421 4286 519 4340 lat.
579 4282 788 4337 itevera
843 4282 935 4335 ille
982 4280 1131 4334 llenti
1173 4279 1359 4344 adﬂet,
1395 4280 1494 4349 qui
1522 4279 1694 4334 lenire
1728 4278 2001 4342 dolorem,

420 4392 530 4432 non
558 4388 761 4446 augere
791 4372 1130 4444 aggreditur.

492 4578 659 4633 Vsus.
699 4578 791 4633 25.
818 4575 878 4632 Si
911 4585 957 4629 te
1009 4585 1266 4645 rogaverit
1315 4576 1562 4629 inimicus
1613 4590 1808 4644 magna
1850 4589 1991 4640 voce,

420 4687 482 4724 ne
501 4669 788 4722 credideris
818 4666 1074 4735 quoniam
1096 4673 1295 4732 septem
1325 4666 1579 4733 nequitiae
1600 4675 1723 4719 sunt
1750 4666 1809 4719 in
1839 4666 1996 4720 corde

417 4756 557 4826 ejus.
614 4753 671 4809 Si
701 4762 752 4808 te
774 4753 986 4807 socium
1022 4767 1246 4807 suorum
1300 4752 1669 4807 consiliorum
1732 4752 1999 4809 adversus

419 4862 520 4902 nos
581 4844 894 4901 communis
922 4845 1013 4899 ille
1064 4844 1326 4901 inimicus
1380 4846 1685 4912 vocaverit,
1726 4859 1998 4915 suamque

417 4937 798 4993 invitationem
832 4944 945 4991 tum
978 4935 1319 5006 voluptatum
1355 4935 1654 5002 illecebris.
1690 4944 1808 4991 tum
1844 4943 1994 4992 metu

415 5029 623 5084 laboris
649 5028 1078 5099 inagnilieaverit
1103 5036 1164 5083 ut
1198 5038 1253 5085 te
1291 5028 1541 5093 suadeat,
1573 5029 1686 5085 noli
1720 5030 1810 5086 isti
1866 5044 1996 5085 cre-

415 5122 547 5175 dere
585 5120 912 5191 proponenti
947 5120 1176 5175 delicias
1222 5127 1277 5175 et
1318 5122 1509 5192 epulas
1563 5122 1776 5186 carnis,
1832 5122 1993 5193 quasi

413 5214 606 5269 eadem
632 5227 745 5267 non
776 5212 848 5267 sit
879 5212 932 5266 in
965 5213 1215 5268 hac'vita
1242 5213 1543 5284 subigenda
1591 5230 1767 5285 neque
1794 5214 1991 5270 morti-

416 5307 698 5373 ﬁcatione,
750 5290 929 5375 neque
981 5305 1606 5378 alliictatione;septem
1659 5310 1805 5362 enim
1860 5316 1993 5363 sunt

416 5396 911 5472 pessinuciusidiac
931 5411 1071 5468 quas
1108 5399 1332 5453 molitur
1381 5400 1675 5455 occasione
1727 5400 1992 5470 ingluviei

415 5493 681 5547 adversus
743 5503 1126 5560 quemcunque
1167 5490 1420 5559 corporis
1462 5493 1733 5547 cultorem
1781 5493 1996 5549 scilicet

412 5585 650 5675 inmunia,
680 5583 906 5647 invidia,
942 5584 1044 5647 ira,
1077 5581 1289 5646 acedia,
1330 5598 1466 5637 vana
1493 5584 1667 5654 gloria
1704 5596 1867 5656 atque
1901 5603 1997 5641 sn-

414 5672 830 5753 perbia'quibus
857 5676 1069 5747 capitur
1099 5674 1191 5744 qui
1221 5675 1427 5730 ventris
1466 5690 1658 5731 servus
1697 5683 1801 5733 est.
1822 5672 1995 5744 Quam

2016 506 2019 507 ,
2111 458 2249 528 πρὸς
2281 459 2372 512 τὸν
2426 458 2664 527 πλησίον
2719 461 2972 532 σχολάζει
3006 465 3195 535 μῖσος·
3253 466 3331 529 ὼς
3380 467 3579 523 ἀπόντι
3630 470 3719 538 τῷ

2116 551 2439 622 μισουμένῳ
2493 551 2568 623 μὴ
2624 552 3068 627 διαδεικνύμενον
3114 556 3235 611 κατ’
3280 558 3572 629 ἐνέργειαν
3614 555 3719 614 οἷα

2112 642 2181 695 δι’
2216 641 2449 712 ὀργάνου
2476 641 2570 695 τοῦ
2601 642 2877 713 σώματος.

2180 740 2286 788 καθ.
2340 733 2613 805 Ἐσχάρα
2660 736 2935 805 ἄνθραξι,
2985 739 3081 793 καί
3131 742 3290 806 ξύλα
3326 742 3503 809 πυρί·
3544 743 3721 809 ἀνὴρ

2109 824 2177 879 δὲ
2206 825 2506 894 λοίδορος,
2545 828 2631 893 εις
2664 827 2932 897 ταραχὴν
2957 828 3291 902 [διημιίχης.
3328 831 3719 902 Ἐκπυροῦται

2114 918 2213 989 μὲν
2240 919 2453 990 ἐσχάρα
2486 920 2573 974 ἐπ’
2601 920 2890 990 ἀνθράκων
2908 923 3140 993 κειμένη
3162 939 3176 953 ·
3211 924 3307 977 καὶ
3335 922 3515 992 φλόγα
3554 922 3720 991 ἐγεί-

2113 1027 2298 1081 ρουσιν
2336 1010 2600 1066 ὲπιπλέον
2637 1012 2772 1080 πυρὶ
2800 1012 2934 1078 ξύλα
2979 1014 3364 1085 ἐπιτιθέμενα·
3413 1014 3721 1084 ἄνθρωπος

2108 1100 2167 1154 δὲ
2218 1100 2457 1163 ἀπόντας
2511 1099 2721 1164 εἰωθὼς
2767 1100 3104 1166 διαϐάλλειν,
3161 1100 3340 1174 εὑρὼν
3403 1117 3563 1162 τινας
3631 1100 3720 1169 τῷ

2111 1190 2256 1245 κατά
2320 1208 2467 1254 τινος
2523 1191 2677 1262 μίσει
2719 1193 3168 1264 τεταραγμένους
3195 1232 3211 1258 ,
3271 1190 3719 1264 προσεπιτὶθησι

2112 1281 2235 1335 κατ’
2265 1280 2491 1334 ἐκείνων
2521 1280 2806 1346 διαϐολάς·
2838 1283 2933 1336 καὶ
2963 1282 3193 1353 τὴντῶν
3226 1281 3538 1353 μισούντων
3566 1282 3721 1334 κατά

2111 1373 2220 1427 τῶν
2253 1373 2602 1446 μισουμένων
2653 1374 2971 1446 ἐκπύρωσιν
3013 1374 3250 1444 σφοδρὰν
3287 1374 3672 1444 ἑπεργάζεται
3696 1389 3713 1406 ·

2112 1465 2209 1520 καὶ
2250 1466 2343 1519 τὸν
2387 1466 2505 1520 κατ’
2552 1466 2800 1538 ἀλλήλων
2853 1467 3090 1538 πόλεμον
3147 1466 3409 1521 έπιπλέον
3455 1464 3710 1536 ἐγείρει·

2113 1556 2415 1611 κάντεῦθεν
2463 1557 2689 1613 ἀνθότου
2716 1557 2948 1628 ὤφειλεν
2994 1559 3382 1630 είρηνοπιιείν,
3434 1558 3537 1611 καὶ
3582 1558 3715 1623 Tib;

2116 1650 2483 1722 χρηματίζειν
2514 1649 2673 1716 Θεοῦ,
2704 1650 3078 1723 ἀλλοτριοῦται
3116 1651 3274 1707 Θεοῦ.

2186 1741 2293 1813 κβ’.
2334 1742 2509 1812 Λόγοι
2547 1742 2890 1810 κερκώπων,
2933 1744 3238 1812 μαλακοί·
3273 1739 3443 1799 οὗτοι
3490 1743 3570 1798 δὲ
3613 1745 3708 1798 τύ.

2117 1847 2376 1889 πτουσιν
2403 1837 2491 1902 εις
2532 1834 2742 1905 τιιμεῖα
2787 1835 3183 1904 σπλάγχνων.
3234 1834 3317 1889 Τὰ
3345 1837 3575 1907 ῥήματα
3598 1835 3711 1888 τῶν
3884 1824 3885 1919 l

2118 1926 2255 2001 πρὸς
2275 1928 2437 1999 χάριν
2472 1927 2764 1996 λεγόντων,
2823 1928 3174 1999 ἀπήλλακται
3230 1929 3412 2000 πάσης
3461 1928 3704 2000 σκληρό-

2116 2034 2275 2088 τητος
2292 2036 2308 2050 ·
2335 2020 2385 2072 οί
2405 2019 2463 2073 δὲ
2497 2018 2671 2073 ταῦτα
2690 2023 3111 2091 προσφέροντες.
3132 2021 3203 2074 τὰ
3228 2020 3382 2089 δίκην
3407 2018 3695 2092 [ταμιείων]

2117 2107 2487 2175 κεκλεισμένα
2520 2109 2629 2163 τῶν
2661 2110 2987 2179 σπλάγχνων
3013 2112 3334 2180 ὑπανοίγειν
3357 2110 3686 2181 ἐπιχειροῦσι

2117 2197 2252 2264 πρὸς
2290 2198 2643 2271 οίκτιρμούς·
2693 2202 2742 2255 εί
2805 2197 2901 2255 οὖν
2928 2202 2989 2256 τὸ
3030 2202 3170 2272 πρὸς
3213 2204 3375 2274 χάριν
3396 2201 3673 2254 λαλεῑνδιά

2114 2291 2175 2345 τὸ
2202 2294 2544 2364 παρορᾶσθαι
2574 2294 2672 2367 τὴν
2734 2295 2997 2367 ἀλήθειαν
3029 2297 3090 2350 ού
3125 2298 3310 2365 καλὸν,
3349 2298 3509 2352 αἴτιοι
3540 2299 3676 2353 πᾶν·

2117 2398 2226 2445 τως
2251 2384 2299 2435 οἱ
2333 2383 2696 2453 ἄσπλαγχνοι.

2184 2501 2287 2564 κγ’.
2332 2496 2642 2566 Ἀργύριον
2694 2496 3012 2568 διδόμενον
3050 2501 3201 2570 μετὰ
3249 2500 3460 2566 δόλου,
3489 2501 3697 2572 ὥσπερ

2114 2588 2415 2656 ὄστρακον
2454 2589 2733 2658 ἡγητέον.
2801 2591 2860 2665 Ὁ
2911 2592 3231 2663 μεταδιδοὺς
3271 2594 3547 2666 ἀργυρίου
3572 2599 3701 2659 τινὶ,

2114 2678 2340 2733 ἀπατῶν
2367 2681 2496 2743 τοὺς
2521 2679 2789 2751 ὁρῶντας,
2829 2683 2926 2736 καὶ
2955 2683 3048 2737 τὸν
3106 2683 3257 2754 παρά
3281 2688 3495 2740 τούτων
3521 2688 3707 2758 θηρὼ-

2116 2788 2278 2840 μενος
2323 2771 2587 2838 ἔπαινον,
2640 2772 2911 2844 νομιζέτω
2973 2774 3135 2830 τοῦτο
3196 2778 3362 2848 μηδὲν
3413 2778 3705 2848 διαφέρειν

2111 2861 2407 2933 ὀστράκου,
2446 2862 2634 2934 ἐπειδὴ
2700 2864 2777 2935 μὴ
2826 2864 3116 2936 εὐαρεστεῐ
3163 2867 3282 2937 Θεῷ
3312 2868 3403 2923 διὰ
3428 2870 3531 2940 τῆς
3566 2872 3704 2942 πρὶς

2111 2952 2201 3005 τδν
2228 2952 2454 3023 ἀδελφὸν
2511 2952 2667 3023 δίκην
2715 2955 2986 3028 ἀργυρίου
3047 2956 3299 3031 καθαρᾶς
3348 2960 3701 3026 διαθέσεως·

2112 3044 2465 3116 οἰκτίρμονας
2491 3046 2601 3116 γὰρ
2629 3048 2779 3117 ἡμᾶς
2813 3047 3062 3116 γίνεσθαι
3095 3051 3236 3104 κατά
3259 3051 3501 3124 μίμησιν
3524 3053 3702 3120 θείαν,

2110 3136 2139 3187 ό
2173 3135 2329 3203 λόγος
2349 3134 2443 3188 τοῦ
2477 3135 2613 3190 Θεοῦ
2652 3138 2897 3193 ἀπαιτεῖ.

2180 3247 2277 3301 κδ’.
2312 3249 2495 3317 Χείλη
2547 3249 2682 3303 λεῖα
2730 3250 2986 3320 καρδίαν
3038 3251 3331 3308 καλύπτει
3382 3258 3699 3327 λυπηρόν.

2109 3337 2290 3407 Στόμα
2310 3338 2499 3408 λόγους
2525 3342 3042 3414 παραμυθητικοὺς,
3076 3344 3172 3398 καὶ
3195 3345 3475 3416 μηδεμίαν
3494 3366 3705 3419 κεκτη-

2110 3432 2302 3501 μένους
2322 3432 2654 3503 τραχύτητα,
2685 3432 2865 3505 λύπην
2890 3434 3146 3503 ἀφανίζει
3183 3437 3385 3507 ψυχῆς,
3417 3441 3501 3503 είς
3560 3459 3708 3513 παρ-

2108 3522 2337 3594 ηγορίαν
2393 3523 2517 3578 τινὰ
2550 3524 2617 3580 δι’
2648 3526 2829 3579 αὐτῶν
2890 3526 3058 3599 αὐτὴν
3112 3528 3549 3603 έκκαλούμενον,
3614 3538 3711 3588 καὶ

2110 3615 2396 3671 συστέλλον
2425 3616 2487 3671 τὸ
2517 3616 2680 3686 ἄλγος
2705 3617 2893 3690 αὐτῆς.

2178 3725 2417 3779 Χείλεσι
2438 3724 2637 3792 πάντα
2658 3726 2919 3782 ἐπινεύει
2947 3726 3432 3801 ἁποκλαιόμενοξ
3448 3733 3678 3804 ἐχθρός
3691 3752 3707 3765 ·

2104 3817 2175 3871 ἐν
2206 3816 2275 3870 δὲ
2306 3816 2380 3886 τῇ
2403 3817 2619 3886 καρδίᾳ
2659 3821 3030 3876 τεκταίνεται
3067 3821 3313 3888 δόλους.
3351 3826 3485 3890 Τοῖς
3519 3827 3713 3900 λύπην

2105 3911 2284 3983 ψυχῆς
2323 3912 2729 3982 ἀπαγγέλλουσι
2774 3912 2973 3983 λόγοις,
3031 3915 3124 3968 ἐπὶ
3173 3918 3309 3970 πᾶσι
3358 3922 3712 3986 συγκατατί-

2107 4006 2280 4074 θεται,
2304 4007 2380 4072 ὡς
2406 4007 2569 4079 δῆθεν
2591 4008 2929 4079 συμπάσχων
2950 4008 3029 4080 τῷ
3051 4009 3273 4074 τούτους
3300 4015 3710 4086 προσφέροντι,

2105 4100 2135 4153 ὁ
2160 4099 2417 4170 ἀπεχθῶς
2452 4099 2591 4170 πρὸς
2613 4100 2778 4155 αὑτὸν
2799 4100 3146 4172 διακείμενος
3165 4119 3180 4134 ·
3233 4102 3494 4159 ἐντεῦθεν
3525 4106 3593 4160 δὲ
3622 4107 3714 4162 διὰ

2105 4189 2168 4244 τὸ
2189 4189 2325 4261 πρὸς
2348 4188 2719 4260 αὐτδνυμῖσος,
2745 4188 3147 4254 κατασκευάζει
3175 4188 3369 4260 βουλὰς
3393 4192 3457 4243 ὲν
3478 4194 3552 4262 τῇ
3583 4195 3715 4247 ἑαυ-

2104 4279 2198 4334 τοῦ
2226 4279 2371 4352 ψυχῇ
2401 4279 2522 4335 κατ’
2542 4277 2731 4345 αὑτοῦ,
2753 4278 3009 4333 συνωθῶν
3037 4281 3119 4343 είς
3141 4277 3419 4350 βάραθρον
3436 4283 3707 4346 ἀπονοίας

2106 4371 2290 4425 αὐτόν·
2305 4369 2451 4441 ὁγὰρ
2469 4369 2687 4442 ἀληθῶς
2703 4369 2986 4440 συναλγῶν
3001 4370 3080 4439 τῷ
3097 4370 3376 4440 ἀλγοῦντι,
3392 4371 3502 4425 οὐκ
3515 4372 3709 4438 αὔξειν

2105 4463 2166 4515 τὸ
2186 4462 2349 4531 ἄλγος
2372 4460 2564 4526 αὐτοῦ,
2582 4461 2719 4516 ἀλλά
2742 4461 3160 4534 κατακοιμίζειν
3178 4462 3380 4533 μᾶλλον
3400 4464 3713 4539 ἐπιχειρεῖ.

2176 4585 2276 4635 κε’.
2312 4577 2454 4632 Ἐάν
2476 4590 2595 4632 σου
2622 4574 2829 4645 δέηται
2853 4579 2889 4631 ὁ
2908 4576 3122 4647 ἐχθρὸς
3136 4575 3370 4648 μεγάλῃ
3394 4577 3479 4648 τῇ
3500 4578 3717 4648 φωνῇ.

2105 4669 2186 4739 μὴ
2212 4667 2479 4737 ,πεισθῇς
2503 4685 2516 4699 ·
2541 4667 2695 4722 ἑπτὰ
2720 4667 2835 4737 γάρ
2863 4671 2982 4723 εισι
3008 4670 3287 4737 πονηρίαι
3311 4670 3380 4723 ἐν
3408 4669 3492 4738 τῇ
3521 4671 3719 4740 ψυχῇ

2106 4759 2313 4815 αὐτοῦ.
2347 4759 2568 4829 Είπερὸ
2599 4756 2781 4822 κοινὸς
2830 4757 3052 4812 πάντων
3098 4757 3314 4829 ἐχθρὸς,
3366 4758 3720 4815 ὲκκαλεῖταξ

2107 4871 2167 4908 σε
2192 4853 2329 4924 πρὸς
2361 4850 2685 4922 συνέργειαν
2715 4850 2812 4904 τοῦ
2843 4851 2902 4905 ὲν
2948 4851 3081 4919 ἡμῖν
3116 4849 3466 4921 βουλήματος
3500 4854 3719 4918 αὐτοῦ,

2103 4946 2203 5017 τὴν
2236 4944 2430 4999 ἑαυτοῦ
2462 4942 2784 5016 μεγαλύνων
2821 4942 3190 5013 παράκλησιν,
3223 4942 3305 5013 τῷ
3340 4959 3400 4996 τε
3444 4944 3554 5016 τῆς
3590 4947 3725 5017 ἠδο-

2104 5041 2201 5111 νῆς
2228 5038 2543 5109 δελεάματι,
2574 5036 2671 5090 καὶ
2703 5034 2784 5106 τῷ
2800 5034 2897 5105 τῆς
2921 5033 3113 5104 ὀδύνης
3141 5034 3314 5107 φόϐῳ,
3339 5034 3493 5090 ὥστε
3530 5043 3722 5110 ποιῆ-

2107 5133 2197 5188 σαί
2238 5147 2321 5185 σοι
2348 5130 2518 5202 αὐτὴν
2546 5128 2840 5199 ἀκουστὴν,
2877 5125 2953 5200 μὴ
2972 5126 3107 5198 γένῃ
3123 5126 3298 5198 τούτῳ
3320 5131 3721 5202 καταπειθὴς,

2103 5224 2316 5295 τρυφᾷν
2346 5218 2725 5290 ὑποτιθεμένῳ
2764 5234 2868 5283 σοι,
2920 5217 3009 5272 διὰ
3037 5216 3099 5270 τὸ
3128 5217 3451 5287 εὐφραίνειν
3494 5223 3611 5274 καὶ
3641 5223 3729 5274 h-

2105 5315 2320 5368 παίνειν
2355 5311 2455 5381 τὴν
2485 5310 2662 5381 σάρκα
2684 5326 2698 5341 ·
2756 5310 2834 5372 ὡς
2898 5309 2973 5380 μὴ
3034 5305 3175 5363 εἶναι
3206 5309 3371 5378 δῆθεν
3417 5310 3616 5383 αὐτὴν
3654 5317 3728 5385 τῇ

2105 5405 2282 5477 φθορᾷ
2315 5405 2409 5457 καὶ
2438 5405 2505 5473 τῇ
2534 5401 2655 5456 κατ’
2685 5400 2855 5472 αὐτὴν
2885 5399 3049 5472 ὀδύνῃ
3073 5401 3500 5472 εὐεπιχείρητον
3520 5420 3536 5436 ·
3569 5406 3733 5460 ἑπτὰ

2104 5499 2212 5568 γάρ
2239 5499 2378 5550 εἰσιν
2398 5497 2453 5550 αἱ
2481 5496 2568 5549 διὰ
2589 5494 2693 5565 τῆς
2729 5495 3177 5565 γαστριμαργίας
3202 5496 3343 5547 κατά
3362 5497 3589 5561 παντὸς
3626 5500 3736 5554 τοῦ

2106 5588 2439 5659 φιλοσάρκου
2502 5588 2870 5657 πονηρόταται
2926 5584 3120 5638 τούτου
3171 5585 3504 5643 ὲπιὸουλαί·
3539 5593 3589 5663 ἡ
3626 5593 3737 5661 τῖες

2108 5677 2382 5749 πορνείας,
2425 5679 2458 5748 ἡ
2493 5677 2587 5747 τῆς
2620 5676 2819 5748 λύπης,
2842 5677 2875 5744 ὴ
2899 5675 2997 5747 τῆς
3025 5675 3213 5747 ὀργῆς.
3244 5678 3278 5749 ἡ
3309 5678 3415 5749 τῆς
3440 5682 3736 5754 ἀκηδὴς.
