  <div class='ocr_page' id='page_1' title='image "/cluster/home/n/w/nwhite01/storage/ocr_20150623/87:1/hvd.32044073502353/750.png"; bbox 0 0 3904 6200; ppageno 0'>
   <div class='ocr_carea' id='block_1_1' title="bbox 190 286 3513 400">
    <p class='ocr_par' dir='ltr' id='par_1_1' title="bbox 190 286 3513 400">
     <span class='ocr_line' id='line_1_1' title="bbox 190 286 3513 400; baseline 0.002 -6"><span class='ocrx_word' id='word_1_1' title='bbox 190 338 195 343; x_wconf 52' lang='grc'>⁴</span> <span class='ocrx_word' id='word_1_2' title='bbox 251 326 383 394; x_wconf 65' lang='grc'><strong>1489</strong></span> <span class='ocrx_word' id='word_1_3' title='bbox 1223 333 1761 397; x_wconf 75' lang='lat' dir='ltr'><strong>COMMENTARII</strong></span> <span class='ocrx_word' id='word_1_4' title='bbox 1810 329 1899 394; x_wconf 84' lang='lat' dir='ltr'><strong>IN‘</strong></span> <span class='ocrx_word' id='word_1_5' title='bbox 1921 332 2386 396; x_wconf 75' lang='lat' dir='ltr'><strong>PROVERBIA.</strong></span> <span class='ocrx_word' id='word_1_6' title='bbox 3376 286 3513 400; x_wconf 63' lang='grc' dir='ltr'>ιιθο</span> 
     </span>
    </p>
   </div>
   <div class='ocr_carea' id='block_1_2' title="bbox 244 432 1844 522">
    <p class='ocr_par' dir='ltr' id='par_1_2' title="bbox 244 443 1826 522">
     <span class='ocr_line' id='line_1_2' title="bbox 244 443 1826 522; baseline -0.013 -5"><span class='ocrx_word' id='word_1_7' title='bbox 244 447 278 516; x_wconf 69' lang='grc' dir='ltr'>ἢ</span> <span class='ocrx_word' id='word_1_8' title='bbox 309 445 409 516; x_wconf 72' lang='grc' dir='ltr'><strong>τῆς</strong></span> <span class='ocrx_word' id='word_1_9' title='bbox 438 445 763 511; x_wconf 72' lang='grc' dir='ltr'><strong>κενοδοξίας,</strong></span> <span class='ocrx_word' id='word_1_10' title='bbox 791 447 883 500; x_wconf 73' lang='grc' dir='ltr'><strong>καὶ</strong></span> <span class='ocrx_word' id='word_1_11' title='bbox 907 448 939 518; x_wconf 80' lang='grc' dir='ltr'>ἡ</span> <span class='ocrx_word' id='word_1_12' title='bbox 966 448 1066 520; x_wconf 82' lang='grc' dir='ltr'><strong>τῆς</strong></span> <span class='ocrx_word' id='word_1_13' title='bbox 1105 449 1509 522; x_wconf 80' lang='grc' dir='ltr'>ὑπερηφανίας,</span> <span class='ocrx_word' id='word_1_14' title='bbox 1544 443 1632 512; x_wconf 72' lang='grc' dir='ltr'>αἷς</span> <span class='ocrx_word' id='word_1_15' title='bbox 1666 462 1826 517; x_wconf 82' lang='grc' dir='ltr'>περι-</span> 
     </span>
    </p>
   </div>
   <div class='ocr_carea' id='block_1_3' title="bbox 1959 432 3513 522">
    <p class='ocr_par' dir='ltr' id='par_1_3' title="bbox 1959 446 3513 520">
     <span class='ocr_line' id='line_1_3' title="bbox 1959 446 3513 520; baseline 0.001 -19"><span class='ocrx_word' id='word_1_16' title='bbox 1959 446 2229 518; x_wconf 75' lang='lat' dir='ltr'><strong>ngluviem</strong></span> <span class='ocrx_word' id='word_1_17' title='bbox 2258 449 2353 520; x_wconf 91' lang='lat' dir='ltr'><strong>qui</strong></span> <span class='ocrx_word' id='word_1_18' title='bbox 2383 447 2623 519; x_wconf 74' lang='lat' dir='ltr'><strong>poluerit</strong></span> <span class='ocrx_word' id='word_1_19' title='bbox 2655 463 2925 517; x_wconf 80' lang='lat' dir='ltr'><strong>resecare,</strong></span> <span class='ocrx_word' id='word_1_20' title='bbox 2954 448 3119 505; x_wconf 82' lang='lat' dir='ltr'><strong>simul</strong></span> <span class='ocrx_word' id='word_1_21' title='bbox 3143 446 3354 505; x_wconf 77' lang='lat' dir='ltr'><strong>auferet</strong></span> <span class='ocrx_word' id='word_1_22' title='bbox 3380 464 3513 520; x_wconf 80' lang='lat' dir='ltr'><strong>pas-</strong></span> 
     </span>
    </p>
   </div>
   <div class='ocr_carea' id='block_1_4' title="bbox 247 535 1844 615">
    <p class='ocr_par' dir='ltr' id='par_1_4' title="bbox 247 538 1826 615">
     <span class='ocr_line' id='line_1_4' title="bbox 247 538 1826 615; baseline 0.002 -26"><span class='ocrx_word' id='word_1_23' title='bbox 247 539 423 600; x_wconf 82' lang='grc' dir='ltr'>πεσεῐ,</span> <span class='ocrx_word' id='word_1_24' title='bbox 448 538 666 602; x_wconf 78' lang='grc' dir='ltr'>πάντως</span> <span class='ocrx_word' id='word_1_25' title='bbox 717 540 1157 613; x_wconf 77' lang='grc' dir='ltr'>καταδεξάμενος</span> <span class='ocrx_word' id='word_1_26' title='bbox 1205 542 1307 614; x_wconf 83' lang='grc' dir='ltr'>τὴν</span> <span class='ocrx_word' id='word_1_27' title='bbox 1380 539 1826 615; x_wconf 81' lang='grc' dir='ltr'><strong>γαστριμαργίαν</strong></span> 
     </span>
    </p>
   </div>
   <div class='ocr_carea' id='block_1_5' title="bbox 1959 535 2454 615">
    <p class='ocr_par' dir='ltr' id='par_1_5' title="bbox 1959 535 2454 609">
     <span class='ocr_line' id='line_1_5' title="bbox 1959 535 2454 609; baseline 0.014 -21"><span class='ocrx_word' id='word_1_28' title='bbox 1959 535 2119 594; x_wconf 89' lang='lat' dir='ltr'><strong>.iones</strong></span> <span class='ocrx_word' id='word_1_29' title='bbox 2141 539 2265 609; x_wconf 86' lang='lat' dir='ltr'><strong>ejus</strong></span> <span class='ocrx_word' id='word_1_30' title='bbox 2295 540 2454 597; x_wconf 75' lang='lat' dir='ltr'><strong>tilias.</strong></span> 
     </span>
    </p>
   </div>
   <div class='ocr_carea' id='block_1_6' title="bbox 243 631 3293 711">
    <p class='ocr_par' dir='ltr' id='par_1_6' title="bbox 243 631 3293 711">
     <span class='ocr_line' id='line_1_6' title="bbox 243 631 3293 711; baseline 0.001 -26"><span class='ocrx_word' id='word_1_31' title='bbox 243 633 321 698; x_wconf 83' lang='grc' dir='ltr'>ὡς</span> <span class='ocrx_word' id='word_1_32' title='bbox 349 632 605 703; x_wconf 84' lang='grc' dir='ltr'>φίλαυτος</span> <span class='ocrx_word' id='word_1_33' title='bbox 624 650 641 667; x_wconf 76' lang='grc' dir='ltr'><strong><em>ο</em></strong></span> <span class='ocrx_word' id='word_1_34' title='bbox 671 635 721 689; x_wconf 90' lang='grc' dir='ltr'><strong>εί</strong></span> <span class='ocrx_word' id='word_1_35' title='bbox 743 634 800 690; x_wconf 75' lang='grc' dir='ltr'>δὲ</span> <span class='ocrx_word' id='word_1_36' title='bbox 826 636 1028 709; x_wconf 85' lang='grc' dir='ltr'>ταύτην</span> <span class='ocrx_word' id='word_1_37' title='bbox 1061 637 1294 711; x_wconf 77' lang='grc' dir='ltr'><strong>δυνηθῇς</strong></span> <span class='ocrx_word' id='word_1_38' title='bbox 1325 639 1554 705; x_wconf 81' lang='grc' dir='ltr'><strong>ἀνελεῖν,</strong></span> <span class='ocrx_word' id='word_1_39' title='bbox 1583 633 1897 695; x_wconf 77' lang='grc' dir='ltr'>συνανεϊλες</span> <span class='ocrx_word' id='word_1_40' title='bbox 1928 631 2069 703; x_wconf 76' lang='grc' dir='ltr'>αὐτῇ</span> <span class='ocrx_word' id='word_1_41' title='bbox 2102 634 2196 687; x_wconf 71' lang='grc' dir='ltr'>καὶ</span> <span class='ocrx_word' id='word_1_42' title='bbox 2226 633 2295 689; x_wconf 77' lang='grc' dir='ltr'><strong>τά</strong></span> <span class='ocrx_word' id='word_1_43' title='bbox 2327 634 2396 690; x_wconf 84' lang='grc' dir='ltr'><strong>δι’</strong></span> <span class='ocrx_word' id='word_1_44' title='bbox 2427 634 2599 707; x_wconf 79' lang='grc' dir='ltr'>αὐτὴν</span> <span class='ocrx_word' id='word_1_45' title='bbox 2631 632 3092 705; x_wconf 76' lang='grc' dir='ltr'><strong>παρυφιστάμενα</strong></span> <span class='ocrx_word' id='word_1_46' title='bbox 3122 632 3293 704; x_wconf 82' lang='grc' dir='ltr'>πάθη.</span> 
     </span>
    </p>
   </div>
   <div class='ocr_carea' id='block_1_7' title="bbox 318 727 1844 803">
    <p class='ocr_par' dir='ltr' id='par_1_7' title="bbox 318 728 1826 803">
     <span class='ocr_line' id='line_1_7' title="bbox 318 728 1826 803; baseline 0.004 -22"><span class='ocrx_word' id='word_1_47' title='bbox 318 734 434 793; x_wconf 80' lang='grc' dir='ltr'>κς’.</span> <span class='ocrx_word' id='word_1_48' title='bbox 483 728 538 782; x_wconf 86' lang='lat'><strong>&#39;0</strong></span> <span class='ocrx_word' id='word_1_49' title='bbox 574 730 855 800; x_wconf 73' lang='grc' dir='ltr'>κρύπτων</span> <span class='ocrx_word' id='word_1_50' title='bbox 912 732 1158 803; x_wconf 72' lang='grc' dir='ltr'>ἔχθραν,</span> <span class='ocrx_word' id='word_1_51' title='bbox 1214 734 1553 803; x_wconf 82' lang='grc' dir='ltr'><strong>συνίστησι</strong></span> <span class='ocrx_word' id='word_1_52' title='bbox 1605 734 1826 788; x_wconf 70' lang='grc' dir='ltr'>δόλον*</span> 
     </span>
    </p>
   </div>
   <div class='ocr_carea' id='block_1_8' title="bbox 1959 727 3516 803">
    <p class='ocr_par' dir='ltr' id='par_1_8' title="bbox 2008 727 3516 797">
     <span class='ocr_line' id='line_1_8' title="bbox 2008 727 3516 797; baseline -0.001 -15"><span class='ocrx_word' id='word_1_53' title='bbox 2008 727 2180 785; x_wconf 75' lang='lat' dir='ltr'><strong>Vens.</strong></span> <span class='ocrx_word' id='word_1_54' title='bbox 2211 731 2305 787; x_wconf 76' lang='grc'>26.</span> <span class='ocrx_word' id='word_1_55' title='bbox 2342 730 2446 797; x_wconf 85' lang='lat' dir='ltr'><strong><em>Qui</em></strong></span> <span class='ocrx_word' id='word_1_56' title='bbox 2470 733 2701 787; x_wconf 79' lang='lat' dir='ltr'><strong>occultat</strong></span> <span class='ocrx_word' id='word_1_57' title='bbox 2743 729 3108 794; x_wconf 73' lang='lat' dir='ltr'><strong>inimicitiam,</strong></span> <span class='ocrx_word' id='word_1_58' title='bbox 3155 729 3315 783; x_wconf 82' lang='lat' dir='ltr'><strong>nectit</strong></span> <span class='ocrx_word' id='word_1_59' title='bbox 3340 727 3516 793; x_wconf 82' lang='lat' dir='ltr'><strong>dolos,</strong></span> 
     </span>
    </p>
   </div>
   <div class='ocr_carea' id='block_1_9' title="bbox 252 820 1844 899">
    <p class='ocr_par' dir='ltr' id='par_1_9' title="bbox 252 820 1832 899">
     <span class='ocr_line' id='line_1_9' title="bbox 252 820 1832 899; baseline 0.004 -26"><span class='ocrx_word' id='word_1_60' title='bbox 252 820 614 877; x_wconf 72' lang='grc' dir='ltr'>ἐκκαλύπτει</span> <span class='ocrx_word' id='word_1_61' title='bbox 641 821 710 877; x_wconf 71' lang='grc' dir='ltr'>δὲ</span> <span class='ocrx_word' id='word_1_62' title='bbox 736 825 841 890; x_wconf 83' lang='grc' dir='ltr'>τὰς</span> <span class='ocrx_word' id='word_1_63' title='bbox 872 823 1115 881; x_wconf 79' lang='grc' dir='ltr'><strong>ἑαυτοῦ·</strong></span> <span class='ocrx_word' id='word_1_64' title='bbox 1137 827 1455 898; x_wconf 73' lang='grc' dir='ltr'>ἁμαρτίας,</span> <span class='ocrx_word' id='word_1_65' title='bbox 1489 828 1832 899; x_wconf 82' lang='grc' dir='ltr'>εὖγνωστος</span> 
     </span>
    </p>
   </div>
   <div class='ocr_carea' id='block_1_10' title="bbox 1959 820 3515 899">
    <p class='ocr_par' dir='ltr' id='par_1_10' title="bbox 1959 821 3515 894">
     <span class='ocr_line' id='line_1_10' title="bbox 1959 821 3515 894; baseline -0.002 -14"><span class='ocrx_word' id='word_1_66' title='bbox 1959 825 2134 880; x_wconf 74' lang='lat' dir='ltr'><strong>&#39;evelat</strong></span> <span class='ocrx_word' id='word_1_67' title='bbox 2163 834 2340 880; x_wconf 88' lang='lat' dir='ltr'><strong>autem</strong></span> <span class='ocrx_word' id='word_1_68' title='bbox 2367 841 2466 879; x_wconf 86' lang='lat' dir='ltr'><strong>sua</strong></span> <span class='ocrx_word' id='word_1_69' title='bbox 2523 832 2739 894; x_wconf 82' lang='lat' dir='ltr'><strong>peccata</strong></span> <span class='ocrx_word' id='word_1_70' title='bbox 2776 823 2900 878; x_wconf 82' lang='lat' dir='ltr'><strong>bene</strong></span> <span class='ocrx_word' id='word_1_71' title='bbox 2953 831 3111 877; x_wconf 77' lang='lat' dir='ltr'><strong>notus</strong></span> <span class='ocrx_word' id='word_1_72' title='bbox 3160 822 3218 875; x_wconf 91' lang='lat' dir='ltr'><strong>in</strong></span> <span class='ocrx_word' id='word_1_73' title='bbox 3266 821 3515 877; x_wconf 82' lang='lat' dir='ltr'><strong>concilio.</strong></span> 
     </span>
    </p>
   </div>
   <div class='ocr_carea' id='block_1_11' title="bbox 253 912 1844 992">
    <p class='ocr_par' dir='ltr' id='par_1_11' title="bbox 253 912 1833 992">
     <span class='ocr_line' id='line_1_11' title="bbox 253 912 1833 992; baseline 0.01 -26"><span class='ocrx_word' id='word_1_74' title='bbox 253 912 324 966; x_wconf 81' lang='grc' dir='ltr'>ἐν</span> <span class='ocrx_word' id='word_1_75' title='bbox 355 913 671 984; x_wconf 82' lang='grc' dir='ltr'>συνεδρίῳ.</span> <span class='ocrx_word' id='word_1_76' title='bbox 719 912 778 971; x_wconf 83' lang='grc'><strong>’0</strong></span> <span class='ocrx_word' id='word_1_77' title='bbox 836 915 1130 973; x_wconf 79' lang='grc' dir='ltr'><strong>καλύπτων</strong></span> <span class='ocrx_word' id='word_1_78' title='bbox 1170 919 1231 974; x_wconf 82' lang='grc' dir='ltr'>τὸ</span> <span class='ocrx_word' id='word_1_79' title='bbox 1272 920 1470 975; x_wconf 83' lang='grc' dir='ltr'>ἑαυτοῦ</span> <span class='ocrx_word' id='word_1_80' title='bbox 1510 920 1647 992; x_wconf 81' lang='grc' dir='ltr'>πρός</span> <span class='ocrx_word' id='word_1_81' title='bbox 1681 935 1833 982; x_wconf 80' lang='grc' dir='ltr'>τινας</span> 
     </span>
    </p>
   </div>
   <div class='ocr_carea' id='block_1_12' title="bbox 1959 912 3517 992">
    <p class='ocr_par' dir='ltr' id='par_1_12' title="bbox 1959 914 3517 988">
     <span class='ocr_line' id='line_1_12' title="bbox 1959 914 3517 988; baseline -0.003 -16"><span class='ocrx_word' id='word_1_82' title='bbox 1959 920 2042 987; x_wconf 58' lang='lat' dir='ltr'><strong>lui</strong></span> <span class='ocrx_word' id='word_1_83' title='bbox 2070 935 2230 974; x_wconf 90' lang='lat' dir='ltr'><strong>suum</strong></span> <span class='ocrx_word' id='word_1_84' title='bbox 2256 918 2447 974; x_wconf 88' lang='lat' dir='ltr'><strong>odium</strong></span> <span class='ocrx_word' id='word_1_85' title='bbox 2472 932 2601 988; x_wconf 75' lang='lat' dir='ltr'><strong>erga</strong></span> <span class='ocrx_word' id='word_1_86' title='bbox 2642 916 2933 972; x_wconf 90' lang='lat' dir='ltr'><strong>inimicum</strong></span> <span class='ocrx_word' id='word_1_87' title='bbox 2963 915 3211 972; x_wconf 87' lang='lat' dir='ltr'><strong>occultat</strong></span> <span class='ocrx_word' id='word_1_88' title='bbox 3235 921 3395 985; x_wconf 87' lang='lat' dir='ltr'><strong>parat</strong></span> <span class='ocrx_word' id='word_1_89' title='bbox 3426 914 3517 968; x_wconf 82' lang='lat' dir='ltr'><strong>in-</strong></span> 
     </span>
    </p>
   </div>
   <div class='ocr_carea' id='block_1_13' title="bbox 253 992 1844 1084">
    <p class='ocr_par' dir='ltr' id='par_1_13' title="bbox 253 1005 1834 1084">
     <span class='ocr_line' id='line_1_13' title="bbox 253 1005 1834 1084; baseline 0.004 -28"><span class='ocrx_word' id='word_1_90' title='bbox 253 1005 431 1073; x_wconf 81' lang='grc' dir='ltr'>μῖσος,</span> <span class='ocrx_word' id='word_1_91' title='bbox 462 1005 584 1060; x_wconf 80' lang='grc' dir='ltr'>κατ’</span> <span class='ocrx_word' id='word_1_92' title='bbox 613 1005 794 1062; x_wconf 85' lang='grc' dir='ltr'>αὐτῶν</span> <span class='ocrx_word' id='word_1_93' title='bbox 856 1007 1185 1075; x_wconf 79' lang='grc' dir='ltr'>συσκευάζει</span> <span class='ocrx_word' id='word_1_94' title='bbox 1227 1010 1523 1084; x_wconf 83' lang='grc' dir='ltr'>ἐπιϐουλήν</span> <span class='ocrx_word' id='word_1_95' title='bbox 1542 1028 1557 1044; x_wconf 87' lang='grc'><strong>·</strong></span> <span class='ocrx_word' id='word_1_96' title='bbox 1612 1011 1706 1065; x_wconf 75' lang='grc' dir='ltr'>καὶ</span> <span class='ocrx_word' id='word_1_97' title='bbox 1738 1010 1834 1064; x_wconf 80' lang='grc' dir='ltr'><strong>κέ-</strong></span> 
     </span>
    </p>
   </div>
   <div class='ocr_carea' id='block_1_14' title="bbox 1959 992 3565 1084">
    <p class='ocr_par' dir='ltr' id='par_1_14' title="bbox 1959 992 3565 1078">
     <span class='ocr_line' id='line_1_14' title="bbox 1959 992 3565 1078; baseline -0.003 -14"><span class='ocrx_word' id='word_1_98' title='bbox 1959 1010 2108 1066; x_wconf 59' lang='grc' dir='ltr'>ιὶἀίοε</span> <span class='ocrx_word' id='word_1_99' title='bbox 2130 1009 2398 1065; x_wconf 89' lang='lat' dir='ltr'><strong>adversus</strong></span> <span class='ocrx_word' id='word_1_100' title='bbox 2420 1024 2567 1077; x_wconf 90' lang='lat' dir='ltr'><strong>eum,</strong></span> <span class='ocrx_word' id='word_1_101' title='bbox 2582 1007 2815 1078; x_wconf 84' lang='lat' dir='ltr'><strong>ideoque</strong></span> <span class='ocrx_word' id='word_1_102' title='bbox 2836 1006 3149 1069; x_wconf 70' lang='lat' dir='ltr'><strong>abscondit,</strong></span> <span class='ocrx_word' id='word_1_103' title='bbox 3174 992 3249 1061; x_wconf 88' lang='lat' dir='ltr'><strong>ne</strong></span> <span class='ocrx_word' id='word_1_104' title='bbox 3269 1005 3520 1061; x_wconf 88' lang='lat' dir='ltr'><strong>detectus</strong></span> <span class='ocrx_word' id='word_1_105' title='bbox 3560 1034 3565 1039; x_wconf 81' lang='lat'><strong>~</strong></span> 
     </span>
    </p>
   </div>
   <div class='ocr_carea' id='block_1_15' title="bbox 250 1088 1844 1175">
    <p class='ocr_par' dir='ltr' id='par_1_15' title="bbox 250 1096 1835 1173">
     <span class='ocr_line' id='line_1_15' title="bbox 250 1096 1835 1173; baseline 0.004 -26"><span class='ocrx_word' id='word_1_106' title='bbox 250 1110 510 1162; x_wconf 83' lang='grc' dir='ltr'>κρυπται,</span> <span class='ocrx_word' id='word_1_107' title='bbox 534 1096 624 1151; x_wconf 77' lang='grc' dir='ltr'>ἵνα</span> <span class='ocrx_word' id='word_1_108' title='bbox 655 1097 732 1169; x_wconf 80' lang='grc' dir='ltr'>μὴ</span> <span class='ocrx_word' id='word_1_109' title='bbox 755 1099 1087 1173; x_wconf 83' lang='grc' dir='ltr'>ἀπρακτήσῃ</span> <span class='ocrx_word' id='word_1_110' title='bbox 1129 1101 1488 1171; x_wconf 88' lang='grc' dir='ltr'>διαγνωσθείς</span> <span class='ocrx_word' id='word_1_111' title='bbox 1507 1118 1523 1135; x_wconf 89' lang='grc'><strong>·</strong></span> <span class='ocrx_word' id='word_1_112' title='bbox 1559 1100 1835 1156; x_wconf 75' lang='grc' dir='ltr'>ἀνακαλύ-</span> 
     </span>
    </p>
   </div>
   <div class='ocr_carea' id='block_1_16' title="bbox 1959 1088 3559 1175">
    <p class='ocr_par' dir='ltr' id='par_1_16' title="bbox 1959 1088 3559 1175">
     <span class='ocr_line' id='line_1_16' title="bbox 1959 1088 3559 1175; baseline -0.004 -17"><span class='ocrx_word' id='word_1_113' title='bbox 1959 1104 2079 1160; x_wconf 79' lang='grc' dir='ltr'><strong>ιίιιίι</strong></span> <span class='ocrx_word' id='word_1_114' title='bbox 2112 1102 2389 1175; x_wconf 86' lang='lat' dir='ltr'><strong>proliciat.</strong></span> <span class='ocrx_word' id='word_1_115' title='bbox 2421 1101 2515 1158; x_wconf 91' lang='lat' dir='ltr'><strong>llle</strong></span> <span class='ocrx_word' id='word_1_116' title='bbox 2543 1107 2728 1155; x_wconf 88' lang='lat' dir='ltr'><strong>autem</strong></span> <span class='ocrx_word' id='word_1_117' title='bbox 2760 1114 2860 1155; x_wconf 88' lang='lat' dir='ltr'><strong>sua</strong></span> <span class='ocrx_word' id='word_1_118' title='bbox 2921 1106 3146 1170; x_wconf 87' lang='lat' dir='ltr'><strong>peccata</strong></span> <span class='ocrx_word' id='word_1_119' title='bbox 3195 1097 3517 1160; x_wconf 79' lang='lat' dir='ltr'><strong>confitetur.</strong></span> <span class='ocrx_word' id='word_1_120' title='bbox 3551 1088 3559 1096; x_wconf 80' lang='grc'><em>’</em></span> 
     </span>
    </p>
   </div>
   <div class='ocr_carea' id='block_1_17' title="bbox 132 1187 1844 1265">
    <p class='ocr_par' dir='ltr' id='par_1_17' title="bbox 132 1187 1837 1265">
     <span class='ocr_line' id='line_1_17' title="bbox 132 1187 1837 1265; baseline 0.005 -27"><span class='ocrx_word' id='word_1_121' title='bbox 132 1257 139 1265; x_wconf 32' lang='grc'><strong><em>⁸</em></strong></span> <span class='ocrx_word' id='word_1_122' title='bbox 250 1202 375 1240; x_wconf 85' lang='grc' dir='ltr'>πτει</span> <span class='ocrx_word' id='word_1_123' title='bbox 419 1187 475 1242; x_wconf 84' lang='grc' dir='ltr'><strong>δέ</strong></span> <span class='ocrx_word' id='word_1_124' title='bbox 530 1188 599 1243; x_wconf 82' lang='grc' dir='ltr'><strong>τά</strong></span> <span class='ocrx_word' id='word_1_125' title='bbox 657 1191 851 1245; x_wconf 75' lang='grc' dir='ltr'>ἑαυτοῦ</span> <span class='ocrx_word' id='word_1_126' title='bbox 900 1192 1329 1265; x_wconf 82' lang='grc' dir='ltr'>παραπτώματα</span> <span class='ocrx_word' id='word_1_127' title='bbox 1369 1197 1398 1248; x_wconf 85' lang='grc' dir='ltr'>ὁ</span> <span class='ocrx_word' id='word_1_128' title='bbox 1438 1195 1497 1247; x_wconf 80' lang='grc' dir='ltr'><strong>ἐν</strong></span> <span class='ocrx_word' id='word_1_129' title='bbox 1525 1192 1837 1248; x_wconf 85' lang='grc' dir='ltr'>συνελεύσει</span> 
     </span>
    </p>
   </div>
   <div class='ocr_carea' id='block_1_18' title="bbox 1959 1187 3521 1265">
    <p class='ocr_par' dir='ltr' id='par_1_18' title="bbox 1959 1189 3521 1265">
     <span class='ocr_line' id='line_1_18' title="bbox 1959 1189 3521 1265; baseline -0.002 -22"><span class='ocrx_word' id='word_1_130' title='bbox 1959 1192 2033 1263; x_wconf 78' lang='grc' dir='ltr'><strong>ιιιί</strong></span> <span class='ocrx_word' id='word_1_131' title='bbox 2064 1190 2210 1265; x_wconf 87' lang='lat' dir='ltr'><strong>intra</strong></span> <span class='ocrx_word' id='word_1_132' title='bbox 2240 1192 2486 1247; x_wconf 89' lang='lat' dir='ltr'><strong>virorum</strong></span> <span class='ocrx_word' id='word_1_133' title='bbox 2515 1190 2815 1246; x_wconf 85' lang='lat' dir='ltr'><strong>illustrium</strong></span> <span class='ocrx_word' id='word_1_134' title='bbox 2849 1189 3153 1245; x_wconf 86' lang='lat' dir='ltr'><strong>concilium</strong></span> <span class='ocrx_word' id='word_1_135' title='bbox 3180 1189 3390 1258; x_wconf 89' lang='lat' dir='ltr'><strong>optime</strong></span> <span class='ocrx_word' id='word_1_136' title='bbox 3419 1201 3521 1241; x_wconf 87' lang='lat' dir='ltr'><strong>no-</strong></span> 
     </span>
    </p>
   </div>
   <div class='ocr_carea' id='block_1_19' title="bbox 249 1277 1837 1356">
    <p class='ocr_par' dir='ltr' id='par_1_19' title="bbox 249 1277 1837 1356">
     <span class='ocr_line' id='line_1_19' title="bbox 249 1277 1837 1356; baseline 0.006 -26"><span class='ocrx_word' id='word_1_137' title='bbox 249 1277 520 1351; x_wconf 75' lang='grc' dir='ltr'>διαφόρων</span> <span class='ocrx_word' id='word_1_138' title='bbox 552 1281 764 1353; x_wconf 87' lang='grc' dir='ltr'>ἀνδρῶν</span> <span class='ocrx_word' id='word_1_139' title='bbox 812 1283 1215 1353; x_wconf 81' lang='grc' dir='ltr'>εύδιάγνωστος</span> <span class='ocrx_word' id='word_1_140' title='bbox 1242 1303 1256 1319; x_wconf 74' lang='grc' dir='ltr'><strong>ο</strong></span> <span class='ocrx_word' id='word_1_141' title='bbox 1315 1284 1392 1349; x_wconf 82' lang='grc' dir='ltr'>ὡς</span> <span class='ocrx_word' id='word_1_142' title='bbox 1427 1284 1504 1356; x_wconf 80' lang='grc' dir='ltr'>μὴ</span> <span class='ocrx_word' id='word_1_143' title='bbox 1532 1285 1837 1355; x_wconf 84' lang='grc' dir='ltr'>δυνάμενος</span> 
     </span>
    </p>
   </div>
   <div class='ocr_carea' id='block_1_20' title="bbox 251 1371 1836 1446">
    <p class='ocr_par' dir='ltr' id='par_1_20' title="bbox 251 1371 1836 1446">
     <span class='ocr_line' id='line_1_20' title="bbox 251 1371 1836 1446; baseline 0.005 -23"><span class='ocrx_word' id='word_1_144' title='bbox 251 1371 461 1435; x_wconf 82' lang='grc' dir='ltr'>πάντας</span> <span class='ocrx_word' id='word_1_145' title='bbox 493 1372 821 1445; x_wconf 78' lang='grc' dir='ltr'><strong>ἀπελέγχειν</strong></span> <span class='ocrx_word' id='word_1_146' title='bbox 845 1374 1109 1446; x_wconf 77' lang='grc' dir='ltr'><strong>ψεύστας,</strong></span> <span class='ocrx_word' id='word_1_147' title='bbox 1142 1377 1235 1432; x_wconf 73' lang='grc' dir='ltr'>καὶ</span> <span class='ocrx_word' id='word_1_148' title='bbox 1273 1377 1589 1443; x_wconf 79' lang='grc' dir='ltr'>συσκιάζειν</span> <span class='ocrx_word' id='word_1_149' title='bbox 1615 1376 1684 1431; x_wconf 86' lang='grc' dir='ltr'><strong>τὰ</strong></span> <span class='ocrx_word' id='word_1_150' title='bbox 1710 1374 1836 1432; x_wconf 89' lang='grc' dir='ltr'>τού-</span> 
     </span>
    </p>
   </div>
   <div class='ocr_carea' id='block_1_21' title="bbox 250 1464 702 1537">
    <p class='ocr_par' dir='ltr' id='par_1_21' title="bbox 250 1464 702 1537">
     <span class='ocr_line' id='line_1_21' title="bbox 250 1464 702 1537; baseline 0.013 -22"><span class='ocrx_word' id='word_1_151' title='bbox 250 1480 364 1528; x_wconf 83' lang='grc' dir='ltr'><strong>τοις</strong></span> <span class='ocrx_word' id='word_1_152' title='bbox 398 1464 702 1537; x_wconf 77' lang='grc' dir='ltr'>κατάδηλα.</span> 
     </span>
    </p>
   </div>
   <div class='ocr_carea' id='block_1_22' title="bbox 323 1553 1840 1631">
    <p class='ocr_par' dir='ltr' id='par_1_22' title="bbox 323 1553 1840 1631">
     <span class='ocr_line' id='line_1_22' title="bbox 323 1553 1840 1631; baseline 0.001 -19"><span class='ocrx_word' id='word_1_153' title='bbox 323 1553 427 1621; x_wconf 60' lang='grc' dir='ltr'>κξ.</span> <span class='ocrx_word' id='word_1_154' title='bbox 468 1557 534 1611; x_wconf 88' lang='lat'><strong>&#39;0</strong></span> <span class='ocrx_word' id='word_1_155' title='bbox 567 1558 852 1627; x_wconf 81' lang='grc' dir='ltr'>ὀρύσσων</span> <span class='ocrx_word' id='word_1_156' title='bbox 886 1560 1118 1630; x_wconf 79' lang='grc' dir='ltr'><strong>βόθρον</strong></span> <span class='ocrx_word' id='word_1_157' title='bbox 1171 1561 1252 1628; x_wconf 86' lang='grc' dir='ltr'>τῷ</span> <span class='ocrx_word' id='word_1_158' title='bbox 1314 1564 1602 1631; x_wconf 67' lang='grc' dir='ltr'>πλησίον,</span> <span class='ocrx_word' id='word_1_159' title='bbox 1661 1562 1840 1631; x_wconf 72' lang='grc' dir='ltr'>ἐμπε-</span> 
     </span>
    </p>
   </div>
   <div class='ocr_carea' id='block_1_23' title="bbox 253 1649 1842 1723">
    <p class='ocr_par' dir='ltr' id='par_1_23' title="bbox 253 1649 1842 1723">
     <span class='ocr_line' id='line_1_23' title="bbox 253 1649 1842 1723; baseline 0.004 -21"><span class='ocrx_word' id='word_1_160' title='bbox 253 1649 443 1704; x_wconf 80' lang='grc' dir='ltr'>σεῖται</span> <span class='ocrx_word' id='word_1_161' title='bbox 467 1652 555 1717; x_wconf 80' lang='grc' dir='ltr'><strong>είς</strong></span> <span class='ocrx_word' id='word_1_162' title='bbox 582 1652 772 1707; x_wconf 86' lang='grc' dir='ltr'>αὐτόν</span> <span class='ocrx_word' id='word_1_163' title='bbox 799 1668 814 1684; x_wconf 88' lang='grc'><strong>·</strong></span> <span class='ocrx_word' id='word_1_164' title='bbox 849 1654 882 1707; x_wconf 87' lang='grc' dir='ltr'><strong>ό</strong></span> <span class='ocrx_word' id='word_1_165' title='bbox 908 1651 977 1706; x_wconf 81' lang='grc' dir='ltr'>δὲ</span> <span class='ocrx_word' id='word_1_166' title='bbox 1007 1652 1236 1707; x_wconf 75' lang='grc' dir='ltr'>κυλίων</span> <span class='ocrx_word' id='word_1_167' title='bbox 1264 1655 1461 1719; x_wconf 75' lang='grc' dir='ltr'>λίθον,</span> <span class='ocrx_word' id='word_1_168' title='bbox 1511 1654 1603 1723; x_wconf 75' lang='grc' dir='ltr'><strong>ἐφ’</strong></span> <span class='ocrx_word' id='word_1_169' title='bbox 1648 1649 1842 1717; x_wconf 82' lang='grc' dir='ltr'><strong>ἑαυτῷ</strong></span> 
     </span>
    </p>
   </div>
   <div class='ocr_carea' id='block_1_24' title="bbox 1942 1280 3519 1355">
    <p class='ocr_par' dir='ltr' id='par_1_24' title="bbox 1942 1280 3519 1355">
     <span class='ocr_line' id='line_1_24' title="bbox 1942 1280 3519 1355; baseline -0.003 -15"><span class='ocrx_word' id='word_1_170' title='bbox 1942 1293 2031 1341; x_wconf 91' lang='lat' dir='ltr'><strong>tus</strong></span> <span class='ocrx_word' id='word_1_171' title='bbox 2063 1293 2170 1349; x_wconf 85' lang='lat' dir='ltr'><strong>est,</strong></span> <span class='ocrx_word' id='word_1_172' title='bbox 2203 1284 2333 1355; x_wconf 87' lang='lat' dir='ltr'><strong>quia</strong></span> <span class='ocrx_word' id='word_1_173' title='bbox 2367 1299 2564 1340; x_wconf 89' lang='lat' dir='ltr'><strong>omnes</strong></span> <span class='ocrx_word' id='word_1_174' title='bbox 2589 1282 2659 1340; x_wconf 88' lang='lat' dir='ltr'><strong>de</strong></span> <span class='ocrx_word' id='word_1_175' title='bbox 2694 1282 2984 1338; x_wconf 86' lang='lat' dir='ltr'><strong>mendacio</strong></span> <span class='ocrx_word' id='word_1_176' title='bbox 3012 1297 3270 1352; x_wconf 77' lang='lat' dir='ltr'><strong>arguere,</strong></span> <span class='ocrx_word' id='word_1_177' title='bbox 3323 1281 3412 1335; x_wconf 85' lang='lat' dir='ltr'><strong>vel</strong></span> <span class='ocrx_word' id='word_1_178' title='bbox 3437 1280 3519 1336; x_wconf 80' lang='lat' dir='ltr'><strong>eis</strong></span> 
     </span>
    </p>
   </div>
   <div class='ocr_carea' id='block_1_25' title="bbox 1943 1374 3135 1447">
    <p class='ocr_par' dir='ltr' id='par_1_25' title="bbox 1943 1374 3135 1447">
     <span class='ocr_line' id='line_1_25' title="bbox 1943 1374 3135 1447; baseline -0.002 -16"><span class='ocrx_word' id='word_1_179' title='bbox 1943 1376 2067 1433; x_wconf 90' lang='lat' dir='ltr'><strong>luce</strong></span> <span class='ocrx_word' id='word_1_180' title='bbox 2095 1376 2335 1432; x_wconf 79' lang='lat' dir='ltr'><strong>elariora</strong></span> <span class='ocrx_word' id='word_1_181' title='bbox 2369 1375 2629 1432; x_wconf 82' lang='lat' dir='ltr'><strong>obvelare</strong></span> <span class='ocrx_word' id='word_1_182' title='bbox 2653 1374 3001 1447; x_wconf 79' lang='lat' dir='ltr'><strong>impossibile</strong></span> <span class='ocrx_word' id='word_1_183' title='bbox 3029 1381 3135 1429; x_wconf 89' lang='lat' dir='ltr'><strong>est.</strong></span> 
     </span>
    </p>
   </div>
   <div class='ocr_carea' id='block_1_26' title="bbox 2011 1535 3525 1626">
    <p class='ocr_par' dir='ltr' id='par_1_26' title="bbox 2011 1535 3525 1626">
     <span class='ocr_line' id='line_1_26' title="bbox 2011 1535 3525 1626; baseline -0.003 -15"><span class='ocrx_word' id='word_1_184' title='bbox 2011 1557 2182 1611; x_wconf 71' lang='lat' dir='ltr'><strong>Vens.</strong></span> <span class='ocrx_word' id='word_1_185' title='bbox 2246 1556 2338 1611; x_wconf 72' lang='lat'><strong>27.</strong></span> <span class='ocrx_word' id='word_1_186' title='bbox 2371 1535 2478 1625; x_wconf 83' lang='lat' dir='ltr'><strong>Qui</strong></span> <span class='ocrx_word' id='word_1_187' title='bbox 2527 1553 2662 1623; x_wconf 81' lang='lat' dir='ltr'><strong>fodit</strong></span> <span class='ocrx_word' id='word_1_188' title='bbox 2698 1554 3192 1626; x_wconf 72' lang='lat' dir='ltr'><strong>fooeamproximo,</strong></span> <span class='ocrx_word' id='word_1_189' title='bbox 3234 1552 3426 1608; x_wconf 81' lang='lat' dir='ltr'><strong>incidet</strong></span> <span class='ocrx_word' id='word_1_190' title='bbox 3470 1554 3525 1609; x_wconf 87' lang='lat' dir='ltr'><strong>in</strong></span> 
     </span>
    </p>
   </div>
   <div class='ocr_carea' id='block_1_27' title="bbox 1942 1645 3531 1718">
    <p class='ocr_par' dir='ltr' id='par_1_27' title="bbox 1942 1645 3531 1718">
     <span class='ocr_line' id='line_1_27' title="bbox 1942 1645 3531 1718; baseline -0.004 -14"><span class='ocrx_word' id='word_1_191' title='bbox 1942 1665 2061 1704; x_wconf 84' lang='lat' dir='ltr'><strong>eam</strong></span> <span class='ocrx_word' id='word_1_192' title='bbox 2083 1666 2101 1714; x_wconf 88' lang='lat'><em>;</em></span> <span class='ocrx_word' id='word_1_193' title='bbox 2123 1649 2213 1718; x_wconf 88' lang='lat' dir='ltr'><strong>qui</strong></span> <span class='ocrx_word' id='word_1_194' title='bbox 2240 1657 2417 1703; x_wconf 83' lang='lat' dir='ltr'><strong>autem</strong></span> <span class='ocrx_word' id='word_1_195' title='bbox 2454 1647 2609 1703; x_wconf 81' lang='lat' dir='ltr'><strong>volvit</strong></span> <span class='ocrx_word' id='word_1_196' title='bbox 2638 1646 2892 1717; x_wconf 80' lang='lat' dir='ltr'><strong>lapidem,</strong></span> <span class='ocrx_word' id='word_1_197' title='bbox 2940 1663 3098 1717; x_wconf 85' lang='lat' dir='ltr'><strong>super</strong></span> <span class='ocrx_word' id='word_1_198' title='bbox 3160 1646 3390 1715; x_wconf 83' lang='lat' dir='ltr'><strong>seipsum</strong></span> <span class='ocrx_word' id='word_1_199' title='bbox 3421 1645 3531 1698; x_wconf 79' lang='lat' dir='ltr'><strong>vot-</strong></span> 
     </span>
    </p>
   </div>
   <div class='ocr_carea' id='block_1_28' title="bbox 226 1734 1844 1813">
    <p class='ocr_par' dir='ltr' id='par_1_28' title="bbox 226 1738 1841 1813">
     <span class='ocr_line' id='line_1_28' title="bbox 226 1738 1841 1813; baseline 0.003 -23"><span class='ocrx_word' id='word_1_200' title='bbox 226 1738 514 1794; x_wconf 76' lang='grc' dir='ltr'>’κυλίσει.</span> <span class='ocrx_word' id='word_1_201' title='bbox 554 1739 612 1792; x_wconf 86' lang='grc' dir='ltr'>ὐ</span> <span class='ocrx_word' id='word_1_202' title='bbox 674 1739 881 1811; x_wconf 86' lang='grc' dir='ltr'>βλάϐην</span> <span class='ocrx_word' id='word_1_203' title='bbox 948 1740 1218 1813; x_wconf 82' lang='grc' dir='ltr'>λαθραίαν</span> <span class='ocrx_word' id='word_1_204' title='bbox 1269 1742 1504 1797; x_wconf 75' lang='grc' dir='ltr'><strong>ἐπινοῶν</strong></span> <span class='ocrx_word' id='word_1_205' title='bbox 1564 1744 1707 1797; x_wconf 83' lang='grc' dir='ltr'>κατὰ</span> <span class='ocrx_word' id='word_1_206' title='bbox 1745 1740 1841 1795; x_wconf 76' lang='grc' dir='ltr'><strong>τοῦ</strong></span> 
     </span>
    </p>
   </div>
   <div class='ocr_carea' id='block_1_29' title="bbox 1959 1734 3527 1813">
    <p class='ocr_par' dir='ltr' id='par_1_29' title="bbox 1959 1734 3527 1811">
     <span class='ocr_line' id='line_1_29' title="bbox 1959 1734 3527 1811; baseline -0.006 -15"><span class='ocrx_word' id='word_1_207' title='bbox 1959 1743 2039 1797; x_wconf 64' lang='lat' dir='ltr'><strong>ait.</strong></span> <span class='ocrx_word' id='word_1_208' title='bbox 2071 1738 2128 1796; x_wconf 89' lang='lat' dir='ltr'><strong>Si</strong></span> <span class='ocrx_word' id='word_1_209' title='bbox 2169 1740 2319 1811; x_wconf 87' lang='lat' dir='ltr'><strong>quod</strong></span> <span class='ocrx_word' id='word_1_210' title='bbox 2369 1739 2571 1796; x_wconf 84' lang='lat' dir='ltr'><strong>vulnus</strong></span> <span class='ocrx_word' id='word_1_211' title='bbox 2611 1738 2772 1794; x_wconf 79' lang='lat' dir='ltr'><strong>fratri</strong></span> <span class='ocrx_word' id='word_1_212' title='bbox 2802 1746 2897 1793; x_wconf 92' lang='lat' dir='ltr'><strong>tuo</strong></span> <span class='ocrx_word' id='word_1_213' title='bbox 2959 1737 3289 1805; x_wconf 81' lang='lat' dir='ltr'><strong>cogitaveris</strong></span> <span class='ocrx_word' id='word_1_214' title='bbox 3340 1734 3527 1789; x_wconf 83' lang='lat' dir='ltr'><strong>furtim</strong></span> 
     </span>
    </p>
   </div>
   <div class='ocr_carea' id='block_1_30' title="bbox 254 1827 1844 1904">
    <p class='ocr_par' dir='ltr' id='par_1_30' title="bbox 254 1828 1844 1904">
     <span class='ocr_line' id='line_1_30' title="bbox 254 1828 1844 1904; baseline 0.004 -24"><span class='ocrx_word' id='word_1_215' title='bbox 254 1828 554 1897; x_wconf 80' lang='grc' dir='ltr'>ὁμοπίστου</span> <span class='ocrx_word' id='word_1_216' title='bbox 601 1829 772 1900; x_wconf 79' lang='grc' dir='ltr'>αὐτῷ,</span> <span class='ocrx_word' id='word_1_217' title='bbox 807 1831 969 1895; x_wconf 77' lang='grc' dir='ltr'>αὐτὸς</span> <span class='ocrx_word' id='word_1_218' title='bbox 1014 1832 1097 1895; x_wconf 86' lang='grc' dir='ltr'><strong>εἰς</strong></span> <span class='ocrx_word' id='word_1_219' title='bbox 1143 1830 1348 1903; x_wconf 85' lang='grc' dir='ltr'>ταύτην</span> <span class='ocrx_word' id='word_1_220' title='bbox 1380 1834 1646 1904; x_wconf 80' lang='grc' dir='ltr'><strong>ἐμπίπτει</strong></span> <span class='ocrx_word' id='word_1_221' title='bbox 1698 1830 1844 1886; x_wconf 77' lang='grc' dir='ltr'>κατᾶ</span> 
     </span>
    </p>
   </div>
   <div class='ocr_carea' id='block_1_31' title="bbox 1959 1827 3527 1904">
    <p class='ocr_par' dir='ltr' id='par_1_31' title="bbox 1959 1827 3527 1900">
     <span class='ocr_line' id='line_1_31' title="bbox 1959 1827 3527 1900; baseline -0.005 -12"><span class='ocrx_word' id='word_1_222' title='bbox 1959 1835 2173 1900; x_wconf 69' lang='lat' dir='ltr'><strong>1nl‘erre,</strong></span> <span class='ocrx_word' id='word_1_223' title='bbox 2203 1833 2388 1889; x_wconf 89' lang='lat' dir='ltr'><strong>hocin</strong></span> <span class='ocrx_word' id='word_1_224' title='bbox 2421 1840 2571 1887; x_wconf 90' lang='lat' dir='ltr'><strong>tuam</strong></span> <span class='ocrx_word' id='word_1_225' title='bbox 2605 1831 2783 1900; x_wconf 89' lang='lat' dir='ltr'><strong>ipsius</strong></span> <span class='ocrx_word' id='word_1_226' title='bbox 2817 1830 3057 1885; x_wconf 89' lang='lat' dir='ltr'><strong>animam</strong></span> <span class='ocrx_word' id='word_1_227' title='bbox 3088 1828 3344 1895; x_wconf 84' lang='lat' dir='ltr'><strong>decidet;</strong></span> <span class='ocrx_word' id='word_1_228' title='bbox 3380 1827 3527 1895; x_wconf 90' lang='lat' dir='ltr'><strong>quod</strong></span> 
     </span>
    </p>
   </div>
   <div class='ocr_carea' id='block_1_32' title="bbox 252 1918 1844 1995">
    <p class='ocr_par' dir='ltr' id='par_1_32' title="bbox 252 1918 1843 1992">
     <span class='ocr_line' id='line_1_32' title="bbox 252 1918 1843 1992; baseline 0 -19"><span class='ocrx_word' id='word_1_229' title='bbox 252 1918 432 1988; x_wconf 72' lang='grc' dir='ltr'>ψυχήν</span> <span class='ocrx_word' id='word_1_230' title='bbox 451 1935 467 1951; x_wconf 77' lang='grc' dir='ltr'><strong><em>ο</em></strong></span> <span class='ocrx_word' id='word_1_231' title='bbox 495 1921 523 1973; x_wconf 78' lang='grc' dir='ltr'><strong>ὁ</strong></span> <span class='ocrx_word' id='word_1_232' title='bbox 560 1919 618 1973; x_wconf 80' lang='grc' dir='ltr'>δὲ</span> <span class='ocrx_word' id='word_1_233' title='bbox 685 1921 928 1992; x_wconf 86' lang='grc' dir='ltr'>φανερὰν</span> <span class='ocrx_word' id='word_1_234' title='bbox 956 1921 1165 1992; x_wconf 85' lang='grc' dir='ltr'>βλάϐην</span> <span class='ocrx_word' id='word_1_235' title='bbox 1209 1923 1434 1991; x_wconf 78' lang='grc' dir='ltr'>ἐπάγων</span> <span class='ocrx_word' id='word_1_236' title='bbox 1461 1922 1632 1991; x_wconf 82' lang='grc' dir='ltr'>αὐτῷ,</span> <span class='ocrx_word' id='word_1_237' title='bbox 1659 1920 1843 1991; x_wconf 82' lang='grc' dir='ltr'>ἐαυτῷ</span> 
     </span>
    </p>
   </div>
   <div class='ocr_carea' id='block_1_33' title="bbox 1959 1918 3532 1995">
    <p class='ocr_par' dir='ltr' id='par_1_33' title="bbox 1959 1919 3532 1995">
     <span class='ocr_line' id='line_1_33' title="bbox 1959 1919 3532 1995; baseline -0.006 -13"><span class='ocrx_word' id='word_1_238' title='bbox 1959 1929 1993 1983; x_wconf 66' lang='lat' dir='ltr'><strong>si</strong></span> <span class='ocrx_word' id='word_1_239' title='bbox 2029 1928 2208 1995; x_wconf 86' lang='lat' dir='ltr'><strong>palam</strong></span> <span class='ocrx_word' id='word_1_240' title='bbox 2244 1925 2554 1995; x_wconf 85' lang='lat' dir='ltr'><strong>paraveris,</strong></span> <span class='ocrx_word' id='word_1_241' title='bbox 2609 1922 2744 1976; x_wconf 87' lang='lat' dir='ltr'><strong>illud</strong></span> <span class='ocrx_word' id='word_1_242' title='bbox 2797 1930 2890 1977; x_wconf 90' lang='lat' dir='ltr'><strong>tua</strong></span> <span class='ocrx_word' id='word_1_243' title='bbox 2936 1921 3121 1976; x_wconf 83' lang='lat' dir='ltr'><strong>anima</strong></span> <span class='ocrx_word' id='word_1_244' title='bbox 3170 1919 3532 1975; x_wconf 82' lang='lat' dir='ltr'><strong>nihilominus</strong></span> 
     </span>
    </p>
   </div>
   <div class='ocr_carea' id='block_1_34' title="bbox 254 2002 1844 2089">
    <p class='ocr_par' dir='ltr' id='par_1_34' title="bbox 254 2009 1838 2084">
     <span class='ocr_line' id='line_1_34' title="bbox 254 2009 1838 2084; baseline 0.009 -22"><span class='ocrx_word' id='word_1_245' title='bbox 254 2009 462 2078; x_wconf 80' lang='grc' dir='ltr'>ταύτην</span> <span class='ocrx_word' id='word_1_246' title='bbox 491 2011 585 2064; x_wconf 75' lang='grc' dir='ltr'>καὶ</span> <span class='ocrx_word' id='word_1_247' title='bbox 625 2013 654 2065; x_wconf 83' lang='grc' dir='ltr'><strong><em>ὁ</em></strong></span> <span class='ocrx_word' id='word_1_248' title='bbox 683 2012 923 2075; x_wconf 82' lang='grc' dir='ltr'>τοιοῦτος</span> <span class='ocrx_word' id='word_1_249' title='bbox 980 2013 1176 2081; x_wconf 82' lang='grc' dir='ltr'>ἐπάγει</span> <span class='ocrx_word' id='word_1_250' title='bbox 1218 2014 1357 2068; x_wconf 86' lang='grc' dir='ltr'><strong>κατά</strong></span> <span class='ocrx_word' id='word_1_251' title='bbox 1397 2015 1613 2084; x_wconf 77' lang='grc' dir='ltr'>ψυχήν·</span> <span class='ocrx_word' id='word_1_252' title='bbox 1655 2011 1838 2076; x_wconf 79' lang='grc' dir='ltr'>καθὼς</span> 
     </span>
    </p>
   </div>
   <div class='ocr_carea' id='block_1_35' title="bbox 1959 2002 3533 2089">
    <p class='ocr_par' dir='ltr' id='par_1_35' title="bbox 1959 2012 3533 2089">
     <span class='ocr_line' id='line_1_35' title="bbox 1959 2012 3533 2089; baseline -0.005 -16"><span class='ocrx_word' id='word_1_253' title='bbox 1959 2020 2207 2089; x_wconf 81' lang='lat' dir='ltr'><strong>patietur.</strong></span> <span class='ocrx_word' id='word_1_254' title='bbox 2244 2016 2364 2083; x_wconf 87' lang='lat' dir='ltr'><strong>Quo</strong></span> <span class='ocrx_word' id='word_1_255' title='bbox 2390 2015 2538 2071; x_wconf 88' lang='lat' dir='ltr'><strong>enim</strong></span> <span class='ocrx_word' id='word_1_256' title='bbox 2561 2014 2722 2069; x_wconf 88' lang='lat' dir='ltr'><strong>modo</strong></span> <span class='ocrx_word' id='word_1_257' title='bbox 2742 2028 2875 2083; x_wconf 82' lang='lat' dir='ltr'><strong>erga</strong></span> <span class='ocrx_word' id='word_1_258' title='bbox 2899 2013 3207 2084; x_wconf 84' lang='lat' dir='ltr'><strong>proximum</strong></span> <span class='ocrx_word' id='word_1_259' title='bbox 3235 2012 3533 2081; x_wconf 78' lang='lat' dir='ltr'><strong>sentimus,</strong></span> 
     </span>
    </p>
   </div>
   <div class='ocr_carea' id='block_1_36' title="bbox 254 2100 1844 2176">
    <p class='ocr_par' dir='ltr' id='par_1_36' title="bbox 254 2100 1840 2176">
     <span class='ocr_line' id='line_1_36' title="bbox 254 2100 1840 2176; baseline 0.005 -24"><span class='ocrx_word' id='word_1_260' title='bbox 254 2101 364 2170; x_wconf 80' lang='grc' dir='ltr'><strong>γὰρ</strong></span> <span class='ocrx_word' id='word_1_261' title='bbox 418 2100 486 2154; x_wconf 84' lang='grc' dir='ltr'>ἂν</span> <span class='ocrx_word' id='word_1_262' title='bbox 542 2101 699 2155; x_wconf 70' lang='grc' dir='ltr'>αὐτοὶ</span> <span class='ocrx_word' id='word_1_263' title='bbox 733 2103 862 2172; x_wconf 77' lang='grc' dir='ltr'>περὶ</span> <span class='ocrx_word' id='word_1_264' title='bbox 914 2101 1006 2157; x_wconf 84' lang='grc' dir='ltr'><strong>τδν</strong></span> <span class='ocrx_word' id='word_1_265' title='bbox 1041 2105 1272 2176; x_wconf 86' lang='grc' dir='ltr'>πλησίον</span> <span class='ocrx_word' id='word_1_266' title='bbox 1300 2105 1664 2176; x_wconf 82' lang='grc' dir='ltr'>διατεθῶμεν,</span> <span class='ocrx_word' id='word_1_267' title='bbox 1693 2105 1840 2160; x_wconf 78' lang='grc' dir='ltr'>οὕτω</span> 
     </span>
    </p>
   </div>
   <div class='ocr_carea' id='block_1_37' title="bbox 1959 2100 3536 2176">
    <p class='ocr_par' dir='ltr' id='par_1_37' title="bbox 1959 2103 3536 2176">
     <span class='ocr_line' id='line_1_37' title="bbox 1959 2103 3536 2176; baseline -0.006 -8"><span class='ocrx_word' id='word_1_268' title='bbox 1959 2127 2013 2168; x_wconf 74' lang='lat'><strong>:0</strong></span> <span class='ocrx_word' id='word_1_269' title='bbox 2040 2110 2309 2167; x_wconf 86' lang='lat' dir='ltr'><strong>Dominus</strong></span> <span class='ocrx_word' id='word_1_270' title='bbox 2338 2109 2508 2164; x_wconf 89' lang='lat' dir='ltr'><strong>sentit</strong></span> <span class='ocrx_word' id='word_1_271' title='bbox 2540 2107 2606 2163; x_wconf 90' lang='lat' dir='ltr'><strong>de</strong></span> <span class='ocrx_word' id='word_1_272' title='bbox 2646 2107 2826 2172; x_wconf 87' lang='lat' dir='ltr'><strong>nobis,</strong></span> <span class='ocrx_word' id='word_1_273' title='bbox 2861 2106 2957 2176; x_wconf 94' lang='lat' dir='ltr'><strong>qui</strong></span> <span class='ocrx_word' id='word_1_274' title='bbox 3020 2103 3198 2160; x_wconf 81' lang='lat' dir='ltr'><strong>reddit</strong></span> <span class='ocrx_word' id='word_1_275' title='bbox 3231 2104 3536 2174; x_wconf 78' lang='lat' dir='ltr'><strong>unicuique</strong></span> 
     </span>
    </p>
   </div>
   <div class='ocr_carea' id='block_1_38' title="bbox 252 2193 1844 2272">
    <p class='ocr_par' dir='ltr' id='par_1_38' title="bbox 252 2193 1840 2272">
     <span class='ocr_line' id='line_1_38' title="bbox 252 2193 1840 2272; baseline 0.004 -26"><span class='ocrx_word' id='word_1_276' title='bbox 252 2194 348 2247; x_wconf 75' lang='grc' dir='ltr'><strong>καὶ</strong></span> <span class='ocrx_word' id='word_1_277' title='bbox 394 2193 524 2266; x_wconf 73' lang='grc' dir='ltr'>περὶ</span> <span class='ocrx_word' id='word_1_278' title='bbox 563 2196 715 2265; x_wconf 78' lang='grc' dir='ltr'>ἡμᾶς</span> <span class='ocrx_word' id='word_1_279' title='bbox 763 2195 1143 2268; x_wconf 82' lang='grc' dir='ltr'>διατεθήσεται</span> <span class='ocrx_word' id='word_1_280' title='bbox 1194 2202 1222 2253; x_wconf 82' lang='grc' dir='ltr'><strong>ὁ</strong></span> <span class='ocrx_word' id='word_1_281' title='bbox 1270 2200 1499 2272; x_wconf 84' lang='grc' dir='ltr'>Κύριος,</span> <span class='ocrx_word' id='word_1_282' title='bbox 1551 2199 1840 2265; x_wconf 72' lang='grc' dir='ltr'>ἀποδιδοὺς</span> 
     </span>
    </p>
   </div>
   <div class='ocr_carea' id='block_1_39' title="bbox 1959 2193 3217 2272">
    <p class='ocr_par' dir='ltr' id='par_1_39' title="bbox 1959 2196 3217 2271">
     <span class='ocr_line' id='line_1_39' title="bbox 1959 2196 3217 2271; baseline -0.007 -11"><span class='ocrx_word' id='word_1_283' title='bbox 1959 2202 2253 2267; x_wconf 79' lang='lat' dir='ltr'><strong>secundum</strong></span> <span class='ocrx_word' id='word_1_284' title='bbox 2285 2214 2453 2271; x_wconf 83' lang='lat' dir='ltr'><strong>opera</strong></span> <span class='ocrx_word' id='word_1_285' title='bbox 2488 2196 3217 2268; x_wconf 77' lang='lat' dir='ltr'><strong>ejus,justissimusjudex.</strong></span> 
     </span>
    </p>
   </div>
   <div class='ocr_carea' id='block_1_40' title="bbox 254 2280 1836 2357">
    <p class='ocr_par' dir='ltr' id='par_1_40' title="bbox 254 2280 1836 2357">
     <span class='ocr_line' id='line_1_40' title="bbox 254 2280 1836 2357; baseline 0.004 -22"><span class='ocrx_word' id='word_1_286' title='bbox 254 2281 471 2352; x_wconf 71' lang='grc' dir='ltr'>ἑκάστῳ</span> <span class='ocrx_word' id='word_1_287' title='bbox 494 2282 637 2335; x_wconf 87' lang='grc' dir='ltr'><strong>κατά</strong></span> <span class='ocrx_word' id='word_1_288' title='bbox 663 2282 732 2336; x_wconf 75' lang='grc' dir='ltr'>τὰ</span> <span class='ocrx_word' id='word_1_289' title='bbox 755 2282 896 2353; x_wconf 69' lang='grc' dir='ltr'>ἔργα</span> <span class='ocrx_word' id='word_1_290' title='bbox 926 2280 1219 2348; x_wconf 50' lang='lat' dir='ltr'><strong>absumere</strong></span> <span class='ocrx_word' id='word_1_291' title='bbox 1249 2286 1446 2357; x_wconf 83' lang='grc' dir='ltr'>κριτὴς</span> <span class='ocrx_word' id='word_1_292' title='bbox 1475 2287 1836 2351; x_wconf 78' lang='grc' dir='ltr'>δικαιότατος.</span> 
     </span>
    </p>
   </div>
   <div class='ocr_carea' id='block_1_41' title="bbox 329 2353 1844 2449">
    <p class='ocr_par' dir='ltr' id='par_1_41' title="bbox 329 2353 1843 2447">
     <span class='ocr_line' id='line_1_41' title="bbox 329 2353 1843 2447; baseline 0.005 -22"><span class='ocrx_word' id='word_1_293' title='bbox 329 2379 435 2439; x_wconf 76' lang='grc' dir='ltr'>κη’.</span> <span class='ocrx_word' id='word_1_294' title='bbox 464 2371 729 2428; x_wconf 74' lang='grc' dir='ltr'>Γλῶσσα</span> <span class='ocrx_word' id='word_1_295' title='bbox 787 2374 1024 2443; x_wconf 63' lang='grc' dir='ltr'>ψευδὴς</span> <span class='ocrx_word' id='word_1_296' title='bbox 1056 2376 1232 2445; x_wconf 80' lang='grc' dir='ltr'>μισεῖ</span> <span class='ocrx_word' id='word_1_297' title='bbox 1282 2353 1576 2445; x_wconf 58' lang='grc' dir='ltr'>ἀλήθειαν</span> <span class='ocrx_word' id='word_1_298' title='bbox 1601 2396 1616 2412; x_wconf 88' lang='grc'><strong>·</strong></span> <span class='ocrx_word' id='word_1_299' title='bbox 1646 2381 1843 2447; x_wconf 85' lang='grc' dir='ltr'>στόμα</span> 
     </span>
    </p>
   </div>
   <div class='ocr_carea' id='block_1_42' title="bbox 1959 2353 3541 2449">
    <p class='ocr_par' dir='ltr' id='par_1_42' title="bbox 2020 2353 3541 2449">
     <span class='ocr_line' id='line_1_42' title="bbox 2020 2353 3541 2449; baseline -0.006 -12"><span class='ocrx_word' id='word_1_300' title='bbox 2020 2381 2185 2437; x_wconf 75' lang='lat' dir='ltr'><strong>Vens.</strong></span> <span class='ocrx_word' id='word_1_301' title='bbox 2208 2379 2304 2435; x_wconf 76' lang='lat'><strong>&quot;28.</strong></span> <span class='ocrx_word' id='word_1_302' title='bbox 2333 2379 2536 2449; x_wconf 81' lang='lat' dir='ltr'><strong>Lingua</strong></span> <span class='ocrx_word' id='word_1_303' title='bbox 2565 2376 2795 2431; x_wconf 71' lang='lat' dir='ltr'><strong>mendax</strong></span> <span class='ocrx_word' id='word_1_304' title='bbox 2853 2374 2964 2429; x_wconf 81' lang='lat' dir='ltr'><strong>odit</strong></span> <span class='ocrx_word' id='word_1_305' title='bbox 2996 2353 3289 2439; x_wconf 43' lang='lat' dir='ltr'><strong>seruat-cm,</strong></span> <span class='ocrx_word' id='word_1_306' title='bbox 3336 2390 3393 2428; x_wconf 88' lang='lat' dir='ltr'><strong>os</strong></span> <span class='ocrx_word' id='word_1_307' title='bbox 3439 2390 3541 2428; x_wconf 84' lang='lat' dir='ltr'><strong>au-</strong></span> 
     </span>
    </p>
   </div>
   <div class='ocr_carea' id='block_1_43' title="bbox 256 2460 1844 2541">
    <p class='ocr_par' dir='ltr' id='par_1_43' title="bbox 256 2460 1842 2540">
     <span class='ocr_line' id='line_1_43' title="bbox 256 2460 1842 2540; baseline 0.005 -26"><span class='ocrx_word' id='word_1_308' title='bbox 256 2460 324 2514; x_wconf 82' lang='grc' dir='ltr'>δὲ</span> <span class='ocrx_word' id='word_1_309' title='bbox 379 2462 639 2530; x_wconf 63' lang='grc' dir='ltr'>ἀστεγιον</span> <span class='ocrx_word' id='word_1_310' title='bbox 692 2464 855 2521; x_wconf 82' lang='grc' dir='ltr'>ποιεῖ</span> <span class='ocrx_word' id='word_1_311' title='bbox 908 2466 1381 2534; x_wconf 78' lang='grc' dir='ltr'>ἀκαταστασίας.</span> <span class='ocrx_word' id='word_1_312' title='bbox 1450 2469 1509 2521; x_wconf 86' lang='grc'><strong>⁸0</strong></span> <span class='ocrx_word' id='word_1_313' title='bbox 1563 2468 1635 2523; x_wconf 77' lang='grc' dir='ltr'>τὰ</span> <span class='ocrx_word' id='word_1_314' title='bbox 1705 2469 1842 2540; x_wconf 79' lang='grc' dir='ltr'>πρὸς</span> 
     </span>
    </p>
   </div>
   <div class='ocr_carea' id='block_1_44' title="bbox 1959 2460 3540 2541">
    <p class='ocr_par' dir='ltr' id='par_1_44' title="bbox 1959 2467 3540 2541">
     <span class='ocr_line' id='line_1_44' title="bbox 1959 2467 3540 2541; baseline -0.007 -10"><span class='ocrx_word' id='word_1_315' title='bbox 1959 2487 2053 2533; x_wconf 84' lang='lat' dir='ltr'><strong>tem</strong></span> <span class='ocrx_word' id='word_1_316' title='bbox 2086 2493 2189 2531; x_wconf 88' lang='lat' dir='ltr'><strong>non</strong></span> <span class='ocrx_word' id='word_1_317' title='bbox 2222 2485 2418 2529; x_wconf 84' lang='lat' dir='ltr'><strong>tectum</strong></span> <span class='ocrx_word' id='word_1_318' title='bbox 2444 2472 2577 2541; x_wconf 79' lang='lat' dir='ltr'><strong>facit</strong></span> <span class='ocrx_word' id='word_1_319' title='bbox 2622 2472 2835 2526; x_wconf 86' lang='lat' dir='ltr'><strong>ruinas.</strong></span> <span class='ocrx_word' id='word_1_320' title='bbox 2873 2468 2978 2535; x_wconf 88' lang='lat' dir='ltr'><strong>Qui</strong></span> <span class='ocrx_word' id='word_1_321' title='bbox 3022 2467 3269 2538; x_wconf 82' lang='lat' dir='ltr'><strong>loquitur</strong></span> <span class='ocrx_word' id='word_1_322' title='bbox 3318 2467 3540 2536; x_wconf 77' lang='lat' dir='ltr'><strong>placen-</strong></span> 
     </span>
    </p>
   </div>
   <div class='ocr_carea' id='block_1_45' title="bbox 259 2553 1840 2627">
    <p class='ocr_par' dir='ltr' id='par_1_45' title="bbox 259 2553 1840 2627">
     <span class='ocr_line' id='line_1_45' title="bbox 259 2553 1840 2627; baseline 0.004 -20"><span class='ocrx_word' id='word_1_323' title='bbox 259 2553 420 2624; x_wconf 85' lang='grc' dir='ltr'>χάριν</span> <span class='ocrx_word' id='word_1_324' title='bbox 449 2554 646 2617; x_wconf 84' lang='grc' dir='ltr'>λαλῶν,</span> <span class='ocrx_word' id='word_1_325' title='bbox 676 2556 773 2608; x_wconf 79' lang='grc' dir='ltr'>καὶ</span> <span class='ocrx_word' id='word_1_326' title='bbox 799 2553 869 2608; x_wconf 87' lang='grc' dir='ltr'><strong>τά</strong></span> <span class='ocrx_word' id='word_1_327' title='bbox 904 2556 1044 2627; x_wconf 78' lang='grc' dir='ltr'>πρὸς</span> <span class='ocrx_word' id='word_1_328' title='bbox 1073 2556 1235 2627; x_wconf 86' lang='grc' dir='ltr'>χάριν</span> <span class='ocrx_word' id='word_1_329' title='bbox 1265 2557 1486 2612; x_wconf 77' lang='grc' dir='ltr'><strong>ἀκούειν</strong></span> <span class='ocrx_word' id='word_1_330' title='bbox 1510 2557 1840 2624; x_wconf 77' lang='grc' dir='ltr'>ἀσπάζεται,</span> 
     </span>
    </p>
   </div>
   <div class='ocr_carea' id='block_1_46' title="bbox 260 2640 1842 2723">
    <p class='ocr_par' dir='ltr' id='par_1_46' title="bbox 260 2640 1842 2723">
     <span class='ocr_line' id='line_1_46' title="bbox 260 2640 1842 2723; baseline 0.004 -24"><span class='ocrx_word' id='word_1_331' title='bbox 260 2640 317 2699; x_wconf 79' lang='grc' dir='ltr'><strong>ἐν</strong></span> <span class='ocrx_word' id='word_1_332' title='bbox 344 2640 426 2709; x_wconf 72' lang='grc' dir='ltr'>οἷς</span> <span class='ocrx_word' id='word_1_333' title='bbox 460 2645 623 2712; x_wconf 76' lang='grc' dir='ltr'>αὐτὸς</span> <span class='ocrx_word' id='word_1_334' title='bbox 645 2645 1035 2718; x_wconf 88' lang='grc' dir='ltr'>θεραπεύεται,</span> <span class='ocrx_word' id='word_1_335' title='bbox 1062 2648 1277 2714; x_wconf 81' lang='grc' dir='ltr'>τούτοις</span> <span class='ocrx_word' id='word_1_336' title='bbox 1308 2651 1403 2705; x_wconf 72' lang='grc' dir='ltr'>καὶ</span> <span class='ocrx_word' id='word_1_337' title='bbox 1444 2651 1638 2716; x_wconf 83' lang='grc' dir='ltr'>ἀλλους</span> <span class='ocrx_word' id='word_1_338' title='bbox 1678 2652 1842 2723; x_wconf 85' lang='grc' dir='ltr'>θερα-</span> 
     </span>
    </p>
   </div>
   <div class='ocr_carea' id='block_1_47' title="bbox 263 2736 1846 2811">
    <p class='ocr_par' dir='ltr' id='par_1_47' title="bbox 263 2736 1846 2811">
     <span class='ocr_line' id='line_1_47' title="bbox 263 2736 1846 2811; baseline 0.007 -23"><span class='ocrx_word' id='word_1_339' title='bbox 263 2736 447 2790; x_wconf 83' lang='grc' dir='ltr'>πεύειν</span> <span class='ocrx_word' id='word_1_340' title='bbox 479 2739 774 2809; x_wconf 82' lang='grc' dir='ltr'>ἐπιχειρῶν</span> <span class='ocrx_word' id='word_1_341' title='bbox 798 2756 815 2770; x_wconf 80' lang='lat'><strong><em>°</em></strong></span> <span class='ocrx_word' id='word_1_342' title='bbox 838 2740 1140 2796; x_wconf 81' lang='grc' dir='ltr'>κάντεῦθεν</span> <span class='ocrx_word' id='word_1_343' title='bbox 1173 2743 1267 2795; x_wconf 72' lang='grc' dir='ltr'>καὶ</span> <span class='ocrx_word' id='word_1_344' title='bbox 1287 2742 1470 2811; x_wconf 84' lang='grc' dir='ltr'>λέγειν</span> <span class='ocrx_word' id='word_1_345' title='bbox 1510 2744 1607 2797; x_wconf 73' lang='grc' dir='ltr'><strong>καὶ</strong></span> <span class='ocrx_word' id='word_1_346' title='bbox 1627 2745 1846 2799; x_wconf 82' lang='grc' dir='ltr'>ἀκούειν</span> 
     </span>
    </p>
   </div>
   <div class='ocr_carea' id='block_1_48' title="bbox 262 2828 1846 2908">
    <p class='ocr_par' dir='ltr' id='par_1_48' title="bbox 262 2828 1846 2908">
     <span class='ocr_line' id='line_1_48' title="bbox 262 2828 1846 2908; baseline 0.006 -26"><span class='ocrx_word' id='word_1_347' title='bbox 262 2828 358 2899; x_wconf 78' lang='grc' dir='ltr'>τὴν</span> <span class='ocrx_word' id='word_1_348' title='bbox 404 2829 662 2900; x_wconf 82' lang='grc' dir='ltr'>ἀλήθειαν</span> <span class='ocrx_word' id='word_1_349' title='bbox 700 2834 1110 2903; x_wconf 73' lang='grc' dir='ltr'>ἀποστρέφεται</span> <span class='ocrx_word' id='word_1_350' title='bbox 1132 2851 1144 2866; x_wconf 83' lang='grc'><em>’</em></span> <span class='ocrx_word' id='word_1_351' title='bbox 1178 2837 1208 2889; x_wconf 82' lang='grc' dir='ltr'><strong>ὁ</strong></span> <span class='ocrx_word' id='word_1_352' title='bbox 1236 2836 1293 2889; x_wconf 83' lang='grc' dir='ltr'>δὲ</span> <span class='ocrx_word' id='word_1_353' title='bbox 1328 2838 1387 2890; x_wconf 87' lang='grc' dir='ltr'><strong>ἐν</strong></span> <span class='ocrx_word' id='word_1_354' title='bbox 1432 2834 1611 2906; x_wconf 87' lang='grc' dir='ltr'>λόγοις</span> <span class='ocrx_word' id='word_1_355' title='bbox 1643 2838 1718 2908; x_wconf 79' lang='grc' dir='ltr'>μὴ</span> <span class='ocrx_word' id='word_1_356' title='bbox 1750 2838 1846 2907; x_wconf 86' lang='grc' dir='ltr'>ἐγ-</span> 
     </span>
    </p>
   </div>
   <div class='ocr_carea' id='block_1_49' title="bbox 262 2924 1848 3002">
    <p class='ocr_par' dir='ltr' id='par_1_49' title="bbox 262 2924 1848 3002">
     <span class='ocr_line' id='line_1_49' title="bbox 262 2924 1848 3002; baseline 0.007 -27"><span class='ocrx_word' id='word_1_357' title='bbox 262 2924 682 2993; x_wconf 82' lang='grc' dir='ltr'>κρατευόμενος,</span> <span class='ocrx_word' id='word_1_358' title='bbox 722 2924 860 2978; x_wconf 82' lang='grc' dir='ltr'>ἀλλὰ</span> <span class='ocrx_word' id='word_1_359' title='bbox 912 2925 1285 2997; x_wconf 75' lang='grc' dir='ltr'>φθεγγόμενος</span> <span class='ocrx_word' id='word_1_360' title='bbox 1322 2930 1752 3002; x_wconf 81' lang='grc' dir='ltr'>ἀπερισκέπτως</span> <span class='ocrx_word' id='word_1_361' title='bbox 1778 2932 1848 2986; x_wconf 81' lang='grc' dir='ltr'><strong>τὰ</strong></span> 
     </span>
    </p>
   </div>
   <div class='ocr_carea' id='block_1_50' title="bbox 260 3014 1847 3093">
    <p class='ocr_par' dir='ltr' id='par_1_50' title="bbox 260 3014 1847 3093">
     <span class='ocr_line' id='line_1_50' title="bbox 260 3014 1847 3093; baseline 0.009 -28"><span class='ocrx_word' id='word_1_362' title='bbox 260 3015 385 3077; x_wconf 69' lang='grc' dir='ltr'>τοὺς</span> <span class='ocrx_word' id='word_1_363' title='bbox 423 3014 723 3080; x_wconf 87' lang='grc' dir='ltr'>ἀκούοντας</span> <span class='ocrx_word' id='word_1_364' title='bbox 786 3016 1053 3073; x_wconf 87' lang='grc' dir='ltr'>δάκνοντα</span> <span class='ocrx_word' id='word_1_365' title='bbox 1099 3020 1469 3093; x_wconf 76' lang='grc' dir='ltr'>ἢδιαχὲοντα,</span> <span class='ocrx_word' id='word_1_366' title='bbox 1516 3023 1720 3091; x_wconf 85' lang='grc' dir='ltr'>ἀπάγει</span> <span class='ocrx_word' id='word_1_367' title='bbox 1753 3024 1847 3079; x_wconf 82' lang='grc' dir='ltr'><strong>τοῦ</strong></span> 
     </span>
    </p>
   </div>
   <div class='ocr_carea' id='block_1_51' title="bbox 263 3104 1842 3187">
    <p class='ocr_par' dir='ltr' id='par_1_51' title="bbox 263 3104 1842 3187">
     <span class='ocr_line' id='line_1_51' title="bbox 263 3104 1842 3187; baseline 0.002 -24"><span class='ocrx_word' id='word_1_368' title='bbox 263 3104 661 3178; x_wconf 79' lang='grc' dir='ltr'>καθεστηκότος</span> <span class='ocrx_word' id='word_1_369' title='bbox 691 3108 897 3164; x_wconf 90' lang='grc' dir='ltr'>τούτων</span> <span class='ocrx_word' id='word_1_370' title='bbox 933 3110 1143 3182; x_wconf 64' lang='grc' dir='ltr'><strong>Δψυχὰς,</strong></span> <span class='ocrx_word' id='word_1_371' title='bbox 1181 3113 1260 3176; x_wconf 87' lang='grc' dir='ltr'><strong>είς</strong></span> <span class='ocrx_word' id='word_1_372' title='bbox 1292 3114 1470 3187; x_wconf 84' lang='grc' dir='ltr'>λύπην</span> <span class='ocrx_word' id='word_1_373' title='bbox 1529 3115 1842 3187; x_wconf 75' lang='grc' dir='ltr'>ἀλόγιστον,</span> 
     </span>
    </p>
   </div>
   <div class='ocr_carea' id='block_1_52' title="bbox 262 3196 1308 3274">
    <p class='ocr_par' dir='ltr' id='par_1_52' title="bbox 262 3196 1308 3274">
     <span class='ocr_line' id='line_1_52' title="bbox 262 3196 1308 3274; baseline -0.002 -19"><span class='ocrx_word' id='word_1_374' title='bbox 262 3198 295 3271; x_wconf 69' lang='grc' dir='ltr'>ἢ</span> <span class='ocrx_word' id='word_1_375' title='bbox 330 3200 518 3268; x_wconf 81' lang='grc' dir='ltr'>ὁμοίαν</span> <span class='ocrx_word' id='word_1_376' title='bbox 543 3196 718 3272; x_wconf 82' lang='grc' dir='ltr'>χαρὰν</span> <span class='ocrx_word' id='word_1_377' title='bbox 747 3203 1097 3274; x_wconf 78' lang='grc' dir='ltr'>περιτρέπων</span> <span class='ocrx_word' id='word_1_378' title='bbox 1126 3205 1308 3270; x_wconf 75' lang='grc' dir='ltr'>αὐτάς,</span> 
     </span>
    </p>
   </div>
   <div class='ocr_carea' id='block_1_53' title="bbox 392 3306 1261 3373">
    <p class='ocr_par' dir='ltr' id='par_1_53' title="bbox 392 3306 1261 3373">
     <span class='ocr_line' id='line_1_53' title="bbox 392 3306 1261 3373; baseline 0.013 -11"><span class='ocrx_word' id='word_1_379' title='bbox 392 3306 403 3313; x_wconf 84' lang='grc'><strong>’</strong></span> <span class='ocrx_word' id='word_1_380' title='bbox 846 3315 1101 3371; x_wconf 82' lang='grc' dir='ltr'>ΚΕΦΑΛ.</span> <span class='ocrx_word' id='word_1_381' title='bbox 1133 3316 1261 3373; x_wconf 84' lang='grc' dir='ltr'>ΚΖ⁰.</span> 
     </span>
    </p>
   </div>
   <div class='ocr_carea' id='block_1_54' title="bbox 332 3422 1847 3503">
    <p class='ocr_par' dir='ltr' id='par_1_54' title="bbox 332 3422 1847 3503">
     <span class='ocr_line' id='line_1_54' title="bbox 332 3422 1847 3503; baseline 0.009 -26"><span class='ocrx_word' id='word_1_382' title='bbox 332 3423 401 3477; x_wconf 83' lang='grc' dir='ltr'>α’.</span> <span class='ocrx_word' id='word_1_383' title='bbox 437 3422 535 3491; x_wconf 79' lang='grc' dir='ltr'><strong>Μὴ</strong></span> <span class='ocrx_word' id='word_1_384' title='bbox 559 3423 764 3493; x_wconf 70' lang='lat' dir='ltr'><strong>navch</strong></span> <span class='ocrx_word' id='word_1_385' title='bbox 789 3426 862 3481; x_wconf 86' lang='grc' dir='ltr'>τὰ</span> <span class='ocrx_word' id='word_1_386' title='bbox 909 3431 996 3494; x_wconf 82' lang='grc' dir='ltr'><strong>εις</strong></span> <span class='ocrx_word' id='word_1_387' title='bbox 1048 3428 1293 3497; x_wconf 82' lang='grc' dir='ltr'>αὔριον·</span> <span class='ocrx_word' id='word_1_388' title='bbox 1336 3439 1409 3487; x_wconf 78' lang='grc' dir='ltr'><strong>οὺ</strong></span> <span class='ocrx_word' id='word_1_389' title='bbox 1457 3435 1567 3503; x_wconf 71' lang='grc' dir='ltr'>γὰρ</span> <span class='ocrx_word' id='word_1_390' title='bbox 1597 3432 1766 3503; x_wconf 75' lang='grc' dir='ltr'>οἶδας</span> <span class='ocrx_word' id='word_1_391' title='bbox 1791 3436 1847 3490; x_wconf 85' lang='grc' dir='ltr'><strong>τι</strong></span> 
     </span>
    </p>
   </div>
   <div class='ocr_carea' id='block_1_55' title="bbox 266 3514 1847 3598">
    <p class='ocr_par' dir='ltr' id='par_1_55' title="bbox 266 3514 1847 3598">
     <span class='ocr_line' id='line_1_55' title="bbox 266 3514 1847 3598; baseline 0.007 -29"><span class='ocrx_word' id='word_1_392' title='bbox 266 3514 489 3580; x_wconf 78' lang='grc' dir='ltr'>τέξεται</span> <span class='ocrx_word' id='word_1_393' title='bbox 511 3517 548 3586; x_wconf 83' lang='grc' dir='ltr'><em>ἡ</em></span> <span class='ocrx_word' id='word_1_394' title='bbox 579 3516 861 3573; x_wconf 81' lang='grc' dir='ltr'>ἐπιοῦσα.</span> <span class='ocrx_word' id='word_1_395' title='bbox 898 3520 990 3591; x_wconf 82' lang='grc' dir='ltr'><strong>Μὴ</strong></span> <span class='ocrx_word' id='word_1_396' title='bbox 1028 3522 1173 3576; x_wconf 87' lang='grc' dir='ltr'><strong>κατά</strong></span> <span class='ocrx_word' id='word_1_397' title='bbox 1205 3523 1303 3593; x_wconf 76' lang='grc' dir='ltr'>μὲν</span> <span class='ocrx_word' id='word_1_398' title='bbox 1334 3524 1395 3578; x_wconf 82' lang='grc' dir='ltr'>τὸ</span> <span class='ocrx_word' id='word_1_399' title='bbox 1428 3526 1644 3590; x_wconf 84' lang='grc' dir='ltr'>ἐνεστδς</span> <span class='ocrx_word' id='word_1_400' title='bbox 1686 3526 1847 3598; x_wconf 77' lang='grc' dir='ltr'>θερά-</span> 
     </span>
    </p>
   </div>
   <div class='ocr_carea' id='block_1_56' title="bbox 266 3609 1847 3686">
    <p class='ocr_par' dir='ltr' id='par_1_56' title="bbox 266 3609 1847 3686">
     <span class='ocr_line' id='line_1_56' title="bbox 266 3609 1847 3686; baseline 0.006 -26"><span class='ocrx_word' id='word_1_401' title='bbox 266 3624 395 3661; x_wconf 87' lang='grc' dir='ltr'>πευε</span> <span class='ocrx_word' id='word_1_402' title='bbox 434 3609 529 3663; x_wconf 80' lang='grc' dir='ltr'><strong>τὸν</strong></span> <span class='ocrx_word' id='word_1_403' title='bbox 562 3610 860 3664; x_wconf 82' lang='grc' dir='ltr'>ἀπατεῶνα</span> <span class='ocrx_word' id='word_1_404' title='bbox 905 3611 1015 3664; x_wconf 81' lang='grc' dir='ltr'><strong>τῶν</strong></span> <span class='ocrx_word' id='word_1_405' title='bbox 1045 3612 1233 3685; x_wconf 76' lang='grc' dir='ltr'>ψυχῶν</span> <span class='ocrx_word' id='word_1_406' title='bbox 1269 3614 1523 3686; x_wconf 83' lang='grc' dir='ltr'>δαίμονα,</span> <span class='ocrx_word' id='word_1_407' title='bbox 1559 3620 1674 3680; x_wconf 80' lang='grc' dir='ltr'>τοῖς</span> <span class='ocrx_word' id='word_1_408' title='bbox 1723 3616 1847 3671; x_wconf 76' lang='grc' dir='ltr'>καθ’</span> 
     </span>
    </p>
   </div>
   <div class='ocr_carea' id='block_1_57' title="bbox 265 3697 1847 3779">
    <p class='ocr_par' dir='ltr' id='par_1_57' title="bbox 265 3697 1847 3779">
     <span class='ocr_line' id='line_1_57' title="bbox 265 3697 1847 3779; baseline 0.008 -29"><span class='ocrx_word' id='word_1_409' title='bbox 265 3697 455 3771; x_wconf 77' lang='grc' dir='ltr'>ήδονὴν</span> <span class='ocrx_word' id='word_1_410' title='bbox 506 3698 706 3754; x_wconf 85' lang='grc' dir='ltr'>πάθεσι</span> <span class='ocrx_word' id='word_1_411' title='bbox 730 3717 744 3732; x_wconf 81' lang='grc'><em>’</em></span> <span class='ocrx_word' id='word_1_412' title='bbox 792 3703 916 3765; x_wconf 81' lang='grc' dir='ltr'>ταῖς</span> <span class='ocrx_word' id='word_1_413' title='bbox 944 3702 1001 3755; x_wconf 75' lang='grc' dir='ltr'>δὲ</span> <span class='ocrx_word' id='word_1_414' title='bbox 1036 3706 1178 3759; x_wconf 85' lang='grc' dir='ltr'><strong>κατά</strong></span> <span class='ocrx_word' id='word_1_415' title='bbox 1221 3705 1321 3777; x_wconf 77' lang='grc' dir='ltr'>τὴν</span> <span class='ocrx_word' id='word_1_416' title='bbox 1359 3706 1548 3777; x_wconf 75' lang='grc' dir='ltr'>αὔριον</span> <span class='ocrx_word' id='word_1_417' title='bbox 1589 3707 1847 3779; x_wconf 83' lang='grc' dir='ltr'>ματαίαις</span> 
     </span>
    </p>
   </div>
   <div class='ocr_carea' id='block_1_58' title="bbox 261 3785 1848 3867">
    <p class='ocr_par' dir='ltr' id='par_1_58' title="bbox 261 3785 1848 3867">
     <span class='ocr_line' id='line_1_58' title="bbox 261 3785 1848 3867; baseline 0.008 -28"><span class='ocrx_word' id='word_1_418' title='bbox 261 3785 495 3851; x_wconf 80' lang='grc' dir='ltr'>ἐλπίσιν,</span> <span class='ocrx_word' id='word_1_419' title='bbox 529 3788 786 3859; x_wconf 85' lang='grc' dir='ltr'>ἐγκαυχῶ</span> <span class='ocrx_word' id='word_1_420' title='bbox 818 3790 915 3861; x_wconf 80' lang='grc' dir='ltr'>τὴν</span> <span class='ocrx_word' id='word_1_421' title='bbox 948 3791 1298 3865; x_wconf 89' lang='grc' dir='ltr'>δικαιοσύνην</span> <span class='ocrx_word' id='word_1_422' title='bbox 1335 3797 1706 3867; x_wconf 76' lang='grc' dir='ltr'>ἐργάσασθαιο</span> <span class='ocrx_word' id='word_1_423' title='bbox 1753 3799 1848 3852; x_wconf 77' lang='grc' dir='ltr'>καὶ</span> 
     </span>
    </p>
   </div>
   <div class='ocr_carea' id='block_1_59' title="bbox 261 3878 1848 3961">
    <p class='ocr_par' dir='ltr' id='par_1_59' title="bbox 261 3878 1848 3961">
     <span class='ocr_line' id='line_1_59' title="bbox 261 3878 1848 3961; baseline 0.008 -29"><span class='ocrx_word' id='word_1_424' title='bbox 261 3878 404 3934; x_wconf 73' lang='grc' dir='ltr'>οὕτω</span> <span class='ocrx_word' id='word_1_425' title='bbox 461 3882 531 3934; x_wconf 85' lang='grc' dir='ltr'>τὰ</span> <span class='ocrx_word' id='word_1_426' title='bbox 583 3883 705 3935; x_wconf 72' lang='grc' dir='ltr'>κατ’</span> <span class='ocrx_word' id='word_1_427' title='bbox 760 3881 998 3954; x_wconf 77' lang='grc' dir='ltr'>ἔλλειψιν</span> <span class='ocrx_word' id='word_1_428' title='bbox 1042 3885 1142 3956; x_wconf 83' lang='grc' dir='ltr'>τῆς</span> <span class='ocrx_word' id='word_1_429' title='bbox 1188 3887 1390 3959; x_wconf 82' lang='grc' dir='ltr'>ἀρετῆς</span> <span class='ocrx_word' id='word_1_430' title='bbox 1416 3888 1509 3942; x_wconf 75' lang='grc' dir='ltr'>καὶ</span> <span class='ocrx_word' id='word_1_431' title='bbox 1540 3889 1848 3961; x_wconf 78' lang='grc' dir='ltr'>ὑπερϐολὴν</span> 
     </span>
    </p>
   </div>
   <div class='ocr_carea' id='block_1_60' title="bbox 262 3972 1848 4055">
    <p class='ocr_par' dir='ltr' id='par_1_60' title="bbox 262 3972 1848 4055">
     <span class='ocr_line' id='line_1_60' title="bbox 262 3972 1848 4055; baseline 0.007 -28"><span class='ocrx_word' id='word_1_432' title='bbox 262 3972 619 4042; x_wconf 87' lang='grc' dir='ltr'>ἀντικείμενα</span> <span class='ocrx_word' id='word_1_433' title='bbox 694 3974 876 4047; x_wconf 82' lang='grc' dir='ltr'>πάθη,</span> <span class='ocrx_word' id='word_1_434' title='bbox 928 3976 1183 4049; x_wconf 81' lang='grc' dir='ltr'>ἀλλήλοις</span> <span class='ocrx_word' id='word_1_435' title='bbox 1257 3980 1597 4053; x_wconf 81' lang='grc' dir='ltr'>συμφύρων,</span> <span class='ocrx_word' id='word_1_436' title='bbox 1668 3982 1848 4055; x_wconf 83' lang='grc' dir='ltr'>ἐαυτῷ</span> 
     </span>
    </p>
   </div>
   <div class='ocr_carea' id='block_1_61' title="bbox 264 4063 1845 4147">
    <p class='ocr_par' dir='ltr' id='par_1_61' title="bbox 264 4063 1845 4147">
     <span class='ocr_line' id='line_1_61' title="bbox 264 4063 1845 4147; baseline 0.008 -30"><span class='ocrx_word' id='word_1_437' title='bbox 264 4063 430 4135; x_wconf 83' lang='grc' dir='ltr'>κίρνα</span> <span class='ocrx_word' id='word_1_438' title='bbox 464 4064 794 4138; x_wconf 81' lang='grc' dir='ltr'>δηλητήριον</span> <span class='ocrx_word' id='word_1_439' title='bbox 855 4068 1170 4139; x_wconf 86' lang='grc' dir='ltr'>φάρμακον,</span> <span class='ocrx_word' id='word_1_440' title='bbox 1203 4073 1300 4125; x_wconf 73' lang='grc' dir='ltr'>καὶ</span> <span class='ocrx_word' id='word_1_441' title='bbox 1335 4073 1432 4143; x_wconf 83' lang='grc' dir='ltr'>τῆς</span> <span class='ocrx_word' id='word_1_442' title='bbox 1466 4074 1524 4126; x_wconf 83' lang='grc' dir='ltr'><strong>ἐν</strong></span> <span class='ocrx_word' id='word_1_443' title='bbox 1569 4075 1845 4147; x_wconf 82' lang='grc' dir='ltr'>πνεύματι</span> 
     </span>
    </p>
   </div>
   <div class='ocr_carea' id='block_1_62' title="bbox 264 4156 1846 4239">
    <p class='ocr_par' dir='ltr' id='par_1_62' title="bbox 264 4156 1846 4239">
     <span class='ocr_line' id='line_1_62' title="bbox 264 4156 1846 4239; baseline 0.009 -30"><span class='ocrx_word' id='word_1_444' title='bbox 264 4156 410 4227; x_wconf 77' lang='grc' dir='ltr'>ζωῆς</span> <span class='ocrx_word' id='word_1_445' title='bbox 457 4158 843 4228; x_wconf 83' lang='grc' dir='ltr'>ἀναιρετικάν·</span> <span class='ocrx_word' id='word_1_446' title='bbox 894 4162 1116 4230; x_wconf 80' lang='grc' dir='ltr'>ἀγνοεῖς</span> <span class='ocrx_word' id='word_1_447' title='bbox 1169 4164 1280 4235; x_wconf 86' lang='grc' dir='ltr'><strong>γάρ</strong></span> <span class='ocrx_word' id='word_1_448' title='bbox 1312 4163 1366 4217; x_wconf 80' lang='grc' dir='ltr'><strong>τί</strong></span> <span class='ocrx_word' id='word_1_449' title='bbox 1394 4182 1477 4219; x_wconf 90' lang='grc' dir='ltr'><strong>σοι</strong></span> <span class='ocrx_word' id='word_1_450' title='bbox 1525 4170 1846 4239; x_wconf 78' lang='grc' dir='ltr'>συναντήσει</span> 
     </span>
    </p>
   </div>
   <div class='ocr_carea' id='block_1_63' title="bbox 260 4246 1845 4330">
    <p class='ocr_par' dir='ltr' id='par_1_63' title="bbox 260 4246 1845 4330">
     <span class='ocr_line' id='line_1_63' title="bbox 260 4246 1845 4330; baseline 0.008 -31"><span class='ocrx_word' id='word_1_451' title='bbox 260 4247 403 4301; x_wconf 88' lang='grc' dir='ltr'><strong>κατά</strong></span> <span class='ocrx_word' id='word_1_452' title='bbox 427 4249 527 4317; x_wconf 83' lang='grc' dir='ltr'>τὴν</span> <span class='ocrx_word' id='word_1_453' title='bbox 550 4246 742 4318; x_wconf 72' lang='grc' dir='ltr'>αύριον</span> <span class='ocrx_word' id='word_1_454' title='bbox 766 4265 781 4280; x_wconf 76' lang='grc' dir='ltr'><strong>ο</strong></span> <span class='ocrx_word' id='word_1_455' title='bbox 813 4246 895 4303; x_wconf 82' lang='grc' dir='ltr'>διὸ</span> <span class='ocrx_word' id='word_1_456' title='bbox 931 4249 1010 4322; x_wconf 76' lang='grc' dir='ltr'>τῷ</span> <span class='ocrx_word' id='word_1_457' title='bbox 1046 4251 1262 4319; x_wconf 84' lang='grc' dir='ltr'>λέγοντι</span> <span class='ocrx_word' id='word_1_458' title='bbox 1314 4253 1454 4325; x_wconf 84' lang='grc' dir='ltr'>Θεῷ,</span> <span class='ocrx_word' id='word_1_459' title='bbox 1482 4254 1565 4309; x_wconf 81' lang='grc' dir='ltr'>ὅτι</span> <span class='ocrx_word' id='word_1_460' title='bbox 1605 4258 1845 4330; x_wconf 85' lang='grc' dir='ltr'>σήμερον</span> 
     </span>
    </p>
   </div>
   <div class='ocr_carea' id='block_1_64' title="bbox 260 4339 1845 4422">
    <p class='ocr_par' dir='ltr' id='par_1_64' title="bbox 260 4339 1845 4422">
     <span class='ocr_line' id='line_1_64' title="bbox 260 4339 1845 4422; baseline 0.008 -31"><span class='ocrx_word' id='word_1_461' title='bbox 260 4339 357 4391; x_wconf 81' lang='grc' dir='ltr'>ἐὰν</span> <span class='ocrx_word' id='word_1_462' title='bbox 380 4340 479 4407; x_wconf 74' lang='grc' dir='ltr'>τῆς</span> <span class='ocrx_word' id='word_1_463' title='bbox 508 4342 692 4410; x_wconf 76' lang='grc' dir='ltr'>φωνῆς</span> <span class='ocrx_word' id='word_1_464' title='bbox 748 4359 849 4411; x_wconf 88' lang='grc' dir='ltr'><strong>μου</strong></span> <span class='ocrx_word' id='word_1_465' title='bbox 881 4342 1154 4414; x_wconf 84' lang='grc' dir='ltr'>ἀκούσητε</span> <span class='ocrx_word' id='word_1_466' title='bbox 1180 4344 1262 4398; x_wconf 79' lang='grc' dir='ltr'>δεῖ</span> <span class='ocrx_word' id='word_1_467' title='bbox 1298 4345 1601 4412; x_wconf 81' lang='grc' dir='ltr'>πείθεσθαι,</span> <span class='ocrx_word' id='word_1_468' title='bbox 1644 4350 1739 4403; x_wconf 78' lang='grc' dir='ltr'>καὶ</span> <span class='ocrx_word' id='word_1_469' title='bbox 1769 4349 1845 4422; x_wconf 81' lang='grc' dir='ltr'>μὴ</span> 
     </span>
    </p>
   </div>
   <div class='ocr_carea' id='block_1_65' title="bbox 260 4429 1871 4513">
    <p class='ocr_par' dir='ltr' id='par_1_65' title="bbox 260 4429 1871 4513">
     <span class='ocr_line' id='line_1_65' title="bbox 260 4429 1871 4513; baseline 0.01 -32"><span class='ocrx_word' id='word_1_470' title='bbox 260 4429 341 4491; x_wconf 80' lang='grc' dir='ltr'><strong>εἰς</strong></span> <span class='ocrx_word' id='word_1_471' title='bbox 396 4430 495 4499; x_wconf 79' lang='grc' dir='ltr'>τὴν</span> <span class='ocrx_word' id='word_1_472' title='bbox 548 4430 739 4501; x_wconf 80' lang='grc' dir='ltr'>αῠριον</span> <span class='ocrx_word' id='word_1_473' title='bbox 777 4434 1212 4490; x_wconf 75' lang='grc' dir='ltr'>ἀναϐάλλεσθαιο</span> <span class='ocrx_word' id='word_1_474' title='bbox 1252 4429 1323 4508; x_wconf 82' lang='grc' dir='ltr'>ἧς</span> <span class='ocrx_word' id='word_1_475' title='bbox 1371 4438 1469 4508; x_wconf 79' lang='grc' dir='ltr'>οὐχ</span> <span class='ocrx_word' id='word_1_476' title='bbox 1517 4439 1871 4513; x_wconf 69' lang='grc' dir='ltr'>ύπίρχομεν-</span> 
     </span>
    </p>
   </div>
   <div class='ocr_carea' id='block_1_66' title="bbox 260 4537 463 4593">
    <p class='ocr_par' dir='ltr' id='par_1_66' title="bbox 260 4537 463 4593">
     <span class='ocr_line' id='line_1_66' title="bbox 260 4537 463 4593; baseline 0.01 -19"><span class='ocrx_word' id='word_1_477' title='bbox 260 4537 463 4593; x_wconf 79' lang='grc' dir='ltr'>κύριοι.</span> 
     </span>
    </p>
   </div>
   <div class='ocr_carea' id='block_1_67' title="bbox 331 4609 1842 4696">
    <p class='ocr_par' dir='ltr' id='par_1_67' title="bbox 331 4609 1842 4696">
     <span class='ocr_line' id='line_1_67' title="bbox 331 4609 1842 4696; baseline 0.011 -29"><span class='ocrx_word' id='word_1_478' title='bbox 331 4609 396 4682; x_wconf 85' lang='grc' dir='ltr'><strong>β’.</strong></span> <span class='ocrx_word' id='word_1_479' title='bbox 441 4612 869 4682; x_wconf 73' lang='grc' dir='ltr'>Ἔγκωμιαζέτω</span> <span class='ocrx_word' id='word_1_480' title='bbox 906 4623 938 4673; x_wconf 90' lang='grc' dir='ltr'><strong>ό</strong></span> <span class='ocrx_word' id='word_1_481' title='bbox 970 4622 1186 4689; x_wconf 67' lang='grc' dir='ltr'>πέλας,</span> <span class='ocrx_word' id='word_1_482' title='bbox 1222 4625 1320 4686; x_wconf 71' lang='grc' dir='ltr'><strong>καὶ</strong></span> <span class='ocrx_word' id='word_1_483' title='bbox 1341 4624 1520 4696; x_wconf 77' lang='grc' dir='ltr'>μὴτὸ</span> <span class='ocrx_word' id='word_1_484' title='bbox 1554 4626 1672 4681; x_wconf 87' lang='grc' dir='ltr'><strong>σὸν</strong></span> <span class='ocrx_word' id='word_1_485' title='bbox 1702 4628 1842 4682; x_wconf 80' lang='grc' dir='ltr'>στόο</span> 
     </span>
    </p>
   </div>
   <div class='ocr_carea' id='block_1_68' title="bbox 1953 2561 3541 2641">
    <p class='ocr_par' dir='ltr' id='par_1_68' title="bbox 1953 2561 3541 2641">
     <span class='ocr_line' id='line_1_68' title="bbox 1953 2561 3541 2641; baseline -0.009 -14"><span class='ocrx_word' id='word_1_486' title='bbox 1953 2572 2049 2636; x_wconf 89' lang='lat' dir='ltr'><strong>tia,</strong></span> <span class='ocrx_word' id='word_1_487' title='bbox 2083 2567 2354 2641; x_wconf 89' lang='lat' dir='ltr'><strong>placentia</strong></span> <span class='ocrx_word' id='word_1_488' title='bbox 2388 2573 2540 2637; x_wconf 89' lang='lat' dir='ltr'><strong>optat</strong></span> <span class='ocrx_word' id='word_1_489' title='bbox 2600 2564 2826 2629; x_wconf 89' lang='lat' dir='ltr'><strong>audire;</strong></span> <span class='ocrx_word' id='word_1_490' title='bbox 2867 2562 3070 2633; x_wconf 81' lang='lat' dir='ltr'><strong>quibus</strong></span> <span class='ocrx_word' id='word_1_491' title='bbox 3105 2562 3447 2624; x_wconf 53' lang='lat' dir='ltr'><strong>delectatur,</strong></span> <span class='ocrx_word' id='word_1_492' title='bbox 3472 2561 3541 2617; x_wconf 78' lang='lat' dir='ltr'><strong>iis</strong></span> 
     </span>
    </p>
   </div>
   <div class='ocr_carea' id='block_1_69' title="bbox 1950 2655 3540 2723">
    <p class='ocr_par' dir='ltr' id='par_1_69' title="bbox 1950 2655 3540 2723">
     <span class='ocr_line' id='line_1_69' title="bbox 1950 2655 3540 2723; baseline -0.006 -3"><span class='ocrx_word' id='word_1_493' title='bbox 1950 2673 2005 2721; x_wconf 90' lang='lat' dir='ltr'><strong>et</strong></span> <span class='ocrx_word' id='word_1_494' title='bbox 2029 2664 2166 2718; x_wconf 84' lang='lat' dir='ltr'><strong>alios</strong></span> <span class='ocrx_word' id='word_1_495' title='bbox 2202 2660 2317 2717; x_wconf 87' lang='lat' dir='ltr'><strong>vult</strong></span> <span class='ocrx_word' id='word_1_496' title='bbox 2348 2659 2638 2723; x_wconf 86' lang='lat' dir='ltr'><strong>delectari,</strong></span> <span class='ocrx_word' id='word_1_497' title='bbox 2663 2665 2719 2712; x_wconf 89' lang='lat' dir='ltr'><strong>et</strong></span> <span class='ocrx_word' id='word_1_498' title='bbox 2756 2658 2881 2712; x_wconf 85' lang='lat' dir='ltr'><strong>ideo</strong></span> <span class='ocrx_word' id='word_1_499' title='bbox 2914 2670 3039 2710; x_wconf 85' lang='lat' dir='ltr'><strong>vera</strong></span> <span class='ocrx_word' id='word_1_500' title='bbox 3060 2656 3247 2711; x_wconf 87' lang='lat' dir='ltr'><strong>dicere</strong></span> <span class='ocrx_word' id='word_1_501' title='bbox 3277 2655 3540 2715; x_wconf 80' lang='lat' dir='ltr'><strong>ctaudiro</strong></span> 
     </span>
    </p>
   </div>
   <div class='ocr_carea' id='block_1_70' title="bbox 1953 2744 3537 2825">
    <p class='ocr_par' dir='ltr' id='par_1_70' title="bbox 1953 2744 3537 2825">
     <span class='ocr_line' id='line_1_70' title="bbox 1953 2744 3537 2825; baseline -0.008 -11"><span class='ocrx_word' id='word_1_502' title='bbox 1953 2757 2178 2814; x_wconf 87' lang='lat' dir='ltr'><strong>desinit.</strong></span> <span class='ocrx_word' id='word_1_503' title='bbox 2217 2755 2272 2808; x_wconf 91' lang='lat' dir='ltr'><strong>Si</strong></span> <span class='ocrx_word' id='word_1_504' title='bbox 2303 2754 2430 2825; x_wconf 83' lang='lat' dir='ltr'><strong>quis</strong></span> <span class='ocrx_word' id='word_1_505' title='bbox 2461 2744 2704 2823; x_wconf 79' lang='lat' dir='ltr'><strong>linguam</strong></span> <span class='ocrx_word' id='word_1_506' title='bbox 2740 2765 2850 2804; x_wconf 83' lang='lat' dir='ltr'><strong>non</strong></span> <span class='ocrx_word' id='word_1_507' title='bbox 2889 2748 3132 2821; x_wconf 82' lang='lat' dir='ltr'><strong>cohibet.</strong></span> <span class='ocrx_word' id='word_1_508' title='bbox 3179 2746 3276 2804; x_wconf 87' lang='lat' dir='ltr'><strong>sed</strong></span> <span class='ocrx_word' id='word_1_509' title='bbox 3303 2763 3365 2802; x_wconf 89' lang='lat' dir='ltr'><strong>ea</strong></span> <span class='ocrx_word' id='word_1_510' title='bbox 3397 2745 3537 2802; x_wconf 86' lang='lat' dir='ltr'><strong>dicit</strong></span> 
     </span>
    </p>
   </div>
   <div class='ocr_carea' id='block_1_71' title="bbox 1955 2835 3538 2915">
    <p class='ocr_par' dir='ltr' id='par_1_71' title="bbox 1955 2835 3538 2915">
     <span class='ocr_line' id='line_1_71' title="bbox 1955 2835 3538 2915; baseline -0.009 -13"><span class='ocrx_word' id='word_1_511' title='bbox 1955 2856 2163 2902; x_wconf 83' lang='lat' dir='ltr'><strong>temere</strong></span> <span class='ocrx_word' id='word_1_512' title='bbox 2183 2842 2387 2915; x_wconf 84' lang='lat' dir='ltr'><strong>quibus</strong></span> <span class='ocrx_word' id='word_1_513' title='bbox 2418 2840 2702 2896; x_wconf 86' lang='lat' dir='ltr'><strong>auditores</strong></span> <span class='ocrx_word' id='word_1_514' title='bbox 2767 2840 3133 2895; x_wconf 85' lang='lat' dir='ltr'><strong>mordeantur</strong></span> <span class='ocrx_word' id='word_1_515' title='bbox 3164 2837 3245 2890; x_wconf 87' lang='lat' dir='ltr'><strong>vel</strong></span> <span class='ocrx_word' id='word_1_516' title='bbox 3278 2835 3538 2894; x_wconf 82' lang='lat' dir='ltr'><strong>mollian-</strong></span> 
     </span>
    </p>
   </div>
   <div class='ocr_carea' id='block_1_72' title="bbox 1955 2927 3542 3001">
    <p class='ocr_par' dir='ltr' id='par_1_72' title="bbox 1955 2927 3542 3001">
     <span class='ocr_line' id='line_1_72' title="bbox 1955 2927 3542 3001; baseline -0.008 -11"><span class='ocrx_word' id='word_1_517' title='bbox 1955 2944 2065 3001; x_wconf 86' lang='lat' dir='ltr'><strong>tur,</strong></span> <span class='ocrx_word' id='word_1_518' title='bbox 2098 2934 2295 2988; x_wconf 86' lang='lat' dir='ltr'><strong>horum</strong></span> <span class='ocrx_word' id='word_1_519' title='bbox 2320 2930 2536 2985; x_wconf 88' lang='lat' dir='ltr'><strong>animos</strong></span> <span class='ocrx_word' id='word_1_520' title='bbox 2557 2944 2588 2984; x_wconf 92' lang='lat' dir='ltr'><strong>e</strong></span> <span class='ocrx_word' id='word_1_521' title='bbox 2617 2928 2782 2984; x_wconf 89' lang='lat' dir='ltr'><strong>solito</strong></span> <span class='ocrx_word' id='word_1_522' title='bbox 2841 2927 2895 2981; x_wconf 93' lang='lat' dir='ltr'><strong>in</strong></span> <span class='ocrx_word' id='word_1_523' title='bbox 2941 2927 3296 2982; x_wconf 88' lang='lat' dir='ltr'><strong>immodicum</strong></span> <span class='ocrx_word' id='word_1_524' title='bbox 3336 2939 3542 2985; x_wconf 82' lang='lat' dir='ltr'><strong>mcero-</strong></span> 
     </span>
    </p>
   </div>
   <div class='ocr_carea' id='block_1_73' title="bbox 1952 3017 3399 3091">
    <p class='ocr_par' dir='ltr' id='par_1_73' title="bbox 1952 3017 3399 3091">
     <span class='ocr_line' id='line_1_73' title="bbox 1952 3017 3399 3091; baseline -0.011 -4"><span class='ocrx_word' id='word_1_525' title='bbox 1952 3045 2068 3087; x_wconf 86' lang='lat' dir='ltr'><strong>rem</strong></span> <span class='ocrx_word' id='word_1_526' title='bbox 2103 3024 2452 3089; x_wconf 86' lang='lat' dir='ltr'><strong>transmittit,</strong></span> <span class='ocrx_word' id='word_1_527' title='bbox 2473 3023 2555 3078; x_wconf 83' lang='lat' dir='ltr'><strong>vel</strong></span> <span class='ocrx_word' id='word_1_528' title='bbox 2581 3021 2635 3081; x_wconf 90' lang='lat' dir='ltr'><strong>in</strong></span> <span class='ocrx_word' id='word_1_529' title='bbox 2664 3020 2841 3076; x_wconf 84' lang='lat' dir='ltr'><strong>simile</strong></span> <span class='ocrx_word' id='word_1_530' title='bbox 2866 3020 3127 3091; x_wconf 79' lang='lat' dir='ltr'><strong>gaudium</strong></span> <span class='ocrx_word' id='word_1_531' title='bbox 3156 3017 3399 3079; x_wconf 67' lang='lat' dir='ltr'><strong>inducis.</strong></span> 
     </span>
    </p>
   </div>
   <div class='ocr_carea' id='block_1_74' title="bbox 2561 3304 2967 3364">
    <p class='ocr_par' dir='ltr' id='par_1_74' title="bbox 2561 3304 2967 3364">
     <span class='ocr_line' id='line_1_74' title="bbox 2561 3304 2967 3364; baseline -0.002 0"><span class='ocrx_word' id='word_1_532' title='bbox 2561 3307 2715 3364; x_wconf 79' lang='lat' dir='ltr'><strong>CAP.</strong></span> <span class='ocrx_word' id='word_1_533' title='bbox 2747 3304 2967 3363; x_wconf 77' lang='lat' dir='ltr'><strong>XXVII.</strong></span> 
     </span>
    </p>
   </div>
   <div class='ocr_carea' id='block_1_75' title="bbox 2025 3414 3538 3494">
    <p class='ocr_par' dir='ltr' id='par_1_75' title="bbox 2025 3414 3538 3494">
     <span class='ocr_line' id='line_1_75' title="bbox 2025 3414 3538 3494; baseline -0.012 -10"><span class='ocrx_word' id='word_1_534' title='bbox 2025 3428 2192 3484; x_wconf 79' lang='lat' dir='ltr'><strong>Vens.</strong></span> <span class='ocrx_word' id='word_1_535' title='bbox 2227 3426 2280 3480; x_wconf 78' lang='grc'>1.</span> <span class='ocrx_word' id='word_1_536' title='bbox 2320 3422 2402 3478; x_wconf 81' lang='lat' dir='ltr'><strong>Ne</strong></span> <span class='ocrx_word' id='word_1_537' title='bbox 2430 3422 2675 3494; x_wconf 79' lang='lat' dir='ltr'><strong>glorieris</strong></span> <span class='ocrx_word' id='word_1_538' title='bbox 2717 3421 2774 3474; x_wconf 91' lang='lat' dir='ltr'><strong>in</strong></span> <span class='ocrx_word' id='word_1_539' title='bbox 2826 3418 2980 3474; x_wconf 89' lang='lat' dir='ltr'><strong>rebus</strong></span> <span class='ocrx_word' id='word_1_540' title='bbox 3015 3416 3308 3477; x_wconf 84' lang='lat' dir='ltr'><strong>crastinis;</strong></span> <span class='ocrx_word' id='word_1_541' title='bbox 3369 3414 3538 3467; x_wconf 80' lang='lat' dir='ltr'><strong>nescis</strong></span> 
     </span>
    </p>
   </div>
   <div class='ocr_carea' id='block_1_76' title="bbox 1953 3505 3537 3592">
    <p class='ocr_par' dir='ltr' id='par_1_76' title="bbox 1953 3505 3537 3592">
     <span class='ocr_line' id='line_1_76' title="bbox 1953 3505 3537 3592; baseline -0.014 -13"><span class='ocrx_word' id='word_1_542' title='bbox 1953 3522 2093 3579; x_wconf 82' lang='lat' dir='ltr'><strong>enim</strong></span> <span class='ocrx_word' id='word_1_543' title='bbox 2124 3517 2250 3592; x_wconf 82' lang='lat' dir='ltr'><strong>quid</strong></span> <span class='ocrx_word' id='word_1_544' title='bbox 2291 3518 2462 3587; x_wconf 83' lang='lat' dir='ltr'><strong>pariet</strong></span> <span class='ocrx_word' id='word_1_545' title='bbox 2486 3514 2855 3582; x_wconf 81' lang='lat' dir='ltr'><strong>superveniens</strong></span> <span class='ocrx_word' id='word_1_546' title='bbox 2880 3510 3014 3565; x_wconf 85' lang='lat' dir='ltr'><strong>dies.</strong></span> <span class='ocrx_word' id='word_1_547' title='bbox 3055 3508 3115 3563; x_wconf 83' lang='lat' dir='ltr'><strong>In</strong></span> <span class='ocrx_word' id='word_1_548' title='bbox 3147 3521 3392 3577; x_wconf 69' lang='lat' dir='ltr'><strong>praesens</strong></span> <span class='ocrx_word' id='word_1_549' title='bbox 3422 3505 3537 3559; x_wconf 74' lang='lat' dir='ltr'><strong>nuli</strong></span> 
     </span>
    </p>
   </div>
   <div class='ocr_carea' id='block_1_77' title="bbox 1955 3598 3543 3675">
    <p class='ocr_par' dir='ltr' id='par_1_77' title="bbox 1955 3598 3543 3675">
     <span class='ocr_line' id='line_1_77' title="bbox 1955 3598 3543 3675; baseline -0.013 -5"><span class='ocrx_word' id='word_1_550' title='bbox 1955 3613 2171 3672; x_wconf 83' lang='lat' dir='ltr'><strong>servire</strong></span> <span class='ocrx_word' id='word_1_551' title='bbox 2209 3608 2432 3664; x_wconf 88' lang='lat' dir='ltr'><strong>diabolo</strong></span> <span class='ocrx_word' id='word_1_552' title='bbox 2468 3606 2562 3675; x_wconf 92' lang='lat' dir='ltr'><strong>qui</strong></span> <span class='ocrx_word' id='word_1_553' title='bbox 2593 3603 2733 3658; x_wconf 80' lang='lat' dir='ltr'><strong>fallit</strong></span> <span class='ocrx_word' id='word_1_554' title='bbox 2760 3601 3001 3666; x_wconf 86' lang='lat' dir='ltr'><strong>animas,</strong></span> <span class='ocrx_word' id='word_1_555' title='bbox 3054 3598 3278 3654; x_wconf 89' lang='lat' dir='ltr'><strong>deditus</strong></span> <span class='ocrx_word' id='word_1_556' title='bbox 3333 3598 3543 3667; x_wconf 86' lang='lat' dir='ltr'><strong>passio-</strong></span> 
     </span>
    </p>
   </div>
   <div class='ocr_carea' id='block_1_78' title="bbox 1956 3695 3542 3772">
    <p class='ocr_par' dir='ltr' id='par_1_78' title="bbox 1956 3695 3542 3772">
     <span class='ocr_line' id='line_1_78' title="bbox 1956 3695 3542 3772; baseline -0.013 -9"><span class='ocrx_word' id='word_1_557' title='bbox 1956 3708 2118 3764; x_wconf 87' lang='lat' dir='ltr'><strong>nibus</strong></span> <span class='ocrx_word' id='word_1_558' title='bbox 2140 3700 2462 3772; x_wconf 85' lang='lat' dir='ltr'><strong>voluptatis.</strong></span> <span class='ocrx_word' id='word_1_559' title='bbox 2490 3699 2548 3752; x_wconf 85' lang='lat' dir='ltr'><strong>In</strong></span> <span class='ocrx_word' id='word_1_560' title='bbox 2572 3695 2879 3752; x_wconf 84' lang='lat' dir='ltr'><strong>crastinum</strong></span> <span class='ocrx_word' id='word_1_561' title='bbox 2931 3707 3061 3749; x_wconf 84' lang='lat' dir='ltr'><strong>vero</strong></span> <span class='ocrx_word' id='word_1_562' title='bbox 3082 3730 3097 3756; x_wconf 90' lang='lat'><strong>,</strong></span> <span class='ocrx_word' id='word_1_563' title='bbox 3125 3699 3319 3745; x_wconf 87' lang='lat' dir='ltr'><strong>contra</strong></span> <span class='ocrx_word' id='word_1_564' title='bbox 3366 3702 3542 3744; x_wconf 82' lang='lat' dir='ltr'><strong>vanas</strong></span> 
     </span>
    </p>
   </div>
   <div class='ocr_carea' id='block_1_79' title="bbox 1956 3782 3537 3871">
    <p class='ocr_par' dir='ltr' id='par_1_79' title="bbox 1956 3782 3537 3871">
     <span class='ocr_line' id='line_1_79' title="bbox 1956 3782 3537 3871; baseline -0.015 -14"><span class='ocrx_word' id='word_1_565' title='bbox 1956 3816 2083 3871; x_wconf 87' lang='lat' dir='ltr'><strong>spes</strong></span> <span class='ocrx_word' id='word_1_566' title='bbox 2110 3794 2495 3868; x_wconf 86' lang='lat' dir='ltr'><strong>jactatejuste</strong></span> <span class='ocrx_word' id='word_1_567' title='bbox 2517 3798 2909 3861; x_wconf 86' lang='lat' dir='ltr'><strong>operaturum;</strong></span> <span class='ocrx_word' id='word_1_568' title='bbox 2948 3794 3003 3841; x_wconf 90' lang='lat' dir='ltr'><strong>et</strong></span> <span class='ocrx_word' id='word_1_569' title='bbox 3036 3786 3113 3840; x_wconf 87' lang='lat' dir='ltr'><strong>ita</strong></span> <span class='ocrx_word' id='word_1_570' title='bbox 3144 3782 3395 3855; x_wconf 86' lang='lat' dir='ltr'><strong>pensatis</strong></span> <span class='ocrx_word' id='word_1_571' title='bbox 3411 3796 3537 3852; x_wconf 61' lang='lat' dir='ltr'><strong>qua</strong></span> 
     </span>
    </p>
   </div>
   <div class='ocr_carea' id='block_1_80' title="bbox 1953 3874 3539 3960">
    <p class='ocr_par' dir='ltr' id='par_1_80' title="bbox 1953 3874 3539 3960">
     <span class='ocr_line' id='line_1_80' title="bbox 1953 3874 3539 3960; baseline -0.014 -11"><span class='ocrx_word' id='word_1_572' title='bbox 1953 3894 2232 3955; x_wconf 87' lang='lat' dir='ltr'><strong>minuunt,</strong></span> <span class='ocrx_word' id='word_1_573' title='bbox 2256 3903 2379 3960; x_wconf 64' lang='lat' dir='ltr'><strong>quae</strong></span> <span class='ocrx_word' id='word_1_574' title='bbox 2403 3889 2703 3956; x_wconf 72' lang='lat' dir='ltr'><strong>exugerent</strong></span> <span class='ocrx_word' id='word_1_575' title='bbox 2739 3880 3020 3942; x_wconf 85' lang='lat' dir='ltr'><strong>virtutem,</strong></span> <span class='ocrx_word' id='word_1_576' title='bbox 3056 3875 3437 3949; x_wconf 85' lang='lat' dir='ltr'><strong>passionibus.</strong></span> <span class='ocrx_word' id='word_1_577' title='bbox 3458 3874 3539 3928; x_wconf 82' lang='lat' dir='ltr'><strong>illi</strong></span> 
     </span>
    </p>
   </div>
   <div class='ocr_carea' id='block_1_81' title="bbox 1954 3965 3542 4043">
    <p class='ocr_par' dir='ltr' id='par_1_81' title="bbox 1954 3965 3542 4043">
     <span class='ocr_line' id='line_1_81' title="bbox 1954 3965 3542 4043; baseline -0.016 0"><span class='ocrx_word' id='word_1_578' title='bbox 1954 3984 2259 4043; x_wconf 85' lang='lat' dir='ltr'><strong>remedium</strong></span> <span class='ocrx_word' id='word_1_579' title='bbox 2293 3979 2516 4040; x_wconf 84' lang='lat' dir='ltr'><strong>Ietbale,</strong></span> <span class='ocrx_word' id='word_1_580' title='bbox 2549 3982 2604 4031; x_wconf 86' lang='lat' dir='ltr'><strong>et</strong></span> <span class='ocrx_word' id='word_1_581' title='bbox 2624 3974 2751 4030; x_wconf 81' lang='lat' dir='ltr'><strong>vitae</strong></span> <span class='ocrx_word' id='word_1_582' title='bbox 2779 3971 3051 4041; x_wconf 80' lang='lat' dir='ltr'><strong>inspirata</strong></span> <span class='ocrx_word' id='word_1_583' title='bbox 3096 3965 3408 4023; x_wconf 86' lang='lat' dir='ltr'><strong>eversivum</strong></span> <span class='ocrx_word' id='word_1_584' title='bbox 3440 3980 3542 4035; x_wconf 66' lang='lat' dir='ltr'><strong>pa.-</strong></span> 
     </span>
    </p>
   </div>
   <div class='ocr_carea' id='block_1_82' title="bbox 1954 4059 3537 4144">
    <p class='ocr_par' dir='ltr' id='par_1_82' title="bbox 1954 4059 3537 4144">
     <span class='ocr_line' id='line_1_82' title="bbox 1954 4059 3537 4144; baseline -0.016 -10"><span class='ocrx_word' id='word_1_585' title='bbox 1954 4077 2124 4134; x_wconf 85' lang='lat' dir='ltr'><strong>rabis.</strong></span> <span class='ocrx_word' id='word_1_586' title='bbox 2153 4074 2382 4144; x_wconf 78' lang='lat' dir='ltr'><strong>ignoras</strong></span> <span class='ocrx_word' id='word_1_587' title='bbox 2409 4070 2555 4126; x_wconf 88' lang='lat' dir='ltr'><strong>enim</strong></span> <span class='ocrx_word' id='word_1_588' title='bbox 2587 4066 2718 4137; x_wconf 89' lang='lat' dir='ltr'><strong>quid</strong></span> <span class='ocrx_word' id='word_1_589' title='bbox 2761 4063 2860 4119; x_wconf 86' lang='lat' dir='ltr'><strong>tibi</strong></span> <span class='ocrx_word' id='word_1_590' title='bbox 2906 4062 3080 4133; x_wconf 83' lang='lat' dir='ltr'><strong>pariet</strong></span> <span class='ocrx_word' id='word_1_591' title='bbox 3111 4059 3230 4114; x_wconf 89' lang='lat' dir='ltr'><strong>dies</strong></span> <span class='ocrx_word' id='word_1_592' title='bbox 3284 4067 3537 4111; x_wconf 84' lang='lat' dir='ltr'><strong>ventura.</strong></span> 
     </span>
    </p>
   </div>
   <div class='ocr_carea' id='block_1_83' title="bbox 1954 4149 3540 4227">
    <p class='ocr_par' dir='ltr' id='par_1_83' title="bbox 1954 4149 3540 4227">
     <span class='ocr_line' id='line_1_83' title="bbox 1954 4149 3540 4227; baseline -0.015 -2"><span class='ocrx_word' id='word_1_593' title='bbox 1954 4169 2080 4227; x_wconf 78' lang='lat' dir='ltr'><strong>Ideo</strong></span> <span class='ocrx_word' id='word_1_594' title='bbox 2103 4165 2438 4223; x_wconf 87' lang='lat' dir='ltr'><strong>credendum</strong></span> <span class='ocrx_word' id='word_1_595' title='bbox 2468 4167 2552 4216; x_wconf 88' lang='lat' dir='ltr'><strong>est</strong></span> <span class='ocrx_word' id='word_1_596' title='bbox 2584 4159 2695 4215; x_wconf 86' lang='lat' dir='ltr'><strong>Deo</strong></span> <span class='ocrx_word' id='word_1_597' title='bbox 2726 4154 2970 4213; x_wconf 86' lang='lat' dir='ltr'><strong>dicenti:</strong></span> <span class='ocrx_word' id='word_1_598' title='bbox 3007 4172 3025 4204; x_wconf 80' lang='grc' dir='ltr'><strong>ι</strong></span> <span class='ocrx_word' id='word_1_599' title='bbox 3062 4149 3238 4205; x_wconf 85' lang='lat' dir='ltr'><strong>Hodie</strong></span> <span class='ocrx_word' id='word_1_600' title='bbox 3271 4150 3315 4204; x_wconf 92' lang='lat' dir='ltr'><strong>si</strong></span> <span class='ocrx_word' id='word_1_601' title='bbox 3346 4161 3540 4203; x_wconf 83' lang='lat' dir='ltr'><strong>vocem</strong></span> 
     </span>
    </p>
   </div>
   <div class='ocr_carea' id='block_1_84' title="bbox 1952 4240 3538 4320">
    <p class='ocr_par' dir='ltr' id='par_1_84' title="bbox 1952 4240 3538 4320">
     <span class='ocr_line' id='line_1_84' title="bbox 1952 4240 3538 4320; baseline -0.015 0"><span class='ocrx_word' id='word_1_602' title='bbox 1952 4277 2130 4320; x_wconf 87' lang='lat' dir='ltr'><strong>meam</strong></span> <span class='ocrx_word' id='word_1_603' title='bbox 2164 4255 2454 4314; x_wconf 84' lang='lat' dir='ltr'><strong>audieritis</strong></span> <span class='ocrx_word' id='word_1_604' title='bbox 2490 4254 2535 4319; x_wconf 88' lang='lat'><strong>&quot;,</strong></span> <span class='ocrx_word' id='word_1_605' title='bbox 2577 4270 2597 4304; x_wconf 72' lang='grc' dir='ltr'><strong>ι</strong></span> <span class='ocrx_word' id='word_1_606' title='bbox 2634 4265 2734 4305; x_wconf 89' lang='lat' dir='ltr'><strong>nec</strong></span> <span class='ocrx_word' id='word_1_607' title='bbox 2782 4249 2838 4302; x_wconf 89' lang='lat' dir='ltr'><strong>in</strong></span> <span class='ocrx_word' id='word_1_608' title='bbox 2892 4244 3199 4300; x_wconf 85' lang='lat' dir='ltr'><strong>crastinum</strong></span> <span class='ocrx_word' id='word_1_609' title='bbox 3252 4240 3538 4297; x_wconf 67' lang='lat' dir='ltr'><strong>remittet].-</strong></span> 
     </span>
    </p>
   </div>
   <div class='ocr_carea' id='block_1_85' title="bbox 1952 4334 3146 4423">
    <p class='ocr_par' dir='ltr' id='par_1_85' title="bbox 1952 4334 3146 4423">
     <span class='ocr_line' id='line_1_85' title="bbox 1952 4334 3146 4423; baseline -0.019 -10"><span class='ocrx_word' id='word_1_610' title='bbox 1952 4356 2105 4423; x_wconf 86' lang='lat' dir='ltr'><strong>dum,</strong></span> <span class='ocrx_word' id='word_1_611' title='bbox 2144 4353 2306 4423; x_wconf 85' lang='lat' dir='ltr'><strong>cujus</strong></span> <span class='ocrx_word' id='word_1_612' title='bbox 2327 4354 2580 4420; x_wconf 86' lang='lat' dir='ltr'><strong>potestas</strong></span> <span class='ocrx_word' id='word_1_613' title='bbox 2607 4334 2750 4415; x_wconf 67' lang='lat' dir='ltr'><strong>apud</strong></span> <span class='ocrx_word' id='word_1_614' title='bbox 2783 4355 2884 4395; x_wconf 91' lang='lat' dir='ltr'><strong>nos</strong></span> <span class='ocrx_word' id='word_1_615' title='bbox 2909 4353 3017 4393; x_wconf 92' lang='lat' dir='ltr'><strong>non</strong></span> <span class='ocrx_word' id='word_1_616' title='bbox 3040 4345 3146 4392; x_wconf 89' lang='lat' dir='ltr'><strong>est.</strong></span> 
     </span>
    </p>
   </div>
   <div class='ocr_carea' id='block_1_86' title="bbox 2022 4598 3535 4676">
    <p class='ocr_par' dir='ltr' id='par_1_86' title="bbox 2022 4598 3535 4676">
     <span class='ocr_line' id='line_1_86' title="bbox 2022 4598 3535 4676; baseline -0.019 1"><span class='ocrx_word' id='word_1_617' title='bbox 2022 4619 2192 4676; x_wconf 74' lang='lat' dir='ltr'><strong>Vens.</strong></span> <span class='ocrx_word' id='word_1_618' title='bbox 2218 4616 2273 4670; x_wconf 70' lang='lat'><strong>2.</strong></span> <span class='ocrx_word' id='word_1_619' title='bbox 2297 4610 2502 4669; x_wconf 87' lang='lat' dir='ltr'><strong>Laudet</strong></span> <span class='ocrx_word' id='word_1_620' title='bbox 2528 4620 2576 4665; x_wconf 82' lang='lat' dir='ltr'><strong>te</strong></span> <span class='ocrx_word' id='word_1_621' title='bbox 2606 4609 2834 4669; x_wconf 83' lang='lat' dir='ltr'><strong>vicinus,</strong></span> <span class='ocrx_word' id='word_1_622' title='bbox 2857 4617 2907 4661; x_wconf 86' lang='lat' dir='ltr'><strong>et</strong></span> <span class='ocrx_word' id='word_1_623' title='bbox 2948 4622 3053 4660; x_wconf 88' lang='lat' dir='ltr'><strong>non</strong></span> <span class='ocrx_word' id='word_1_624' title='bbox 3094 4619 3154 4657; x_wconf 82' lang='lat' dir='ltr'><strong>os</strong></span> <span class='ocrx_word' id='word_1_625' title='bbox 3180 4613 3368 4665; x_wconf 85' lang='lat' dir='ltr'><strong>tuum;</strong></span> <span class='ocrx_word' id='word_1_626' title='bbox 3394 4598 3535 4654; x_wconf 49' lang='lat' dir='ltr'><strong>alias</strong></span> 
     </span>
    </p>
   </div>
   <div class='ocr_carea' id='block_1_87' title="bbox 253 4691 1844 4788">
    <p class='ocr_par' dir='ltr' id='par_1_87' title="bbox 253 4691 1842 4788">
     <span class='ocr_line' id='line_1_87' title="bbox 253 4691 1842 4788; baseline 0.011 -32"><span class='ocrx_word' id='word_1_627' title='bbox 253 4719 371 4773; x_wconf 72' lang='grc' dir='ltr'>μα’</span> <span class='ocrx_word' id='word_1_628' title='bbox 413 4704 754 4776; x_wconf 74' lang='grc' dir='ltr'>ἀλλότριος,</span> <span class='ocrx_word' id='word_1_629' title='bbox 782 4709 881 4763; x_wconf 73' lang='grc' dir='ltr'><strong>καί</strong></span> <span class='ocrx_word' id='word_1_630' title='bbox 931 4712 1017 4781; x_wconf 80' lang='grc' dir='ltr'>μὴ</span> <span class='ocrx_word' id='word_1_631' title='bbox 1046 4715 1120 4769; x_wconf 83' lang='grc' dir='ltr'>τὰ</span> <span class='ocrx_word' id='word_1_632' title='bbox 1148 4716 1231 4770; x_wconf 83' lang='grc' dir='ltr'><em>σὰ</em></span> <span class='ocrx_word' id='word_1_633' title='bbox 1280 4691 1479 4788; x_wconf 63' lang='grc' dir='ltr'>χείλη.</span> <span class='ocrx_word' id='word_1_634' title='bbox 1519 4720 1842 4774; x_wconf 86' lang='grc' dir='ltr'>Ἐπαινείτω</span> 
     </span>
    </p>
   </div>
   <div class='ocr_carea' id='block_1_88' title="bbox 1959 4691 3534 4788">
    <p class='ocr_par' dir='ltr' id='par_1_88' title="bbox 1959 4691 3534 4778">
     <span class='ocr_line' id='line_1_88' title="bbox 1959 4691 3534 4778; baseline -0.015 -10"><span class='ocrx_word' id='word_1_635' title='bbox 1959 4729 2075 4778; x_wconf 83' lang='lat' dir='ltr'><strong>nus,</strong></span> <span class='ocrx_word' id='word_1_636' title='bbox 2106 4718 2279 4764; x_wconf 84' lang='lat' dir='ltr'><strong>etnon</strong></span> <span class='ocrx_word' id='word_1_637' title='bbox 2313 4704 2463 4760; x_wconf 85' lang='lat' dir='ltr'><strong>labia</strong></span> <span class='ocrx_word' id='word_1_638' title='bbox 2499 4712 2617 4757; x_wconf 88' lang='lat' dir='ltr'><strong>tua.</strong></span> <span class='ocrx_word' id='word_1_639' title='bbox 2644 4698 2851 4754; x_wconf 88' lang='lat' dir='ltr'><strong>Laudet</strong></span> <span class='ocrx_word' id='word_1_640' title='bbox 2885 4704 2939 4753; x_wconf 87' lang='lat' dir='ltr'><strong>te</strong></span> <span class='ocrx_word' id='word_1_641' title='bbox 2983 4696 3153 4750; x_wconf 79' lang='lat' dir='ltr'><strong>frater</strong></span> <span class='ocrx_word' id='word_1_642' title='bbox 3182 4694 3237 4748; x_wconf 89' lang='lat' dir='ltr'><strong>in</strong></span> <span class='ocrx_word' id='word_1_643' title='bbox 3294 4691 3417 4753; x_wconf 85' lang='lat' dir='ltr'><strong>lide,</strong></span> <span class='ocrx_word' id='word_1_644' title='bbox 3480 4699 3534 4745; x_wconf 83' lang='lat' dir='ltr'><strong>to</strong></span> 
     </span>
    </p>
   </div>
   <div class='ocr_carea' id='block_1_89' title="bbox 259 4798 1841 4882">
    <p class='ocr_par' dir='ltr' id='par_1_89' title="bbox 259 4798 1841 4882">
     <span class='ocr_line' id='line_1_89' title="bbox 259 4798 1841 4882; baseline 0.011 -32"><span class='ocrx_word' id='word_1_645' title='bbox 259 4811 321 4850; x_wconf 85' lang='grc' dir='ltr'><strong>σε</strong></span> <span class='ocrx_word' id='word_1_646' title='bbox 370 4798 399 4851; x_wconf 84' lang='grc' dir='ltr'><em>ὁ</em></span> <span class='ocrx_word' id='word_1_647' title='bbox 441 4798 589 4853; x_wconf 84' lang='grc' dir='ltr'><strong>κατά</strong></span> <span class='ocrx_word' id='word_1_648' title='bbox 641 4801 825 4855; x_wconf 86' lang='grc' dir='ltr'>πίστιν</span> <span class='ocrx_word' id='word_1_649' title='bbox 878 4802 1226 4876; x_wconf 79' lang='grc' dir='ltr'>ᾠκειωμένος</span> <span class='ocrx_word' id='word_1_650' title='bbox 1262 4827 1366 4876; x_wconf 88' lang='grc' dir='ltr'>σοι,</span> <span class='ocrx_word' id='word_1_651' title='bbox 1393 4811 1841 4882; x_wconf 81' lang='grc' dir='ltr'>ἀγαθοεργοῢντα</span> 
     </span>
    </p>
   </div>
   <div class='ocr_carea' id='block_1_90' title="bbox 257 4888 1841 4978">
    <p class='ocr_par' dir='ltr' id='par_1_90' title="bbox 257 4888 1841 4978">
     <span class='ocr_line' id='line_1_90' title="bbox 257 4888 1841 4978; baseline 0.01 -36"><span class='ocrx_word' id='word_1_652' title='bbox 257 4888 421 4960; x_wconf 80' lang='grc' dir='ltr'>ὁρῶν,</span> <span class='ocrx_word' id='word_1_653' title='bbox 462 4891 555 4944; x_wconf 60' lang='grc' dir='ltr'><strong>κατ</strong></span> <span class='ocrx_word' id='word_1_654' title='bbox 584 4891 985 4978; x_wconf 82' lang='grc' dir='ltr'>εὐαρεστοῦντα</span> <span class='ocrx_word' id='word_1_655' title='bbox 1010 4896 1163 4968; x_wconf 82' lang='grc' dir='ltr'><strong>Θεῷ⁶</strong></span> <span class='ocrx_word' id='word_1_656' title='bbox 1199 4903 1294 4955; x_wconf 84' lang='grc' dir='ltr'>καὶ</span> <span class='ocrx_word' id='word_1_657' title='bbox 1323 4903 1400 4973; x_wconf 86' lang='grc' dir='ltr'>μὴ</span> <span class='ocrx_word' id='word_1_658' title='bbox 1436 4902 1597 4968; x_wconf 72' lang='grc' dir='ltr'>αὐτὸς</span> <span class='ocrx_word' id='word_1_659' title='bbox 1628 4904 1841 4970; x_wconf 74' lang='grc' dir='ltr'>ἑαυτὸν,</span> 
     </span>
    </p>
   </div>
   <div class='ocr_carea' id='block_1_91' title="bbox 262 4981 1847 5060">
    <p class='ocr_par' dir='ltr' id='par_1_91' title="bbox 262 4981 1847 5060">
     <span class='ocr_line' id='line_1_91' title="bbox 262 4981 1847 5060; baseline 0.012 -28"><span class='ocrx_word' id='word_1_660' title='bbox 262 4981 402 5051; x_wconf 81' lang='grc' dir='ltr'>μέγα</span> <span class='ocrx_word' id='word_1_661' title='bbox 434 5000 488 5036; x_wconf 89' lang='grc' dir='ltr'><strong>τι</strong></span> <span class='ocrx_word' id='word_1_662' title='bbox 541 4986 787 5056; x_wconf 76' lang='grc' dir='ltr'>οἰόμενος</span> <span class='ocrx_word' id='word_1_663' title='bbox 824 4989 955 5060; x_wconf 78' lang='grc' dir='ltr'>περὶ</span> <span class='ocrx_word' id='word_1_664' title='bbox 1003 4990 1232 5044; x_wconf 79' lang='grc' dir='ltr'>ἑαυτοῦ·</span> <span class='ocrx_word' id='word_1_665' title='bbox 1288 4994 1383 5047; x_wconf 76' lang='grc' dir='ltr'>καὶ</span> <span class='ocrx_word' id='word_1_666' title='bbox 1437 4995 1769 5056; x_wconf 73' lang='grc' dir='ltr'>ἐκθειαζέτω</span> <span class='ocrx_word' id='word_1_667' title='bbox 1817 4997 1847 5051; x_wconf 85' lang='grc' dir='ltr'><strong>ὁ</strong></span> 
     </span>
    </p>
   </div>
   <div class='ocr_carea' id='block_1_92' title="bbox 258 5073 1843 5158">
    <p class='ocr_par' dir='ltr' id='par_1_92' title="bbox 258 5073 1843 5158">
     <span class='ocr_line' id='line_1_92' title="bbox 258 5073 1843 5158; baseline 0.012 -33"><span class='ocrx_word' id='word_1_668' title='bbox 258 5073 588 5145; x_wconf 78' lang='grc' dir='ltr'>ἐτερόδοξος,</span> <span class='ocrx_word' id='word_1_669' title='bbox 628 5077 845 5133; x_wconf 87' lang='grc' dir='ltr'>ἀκούων</span> <span class='ocrx_word' id='word_1_670' title='bbox 880 5080 1011 5153; x_wconf 81' lang='grc' dir='ltr'>περὶ</span> <span class='ocrx_word' id='word_1_671' title='bbox 1052 5083 1151 5153; x_wconf 83' lang='grc' dir='ltr'><strong>τῆς</strong></span> <span class='ocrx_word' id='word_1_672' title='bbox 1182 5084 1281 5155; x_wconf 84' lang='grc' dir='ltr'>σῆς</span> <span class='ocrx_word' id='word_1_673' title='bbox 1320 5086 1552 5158; x_wconf 77' lang='grc' dir='ltr'>ἀρετῆς,</span> <span class='ocrx_word' id='word_1_674' title='bbox 1592 5089 1687 5142; x_wconf 77' lang='grc' dir='ltr'>καὶ</span> <span class='ocrx_word' id='word_1_675' title='bbox 1709 5086 1843 5143; x_wconf 90' lang='grc' dir='ltr'>ταύ-</span> 
     </span>
    </p>
   </div>
   <div class='ocr_carea' id='block_1_93' title="bbox 256 5168 1842 5248">
    <p class='ocr_par' dir='ltr' id='par_1_93' title="bbox 256 5168 1842 5248">
     <span class='ocr_line' id='line_1_93' title="bbox 256 5168 1842 5248; baseline 0.012 -31"><span class='ocrx_word' id='word_1_676' title='bbox 256 5182 357 5235; x_wconf 83' lang='grc' dir='ltr'><strong>την</strong></span> <span class='ocrx_word' id='word_1_677' title='bbox 397 5168 716 5239; x_wconf 77' lang='grc' dir='ltr'>αἰδούμενος</span> <span class='ocrx_word' id='word_1_678' title='bbox 740 5188 753 5202; x_wconf 78' lang='grc' dir='ltr'><strong>ο</strong></span> <span class='ocrx_word' id='word_1_679' title='bbox 803 5172 897 5227; x_wconf 83' lang='grc' dir='ltr'>καὶ</span> <span class='ocrx_word' id='word_1_680' title='bbox 952 5174 1027 5246; x_wconf 76' lang='grc' dir='ltr'>μὴ</span> <span class='ocrx_word' id='word_1_681' title='bbox 1085 5175 1292 5242; x_wconf 82' lang='grc' dir='ltr'>ἐκεῖνος</span> <span class='ocrx_word' id='word_1_682' title='bbox 1336 5178 1437 5248; x_wconf 81' lang='grc' dir='ltr'>μὲν</span> <span class='ocrx_word' id='word_1_683' title='bbox 1468 5180 1531 5235; x_wconf 83' lang='grc' dir='ltr'>τὸ</span> <span class='ocrx_word' id='word_1_684' title='bbox 1576 5181 1671 5234; x_wconf 83' lang='grc' dir='ltr'>τοῦ</span> <span class='ocrx_word' id='word_1_685' title='bbox 1701 5180 1842 5235; x_wconf 82' lang='grc' dir='ltr'>Θεοῦ</span> 
     </span>
    </p>
   </div>
   <div class='ocr_carea' id='block_1_94' title="bbox 257 5253 1836 5345">
    <p class='ocr_par' dir='ltr' id='par_1_94' title="bbox 257 5253 1836 5345">
     <span class='ocr_line' id='line_1_94' title="bbox 257 5253 1836 5345; baseline 0.013 -37"><span class='ocrx_word' id='word_1_686' title='bbox 257 5253 429 5327; x_wconf 70' lang='grc' dir='ltr'>ὄνομα</span> <span class='ocrx_word' id='word_1_687' title='bbox 457 5258 754 5335; x_wconf 77' lang='grc' dir='ltr'>βλασφημῇ</span> <span class='ocrx_word' id='word_1_688' title='bbox 784 5263 874 5318; x_wconf 87' lang='grc' dir='ltr'><strong>διά</strong></span> <span class='ocrx_word' id='word_1_689' title='bbox 918 5265 999 5331; x_wconf 76' lang='grc' dir='ltr'>σὲ,</span> <span class='ocrx_word' id='word_1_690' title='bbox 1046 5265 1122 5331; x_wconf 88' lang='grc' dir='ltr'><strong>ὡς</strong></span> <span class='ocrx_word' id='word_1_691' title='bbox 1163 5271 1265 5339; x_wconf 86' lang='grc' dir='ltr'>τῆς</span> <span class='ocrx_word' id='word_1_692' title='bbox 1307 5271 1537 5342; x_wconf 83' lang='grc' dir='ltr'>ἀνομίας</span> <span class='ocrx_word' id='word_1_693' title='bbox 1574 5273 1836 5345; x_wconf 83' lang='grc' dir='ltr'>ἐργάτην,</span> 
     </span>
    </p>
   </div>
   <div class='ocr_carea' id='block_1_95' title="bbox 1950 4790 3531 4868">
    <p class='ocr_par' dir='ltr' id='par_1_95' title="bbox 1950 4790 3531 4868">
     <span class='ocr_line' id='line_1_95' title="bbox 1950 4790 3531 4868; baseline -0.016 -6"><span class='ocrx_word' id='word_1_694' title='bbox 1950 4807 2147 4862; x_wconf 87' lang='lat' dir='ltr'><strong>videns</strong></span> <span class='ocrx_word' id='word_1_695' title='bbox 2178 4803 2324 4858; x_wconf 85' lang='lat' dir='ltr'><strong>bona</strong></span> <span class='ocrx_word' id='word_1_696' title='bbox 2346 4807 2618 4868; x_wconf 81' lang='lat' dir='ltr'><strong>agentem,</strong></span> <span class='ocrx_word' id='word_1_697' title='bbox 2658 4803 2713 4847; x_wconf 87' lang='lat' dir='ltr'><strong>et</strong></span> <span class='ocrx_word' id='word_1_698' title='bbox 2751 4791 2864 4846; x_wconf 87' lang='lat' dir='ltr'><strong>Deo</strong></span> <span class='ocrx_word' id='word_1_699' title='bbox 2932 4790 3411 4861; x_wconf 88' lang='lat' dir='ltr'><strong>placentem;non</strong></span> <span class='ocrx_word' id='word_1_700' title='bbox 3471 4791 3531 4837; x_wconf 81' lang='lat' dir='ltr'><strong>tl.</strong></span> 
     </span>
    </p>
   </div>
   <div class='ocr_carea' id='block_1_96' title="bbox 1949 4876 3532 4970">
    <p class='ocr_par' dir='ltr' id='par_1_96' title="bbox 1949 4876 3532 4970">
     <span class='ocr_line' id='line_1_96' title="bbox 1949 4876 3532 4970; baseline -0.019 -13"><span class='ocrx_word' id='word_1_701' title='bbox 1949 4901 2209 4970; x_wconf 88' lang='lat' dir='ltr'><strong>teipsum,</strong></span> <span class='ocrx_word' id='word_1_702' title='bbox 2235 4907 2338 4949; x_wconf 90' lang='lat' dir='ltr'><strong>nec</strong></span> <span class='ocrx_word' id='word_1_703' title='bbox 2363 4891 2431 4946; x_wconf 84' lang='lat' dir='ltr'><strong>de</strong></span> <span class='ocrx_word' id='word_1_704' title='bbox 2461 4897 2514 4945; x_wconf 91' lang='lat' dir='ltr'><strong>te</strong></span> <span class='ocrx_word' id='word_1_705' title='bbox 2538 4887 2648 4942; x_wconf 89' lang='lat' dir='ltr'><strong>alta</strong></span> <span class='ocrx_word' id='word_1_706' title='bbox 2683 4883 2893 4955; x_wconf 87' lang='lat' dir='ltr'><strong>sapias.</strong></span> <span class='ocrx_word' id='word_1_707' title='bbox 2961 4877 3278 4949; x_wconf 74' lang='lat' dir='ltr'><strong>Magnificat</strong></span> <span class='ocrx_word' id='word_1_708' title='bbox 3317 4884 3373 4932; x_wconf 88' lang='lat' dir='ltr'><strong>te</strong></span> <span class='ocrx_word' id='word_1_709' title='bbox 3406 4876 3532 4930; x_wconf 80' lang='lat' dir='ltr'><strong>inli-</strong></span> 
     </span>
    </p>
   </div>
   <div class='ocr_carea' id='block_1_97' title="bbox 1950 4972 3532 5059">
    <p class='ocr_par' dir='ltr' id='par_1_97' title="bbox 1950 4972 3532 5059">
     <span class='ocr_line' id='line_1_97' title="bbox 1950 4972 3532 5059; baseline -0.019 -9"><span class='ocrx_word' id='word_1_710' title='bbox 1950 4995 2111 5059; x_wconf 90' lang='lat' dir='ltr'><strong>delis,</strong></span> <span class='ocrx_word' id='word_1_711' title='bbox 2149 5001 2297 5047; x_wconf 85' lang='lat' dir='ltr'><strong>tuam</strong></span> <span class='ocrx_word' id='word_1_712' title='bbox 2326 4987 2585 5041; x_wconf 87' lang='lat' dir='ltr'><strong>virtutem</strong></span> <span class='ocrx_word' id='word_1_713' title='bbox 2614 4978 2865 5040; x_wconf 84' lang='lat' dir='ltr'><strong>audiens,</strong></span> <span class='ocrx_word' id='word_1_714' title='bbox 2910 4984 2964 5030; x_wconf 90' lang='lat' dir='ltr'><strong>et</strong></span> <span class='ocrx_word' id='word_1_715' title='bbox 2996 4972 3265 5028; x_wconf 83' lang='lat' dir='ltr'><strong>reveritus</strong></span> <span class='ocrx_word' id='word_1_716' title='bbox 3292 4986 3306 5023; x_wconf 89' lang='lat'><strong>:</strong></span> <span class='ocrx_word' id='word_1_717' title='bbox 3332 4983 3532 5025; x_wconf 87' lang='lat' dir='ltr'><strong>nomen</strong></span> 
     </span>
    </p>
   </div>
   <div class='ocr_carea' id='block_1_98' title="bbox 1948 5064 3546 5154">
    <p class='ocr_par' dir='ltr' id='par_1_98' title="bbox 1948 5064 3546 5154">
     <span class='ocr_line' id='line_1_98' title="bbox 1948 5064 3546 5154; baseline -0.019 -12"><span class='ocrx_word' id='word_1_718' title='bbox 1948 5087 2045 5142; x_wconf 86' lang='lat' dir='ltr'><strong>Dei</strong></span> <span class='ocrx_word' id='word_1_719' title='bbox 2101 5064 2326 5154; x_wconf 77' lang='lat' dir='ltr'><strong>propter</strong></span> <span class='ocrx_word' id='word_1_720' title='bbox 2366 5089 2417 5134; x_wconf 92' lang='lat' dir='ltr'><strong>te</strong></span> <span class='ocrx_word' id='word_1_721' title='bbox 2448 5077 2640 5144; x_wconf 88' lang='lat' dir='ltr'><strong>iniqua</strong></span> <span class='ocrx_word' id='word_1_722' title='bbox 2704 5078 2960 5140; x_wconf 77' lang='lat' dir='ltr'><strong>agentem</strong></span> <span class='ocrx_word' id='word_1_723' title='bbox 3003 5082 3122 5122; x_wconf 81' lang='lat' dir='ltr'><strong>non</strong></span> <span class='ocrx_word' id='word_1_724' title='bbox 3145 5064 3546 5134; x_wconf 60' lang='lat' dir='ltr'><strong>blasphemet;</strong></span> 
     </span>
    </p>
   </div>
   <div class='ocr_carea' id='block_1_99' title="bbox 1946 5151 3541 5249">
    <p class='ocr_par' dir='ltr' id='par_1_99' title="bbox 1946 5151 3541 5249">
     <span class='ocr_line' id='line_1_99' title="bbox 1946 5151 3541 5249; baseline -0.017 -18"><span class='ocrx_word' id='word_1_725' title='bbox 1946 5151 2188 5249; x_wconf 74' lang='lat' dir='ltr'><strong>propriis</strong></span> <span class='ocrx_word' id='word_1_726' title='bbox 2210 5151 2478 5227; x_wconf 85' lang='lat' dir='ltr'><strong>laudibus</strong></span> <span class='ocrx_word' id='word_1_727' title='bbox 2509 5181 2579 5221; x_wconf 91' lang='lat' dir='ltr'><strong>ne</strong></span> <span class='ocrx_word' id='word_1_728' title='bbox 2602 5162 2962 5218; x_wconf 84' lang='lat' dir='ltr'><strong>inclarescas.</strong></span> <span class='ocrx_word' id='word_1_729' title='bbox 3035 5156 3265 5211; x_wconf 85' lang='lat' dir='ltr'><strong>Etenim.</strong></span> <span class='ocrx_word' id='word_1_730' title='bbox 3291 5162 3345 5208; x_wconf 87' lang='lat' dir='ltr'><strong>te</strong></span> <span class='ocrx_word' id='word_1_731' title='bbox 3365 5151 3541 5249; x_wconf 54' lang='grc' dir='ltr'><strong>ξυειξ-Δ</strong></span> 
     </span>
    </p>
   </div>
   <div class='ocr_carea' id='block_1_100' title="bbox 1946 5241 3533 5326">
    <p class='ocr_par' dir='ltr' id='par_1_100' title="bbox 1946 5241 3533 5326">
     <span class='ocr_line' id='line_1_100' title="bbox 1946 5241 3533 5326; baseline -0.021 1"><span class='ocrx_word' id='word_1_732' title='bbox 1946 5241 2068 5326; x_wconf 58' lang='lat' dir='ltr'><strong>tiae</strong></span> <span class='ocrx_word' id='word_1_733' title='bbox 2101 5262 2414 5323; x_wconf 86' lang='lat' dir='ltr'><strong>mercedem</strong></span> <span class='ocrx_word' id='word_1_734' title='bbox 2468 5259 2803 5326; x_wconf 84' lang='lat' dir='ltr'><strong>accipiente,</strong></span> <span class='ocrx_word' id='word_1_735' title='bbox 2878 5252 2948 5308; x_wconf 90' lang='lat' dir='ltr'><strong>ab</strong></span> <span class='ocrx_word' id='word_1_736' title='bbox 3002 5249 3261 5306; x_wconf 84' lang='lat' dir='ltr'><strong>omnibus</strong></span> <span class='ocrx_word' id='word_1_737' title='bbox 3290 5244 3384 5316; x_wconf 91' lang='lat' dir='ltr'><strong>qui</strong></span> <span class='ocrx_word' id='word_1_738' title='bbox 3428 5241 3533 5296; x_wconf 76' lang='lat' dir='ltr'><strong>sli-</strong></span> 
     </span>
    </p>
   </div>
   <div class='ocr_carea' id='block_1_101' title="bbox 256 5341 1844 5435">
    <p class='ocr_par' dir='ltr' id='par_1_101' title="bbox 256 5341 1841 5435">
     <span class='ocr_line' id='line_1_101' title="bbox 256 5341 1841 5435; baseline 0.012 -35"><span class='ocrx_word' id='word_1_739' title='bbox 256 5347 415 5411; x_wconf 83' lang='grc' dir='ltr'>αὐτὸς</span> <span class='ocrx_word' id='word_1_740' title='bbox 437 5349 616 5416; x_wconf 77' lang='grc' dir='ltr'>δέτοῖς</span> <span class='ocrx_word' id='word_1_741' title='bbox 639 5353 862 5417; x_wconf 79' lang='grc' dir='ltr'>οἰκείοις</span> <span class='ocrx_word' id='word_1_742' title='bbox 877 5355 1256 5435; x_wconf 79' lang='grc' dir='ltr'>ἀποσεμνύνῃς</span> <span class='ocrx_word' id='word_1_743' title='bbox 1280 5341 1489 5433; x_wconf 81' lang='grc' dir='ltr'>ῥήμασι</span> <span class='ocrx_word' id='word_1_744' title='bbox 1513 5341 1739 5417; x_wconf 82' lang='grc' dir='ltr'>σεαυτόν</span> <span class='ocrx_word' id='word_1_745' title='bbox 1758 5341 1841 5419; x_wconf 23' lang='grc' dir='ltr'>’.εί</span> 
     </span>
    </p>
   </div>
   <div class='ocr_carea' id='block_1_102' title="bbox 1959 5341 3572 5435">
    <p class='ocr_par' dir='ltr' id='par_1_102' title="bbox 1959 5341 3572 5435">
     <span class='ocr_line' id='line_1_102' title="bbox 1959 5341 3572 5435; baseline -0.021 -17"><span class='ocrx_word' id='word_1_746' title='bbox 1959 5377 2064 5435; x_wconf 83' lang='lat' dir='ltr'><strong>quo</strong></span> <span class='ocrx_word' id='word_1_747' title='bbox 2114 5358 2281 5415; x_wconf 87' lang='lat' dir='ltr'><strong>modo</strong></span> <span class='ocrx_word' id='word_1_748' title='bbox 2317 5354 2615 5426; x_wconf 83' lang='lat' dir='ltr'><strong>participes</strong></span> <span class='ocrx_word' id='word_1_749' title='bbox 2664 5357 2849 5410; x_wconf 89' lang='lat' dir='ltr'><strong>erunt,</strong></span> <span class='ocrx_word' id='word_1_750' title='bbox 2906 5341 3249 5405; x_wconf 84' lang='lat' dir='ltr'><strong>laudaberis;</strong></span> <span class='ocrx_word' id='word_1_751' title='bbox 3287 5348 3370 5435; x_wconf 43' lang='lat' dir='ltr'><strong>te.</strong></span> <span class='ocrx_word' id='word_1_752' title='bbox 3397 5348 3530 5435; x_wconf 68' lang='lat' dir='ltr'><strong>vero</strong></span> <span class='ocrx_word' id='word_1_753' title='bbox 3564 5362 3572 5375; x_wconf 74' lang='grc' dir='ltr'><strong>ι</strong></span> 
     </span>
    </p>
   </div>
   <div class='ocr_carea' id='block_1_103' title="bbox 255 5439 1844 5527">
    <p class='ocr_par' dir='ltr' id='par_1_103' title="bbox 255 5439 1844 5527">
     <span class='ocr_line' id='line_1_103' title="bbox 255 5439 1844 5527; baseline 0.013 -35"><span class='ocrx_word' id='word_1_754' title='bbox 255 5439 366 5511; x_wconf 83' lang='grc' dir='ltr'><strong>γάρ</strong></span> <span class='ocrx_word' id='word_1_755' title='bbox 384 5439 731 5518; x_wconf 86' lang='grc' dir='ltr'>δικαιοσύνης</span> <span class='ocrx_word' id='word_1_756' title='bbox 755 5447 938 5519; x_wconf 76' lang='grc' dir='ltr'>φέρεις</span> <span class='ocrx_word' id='word_1_757' title='bbox 965 5450 1200 5522; x_wconf 84' lang='grc' dir='ltr'>καρπὸν,</span> <span class='ocrx_word' id='word_1_758' title='bbox 1216 5452 1436 5520; x_wconf 86' lang='grc' dir='ltr'>δικαίως</span> <span class='ocrx_word' id='word_1_759' title='bbox 1458 5454 1555 5527; x_wconf 80' lang='grc' dir='ltr'><strong>ἔσῃ</strong></span> <span class='ocrx_word' id='word_1_760' title='bbox 1588 5456 1844 5522; x_wconf 76' lang='grc' dir='ltr'>ἀξιοθαύ-</span> 
     </span>
    </p>
   </div>
   <div class='ocr_carea' id='block_1_104' title="bbox 259 5534 1830 5618">
    <p class='ocr_par' dir='ltr' id='par_1_104' title="bbox 259 5534 1830 5618">
     <span class='ocr_line' id='line_1_104' title="bbox 259 5534 1830 5618; baseline 0.011 -34"><span class='ocrx_word' id='word_1_761' title='bbox 259 5548 462 5600; x_wconf 85' lang='grc' dir='ltr'>μαστος</span> <span class='ocrx_word' id='word_1_762' title='bbox 484 5534 621 5589; x_wconf 78' lang='grc' dir='ltr'>πᾶσι</span> <span class='ocrx_word' id='word_1_763' title='bbox 647 5539 761 5601; x_wconf 83' lang='grc' dir='ltr'>τοῖς</span> <span class='ocrx_word' id='word_1_764' title='bbox 785 5537 1038 5594; x_wconf 78' lang='grc' dir='ltr'>ὁπωσοῦν</span> <span class='ocrx_word' id='word_1_765' title='bbox 1067 5541 1259 5599; x_wconf 82' lang='grc' dir='ltr'>τούτου</span> <span class='ocrx_word' id='word_1_766' title='bbox 1279 5546 1791 5618; x_wconf 75' lang='grc' dir='ltr'>μεταλαμϐάνουσιν</span> <span class='ocrx_word' id='word_1_767' title='bbox 1814 5566 1830 5582; x_wconf 89' lang='grc'><strong>·</strong></span> 
     </span>
    </p>
   </div>
   <div class='ocr_carea' id='block_1_105' title="bbox 1951 5423 3529 5516">
    <p class='ocr_par' dir='ltr' id='par_1_105' title="bbox 1951 5423 3529 5516">
     <span class='ocr_line' id='line_1_105' title="bbox 1951 5423 3529 5516; baseline -0.02 -7"><span class='ocrx_word' id='word_1_768' title='bbox 1951 5423 2238 5512; x_wconf 66' lang='lat' dir='ltr'><strong>iudonato,</strong></span> <span class='ocrx_word' id='word_1_769' title='bbox 2292 5423 2495 5516; x_wconf 71' lang='lat' dir='ltr'><strong>dignus</strong></span> <span class='ocrx_word' id='word_1_770' title='bbox 2555 5440 2739 5498; x_wconf 89' lang='lat' dir='ltr'><strong>securi</strong></span> <span class='ocrx_word' id='word_1_771' title='bbox 2803 5446 2858 5494; x_wconf 90' lang='lat' dir='ltr'><strong>et</strong></span> <span class='ocrx_word' id='word_1_772' title='bbox 2912 5423 3529 5507; x_wconf 75' lang='lat' dir='ltr'><strong>gehennzevidebcris,</strong></span> 
     </span>
    </p>
   </div>
   <div class='ocr_carea' id='block_1_106' title="bbox 1950 5526 3179 5603">
    <p class='ocr_par' dir='ltr' id='par_1_106' title="bbox 1950 5526 3179 5603">
     <span class='ocr_line' id='line_1_106' title="bbox 1950 5526 3179 5603; baseline -0.021 0"><span class='ocrx_word' id='word_1_773' title='bbox 1950 5548 2078 5603; x_wconf 87' lang='lat' dir='ltr'><strong>licet</strong></span> <span class='ocrx_word' id='word_1_774' title='bbox 2103 5542 2249 5597; x_wconf 88' lang='lat' dir='ltr'><strong>mille</strong></span> <span class='ocrx_word' id='word_1_775' title='bbox 2278 5537 2452 5593; x_wconf 82' lang='lat' dir='ltr'><strong>titulis</strong></span> <span class='ocrx_word' id='word_1_776' title='bbox 2490 5544 2542 5591; x_wconf 75' lang='lat' dir='ltr'><strong>te</strong></span> <span class='ocrx_word' id='word_1_777' title='bbox 2577 5532 2914 5591; x_wconf 85' lang='lat' dir='ltr'><strong>obumbrare</strong></span> <span class='ocrx_word' id='word_1_778' title='bbox 2937 5526 3179 5584; x_wconf 88' lang='lat' dir='ltr'><strong>coneris.</strong></span> 
     </span>
    </p>
   </div>
   <div class='ocr_carea' id='block_1_107' title="bbox 256 5615 3463 5712">
    <p class='ocr_par' dir='ltr' id='par_1_107' title="bbox 256 5615 3463 5712">
     <span class='ocr_line' id='line_1_107' title="bbox 256 5615 3463 5712; baseline -0.002 -35"><span class='ocrx_word' id='word_1_779' title='bbox 256 5623 304 5677; x_wconf 81' lang='grc' dir='ltr'><strong>εί</strong></span> <span class='ocrx_word' id='word_1_780' title='bbox 330 5622 385 5676; x_wconf 79' lang='grc' dir='ltr'>δ’</span> <span class='ocrx_word' id='word_1_781' title='bbox 402 5623 651 5696; x_wconf 77' lang='grc' dir='ltr'>ἄκαρπος</span> <span class='ocrx_word' id='word_1_782' title='bbox 670 5623 741 5696; x_wconf 78' lang='grc' dir='ltr'>εἷ,</span> <span class='ocrx_word' id='word_1_783' title='bbox 762 5629 912 5698; x_wconf 75' lang='grc' dir='ltr'>ἄξιος</span> <span class='ocrx_word' id='word_1_784' title='bbox 944 5631 1239 5710; x_wconf 77' lang='grc' dir='ltr'>λογισθήσῃ</span> <span class='ocrx_word' id='word_1_785' title='bbox 1259 5638 1450 5709; x_wconf 82' lang='grc' dir='ltr'>ἀξίνης</span> <span class='ocrx_word' id='word_1_786' title='bbox 1474 5615 1533 5692; x_wconf 74' lang='grc' dir='ltr'><strong>τε</strong></span> <span class='ocrx_word' id='word_1_787' title='bbox 1561 5641 1656 5693; x_wconf 75' lang='grc' dir='ltr'>καὶ</span> <span class='ocrx_word' id='word_1_788' title='bbox 1684 5640 1876 5712; x_wconf 70' lang='grc' dir='ltr'>πυρὸς,</span> <span class='ocrx_word' id='word_1_789' title='bbox 1896 5641 2000 5696; x_wconf 83' lang='grc' dir='ltr'>κᾶν</span> <span class='ocrx_word' id='word_1_790' title='bbox 2028 5635 2244 5710; x_wconf 76' lang='grc' dir='ltr'>μυρίοις</span> <span class='ocrx_word' id='word_1_791' title='bbox 2270 5630 2515 5695; x_wconf 78' lang='grc' dir='ltr'>ἐπαίνοις</span> <span class='ocrx_word' id='word_1_792' title='bbox 2542 5626 2767 5685; x_wconf 74' lang='grc' dir='ltr'>σεαυτὸν</span> <span class='ocrx_word' id='word_1_793' title='bbox 2795 5619 3109 5687; x_wconf 76' lang='grc' dir='ltr'>συσκιάζειν</span> <span class='ocrx_word' id='word_1_794' title='bbox 3147 5615 3463 5689; x_wconf 70' lang='grc' dir='ltr'>ἐπιχειρῇς..</span> 
     </span>
    </p>
   </div>
   <div class='ocr_carea' id='block_1_108' title="bbox 337 5759 806 5831">
    <p class='ocr_par' dir='ltr' id='par_1_108' title="bbox 337 5759 806 5831">
     <span class='ocr_line' id='line_1_108' title="bbox 337 5759 806 5831; baseline 0.013 -16"><span class='ocrx_word' id='word_1_795' title='bbox 337 5759 359 5795; x_wconf 73' lang='grc'><strong>⁷</strong></span> <span class='ocrx_word' id='word_1_796' title='bbox 392 5760 519 5818; x_wconf 80' lang='lat' dir='ltr'><strong>Psal</strong></span> <span class='ocrx_word' id='word_1_797' title='bbox 578 5778 717 5831; x_wconf 62' lang='grc' dir='ltr'>χειν,</span> <span class='ocrx_word' id='word_1_798' title='bbox 754 5766 806 5821; x_wconf 92' lang='grc'>8.</span> 
     </span>
    </p>
   </div>
  </div>
