3950 6206
248 301 380 367 1497
1274 294 1814 361 COMMENTARII

1939 299 1940 303 “
1977 294 2434 363 PROVERBIA.
3376 296 3513 362 μοι
3592 290 3595 295 ’

246 414 497 484 ρασμοῖς,
520 410 633 473 τοῖς
668 407 931 470 ἑκουσίοις
962 406 1019 461 δὲ
1050 408 1113 479 τῇ
1148 409 1311 480 σαρκὶ
1329 423 1344 439 ο
1383 409 1477 462 καὶ
1509 407 1619 482 γὰρ
1648 408 1698 462 oi
1729 406 1827 480 μιν

1939 407 2285 465 illecebrosis
2340 407 2516 474 enim,
2549 407 2655 465 etsi
2707 405 2939 480 gaudeat
2991 423 3143 477 caro,
3184 406 3364 462 anima
3398 425 3521 479 qua

243 500 502 562 ἑκούσιοι,
531 500 579 552 εἰ
597 498 689 551 καὶ
721 496 1135 567 περιποιοῦνται
1162 497 1359 570 ἡδονὴν
1380 500 1447 568 τῇ
1472 498 1657 569 σαρκὶ,
1683 497 1820 552 ἀλλά

1939 500 2260 557 :onscientia
2283 501 2586 569 mordetur,
2616 498 2969 571 futuramque
2988 515 3205 572 plenam
3235 498 3521 571 formidat,

242 606 305 658 γε
336 590 370 660 ἡ
399 589 568 659 ψυχὴ,
601 587 678 657 τῷ
705 586 801 640 τοῦ
835 586 1137 651 συνειδότος
1192 587 1288 641 ἐπὶ
1321 586 1532 651 τούτοις
1589 586 1817 659 ἐλέγχῳ,

243 680 339 734 καὶ
370 678 450 749 τῷ
477 678 588 731 τῶν
638 676 947 747 μελλουσῶν
996 677 1277 732 κολάσεων
1330 677 1505 748 φόϐῳ,
1546 678 1646 733 ούκ
1687 679 1823 734 ἀνα-

245 770 511 822 παύεται’
544 768 593 821 oi
618 767 662 820 δ’
694 768 963 833 ἀκούσιοι,
1001 770 1051 821 εἰ
1102 768 1197 822 καὶ
1234 772 1301 841 τῇ
1333 770 1510 823 ἑλπίδι
1562 771 1663 840 τῆς
1710 770 1823 825 τῶν

248 858 551 929 μελλόντων
581 858 803 927 ἀγαθῶν
857 858 1286 930 μισθαποδοσξας
1333 860 1692 932 εὐφραίνουσι
1716 860 1825 933 ’τὴν

242 948 443 1019 ψυχὴν,
498 947 616 1001 ἀλλ’
653 951 688 1019 ἡ
719 949 857 1020 σὰρξ
916 948 1258 1020 δυσχεραίνει
1301 951 1397 1003 ἐπὶ
1437 951 1513 1020 τῷ
1581 951 1824 1022 ἑπιπόνῳ

243 1043 312 1094 αύ
322 1041 451 1094 τῶν·
475 1040 766 1111 ἀμφότερα
786 1040 844 1107 δὲ
880 1039 948 1094 τά
979 1038 1205 1093 τοιαῦτα
1229 1040 1344 1111 εῐδη
1374 1040 1485 1094 τῶν
1503 1042 1824 1112 πειρασμῶν

243 1133 499 1204 περιέπει
531 1131 852 1202 κακούργως
874 1134 903 1186 ό
934 1133 1173 1202 Πονηρός
1195 1149 1211 1165 ν
1235 1132 1298 1186 τὸ
1330 1132 1429 1202 μὲν
1453 1134 1697 1202 ιπαῖρων
1725 1134 1822 1186 καί

240 1222 553 1294 διερεθίζων
580 1222 680 1292 τὴν
715 1222 917 1292 ψυχὴν,
953 1223 1347 1293 μηχανώμενος
1394 1221 1607 1292 ἡδοναῖς
1634 1222 1822 1294 σώμα-

241 1325 332 1371 τος
359 1309 666 1380 ἀποστῆσαι
696 1309 798 1378 τῆς
837 1311 988 1374 θείας
1021 1312 1243 1380 ἀγάπης
1268 1312 1369 1382 τὴν
1400 1311 1587 1380 ἔφεσιν
1607 1328 1622 1345 ο
1648 1312 1710 1366 τὸ
1740 1312 1820 1380 δὲ,

243 1407 575 1473 σοφιστικῶς
605 1406 1010 1477 δξαιτούμενος,
1040 1406 1115 1469 ὡς
1138 1406 1206 1460 δι’
1233 1406 1428 1478 ὀδύνης
1468 1406 1687 1478 φθεῖραι
1723 1406 1823 1479 τὴν

1923 591 2151 646 minime
2200 591 2475 660 quiescit;
2529 606 2594 646 ex
2629 591 2846 648 odiosis
2882 598 3087 655 autem,
3137 589 3263 643 licet
3311 589 3523 646 la-tctur

1924 697 2081 739 mens
2110 698 2233 752 qua!
2275 689 2464 753 sperat
2501 682 2645 738 bona
2694 681 2882 736 futura
2932 682 2986 736 in
3032 682 3315 750 praemium
3361 674 3523 735 retri-

1927 771 2165 836 bnenda,
2202 785 2332 827 caro
2372 782 2683 825 murmurat
2717 778 2943 840 propter
2994 769 3263 825 laborem.
3298 766 3522 823 Utram-

1926 878 2034 934 que
2090 864 2286 919 ltarum
2346 863 2709 917 teutationum
2762 862 2960 917 faciem
3015 860 3274 916 diabolus
3335 867 3523 915 astute

1921 954 2218 1025 expandit;
2247 954 2411 1010 modo
2455 955 2694 1009 animam
2722 955 2938 1013 extollit
2966 961 3021 1009 et
3055 952 3323 1016 incendit,
3368 968 3522 1007 eam-

1920 1063 2028 1118 que
2084 1048 2404 1102 carnalibus
2458 1047 2846 1118 voluptatibus
2899 1054 3074 1101 tcntat
3126 1048 3407 1100 remittere
3452 1043 3523 1099 ab

1921 1141 2117 1196 ardore
2161 1139 2363 1195 divinm
2398 1140 2720 1205 cliaritalis;
2754 1135 2915 1192 modo
2959 1137 3230 1191 malitiose
3271 1136 3525 1205 queritur

1922 1229 2398 1285 naturamdolore
2419 1230 2653 1289 conteri.
2688 1229 2997 1297 animaeque
3030 1228 3225 1281 suadet
3252 1234 3312 1280 ut
3346 1225 3518 1279 male—

1928 1320 2076 1375 dicat
2101 1321 2375 1386 Creatori,
2398 1332 2564 1393 atque
2593 1320 2812 1377 devicta
2839 1318 3055 1375 delectu
3081 1317 3287 1373 laboris
3316 1317 3370 1371 in
3402 1331 3521 1371 ser-

1927 1412 2155 1468 vitutem
2185 1413 2488 1485 redigatur.

242 1504 405 1570 φύσιν
457 1507 782 1579 βουλόμενος
837 1507 924 1561 ἴνα
963 1506 1221 1578 βιάσηται
1250 1506 1348 1579 τὴν
1381 1506 1581 1578 ψυχὴν,
1622 1507 1813 1576 άτονίᾳ
1878 1508 2060 1564 πόνων
2111 1511 2570 1581 καταωηθεῖσαν,
2610 1511 2749 1582 πρδς
2801 1509 2899 1582 τὴν
2929 1507 3024 1563 τοῦ
3067 1508 3365 1568 κτίσαντος
3400 1502 3520 1557 δια·

242 1596 406 1667 σολὴν
436 1603 657 1661 κινῆσαι
683 1604 811 1667 τοὺς
837 1602 1152 1672 λογισμούς.

313 1693 400 1757 ιζ’.
424 1692 678 1761 Σίδηρος
716 1693 971 1760 σίδηρον
1008 1691 1215 1757 ὀξύ-νει
1237 1704 1253 1721 ο
1296 1689 1451 1759 ἀνὴρ
1474 1689 1543 1745 δὲ
1562 1690 1823 1760 παροξύ-

1995 1691 2162 1749 Vens.
2198 1689 2283 1747 l7.
2328 1690 2554 1745 Ferrum
2580 1692 2723 1745 acuit
2751 1690 2975 1761 ferrum,
3002 1689 3077 1744 vis
3108 1696 3284 1743 autem
3310 1691 3525 1744 exacuit

241 1802 331 1840 νει
356 1785 684 1855 πρόσωπον
721 1783 952 1852 ἐτέρου.
1000 1785 1214 1855 Σιδήρῳ
1265 1782 1365 1853 μὲν
1387 1782 1744 1854 χαλκευτικόν
1771 1799 1828 1839 τι

244 1878 489 1947 σιίήριον
518 1876 994 1948 παρατριὸόμενον
1046 1876 1336 1947 τεχνικῶς,
1387 1875 1577 1930 τοῦτον
1606 1874 1787 1940 όξύνει
1810 1891 1826 1907 ο

243 1968 388 2040 ⁴ιρυχὴ
413 1970 469 2023 δὲ
493 1968 741 2040 ἀνδρεία,
772 1968 869 2021 καὶ
909 1966 1047 2038 πρὸς
1096 1966 1296 2030 πόνους
1330 1966 1632 2029 άνένδοτος,
1656 1965 1830 2035 αὐτὴν

240 2060 343 2131 τὴν
393 2060 653 2139 συνεργὸν
707 2059 845 2130 αὐτῇ
898 2060 1078 2129 σάρκα
1119 2059 1243 2112 κατ’
1287 2056 1632 2128 ἐπιστήμονα
1669 2053 1830 2123 λόγον

241 2152 605 2217 λεπτύνουσα,
630 2150 890 2221 διεγείρει
911 2151 1051 2222 πρὸς
1073 2150 1298 2222 ἀρετήν.

313 2247 405 2313 ιη’.
435 2244 541 2306 Ὃς
560 2242 848 2310 φυτεύσει
875 2239 1102 2308 συκῆν,
1134 2239 1385 2310 φάγεται
1405 2237 1550 2305 τοὺς
1564 2235 1833 2306 καρποὺς

240 2335 356 2387 αὐτ
366 2332 436 2401 ῆς
459 2347 472 2362 '
501 2332 569 2398 ὃς
586 2332 655 2386 δὲ
676 2331 985 2401 φυλάσσει
1005 2330 1113 2384 τὸν
1133 2331 1352 2384 ἑαυτοῦ
1382 2329 1604 2397 Κύριον
1626 2367 1641 2392 ,
1664 2342 1833 2393 τιμη-

242 2418 513 2485 θήσεται.
556 2418 615 2471 ’0
651 2418 744 2471 τὸν
770 2418 913 2471 θεῖον
940 2418 1099 2487 λόγον
1126 2416 1524 2486 καταφυτεύων
1552 2419 1619 2487 τῇ
1648 2415 1831 2469 πίστει

246 2512 305 2563 εν
336 2512 403 2580 τῇ
427 2510 572 2579 ψυχῇ
605 2508 794 2573 αὑτοῦ,
825 2509 984 2579 δίκην
1024 2511 1194 2581 συκῆς
1240 2511 1475 2581 φέροντα
1507 2509 1722 2580 καρπὸν
1753 2508 1833 2580 τῷ

247 2598 399 2668 φόδῳ
439 2598 550 2651 τῶν
580 2598 840 2664 ἀπειλῶν,
870 2599 1097 2672 ὕστερον
1150 2601 1209 2655 δὲ
1257 2602 1625 2671 γλυκαίνοντα
1671 2601 1833 2671 δίκην

249 2690 487 2759 μέλιτος,
515 2692 580 2761 τῇ
612 2689 791 2744 ἐλπίδι
826 2689 936 2746 τῶν
957 2691 1325 2761 ἐπαγγελιῶν,
1374 2690 1677 2747 ἀπολαύσει
1705 2690 1832 2745 τού-

245 2798 340 2837 του
370 2781 477 2847 ἔξω
522 2782 724 2852 σαρκὸς
761 2782 904 2837 κατὰ
956 2785 1156 2855 πρᾶξιν
1186 2784 1487 2854 γενόμενος
1512 2802 1525 2816 ο
1553 2783 1833 2855 γευσάμε-

247 2874 336 2936 νός
358 2890 418 2925 τε
442 2874 538 2927 καὶ
570 2873 758 2944 μαθὼν
778 2876 843 2928 ὲκ
872 2875 970 2945 τῆς
1024 2876 1222 2947 πείρας
1251 2877 1444 2947 αὐτῆς,
1477 2878 1560 2932 ἔτι
1593 2879 1835 2949 χρηστὸς

244 2966 275 3019 δ
307 2963 533 3036 Κύριος·
556 2966 585 3019 ό
606 2966 663 3019 δὲ
696 2966 885 3038 τηρῶν
912 2967 1003 3021 τὸν
1040 2967 1207 3022 αὐτοῦ
1243 2969 1489 3040 ἡγεμόνα
1553 2970 1681 3023 νοῦν
1723 2970 1833 3023 άπὸ

1932 1786 2125 1855 faciem
2160 1784 2341 1838 amici.
2377 1782 2605 1838 Ferrum
2650 1797 2862 1838 aeneum
2893 1782 2963 1836 ab
2996 1780 3209 1837 artiﬁce
3242 1782 3387 1837 l'erro
3419 1782 3526 1838 tri-

1929 1883 2088 1937 tum,
2141 1873 2275 1927 illud
2325 1874 2473 1929 acuit
2516 1889 2531 1925 :
2577 1873 2661 1929 sic
2714 1872 2925 1926 amicus
2974 1871 3149 1926 virilis
3200 1871 3527 1942 patiensque

1928 1968 2139 2024 laboris
2160 1983 2364 2039 corpus
2388 1983 2512 2021 cum
2538 1982 2650 2037 quo
2679 1967 2896 2021 laborat
2929 1965 3278 2021 macilentius
3307 1966 3528 2038 sapien-

1929 2064 2017 2113 ter
2050 2056 2250 2122 reddit,
2284 2057 2590 2127 virtutique
2621 2056 2828 2128 aptius.

2003 2231 2168 2289 Vt-zas.
2196 2232 2281 2287 18.
2308 2233 2414 2298 Qui
2440 2233 2650 2302 plantat
2679 2233 2863 2302 ﬁcum,
2887 2233 3125 2325 comedet.
3143 2231 3353 2300 [ructus
3371 2233 3523 2299 ejus;

1929 2322 2021 2392 qui
2056 2332 2231 2376 autem
2261 2324 2493 2376 custodit
2528 2321 2814 2376 Dominum
2848 2338 3022 2387 suum,
3057 2321 3521 2388 honori/imbitur.

1932 2413 1989 2468 Si
2015 2415 2066 2468 vi
2098 2414 2221 2469 ﬁdei
2243 2414 2296 2467 in
2321 2413 2502 2468 anima
2529 2420 2619 2466 tua
2641 2414 2942 2468 inserueris
2965 2412 3190 2466 verbum
3216 2409 3333 2472 Dei,
3354 2408 3521 2474 quod,

1933 2505 2081 2561 sicut
2131 2500 2291 2570 licus‘,
2320 2504 2532 2559 fructus
2562 2505 2846 2574 producet,
2895 2511 3115 2574 propter
3163 2500 3522 2556 formidinem

1932 2598 2234 2665 minarum,
2286 2606 2339 2652 et
2381 2595 2581 2652 deinde
2612 2605 2830 2665 propter
2872 2610 3024 2667 spent
3064 2594 3335 2650 mercedis
3379 2593 3527 2649 sicut

1935 2689 2041 2744 mel
2067 2688 2470 2752 dulcescet,his
2500 2687 2775 2743 fructibus
2805 2688 3057 2741 elevatus
3094 2701 3260 2757 supra
3295 2678 3521 2740 carnem

1935 2779 1991 2833 in
2027 2779 2258 2847 agendo,
2301 2792 2350 2834 et
2390 2779 2641 2849 gustabis
2674 2786 2932 2849 expertus
2966 2779 3084 2849 ipse
3119 2777 3379 2849 quoniam
3428 2777 3526 2832 bo—
3578 2797 3596 2816 ο

1937 2885 2042 2925 nus
2075 2869 2360 2924 Dominus.
2390 2870 2446 2924 Si
2471 2871 2595 2941 quis
2634 2870 2879 2924 animum
2908 2886 2938 2925 a
2968 2885 3077 2942 quo
3110 2869 3319 2941 regitur
3343 2883 3529 2924 serva-
3627 2886 3634 2894 ·

1936 2963 2075 3019 verit
2109 2963 2342 3017 illaesum
2375 2978 2421 3031 tu
2449 2980 2630 3018 rerum
2662 2964 2998 3021 exteriorum
3029 2963 3386 3033 deceptione,
3434 2961 3526 3015 ille

243 3056 347 3127 τῆς
406 3058 516 3112 τῶν
570 3058 914 3130 φαινομένων
955 3059 1165 3129 πλάνης
1191 3060 1668 3124 ἀνεπιϐούλευτον,
1726 3060 1830 3126 ἔξω

1939 3056 2395 3126 contemplatione
2448 3064 2604 3112 extra
2664 3058 2934 3113 mundum
2977 3071 3333 3128 progressus,
3374 3061 3428 3109 et
3466 3054 3525 3108 in

245 3142 455 3213 κόσμου
484 3145 626 3198 κατὰ
662 3145 897 3216 θεωρίαν
947 3146 1260 3217 γενόμενος,
1295 3148 1390 3203 καὶ
1416 3150 1474 3202 ὲν
1511 3148 1631 3217 Θεῷ
1668 3166 1833 3203 καταο

245 3231 484 3300 παύσας,
508 3233 900 3307 δοξασθήσεται
933 3238 992 3290 ὲν
1018 3235 1096 3308 τῷ
1115 3237 1348 3309 ὀφθῆναι
1369 3237 1519 3309 αύτῷ
1537 3237 1638 3309 τὴν
1668 3238 1832 3303 δόξαν

243 3324 436 3381 αὐτοῦ.

323 3415 406 3475 ιθ⁹.
439 3418 668 3486 Ὥσπερ
706 3420 821 3488 οὐκ
879 3418 1055 3490 ὅμοια
1108 3421 1405 3491 πρόσωπα
1458 3424 1829 3493 προσώποις,

243 3506 437 3572 οὕτως
461 3506 606 3561 οὐδὲ
636 3509 695 3559 αι
725 3506 960 3576 καρδίαι
1013 3509 1135 3562 τῶν
1170 3511 1522 3579 ἀνθρώπων.
1557 3514 1833 3585 Καθάπερ

132 3666 139 3671 ¹
246 3597 496 3669 διάφοροι
523 3596 633 3649 τῶν
660 3595 974 3666 προσώπων
997 3599 1047 3651 οἱ
1072 3600 1447 3671 χαρακτῆρες,
1479 3602 1831 3658 διαλλάττον-

246 3702 339 3749 τες
394 3686 538 3739 κατὰ
586 3686 654 3739 τά
692 3684 976 3757 άχώριστα
1036 3688 1450 3761 συμϐεϐηκότα,
1480 3692 1541 3745 τό
1571 3709 1631 3745 τε
1673 3692 1832 3762 σιμὸν

246 3778 345 3833 καὶ
372 3777 434 3830 τὸ
476 3777 711 3846 γρυπὸν,
762 3777 823 3831 τὸ
877 3777 1071 3833 λευκὸν
1118 3782 1215 3835 καὶ
1256 3782 1319 3837 τὸ
1356 3783 1547 3853 μέλαν,
1614 3787 1710 3840 καὶ
1762 3785 1834 3841 τὰ

245 3868 430 3940 ὃμοια,
476 3867 623 3923 οὕτω
669 3860 1049 3925 διαλλάττουσι
1081 3874 1179 3927 καὶ
1197 3875 1253 3928 αἱ
1274 3873 1384 3928 τῶν
1420 3873 1612 3946 ψυχῶν
1651 3876 1834 3932 διαθι-

250 3978 365 4026 σεις
404 3962 547 4016 κατὰ
579 3962 677 4026 τὰς
704 3962 998 4035 διαφόρους
1048 3965 1445 4037 πῳαιρετικάς
1491 3967 1692 4040 ἀρετὰς
1736 3969 1833 4023 καὶ

248 4052 471 4117 κακίας.
1206 4112 1213 4118 .

294 4149 391 4202 .κ’.
426 4141 613 4213 ’ᾼδης
630 4142 729 4198 καὶ
751 4142 1021 4198 ἀπώλεια
1045 4147 1158 4201 οὐκ
1184 4146 1615 4216 ἐμπίπλανταιο
1634 4152 1832 4207 dicati-

246 4258 364 4307 τως
398 4241 497 4296 καὶ
526 4244 582 4296 οὶ
612 4240 910 4311 ὀφθαλμοὶ
964 4239 1083 4296 τῶν
1123 4243 1455 4312 ἀνθρώπων
1502 4245 1828 4315 ἄπληστοι.

249 4332 517 4403 Καθάπερ
542 4333 570 4386 ό
597 4331 696 4395 τὰς
739 4330 920 4402 ψυχάς
976 4331 1116 4403 μετὰ
1147 4333 1247 4406 τὴν
1277 4336 1387 4388 ἀπὸ
1416 4337 1525 4389 τῶν
1558 4338 1831 4406 σωμάτων

1936 3149 2046 3205 Deo
2067 3150 2380 3219 quiescens,
2408 3150 2638 3223 gloriam
2662 3166 2692 3206 e
2721 3150 3092 3221 contemplata
3112 3148 3284 3220 gloria
3309 3140 3525 3203 Domini

1934 3243 2181 3313 recipiet.

2003 3418 2175 3475 Vens.
2202 3418 2285 3475 l9.
2324 3418 2478 3474 Sicut
2504 3435 2606 3473 non
2640 3417 2840 3473 similes
2862 3417 3026 3487 facies
3052 3414 3313 3486 (aciebus,
3337 3415 3415 3469 ita
3436 3430 3527 3469 ne-

1932 3529 2031 3583 que
2043 3514 2388 3583 cogitationes
2403 3512 2700 3564 hominum.
2721 3510 3194 3577 Quemadmodum
3214 3508 3350 3562 varii
3370 3507 3528 3562 dill'e-

1936 3610 2067 3655 runt
2123 3602 2211 3655 alii
2254 3601 2324 3655 ab
2358 3601 2484 3655 aliis
2516 3600 2767 3655 vultuum
2807 3601 3181 3664 characteres,
3218 3598 3528 3654 secundum

1935 3692 2240 3748 accidentia
2294 3692 2528 3757 infinita,
2583 3700 2700 3746 tum
2744 3694 2948 3747 simum
2998 3706 3222 3756 nasum,
3280 3701 3394 3745 tum
3430 3690 3528 3747 ad-

1935 3797 2168 3847 uncum;
2201 3780 2284 3835 sic
2331 3780 2448 3836 sive
2496 3779 2706 3847 album,
2730 3782 2847 3835 sive
2900 3780 3113 3852 nigrum
3174 3781 3437 3842 colorem,
3471 3791 3528 3835 et

1932 3882 2131 3929 caetera
2155 3912 2171 3938 ,
2202 3879 2335 3927 sunt
2386 3870 2690 3927 dissimiles
2736 3870 3047 3926 animarum
3089 3870 3484 3940 dispositiones
3506 3909 3523 3935 ,

1933 3974 2098 4037 prout
2135 3965 2229 4021 alii
2267 3967 2549 4032 virtutem,
2586 3964 2680 4018 alii
2714 3963 2906 4019 vitium
2934 3963 3239 4034 elegerunt.

2001 4145 2167 4203 Vnus.
2194 4147 2285 4202 20.
2315 4144 2569 4215 Infernus
2601 4155 2649 4199 et
2679 4146 2905 4217 perditio
2929 4161 3197 4215 nunquam
3221 4143 3524 4212 implentur,

1933 4239 2011 4292 sic
2046 4248 2095 4293 et
2132 4237 2273 4292 oculi
2318 4238 2593 4292 hominum
2654 4236 3010 4291 insatiabiles.
3070 4237 3223 4292 Sicut
3276 4236 3526 4292 iul‘ernus

1934 4328 2027 4399 qui
2061 4336 2217 4382 vorat
2261 4328 2472 4381 animas
2518 4343 2549 4380 a
2589 4342 2821 4397 corpore
2857 4326 3093 4390 solutas,
3147 4328 3228 4381 vel
3272 4327 3524 4385 diabolus

247 4419 525 4485 διάζευξιν
550 4419 945 4490 ὑποδεχόμενος
975 4419 1132 4493 ᾅδης,
1161 4423 1256 4476 καὶ
1286 4424 1316 4476 ό
1347 4425 1553 4489 ταύτας
1583 4426 1830 4489 ἀπατῶν,

1941 4421 2034 4489 qui
2072 4419 2196 4473 illas
2235 4417 2371 4472 fallit
2425 4417 2709 4489 Deumque
2759 4416 3077 4485 dereliquit,
3121 4433 3401 4488 nunquam
3441 4434 3528 4470 sa-

249 4513 343 4566 καὶ
365 4510 503 4565 Θεοῦ
556 4512 785 4576 ὲξιστῶν
826 4513 1060 4584 δαίμων,
1103 4516 1207 4569 κᾶν
1232 4517 1441 4579 πάντας
1467 4518 1829 4583 καταπιωσιν,

249 4605 312 4659 ού
334 4605 682 4676 κορέννυνται
705 4620 720 4633 “
746 4605 887 4659 κατὰ
916 4607 1009 4660 τὸν
1032 4607 1197 4662 αὑτὸν
1224 4608 1428 4679 τρόπον
1453 4610 1554 4663 καὶ
1587 4611 1644 4664 αἱ
1681 4612 1834 4665 όπτι-

252 4692 347 4748 καὶ
378 4692 488 4746 τῶν
515 4689 822 4762 ἀνθρώπων
855 4692 1137 4766 δυνάμεις,
1168 4696 1270 4751 οῦκ
1296 4696 1671 4768 ἐμπίπλανται
1731 4701 1834 4771 τῆς

248 4788 378 4856 περὶ
402 4783 473 4838 τά
504 4784 804 4856 φαινόμενα
832 4785 1067 4857 ἀπάτης·
1095 4788 1200 4853 ἕως
1220 4787 1288 4844 ἂν
1308 4789 1517 4846 τούτων
1547 4791 1833 4863 ὑπεριδοῦ-

252 4892 365 4940 σαι,
398 4876 498 4945 τὴν
533 4873 693 4939 δόξαν
725 4875 969 4945 δψωνται
996 4877 1093 4930 τοῦ
1134 4877 1300 4934 Θεοῦ·
1332 4880 1428 4935 τοῦ
1453 4879 1565 4953 γάρ
1599 4881 1833 4952 ἐσχάτου

247 4966 474 5039 ὸρεκτοῦ
534 4967 781 5038 φυσικῶς
840 4968 1021 5022 πάντα
1068 4970 1315 5039 ἐφίεται·
1345 4972 1449 5026 κᾶν
1495 4971 1656 5026 τοῦτό
1685 4989 1835 5036 τινες

247 5060 317 5114 δι’
340 5060 560 5129 ἀπάτην
584 5062 1119 5132 παραγνῶρίζοντες,
1152 5064 1245 5117 τοῦ
1277 5066 1355 5137 μὴ
1381 5066 1535 5131 ὄντος
1572 5064 1649 5130 ὡς
1679 5065 1833 5132 ὄντος

248 5148 394 5204 κατά
414 5149 636 5222 γνώμην
665 5153 1007 5222 ἀντέχονται.
1489 5176 1500 5185 ο

318 5240 640 5311 Βδέλυγμα
681 5245 878 5313 Κυρίῳ
910 5243 1209 5314 στηρίζων
1256 5248 1568 5320 ὀφθαλμόν
1591 5268 1606 5282 -
1651 5253 1751 5306 καὶ
1781 5252 1838 5306 οι

248 5329 617 5395 ἀπαίδευτοι,
643 5333 922 5401 ἀκρατεῖς
947 5333 1214 5404 ῃιώσσῃ.
1266 5338 1386 5392 Ούκ
1439 5340 1728 5411 εὐάρεστος
1759 5341 1837 5414 τῷ

251 5421 467 5475 πάντων
523 5424 830 5495 κυριεύοντι
855 5426 976 5497 Θεῷ
1024 5430 1134 5492 πᾶς
1164 5432 1193 5482 ό
1221 5429 1283 5484 τὸ
1313 5432 1498 5503 νοερὸν
1545 5432 1702 5504 δμμα
1736 5436 1838 5505 τῆς

249 5511 425 5583 ψυχῆς
452 5514 782 5585 ἀπασχολῶν
833 5519 957 5571 κατ’
1005 5519 1262 5592 αἴσθησιν
1293 5524 1360 5593 τῇ
1385 5525 1682 5596 ἐπιφανείᾳ
1725 5525 1837 5578 τῶν

249 5603 460 5672 ὁρατῶν
485 5619 497 5631 ·
525 5606 620 5659 καὶ
658 5607 732 5676 μὴ
781 5606 1085 5664 διαϐαίνων
1119 5614 1176 5665 ἐν
1210 5615 1484 5684 πνεύματι
1553 5617 1687 5685 πρὸς
1736 5618 1835 5688 τὴν

247 5697 336 5755 διὰ
362 5699 576 5755 πάντων
607 5703 678 5767 (τις
717 5705 996 5771 rami-"mu
1036 5712 1385 5781 μηκυοςιένῄν
1406 5712 1658 5781 εὐήθειαν
1683 5729 1696 5741 ·
1732 5712 1822 5764 καὶ

1936 4512 2178 4577 tiantur,
2215 4510 2342 4565 licet
2394 4526 2588 4565 omnes
2631 4510 3060 4577 absorbuerinl;
3108 4510 3190 4565 sic
3237 4509 3524 4563 hominum

1935 4605 2079 4659 oculi
2132 4619 2239 4658 non
2290 4613 2613 4660 saturantur
2656 4614 2907 4659 errantes
2955 4604 3163 4658 circum
3216 4602 3522 4668 exteriora;

1935 4695 2111 4751 donec
2136 4696 2260 4752 istis
2282 4698 2613 4768 contemptis
2634 4697 2878 4752 divinam
2923 4696 3149 4765 gloriam
3185 4696 3523 4749 intueantur.

1935 4789 2141 4844 Natura
2171 4789 2318 4843 enim
2358 4806 2549 4845 omnes
2579 4789 2646 4844 ad
2676 4790 2924 4844 ultimum
2967 4787 3128 4842 linem
3164 4786 3417 4852 tendunt,
3440 4786 3525 4840 in-

1937 4882 2113 4937 veniri
2149 4892 2383 4952 possunt
2414 4884 2507 4953 qui
2537 4883 2592 4936 in
2628 4882 2733 4937 hoc
2762 4879 3017 4952 eligendo
3046 4891 3254 4947 errant,
3287 4879 3392 4935 sibi
3423 4879 3525 4951 ipsi

1937 4981 2117 5029 autem
2145 4988 2242 5044 pro
2272 4974 2419 5029 veris
2456 4975 2594 5028 falsa
2622 4973 3049 5044 amplectuntur.

2012 5240 2349 5295 Abominatio
2410 5238 2636 5293 Domino
2692 5236 2983 5307 obﬁrmata
3035 5236 3247 5291 oculum
3286 5247 3337 5292 et
3380 5238 3524 5291 indi-

1941 5334 2211 5404 aciplinnti
2240 5334 2473 5403 linguam
2508 5348 2612 5384 non
2666 5332 2960 5384 continent.
3010 5328 3132 5385 Non
3179 5333 3361 5400 placet
3412 5327 3524 5383 Deo

1940 5428 2186 5483 omnium
2222 5425 2474 5489 Domino,
2529 5424 2621 5491 qui
2672 5425 3016 5495 spiritualem
3051 5424 3250 5478 animus
3300 5424 3521 5478 oculum

1941 5525 2140 5578 avertit
2171 5520 2237 5575 ad
2283 5536 2375 5575 res
2421 5520 2729 5575 exteriores
2758 5518 3133 5590 aspiciendas,
3181 5531 3284 5573 nec
3321 5518 3521 5572 verita-

1942 5626 2047 5673 tem
2089 5619 2142 5672 in
2184 5615 2333 5671 oumi
2358 5623 2635 5678 creatura,
2671 5614 2829 5683 quasi
2865 5613 2919 5666 in
2971 5610 3167 5680 ﬁgura,
3201 5610 3521 5680 impressam

1943 5709 2192 5779 inquirit.
2222 5706 2327 5765 Nec
2363 5710 2581 5781 placent
2627 5707 2714 5763 isti
2750 5705 3028 5774 loquaces,
3062 5702 3152 5773 qui
3183 5702 3366 5759 divina
3400 5705 3523 5761 inde
