  <div class='ocr_page' id='page_1' title='image "/cluster/home/n/w/nwhite01/storage/ocr_20150623/87:1/hvd.32044073502353/762.png"; bbox 0 0 3950 6206; ppageno 0'>
   <div class='ocr_carea' id='block_1_1' title="bbox 306 260 441 325">
    <p class='ocr_par' dir='ltr' id='par_1_1' title="bbox 306 260 441 325">
     <span class='ocr_line' id='line_1_1' title="bbox 306 260 441 325; baseline 0.015 -2"><span class='ocrx_word' id='word_1_1' title='bbox 306 260 441 325; x_wconf 69' lang='lat'><strong>1513</strong></span> 
     </span>
    </p>
   </div>
   <div class='ocr_carea' id='block_1_2' title="bbox 1327 256 2522 318">
    <p class='ocr_par' dir='ltr' id='par_1_2' title="bbox 1327 256 2522 318">
     <span class='ocr_line' id='line_1_2' title="bbox 1327 256 2522 318; baseline -0.001 -1"><span class='ocrx_word' id='word_1_2' title='bbox 1327 256 1858 317; x_wconf 77' lang='lat' dir='ltr'><strong>COMMENTARII</strong></span> <span class='ocrx_word' id='word_1_3' title='bbox 1924 257 2007 316; x_wconf 81' lang='lat' dir='ltr'><strong>IN</strong></span> <span class='ocrx_word' id='word_1_4' title='bbox 2064 256 2522 318; x_wconf 80' lang='lat' dir='ltr'><strong>PROVERBIA.</strong></span> 
     </span>
    </p>
   </div>
   <div class='ocr_carea' id='block_1_3' title="bbox 3439 230 3574 304">
    <p class='ocr_par' dir='ltr' id='par_1_3' title="bbox 3439 230 3574 304">
     <span class='ocr_line' id='line_1_3' title="bbox 3439 230 3574 304; baseline 0.007 -4"><span class='ocrx_word' id='word_1_5' title='bbox 3439 230 3526 304; x_wconf 55' lang='lat' dir='ltr'><strong>ibi</strong></span> <span class='ocrx_word' id='word_1_6' title='bbox 3540 233 3574 301; x_wconf 69' lang='lat' dir='ltr'><strong>is</strong></span> 
     </span>
    </p>
   </div>
   <div class='ocr_carea' id='block_1_4' title="bbox 304 350 1925 441">
    <p class='ocr_par' dir='ltr' id='par_1_4' title="bbox 304 367 1925 440">
     <span class='ocr_line' id='line_1_4' title="bbox 304 367 1925 440; baseline -0.003 -14"><span class='ocrx_word' id='word_1_7' title='bbox 304 387 410 426; x_wconf 74' lang='grc' dir='ltr'><strong>Ιτων</strong></span> <span class='ocrx_word' id='word_1_8' title='bbox 434 368 800 439; x_wconf 84' lang='grc' dir='ltr'>τυραννικῶς,</span> <span class='ocrx_word' id='word_1_9' title='bbox 833 370 928 422; x_wconf 72' lang='grc' dir='ltr'><strong>καὶ</strong></span> <span class='ocrx_word' id='word_1_10' title='bbox 965 369 1039 439; x_wconf 78' lang='grc' dir='ltr'><strong>μὴ</strong></span> <span class='ocrx_word' id='word_1_11' title='bbox 1088 368 1159 422; x_wconf 77' lang='grc' dir='ltr'><strong>δι’</strong></span> <span class='ocrx_word' id='word_1_12' title='bbox 1204 369 1427 438; x_wconf 80' lang='grc' dir='ltr'>ἀγαθῶν</span> <span class='ocrx_word' id='word_1_13' title='bbox 1470 368 1649 440; x_wconf 71' lang='grc' dir='ltr'>ἔργων</span> <span class='ocrx_word' id='word_1_14' title='bbox 1678 367 1887 439; x_wconf 86' lang='grc' dir='ltr'>τιμών-</span> <span class='ocrx_word' id='word_1_15' title='bbox 1918 417 1925 430; x_wconf 40' lang='grc' dir='ltr'>ι</span> 
     </span>
    </p>
   </div>
   <div class='ocr_carea' id='block_1_5' title="bbox 2037 350 3572 441">
    <p class='ocr_par' dir='ltr' id='par_1_5' title="bbox 2037 350 3572 441">
     <span class='ocr_line' id='line_1_5' title="bbox 2037 350 3572 441; baseline -0.01 -17"><span class='ocrx_word' id='word_1_16' title='bbox 2037 381 2219 425; x_wconf 82' lang='lat' dir='ltr'><strong>eumut</strong></span> <span class='ocrx_word' id='word_1_17' title='bbox 2251 372 2353 427; x_wconf 88' lang='lat' dir='ltr'><strong>viri</strong></span> <span class='ocrx_word' id='word_1_18' title='bbox 2374 372 2468 441; x_wconf 99' lang='lat' dir='ltr'><strong>qui</strong></span> <span class='ocrx_word' id='word_1_19' title='bbox 2493 352 2634 423; x_wconf 84' lang='lat' dir='ltr'><strong>mala</strong></span> <span class='ocrx_word' id='word_1_20' title='bbox 2666 366 2771 424; x_wconf 80' lang='lat' dir='ltr'><strong>sibi</strong></span> <span class='ocrx_word' id='word_1_21' title='bbox 2806 365 2875 418; x_wconf 90' lang='lat' dir='ltr'><strong>ab</strong></span> <span class='ocrx_word' id='word_1_22' title='bbox 2902 364 2982 419; x_wconf 87' lang='lat' dir='ltr'><strong>eis</strong></span> <span class='ocrx_word' id='word_1_23' title='bbox 3015 363 3159 416; x_wconf 76' lang='lat' dir='ltr'><strong>illata</strong></span> <span class='ocrx_word' id='word_1_24' title='bbox 3190 359 3458 429; x_wconf 76' lang='lat' dir='ltr'><strong>patienter</strong></span> <span class='ocrx_word' id='word_1_25' title='bbox 3488 350 3572 410; x_wconf 86' lang='lat' dir='ltr'><strong>to-</strong></span> 
     </span>
    </p>
   </div>
   <div class='ocr_carea' id='block_1_6' title="bbox 302 458 1898 533">
    <p class='ocr_par' dir='ltr' id='par_1_6' title="bbox 302 458 1898 533">
     <span class='ocr_line' id='line_1_6' title="bbox 302 458 1898 533; baseline -0.002 -17"><span class='ocrx_word' id='word_1_26' title='bbox 302 479 410 516; x_wconf 84' lang='grc' dir='ltr'><strong>των</strong></span> <span class='ocrx_word' id='word_1_27' title='bbox 438 461 598 526; x_wconf 90' lang='grc' dir='ltr'>Θεὸν,</span> <span class='ocrx_word' id='word_1_28' title='bbox 628 461 981 525; x_wconf 75' lang='grc' dir='ltr'>στενάςουσιν</span> <span class='ocrx_word' id='word_1_29' title='bbox 1017 462 1066 514; x_wconf 84' lang='grc' dir='ltr'><strong>οἱ</strong></span> <span class='ocrx_word' id='word_1_30' title='bbox 1114 462 1379 531; x_wconf 82' lang='grc' dir='ltr'>γενναίως</span> <span class='ocrx_word' id='word_1_31' title='bbox 1424 462 1491 515; x_wconf 79' lang='grc' dir='ltr'><strong>τά</strong></span> <span class='ocrx_word' id='word_1_32' title='bbox 1540 462 1671 533; x_wconf 83' lang='grc' dir='ltr'>παρ’</span> <span class='ocrx_word' id='word_1_33' title='bbox 1716 458 1898 530; x_wconf 82' lang='grc' dir='ltr'>αὐτῶν</span> 
     </span>
    </p>
   </div>
   <div class='ocr_carea' id='block_1_7' title="bbox 305 550 1444 621">
    <p class='ocr_par' dir='ltr' id='par_1_7' title="bbox 305 550 1444 621">
     <span class='ocr_line' id='line_1_7' title="bbox 305 550 1444 621; baseline 0 -17"><span class='ocrx_word' id='word_1_34' title='bbox 305 552 492 614; x_wconf 80' lang='grc' dir='ltr'>αὐτοῖς</span> <span class='ocrx_word' id='word_1_35' title='bbox 529 550 881 620; x_wconf 70' lang='grc' dir='ltr'>ἐπερχόμενα</span> <span class='ocrx_word' id='word_1_36' title='bbox 911 550 1138 621; x_wconf 83' lang='grc' dir='ltr'>λυπηρὰ</span> <span class='ocrx_word' id='word_1_37' title='bbox 1164 550 1444 620; x_wconf 84' lang='grc' dir='ltr'>φέροντες.</span> 
     </span>
    </p>
   </div>
   <div class='ocr_carea' id='block_1_8' title="bbox 374 641 1901 712">
    <p class='ocr_par' dir='ltr' id='par_1_8' title="bbox 374 641 1901 712">
     <span class='ocr_line' id='line_1_8' title="bbox 374 641 1901 712; baseline 0 -16"><span class='ocrx_word' id='word_1_38' title='bbox 374 649 447 710; x_wconf 89' lang='grc' dir='ltr'><strong>γ’.</strong></span> <span class='ocrx_word' id='word_1_39' title='bbox 512 642 761 710; x_wconf 79' lang='grc' dir='ltr'><strong>Ἀνδρος</strong></span> <span class='ocrx_word' id='word_1_40' title='bbox 824 641 1151 712; x_wconf 74' lang='grc' dir='ltr'><em>φιλοῦντος</em></span> <span class='ocrx_word' id='word_1_41' title='bbox 1196 643 1461 711; x_wconf 71' lang='grc' dir='ltr'><em>σοφίαν,</em></span> <span class='ocrx_word' id='word_1_42' title='bbox 1516 642 1901 712; x_wconf 73' lang='grc' dir='ltr'><strong>εὐφραίνεται</strong></span> 
     </span>
    </p>
   </div>
   <div class='ocr_carea' id='block_1_9' title="bbox 2003 464 2200 519">
    <p class='ocr_par' dir='ltr' id='par_1_9' title="bbox 2003 464 2200 519">
     <span class='ocr_line' id='line_1_9' title="bbox 2003 464 2200 519; baseline -0.01 -2"><span class='ocrx_word' id='word_1_43' title='bbox 2003 464 2200 519; x_wconf 78' lang='lat' dir='ltr'><strong>lerant.</strong></span> 
     </span>
    </p>
   </div>
   <div class='ocr_carea' id='block_1_10' title="bbox 2073 632 3579 704">
    <p class='ocr_par' dir='ltr' id='par_1_10' title="bbox 2073 632 3579 704">
     <span class='ocr_line' id='line_1_10' title="bbox 2073 632 3579 704; baseline -0.006 -12"><span class='ocrx_word' id='word_1_44' title='bbox 2073 639 2240 695; x_wconf 67' lang='lat' dir='ltr'><strong>Vens.</strong></span> <span class='ocrx_word' id='word_1_45' title='bbox 2270 640 2324 693; x_wconf 78' lang='grc'>5.</span> <span class='ocrx_word' id='word_1_46' title='bbox 2392 639 2484 693; x_wconf 85' lang='lat' dir='ltr'><strong>Vir</strong></span> <span class='ocrx_word' id='word_1_47' title='bbox 2522 654 2708 692; x_wconf 88' lang='lat' dir='ltr'><strong>amans</strong></span> <span class='ocrx_word' id='word_1_48' title='bbox 2738 636 3053 704; x_wconf 73' lang='lat' dir='ltr'><strong>sapientiam</strong></span> <span class='ocrx_word' id='word_1_49' title='bbox 3090 632 3332 700; x_wconf 78' lang='lat' dir='ltr'><strong>la-ti/icat</strong></span> <span class='ocrx_word' id='word_1_50' title='bbox 3374 636 3579 698; x_wconf 85' lang='lat' dir='ltr'><strong>patrem</strong></span> 
     </span>
    </p>
   </div>
   <div class='ocr_carea' id='block_1_11' title="bbox 307 720 1925 801">
    <p class='ocr_par' dir='ltr' id='par_1_11' title="bbox 307 731 1910 801">
     <span class='ocr_line' id='line_1_11' title="bbox 307 731 1910 801; baseline 0 -15"><span class='ocrx_word' id='word_1_51' title='bbox 307 731 505 801; x_wconf 80' lang='grc' dir='ltr'>πατὴρ</span> <span class='ocrx_word' id='word_1_52' title='bbox 551 731 779 786; x_wconf 84' lang='grc' dir='ltr'>αὐτοῦ·</span> <span class='ocrx_word' id='word_1_53' title='bbox 826 733 895 797; x_wconf 82' lang='grc' dir='ltr'>ὃς</span> <span class='ocrx_word' id='word_1_54' title='bbox 942 731 1012 784; x_wconf 84' lang='grc' dir='ltr'><strong>δὲ</strong></span> <span class='ocrx_word' id='word_1_55' title='bbox 1054 732 1355 801; x_wconf 77' lang='grc' dir='ltr'><strong>ποιμαίνει</strong></span> <span class='ocrx_word' id='word_1_56' title='bbox 1406 733 1655 800; x_wconf 80' lang='grc' dir='ltr'><strong>πόρνας,</strong></span> <span class='ocrx_word' id='word_1_57' title='bbox 1686 732 1910 789; x_wconf 81' lang='grc' dir='ltr'>ἀπολεῖ</span> 
     </span>
    </p>
   </div>
   <div class='ocr_carea' id='block_1_12' title="bbox 2037 720 3577 801">
    <p class='ocr_par' dir='ltr' id='par_1_12' title="bbox 2037 720 3577 801">
     <span class='ocr_line' id='line_1_12' title="bbox 2037 720 3577 801; baseline -0.008 -16"><span class='ocrx_word' id='word_1_58' title='bbox 2037 748 2154 785; x_wconf 83' lang='lat' dir='ltr'><strong>num</strong></span> <span class='ocrx_word' id='word_1_59' title='bbox 2176 733 2301 801; x_wconf 87' lang='lat' dir='ltr'><strong>;qui</strong></span> <span class='ocrx_word' id='word_1_60' title='bbox 2329 740 2503 784; x_wconf 86' lang='lat' dir='ltr'><strong>autem</strong></span> <span class='ocrx_word' id='word_1_61' title='bbox 2526 731 2701 799; x_wconf 89' lang='lat' dir='ltr'><strong>pascit</strong></span> <span class='ocrx_word' id='word_1_62' title='bbox 2728 728 3045 789; x_wconf 88' lang='lat' dir='ltr'><strong>meretrices,</strong></span> <span class='ocrx_word' id='word_1_63' title='bbox 3061 721 3319 789; x_wconf 86' lang='lat' dir='ltr'><strong>disperdet</strong></span> <span class='ocrx_word' id='word_1_64' title='bbox 3340 720 3577 775; x_wconf 75' lang='lat' dir='ltr'><strong>divitias.</strong></span> 
     </span>
    </p>
   </div>
   <div class='ocr_carea' id='block_1_13' title="bbox 308 822 1902 894">
    <p class='ocr_par' dir='ltr' id='par_1_13' title="bbox 308 822 1902 894">
     <span class='ocr_line' id='line_1_13' title="bbox 308 822 1902 894; baseline 0.001 -17"><span class='ocrx_word' id='word_1_65' title='bbox 308 824 600 877; x_wconf 82' lang='grc' dir='ltr'>πλοῦτον.</span> <span class='ocrx_word' id='word_1_66' title='bbox 649 822 757 877; x_wconf 88' lang='grc' dir='ltr'><strong>Τοῦ</strong></span> <span class='ocrx_word' id='word_1_67' title='bbox 798 824 1066 891; x_wconf 79' lang='grc' dir='ltr'><strong>γενναίως</strong></span> <span class='ocrx_word' id='word_1_68' title='bbox 1097 824 1166 877; x_wconf 79' lang='grc' dir='ltr'>τὰ</span> <span class='ocrx_word' id='word_1_69' title='bbox 1204 822 1349 894; x_wconf 86' lang='grc' dir='ltr'>πάθη</span> <span class='ocrx_word' id='word_1_70' title='bbox 1382 824 1524 877; x_wconf 81' lang='grc' dir='ltr'>κατὰ</span> <span class='ocrx_word' id='word_1_71' title='bbox 1570 823 1771 892; x_wconf 78' lang='grc' dir='ltr'>πρᾶξιν</span> <span class='ocrx_word' id='word_1_72' title='bbox 1799 842 1902 878; x_wconf 88' lang='grc' dir='ltr'>κα-</span> 
     </span>
    </p>
   </div>
   <div class='ocr_carea' id='block_1_14' title="bbox 306 914 1903 985">
    <p class='ocr_par' dir='ltr' id='par_1_14' title="bbox 306 914 1903 985">
     <span class='ocr_line' id='line_1_14' title="bbox 306 914 1903 985; baseline 0.002 -16"><span class='ocrx_word' id='word_1_73' title='bbox 306 915 769 981; x_wconf 83' lang='grc' dir='ltr'>ταπαλαίσαντος,</span> <span class='ocrx_word' id='word_1_74' title='bbox 823 914 1118 977; x_wconf 79' lang='grc' dir='ltr'><em>ποθοῦντος</em></span> <span class='ocrx_word' id='word_1_75' title='bbox 1166 914 1371 982; x_wconf 79' lang='grc' dir='ltr'>γνῶναι</span> <span class='ocrx_word' id='word_1_76' title='bbox 1416 914 1519 985; x_wconf 81' lang='grc' dir='ltr'>τὴν</span> <span class='ocrx_word' id='word_1_77' title='bbox 1566 916 1747 969; x_wconf 77' lang='grc' dir='ltr'><strong>αἰτίαν</strong></span> <span class='ocrx_word' id='word_1_78' title='bbox 1791 917 1903 973; x_wconf 83' lang='grc' dir='ltr'><strong>τῶν</strong></span> 
     </span>
    </p>
   </div>
   <div class='ocr_carea' id='block_1_15' title="bbox 309 1004 1902 1076">
    <p class='ocr_par' dir='ltr' id='par_1_15' title="bbox 309 1004 1902 1076">
     <span class='ocr_line' id='line_1_15' title="bbox 309 1004 1902 1076; baseline 0.001 -17"><span class='ocrx_word' id='word_1_79' title='bbox 309 1005 446 1060; x_wconf 82' lang='grc' dir='ltr'>ὅλων</span> <span class='ocrx_word' id='word_1_80' title='bbox 476 1007 686 1075; x_wconf 80' lang='grc' dir='ltr'>σοφίαν,</span> <span class='ocrx_word' id='word_1_81' title='bbox 728 1004 874 1059; x_wconf 84' lang='grc' dir='ltr'>κατὰ</span> <span class='ocrx_word' id='word_1_82' title='bbox 912 1005 1013 1075; x_wconf 83' lang='grc' dir='ltr'><strong>τὴν</strong></span> <span class='ocrx_word' id='word_1_83' title='bbox 1045 1005 1105 1057; x_wconf 85' lang='grc' dir='ltr'><strong>ὲν</strong></span> <span class='ocrx_word' id='word_1_84' title='bbox 1160 1004 1440 1074; x_wconf 81' lang='grc' dir='ltr'>πνεύματι</span> <span class='ocrx_word' id='word_1_85' title='bbox 1488 1005 1728 1076; x_wconf 82' lang='grc' dir='ltr'>φυσικὴν</span> <span class='ocrx_word' id='word_1_86' title='bbox 1760 1005 1902 1060; x_wconf 88' lang='grc' dir='ltr'>θεω-</span> 
     </span>
    </p>
   </div>
   <div class='ocr_carea' id='block_1_16' title="bbox 313 1091 1905 1168">
    <p class='ocr_par' dir='ltr' id='par_1_16' title="bbox 313 1091 1905 1168">
     <span class='ocr_line' id='line_1_16' title="bbox 313 1091 1905 1168; baseline -0.001 -20"><span class='ocrx_word' id='word_1_87' title='bbox 313 1095 436 1166; x_wconf 89' lang='grc' dir='ltr'>ρίαν</span> <span class='ocrx_word' id='word_1_88' title='bbox 456 1095 566 1168; x_wconf 85' lang='grc' dir='ltr'>τῶν</span> <span class='ocrx_word' id='word_1_89' title='bbox 593 1094 786 1159; x_wconf 77' lang='grc' dir='ltr'>ὄντων,</span> <span class='ocrx_word' id='word_1_90' title='bbox 816 1094 912 1147; x_wconf 70' lang='grc' dir='ltr'>καὶ</span> <span class='ocrx_word' id='word_1_91' title='bbox 941 1091 1084 1147; x_wconf 77' lang='grc' dir='ltr'>οὕτω</span> <span class='ocrx_word' id='word_1_92' title='bbox 1116 1092 1253 1166; x_wconf 88' lang='grc' dir='ltr'>πρὸς</span> <span class='ocrx_word' id='word_1_93' title='bbox 1302 1092 1579 1163; x_wconf 82' lang='grc' dir='ltr'><strong>σωτηρίαν</strong></span> <span class='ocrx_word' id='word_1_94' title='bbox 1610 1092 1905 1163; x_wconf 77' lang='grc' dir='ltr'>ἐπειγομέ-</span> 
     </span>
    </p>
   </div>
   <div class='ocr_carea' id='block_1_17' title="bbox 317 1182 1905 1256">
    <p class='ocr_par' dir='ltr' id='par_1_17' title="bbox 317 1182 1905 1256">
     <span class='ocr_line' id='line_1_17' title="bbox 317 1182 1905 1256; baseline -0.001 -17"><span class='ocrx_word' id='word_1_95' title='bbox 317 1202 431 1251; x_wconf 86' lang='grc' dir='ltr'><strong>νου,</strong></span> <span class='ocrx_word' id='word_1_96' title='bbox 466 1186 647 1256; x_wconf 80' lang='grc' dir='ltr'><strong>χαίρει</strong></span> <span class='ocrx_word' id='word_1_97' title='bbox 677 1185 765 1238; x_wconf 88' lang='grc' dir='ltr'><strong>διὰ</strong></span> <span class='ocrx_word' id='word_1_98' title='bbox 791 1183 1209 1255; x_wconf 77' lang='grc' dir='ltr'><strong>φιλανθρωπίαν</strong></span> <span class='ocrx_word' id='word_1_99' title='bbox 1248 1184 1275 1234; x_wconf 83' lang='grc' dir='ltr'>ὁ</span> <span class='ocrx_word' id='word_1_100' title='bbox 1321 1182 1512 1235; x_wconf 87' lang='grc' dir='ltr'>τοῦτον</span> <span class='ocrx_word' id='word_1_101' title='bbox 1554 1182 1696 1236; x_wconf 85' lang='grc' dir='ltr'>κατὰ</span> <span class='ocrx_word' id='word_1_102' title='bbox 1745 1184 1905 1255; x_wconf 86' lang='grc' dir='ltr'>χάριν</span> 
     </span>
    </p>
   </div>
   <div class='ocr_carea' id='block_1_18' title="bbox 313 1274 1910 1348">
    <p class='ocr_par' dir='ltr' id='par_1_18' title="bbox 313 1274 1910 1348">
     <span class='ocr_line' id='line_1_18' title="bbox 313 1274 1910 1348; baseline -0.001 -18"><span class='ocrx_word' id='word_1_103' title='bbox 313 1276 824 1348; x_wconf 82' lang='grc' dir='ltr'>υίοθε[τη]σάμενος</span> <span class='ocrx_word' id='word_1_104' title='bbox 856 1274 1269 1345; x_wconf 79' lang='grc' dir='ltr'>πανοικτίρμων</span> <span class='ocrx_word' id='word_1_105' title='bbox 1293 1274 1425 1336; x_wconf 84' lang='grc' dir='ltr'>Θεός</span> <span class='ocrx_word' id='word_1_106' title='bbox 1454 1291 1468 1303; x_wconf 71' lang='grc' dir='ltr'><strong><em>ο</em></strong></span> <span class='ocrx_word' id='word_1_107' title='bbox 1493 1277 1521 1327; x_wconf 85' lang='grc' dir='ltr'>ὁ</span> <span class='ocrx_word' id='word_1_108' title='bbox 1548 1274 1591 1327; x_wconf 82' lang='grc' dir='ltr'><strong>δ’</strong></span> <span class='ocrx_word' id='word_1_109' title='bbox 1614 1276 1694 1337; x_wconf 80' lang='grc' dir='ltr'><strong>είς</strong></span> <span class='ocrx_word' id='word_1_110' title='bbox 1721 1275 1910 1328; x_wconf 77' lang='grc' dir='ltr'>ἐπιθυ-</span> 
     </span>
    </p>
   </div>
   <div class='ocr_carea' id='block_1_19' title="bbox 319 1362 1908 1437">
    <p class='ocr_par' dir='ltr' id='par_1_19' title="bbox 319 1362 1908 1437">
     <span class='ocr_line' id='line_1_19' title="bbox 319 1362 1908 1437; baseline -0.002 -17"><span class='ocrx_word' id='word_1_111' title='bbox 319 1367 449 1437; x_wconf 81' lang='grc' dir='ltr'>μίας</span> <span class='ocrx_word' id='word_1_112' title='bbox 471 1366 792 1428; x_wconf 69' lang='grc' dir='ltr'>ἀλλοκότους</span> <span class='ocrx_word' id='word_1_113' title='bbox 826 1365 1227 1435; x_wconf 79' lang='grc' dir='ltr'>προνοούμενος</span> <span class='ocrx_word' id='word_1_114' title='bbox 1246 1362 1463 1429; x_wconf 81' lang='grc' dir='ltr'>ἑαυτοῦ,</span> <span class='ocrx_word' id='word_1_115' title='bbox 1486 1363 1783 1418; x_wconf 79' lang='grc' dir='ltr'>κάντεῦθεν</span> <span class='ocrx_word' id='word_1_116' title='bbox 1810 1365 1908 1429; x_wconf 83' lang='grc' dir='ltr'>τὰς</span> 
     </span>
    </p>
   </div>
   <div class='ocr_carea' id='block_1_20' title="bbox 317 1452 1909 1528">
    <p class='ocr_par' dir='ltr' id='par_1_20' title="bbox 317 1452 1909 1528">
     <span class='ocr_line' id='line_1_20' title="bbox 317 1452 1909 1528; baseline -0.001 -20"><span class='ocrx_word' id='word_1_117' title='bbox 317 1456 508 1528; x_wconf 79' lang='grc' dir='ltr'>πόρρω</span> <span class='ocrx_word' id='word_1_118' title='bbox 535 1452 630 1508; x_wconf 94' lang='grc' dir='ltr'><strong>τοῦ</strong></span> <span class='ocrx_word' id='word_1_119' title='bbox 650 1454 813 1523; x_wconf 81' lang='grc' dir='ltr'>λόγου</span> <span class='ocrx_word' id='word_1_120' title='bbox 838 1452 1101 1516; x_wconf 83' lang='grc' dir='ltr'><strong>νευούσας</strong></span> <span class='ocrx_word' id='word_1_121' title='bbox 1117 1452 1400 1523; x_wconf 74' lang='grc' dir='ltr'><strong>αἰσθήσεις</strong></span> <span class='ocrx_word' id='word_1_122' title='bbox 1429 1455 1551 1516; x_wconf 87' lang='grc' dir='ltr'>ταῖς</span> <span class='ocrx_word' id='word_1_123' title='bbox 1578 1453 1909 1523; x_wconf 82' lang='grc' dir='ltr'>ὲμπαθείαις</span> 
     </span>
    </p>
   </div>
   <div class='ocr_carea' id='block_1_21' title="bbox 316 1542 1909 1616">
    <p class='ocr_par' dir='ltr' id='par_1_21' title="bbox 316 1542 1909 1616">
     <span class='ocr_line' id='line_1_21' title="bbox 316 1542 1909 1616; baseline 0.001 -19"><span class='ocrx_word' id='word_1_124' title='bbox 316 1545 618 1615; x_wconf 81' lang='grc' dir='ltr'>ὲκτρέφων,</span> <span class='ocrx_word' id='word_1_125' title='bbox 650 1542 945 1615; x_wconf 73' lang='grc' dir='ltr'>ζημιοῦται</span> <span class='ocrx_word' id='word_1_126' title='bbox 990 1543 1084 1598; x_wconf 86' lang='grc' dir='ltr'><strong>τὸν</strong></span> <span class='ocrx_word' id='word_1_127' title='bbox 1150 1543 1292 1598; x_wconf 83' lang='grc' dir='ltr'>κατὰ</span> <span class='ocrx_word' id='word_1_128' title='bbox 1321 1542 1526 1613; x_wconf 83' lang='grc' dir='ltr'>γνῶσιν</span> <span class='ocrx_word' id='word_1_129' title='bbox 1572 1543 1669 1597; x_wconf 83' lang='grc' dir='ltr'>καὶ</span> <span class='ocrx_word' id='word_1_130' title='bbox 1709 1544 1909 1616; x_wconf 82' lang='grc' dir='ltr'>ἀρετὴν</span> 
     </span>
    </p>
   </div>
   <div class='ocr_carea' id='block_1_22' title="bbox 320 1632 977 1704">
    <p class='ocr_par' dir='ltr' id='par_1_22' title="bbox 320 1632 977 1704">
     <span class='ocr_line' id='line_1_22' title="bbox 320 1632 977 1704; baseline -0.005 -16"><span class='ocrx_word' id='word_1_131' title='bbox 320 1632 698 1704; x_wconf 87' lang='grc' dir='ltr'>πνευματικὸν</span> <span class='ocrx_word' id='word_1_132' title='bbox 726 1633 977 1685; x_wconf 83' lang='grc' dir='ltr'>πλοῦτον.</span> 
     </span>
    </p>
   </div>
   <div class='ocr_carea' id='block_1_23' title="bbox 2006 814 3579 894">
    <p class='ocr_par' dir='ltr' id='par_1_23' title="bbox 2006 814 3579 894">
     <span class='ocr_line' id='line_1_23' title="bbox 2006 814 3579 894; baseline -0.01 -15"><span class='ocrx_word' id='word_1_133' title='bbox 2006 825 2064 879; x_wconf 91' lang='lat' dir='ltr'><strong>Si</strong></span> <span class='ocrx_word' id='word_1_134' title='bbox 2112 824 2236 894; x_wconf 86' lang='lat' dir='ltr'><strong>quis</strong></span> <span class='ocrx_word' id='word_1_135' title='bbox 2290 825 2580 893; x_wconf 81' lang='lat' dir='ltr'><strong>passiones</strong></span> <span class='ocrx_word' id='word_1_136' title='bbox 2611 821 2867 890; x_wconf 79' lang='lat' dir='ltr'><strong>operibus</strong></span> <span class='ocrx_word' id='word_1_137' title='bbox 2921 816 3141 872; x_wconf 74' lang='lat' dir='ltr'><strong>fortiter</strong></span> <span class='ocrx_word' id='word_1_138' title='bbox 3187 814 3579 876; x_wconf 82' lang='lat' dir='ltr'><strong>debellave‘rit,</strong></span> 
     </span>
    </p>
   </div>
   <div class='ocr_carea' id='block_1_24' title="bbox 2016 905 3583 987">
    <p class='ocr_par' dir='ltr' id='par_1_24' title="bbox 2016 905 3583 987">
     <span class='ocr_line' id='line_1_24' title="bbox 2016 905 3583 987; baseline -0.007 -17"><span class='ocrx_word' id='word_1_139' title='bbox 2016 916 2343 987; x_wconf 75' lang='lat' dir='ltr'><strong>sapientiam</strong></span> <span class='ocrx_word' id='word_1_140' title='bbox 2381 914 2629 968; x_wconf 86' lang='lat' dir='ltr'><strong>omnium</strong></span> <span class='ocrx_word' id='word_1_141' title='bbox 2664 918 2945 983; x_wconf 87' lang='lat' dir='ltr'><strong>parentem</strong></span> <span class='ocrx_word' id='word_1_142' title='bbox 2978 922 3321 979; x_wconf 80' lang='lat' dir='ltr'><strong>cognoscere</strong></span> <span class='ocrx_word' id='word_1_143' title='bbox 3352 905 3583 962; x_wconf 86' lang='lat' dir='ltr'><strong>studue-</strong></span> 
     </span>
    </p>
   </div>
   <div class='ocr_carea' id='block_1_25' title="bbox 2008 995 3585 1067">
    <p class='ocr_par' dir='ltr' id='par_1_25' title="bbox 2008 995 3585 1067">
     <span class='ocr_line' id='line_1_25' title="bbox 2008 995 3585 1067; baseline -0.007 -10"><span class='ocrx_word' id='word_1_144' title='bbox 2008 1002 2118 1067; x_wconf 89' lang='lat' dir='ltr'><strong>rit,</strong></span> <span class='ocrx_word' id='word_1_145' title='bbox 2171 1012 2424 1057; x_wconf 87' lang='lat' dir='ltr'><strong>naturam</strong></span> <span class='ocrx_word' id='word_1_146' title='bbox 2472 1016 2654 1055; x_wconf 87' lang='lat' dir='ltr'><strong>rerum</strong></span> <span class='ocrx_word' id='word_1_147' title='bbox 2704 998 2985 1052; x_wconf 86' lang='lat' dir='ltr'><strong>intellectu</strong></span> <span class='ocrx_word' id='word_1_148' title='bbox 3034 995 3364 1056; x_wconf 86' lang='lat' dir='ltr'><strong>meditando,</strong></span> <span class='ocrx_word' id='word_1_149' title='bbox 3398 995 3585 1062; x_wconf 81' lang='lat' dir='ltr'><strong>itaque</strong></span> 
     </span>
    </p>
   </div>
   <div class='ocr_carea' id='block_1_26' title="bbox 2007 1077 3585 1158">
    <p class='ocr_par' dir='ltr' id='par_1_26' title="bbox 2007 1077 3585 1158">
     <span class='ocr_line' id='line_1_26' title="bbox 2007 1077 3585 1158; baseline -0.008 -11"><span class='ocrx_word' id='word_1_150' title='bbox 2007 1093 2075 1147; x_wconf 89' lang='lat' dir='ltr'><strong>ad</strong></span> <span class='ocrx_word' id='word_1_151' title='bbox 2122 1093 2352 1147; x_wconf 75' lang='lat' dir='ltr'><strong>salutem</strong></span> <span class='ocrx_word' id='word_1_152' title='bbox 2389 1088 2725 1158; x_wconf 83' lang='lat' dir='ltr'><strong>perrexerit;</strong></span> <span class='ocrx_word' id='word_1_153' title='bbox 2784 1087 2874 1141; x_wconf 89' lang='lat' dir='ltr'><strong>ille</strong></span> <span class='ocrx_word' id='word_1_154' title='bbox 2923 1085 3122 1155; x_wconf 82' lang='lat' dir='ltr'><strong>gaudio</strong></span> <span class='ocrx_word' id='word_1_155' title='bbox 3157 1091 3214 1138; x_wconf 89' lang='lat' dir='ltr'><strong>et</strong></span> <span class='ocrx_word' id='word_1_156' title='bbox 3264 1077 3439 1137; x_wconf 79' lang='lat' dir='ltr'><strong>amori</strong></span> <span class='ocrx_word' id='word_1_157' title='bbox 3480 1084 3585 1137; x_wconf 83' lang='lat' dir='ltr'><strong>erit</strong></span> 
     </span>
    </p>
   </div>
   <div class='ocr_carea' id='block_1_27' title="bbox 2012 1177 3589 1250">
    <p class='ocr_par' dir='ltr' id='par_1_27' title="bbox 2012 1177 3589 1250">
     <span class='ocr_line' id='line_1_27' title="bbox 2012 1177 3589 1250; baseline -0.006 -13"><span class='ocrx_word' id='word_1_158' title='bbox 2012 1185 2122 1239; x_wconf 90' lang='lat' dir='ltr'><strong>Deo</strong></span> <span class='ocrx_word' id='word_1_159' title='bbox 2155 1183 2538 1248; x_wconf 83' lang='lat' dir='ltr'><strong>misericordi,</strong></span> <span class='ocrx_word' id='word_1_160' title='bbox 2572 1182 2664 1250; x_wconf 89' lang='lat' dir='ltr'><strong>qui</strong></span> <span class='ocrx_word' id='word_1_161' title='bbox 2698 1195 2824 1236; x_wconf 92' lang='lat' dir='ltr'><strong>eum</strong></span> <span class='ocrx_word' id='word_1_162' title='bbox 2859 1180 2913 1232; x_wconf 90' lang='lat' dir='ltr'><strong>in</strong></span> <span class='ocrx_word' id='word_1_163' title='bbox 2953 1180 3120 1231; x_wconf 89' lang='lat' dir='ltr'><strong>lilium</strong></span> <span class='ocrx_word' id='word_1_164' title='bbox 3148 1177 3324 1245; x_wconf 72' lang='lat' dir='ltr'><strong>gratia</strong></span> <span class='ocrx_word' id='word_1_165' title='bbox 3356 1177 3589 1244; x_wconf 58' lang='lat' dir='ltr'><strong>adoptac</strong></span> 
     </span>
    </p>
   </div>
   <div class='ocr_carea' id='block_1_28' title="bbox 2008 1267 3587 1343">
    <p class='ocr_par' dir='ltr' id='par_1_28' title="bbox 2008 1267 3587 1343">
     <span class='ocr_line' id='line_1_28' title="bbox 2008 1267 3587 1343; baseline -0.007 -14"><span class='ocrx_word' id='word_1_166' title='bbox 2008 1274 2108 1329; x_wconf 88' lang='lat' dir='ltr'><strong>vit.</strong></span> <span class='ocrx_word' id='word_1_167' title='bbox 2138 1273 2243 1340; x_wconf 86' lang='lat' dir='ltr'><strong>Qui</strong></span> <span class='ocrx_word' id='word_1_168' title='bbox 2271 1289 2402 1330; x_wconf 90' lang='lat' dir='ltr'><strong>vero</strong></span> <span class='ocrx_word' id='word_1_169' title='bbox 2433 1274 2686 1343; x_wconf 88' lang='lat' dir='ltr'><strong>turpibus</strong></span> <span class='ocrx_word' id='word_1_170' title='bbox 2736 1269 3142 1341; x_wconf 84' lang='lat' dir='ltr'><strong>cupiditatibus</strong></span> <span class='ocrx_word' id='word_1_171' title='bbox 3195 1267 3474 1337; x_wconf 80' lang='lat' dir='ltr'><strong>indulget,</strong></span> <span class='ocrx_word' id='word_1_172' title='bbox 3532 1276 3587 1319; x_wconf 86' lang='lat' dir='ltr'><strong>et</strong></span> 
     </span>
    </p>
   </div>
   <div class='ocr_carea' id='block_1_29' title="bbox 2010 1358 3585 1423">
    <p class='ocr_par' dir='ltr' id='par_1_29' title="bbox 2010 1358 3585 1423">
     <span class='ocr_line' id='line_1_29' title="bbox 2010 1358 3585 1423; baseline -0.006 -4"><span class='ocrx_word' id='word_1_173' title='bbox 2010 1366 2296 1423; x_wconf 71' lang='lat' dir='ltr'><strong>ali‘ectibus</strong></span> <span class='ocrx_word' id='word_1_174' title='bbox 2343 1365 2685 1422; x_wconf 90' lang='lat' dir='ltr'><strong>sensationes</strong></span> <span class='ocrx_word' id='word_1_175' title='bbox 2735 1363 3003 1418; x_wconf 88' lang='lat' dir='ltr'><strong>rationem</strong></span> <span class='ocrx_word' id='word_1_176' title='bbox 3043 1370 3385 1417; x_wconf 71' lang='lat' dir='ltr'><strong>exctecantes</strong></span> <span class='ocrx_word' id='word_1_177' title='bbox 3415 1358 3585 1419; x_wconf 79' lang='lat' dir='ltr'><strong>fovet,</strong></span> 
     </span>
    </p>
   </div>
   <div class='ocr_carea' id='block_1_30' title="bbox 2011 1454 3305 1515">
    <p class='ocr_par' dir='ltr' id='par_1_30' title="bbox 2011 1454 3305 1515">
     <span class='ocr_line' id='line_1_30' title="bbox 2011 1454 3305 1515; baseline -0.005 -1"><span class='ocrx_word' id='word_1_178' title='bbox 2011 1459 2119 1515; x_wconf 82' lang='lat' dir='ltr'><strong>iste</strong></span> <span class='ocrx_word' id='word_1_179' title='bbox 2144 1458 2366 1515; x_wconf 85' lang='lat' dir='ltr'><strong>divitias</strong></span> <span class='ocrx_word' id='word_1_180' title='bbox 2397 1458 2711 1515; x_wconf 90' lang='lat' dir='ltr'><strong>intellectus</strong></span> <span class='ocrx_word' id='word_1_181' title='bbox 2740 1464 2795 1512; x_wconf 87' lang='lat' dir='ltr'><strong>et</strong></span> <span class='ocrx_word' id='word_1_182' title='bbox 2827 1454 3044 1511; x_wconf 89' lang='lat' dir='ltr'><strong>virtutis</strong></span> <span class='ocrx_word' id='word_1_183' title='bbox 3075 1454 3305 1508; x_wconf 84' lang='lat' dir='ltr'><strong>amittet.</strong></span> 
     </span>
    </p>
   </div>
   <div class='ocr_carea' id='block_1_31' title="bbox 389 1721 1925 1809">
    <p class='ocr_par' dir='ltr' id='par_1_31' title="bbox 389 1721 1911 1809">
     <span class='ocr_line' id='line_1_31' title="bbox 389 1721 1911 1809; baseline 0.001 -33"><span class='ocrx_word' id='word_1_184' title='bbox 389 1724 452 1779; x_wconf 85' lang='grc' dir='ltr'><strong>δ’.</strong></span> <span class='ocrx_word' id='word_1_185' title='bbox 484 1724 788 1788; x_wconf 82' lang='grc' dir='ltr'>Βασιλεὺς</span> <span class='ocrx_word' id='word_1_186' title='bbox 825 1721 1078 1788; x_wconf 82' lang='grc' dir='ltr'>δίκαιος,</span> <span class='ocrx_word' id='word_1_187' title='bbox 1131 1722 1422 1809; x_wconf 55' lang='grc' dir='ltr'>ἀνίστησι</span> <span class='ocrx_word' id='word_1_188' title='bbox 1465 1723 1705 1793; x_wconf 78' lang='grc' dir='ltr'>χώραν’</span> <span class='ocrx_word' id='word_1_189' title='bbox 1754 1722 1911 1793; x_wconf 77' lang='grc' dir='ltr'><em>ἀνὴρ</em></span> 
     </span>
    </p>
   </div>
   <div class='ocr_carea' id='block_1_32' title="bbox 2037 1721 3589 1809">
    <p class='ocr_par' dir='ltr' id='par_1_32' title="bbox 2084 1721 3589 1796">
     <span class='ocr_line' id='line_1_32' title="bbox 2084 1721 3589 1796; baseline -0.006 -14"><span class='ocrx_word' id='word_1_190' title='bbox 2084 1727 2251 1783; x_wconf 78' lang='lat' dir='ltr'><strong>Vens.</strong></span> <span class='ocrx_word' id='word_1_191' title='bbox 2284 1727 2338 1783; x_wconf 77' lang='grc'>4.</span> <span class='ocrx_word' id='word_1_192' title='bbox 2381 1726 2493 1781; x_wconf 78' lang='lat' dir='ltr'><strong>Rea:</strong></span> <span class='ocrx_word' id='word_1_193' title='bbox 2530 1723 2713 1796; x_wconf 86' lang='lat' dir='ltr'><strong>justus</strong></span> <span class='ocrx_word' id='word_1_194' title='bbox 2747 1724 2898 1794; x_wconf 77' lang='lat' dir='ltr'><strong>erigit</strong></span> <span class='ocrx_word' id='word_1_195' title='bbox 2938 1722 3232 1794; x_wconf 75' lang='lat' dir='ltr'><strong>regionem,</strong></span> <span class='ocrx_word' id='word_1_196' title='bbox 3290 1721 3371 1774; x_wconf 79' lang='lat' dir='ltr'><strong>vir</strong></span> <span class='ocrx_word' id='word_1_197' title='bbox 3415 1728 3589 1775; x_wconf 81' lang='lat' dir='ltr'><strong>autem</strong></span> 
     </span>
    </p>
   </div>
   <div class='ocr_carea' id='block_1_33' title="bbox 328 1811 1915 1882">
    <p class='ocr_par' dir='ltr' id='par_1_33' title="bbox 328 1811 1915 1882">
     <span class='ocr_line' id='line_1_33' title="bbox 328 1811 1915 1882; baseline 0 -15"><span class='ocrx_word' id='word_1_198' title='bbox 328 1814 397 1867; x_wconf 84' lang='grc' dir='ltr'><em>δὲ</em></span> <span class='ocrx_word' id='word_1_199' title='bbox 418 1813 768 1882; x_wconf 81' lang='grc' dir='ltr'>παράνομος</span> <span class='ocrx_word' id='word_1_200' title='bbox 796 1811 1227 1867; x_wconf 84' lang='grc' dir='ltr'>κατασκάπτει.</span> <span class='ocrx_word' id='word_1_201' title='bbox 1267 1814 1329 1867; x_wconf 89' lang='lat'><strong>&#39;0</strong></span> <span class='ocrx_word' id='word_1_202' title='bbox 1357 1813 1451 1867; x_wconf 88' lang='grc' dir='ltr'><strong>τοῦ</strong></span> <span class='ocrx_word' id='word_1_203' title='bbox 1488 1813 1690 1877; x_wconf 86' lang='grc' dir='ltr'>παντὸς</span> <span class='ocrx_word' id='word_1_204' title='bbox 1714 1813 1915 1867; x_wconf 83' lang='grc' dir='ltr'>Δεσπό-</span> 
     </span>
    </p>
   </div>
   <div class='ocr_carea' id='block_1_34' title="bbox 320 1902 1914 1976">
    <p class='ocr_par' dir='ltr' id='par_1_34' title="bbox 320 1902 1914 1976">
     <span class='ocr_line' id='line_1_34' title="bbox 320 1902 1914 1976; baseline -0.002 -18"><span class='ocrx_word' id='word_1_205' title='bbox 320 1922 422 1976; x_wconf 84' lang='grc' dir='ltr'><strong>της</strong></span> <span class='ocrx_word' id='word_1_206' title='bbox 451 1906 545 1958; x_wconf 73' lang='grc' dir='ltr'><strong>καὶ</strong></span> <span class='ocrx_word' id='word_1_207' title='bbox 592 1904 801 1967; x_wconf 86' lang='grc' dir='ltr'>δίκαιος</span> <span class='ocrx_word' id='word_1_208' title='bbox 843 1903 952 1956; x_wconf 85' lang='grc' dir='ltr'>τῶν</span> <span class='ocrx_word' id='word_1_209' title='bbox 990 1902 1129 1956; x_wconf 81' lang='grc' dir='ltr'>ὅλων</span> <span class='ocrx_word' id='word_1_210' title='bbox 1178 1904 1372 1975; x_wconf 79' lang='grc' dir='ltr'>κριτὴς</span> <span class='ocrx_word' id='word_1_211' title='bbox 1399 1903 1550 1966; x_wconf 83' lang='grc' dir='ltr'>Θεὸς,</span> <span class='ocrx_word' id='word_1_212' title='bbox 1587 1903 1648 1955; x_wconf 90' lang='grc' dir='ltr'><strong>τὸ</strong></span> <span class='ocrx_word' id='word_1_213' title='bbox 1685 1902 1793 1956; x_wconf 82' lang='grc' dir='ltr'>τῶν</span> <span class='ocrx_word' id='word_1_214' title='bbox 1819 1903 1914 1955; x_wconf 82' lang='grc' dir='ltr'><strong>ἀν·</strong></span> 
     </span>
    </p>
   </div>
   <div class='ocr_carea' id='block_1_35' title="bbox 325 1994 1912 2069">
    <p class='ocr_par' dir='ltr' id='par_1_35' title="bbox 325 1994 1912 2069">
     <span class='ocr_line' id='line_1_35' title="bbox 325 1994 1912 2069; baseline -0.004 -18"><span class='ocrx_word' id='word_1_215' title='bbox 325 1996 561 2069; x_wconf 89' lang='grc' dir='ltr'>θρώπων</span> <span class='ocrx_word' id='word_1_216' title='bbox 593 1997 750 2065; x_wconf 81' lang='grc' dir='ltr'>γένος</span> <span class='ocrx_word' id='word_1_217' title='bbox 776 1995 870 2049; x_wconf 89' lang='grc' dir='ltr'><strong>τοῦ</strong></span> <span class='ocrx_word' id='word_1_218' title='bbox 916 1994 1042 2048; x_wconf 87' lang='grc' dir='ltr'>καθ’</span> <span class='ocrx_word' id='word_1_219' title='bbox 1086 1996 1366 2066; x_wconf 80' lang='grc' dir='ltr'>ἁμαρτίαν</span> <span class='ocrx_word' id='word_1_220' title='bbox 1404 1997 1611 2066; x_wconf 73' lang='grc' dir='ltr'>ἐγείρει</span> <span class='ocrx_word' id='word_1_221' title='bbox 1655 1994 1912 2055; x_wconf 89' lang='grc' dir='ltr'>θανάτου,</span> 
     </span>
    </p>
   </div>
   <div class='ocr_carea' id='block_1_36' title="bbox 327 2083 1914 2158">
    <p class='ocr_par' dir='ltr' id='par_1_36' title="bbox 327 2083 1914 2158">
     <span class='ocr_line' id='line_1_36' title="bbox 327 2083 1914 2158; baseline -0.004 -18"><span class='ocrx_word' id='word_1_222' title='bbox 327 2086 471 2158; x_wconf 86' lang='grc' dir='ltr'>πρὸς</span> <span class='ocrx_word' id='word_1_223' title='bbox 501 2086 767 2156; x_wconf 77' lang='grc' dir='ltr'>ἐργασίαν</span> <span class='ocrx_word' id='word_1_224' title='bbox 793 2085 903 2139; x_wconf 84' lang='grc' dir='ltr'>τῶν</span> <span class='ocrx_word' id='word_1_225' title='bbox 936 2085 1103 2138; x_wconf 84' lang='grc' dir='ltr'>αὑτοῦ</span> <span class='ocrx_word' id='word_1_226' title='bbox 1137 2084 1393 2148; x_wconf 77' lang='grc' dir='ltr'><strong>ἐντολῶν,</strong></span> <span class='ocrx_word' id='word_1_227' title='bbox 1433 2086 1556 2147; x_wconf 91' lang='grc' dir='ltr'>ταῖς</span> <span class='ocrx_word' id='word_1_228' title='bbox 1582 2099 1642 2136; x_wconf 92' lang='grc' dir='ltr'><strong>τε</strong></span> <span class='ocrx_word' id='word_1_229' title='bbox 1667 2083 1774 2135; x_wconf 84' lang='grc' dir='ltr'>τῶν</span> <span class='ocrx_word' id='word_1_230' title='bbox 1820 2098 1914 2135; x_wconf 87' lang='grc' dir='ltr'>κο-</span> 
     </span>
    </p>
   </div>
   <div class='ocr_carea' id='block_1_37' title="bbox 323 2171 1913 2241">
    <p class='ocr_par' dir='ltr' id='par_1_37' title="bbox 323 2171 1913 2241">
     <span class='ocr_line' id='line_1_37' title="bbox 323 2171 1913 2241; baseline -0.003 -14"><span class='ocrx_word' id='word_1_231' title='bbox 323 2175 537 2229; x_wconf 87' lang='grc' dir='ltr'>λάσεων</span> <span class='ocrx_word' id='word_1_232' title='bbox 566 2175 843 2241; x_wconf 79' lang='grc' dir='ltr'>ἀπειλαῖς,</span> <span class='ocrx_word' id='word_1_233' title='bbox 872 2174 969 2229; x_wconf 78' lang='grc' dir='ltr'>καὶ</span> <span class='ocrx_word' id='word_1_234' title='bbox 992 2175 1113 2237; x_wconf 88' lang='grc' dir='ltr'>ταῖς</span> <span class='ocrx_word' id='word_1_235' title='bbox 1141 2172 1501 2241; x_wconf 73' lang='grc' dir='ltr'>ἐπαγγελίαις</span> <span class='ocrx_word' id='word_1_236' title='bbox 1534 2171 1645 2225; x_wconf 85' lang='grc' dir='ltr'>τῶν</span> <span class='ocrx_word' id='word_1_237' title='bbox 1674 2171 1913 2239; x_wconf 74' lang='grc' dir='ltr'>ἀγαθῶψ</span> 
     </span>
    </p>
   </div>
   <div class='ocr_carea' id='block_1_38' title="bbox 326 2261 1915 2333">
    <p class='ocr_par' dir='ltr' id='par_1_38' title="bbox 326 2261 1915 2333">
     <span class='ocr_line' id='line_1_38' title="bbox 326 2261 1915 2333; baseline -0.001 -15"><span class='ocrx_word' id='word_1_238' title='bbox 326 2265 356 2317; x_wconf 84' lang='grc' dir='ltr'>ὁ</span> <span class='ocrx_word' id='word_1_239' title='bbox 386 2265 446 2318; x_wconf 83' lang='grc' dir='ltr'><strong>δὲ</strong></span> <span class='ocrx_word' id='word_1_240' title='bbox 489 2265 582 2318; x_wconf 85' lang='grc' dir='ltr'><strong>τὸν</strong></span> <span class='ocrx_word' id='word_1_241' title='bbox 614 2264 795 2333; x_wconf 86' lang='grc' dir='ltr'>λόγον,</span> <span class='ocrx_word' id='word_1_242' title='bbox 854 2264 975 2319; x_wconf 87' lang='grc' dir='ltr'>καθ’</span> <span class='ocrx_word' id='word_1_243' title='bbox 1030 2265 1090 2318; x_wconf 89' lang='grc' dir='ltr'>ὂν</span> <span class='ocrx_word' id='word_1_244' title='bbox 1137 2263 1350 2333; x_wconf 82' lang='grc' dir='ltr'>γέγονε,</span> <span class='ocrx_word' id='word_1_245' title='bbox 1397 2261 1650 2333; x_wconf 78' lang='grc' dir='ltr'>παραϐὰς</span> <span class='ocrx_word' id='word_1_246' title='bbox 1683 2262 1915 2332; x_wconf 87' lang='grc' dir='ltr'>δαίμων,</span> 
     </span>
    </p>
   </div>
   <div class='ocr_carea' id='block_1_39' title="bbox 326 2353 1920 2430">
    <p class='ocr_par' dir='ltr' id='par_1_39' title="bbox 326 2353 1920 2430">
     <span class='ocr_line' id='line_1_39' title="bbox 326 2353 1920 2430; baseline -0.003 -20"><span class='ocrx_word' id='word_1_247' title='bbox 326 2360 395 2430; x_wconf 78' lang='grc' dir='ltr'>τῇ</span> <span class='ocrx_word' id='word_1_248' title='bbox 442 2357 853 2428; x_wconf 76' lang='grc' dir='ltr'>καταγγελτικῇ</span> <span class='ocrx_word' id='word_1_249' title='bbox 904 2356 1000 2410; x_wconf 87' lang='grc' dir='ltr'><strong>τοῦ</strong></span> <span class='ocrx_word' id='word_1_250' title='bbox 1046 2356 1192 2410; x_wconf 80' lang='grc' dir='ltr'>θείου</span> <span class='ocrx_word' id='word_1_251' title='bbox 1234 2354 1542 2425; x_wconf 86' lang='grc' dir='ltr'>θελήματος</span> <span class='ocrx_word' id='word_1_252' title='bbox 1569 2353 1822 2424; x_wconf 80' lang='grc' dir='ltr'><strong>δυνάμει,</strong></span> <span class='ocrx_word' id='word_1_253' title='bbox 1852 2354 1920 2425; x_wconf 77' lang='grc' dir='ltr'><strong>ἣν</strong></span> 
     </span>
    </p>
   </div>
   <div class='ocr_carea' id='block_1_40' title="bbox 328 2445 1920 2524">
    <p class='ocr_par' dir='ltr' id='par_1_40' title="bbox 328 2445 1920 2524">
     <span class='ocr_line' id='line_1_40' title="bbox 328 2445 1920 2524; baseline -0.005 -19"><span class='ocrx_word' id='word_1_254' title='bbox 328 2450 484 2524; x_wconf 75' lang='grc' dir='ltr'>παρὰ</span> <span class='ocrx_word' id='word_1_255' title='bbox 542 2449 680 2503; x_wconf 84' lang='grc' dir='ltr'>Θεοῦ</span> <span class='ocrx_word' id='word_1_256' title='bbox 732 2449 894 2503; x_wconf 75' lang='grc' dir='ltr'>ἔλαϐε</span> <span class='ocrx_word' id='word_1_257' title='bbox 955 2446 1434 2519; x_wconf 83' lang='grc' dir='ltr'>παραχρώμενος,</span> <span class='ocrx_word' id='word_1_258' title='bbox 1488 2445 1787 2500; x_wconf 76' lang='grc' dir='ltr'>κάντεῦθεν</span> <span class='ocrx_word' id='word_1_259' title='bbox 1842 2445 1920 2497; x_wconf 86' lang='grc' dir='ltr'><strong>ὣν</strong></span> 
     </span>
    </p>
   </div>
   <div class='ocr_carea' id='block_1_41' title="bbox 333 2536 1922 2614">
    <p class='ocr_par' dir='ltr' id='par_1_41' title="bbox 333 2536 1922 2614">
     <span class='ocr_line' id='line_1_41' title="bbox 333 2536 1922 2614; baseline -0.003 -20"><span class='ocrx_word' id='word_1_260' title='bbox 333 2542 554 2614; x_wconf 70' lang='grc' dir='ltr'>ἰσχυρὸς</span> <span class='ocrx_word' id='word_1_261' title='bbox 582 2539 678 2593; x_wconf 88' lang='grc' dir='ltr'><strong>τοῦ</strong></span> <span class='ocrx_word' id='word_1_262' title='bbox 706 2542 1026 2593; x_wconf 83' lang='grc' dir='ltr'>κακοποιεῖν</span> <span class='ocrx_word' id='word_1_263' title='bbox 1064 2540 1192 2603; x_wconf 82' lang='grc' dir='ltr'>τοὺς</span> <span class='ocrx_word' id='word_1_264' title='bbox 1228 2537 1542 2609; x_wconf 77' lang='grc' dir='ltr'>αὐθαιρέτῳ</span> <span class='ocrx_word' id='word_1_265' title='bbox 1575 2536 1771 2608; x_wconf 83' lang='grc' dir='ltr'>γνώμῃ</span> <span class='ocrx_word' id='word_1_266' title='bbox 1799 2554 1922 2590; x_wconf 82' lang='grc' dir='ltr'>πει-</span> 
     </span>
    </p>
   </div>
   <div class='ocr_carea' id='block_1_42' title="bbox 332 2628 1923 2702">
    <p class='ocr_par' dir='ltr' id='par_1_42' title="bbox 332 2628 1923 2702">
     <span class='ocr_line' id='line_1_42' title="bbox 332 2628 1923 2702; baseline -0.001 -17"><span class='ocrx_word' id='word_1_267' title='bbox 332 2630 596 2702; x_wconf 83' lang='grc' dir='ltr'>θομένους</span> <span class='ocrx_word' id='word_1_268' title='bbox 638 2631 813 2702; x_wconf 82' lang='grc' dir='ltr'>αὐτῷ,</span> <span class='ocrx_word' id='word_1_269' title='bbox 862 2631 987 2685; x_wconf 78' lang='grc' dir='ltr'>ἀντὶ</span> <span class='ocrx_word' id='word_1_270' title='bbox 1030 2629 1125 2683; x_wconf 88' lang='grc' dir='ltr'><strong>τοῦ</strong></span> <span class='ocrx_word' id='word_1_271' title='bbox 1181 2632 1466 2702; x_wconf 83' lang='grc' dir='ltr'>συνεργεῖν</span> <span class='ocrx_word' id='word_1_272' title='bbox 1506 2631 1586 2692; x_wconf 79' lang='grc' dir='ltr'><strong>είς</strong></span> <span class='ocrx_word' id='word_1_273' title='bbox 1632 2628 1732 2700; x_wconf 81' lang='grc' dir='ltr'>τὴν</span> <span class='ocrx_word' id='word_1_274' title='bbox 1779 2628 1923 2683; x_wconf 87' lang='grc' dir='ltr'>κατὰ</span> 
     </span>
    </p>
   </div>
   <div class='ocr_carea' id='block_1_43' title="bbox 333 2718 1923 2794">
    <p class='ocr_par' dir='ltr' id='par_1_43' title="bbox 333 2718 1923 2794">
     <span class='ocr_line' id='line_1_43' title="bbox 333 2718 1923 2794; baseline -0.001 -19"><span class='ocrx_word' id='word_1_275' title='bbox 333 2722 467 2777; x_wconf 87' lang='grc' dir='ltr'>Θεὸν</span> <span class='ocrx_word' id='word_1_276' title='bbox 501 2720 1131 2794; x_wconf 79' lang='grc' dir='ltr'>ἡμετέρανόίκοδομὴν,</span> <span class='ocrx_word' id='word_1_277' title='bbox 1166 2721 1422 2791; x_wconf 86' lang='grc' dir='ltr'>καθαιρεῖ</span> <span class='ocrx_word' id='word_1_278' title='bbox 1467 2719 1546 2791; x_wconf 80' lang='grc' dir='ltr'>τῷ</span> <span class='ocrx_word' id='word_1_279' title='bbox 1582 2718 1703 2773; x_wconf 83' lang='grc' dir='ltr'>κατ’</span> <span class='ocrx_word' id='word_1_280' title='bbox 1728 2719 1923 2790; x_wconf 70' lang='grc' dir='ltr'>αἴσθη-</span> 
     </span>
    </p>
   </div>
   <div class='ocr_carea' id='block_1_44' title="bbox 336 2812 1392 2889">
    <p class='ocr_par' dir='ltr' id='par_1_44' title="bbox 336 2812 1392 2889">
     <span class='ocr_line' id='line_1_44' title="bbox 336 2812 1392 2889; baseline -0.002 -20"><span class='ocrx_word' id='word_1_281' title='bbox 336 2831 422 2871; x_wconf 88' lang='grc' dir='ltr'><strong>σιν</strong></span> <span class='ocrx_word' id='word_1_282' title='bbox 450 2814 720 2889; x_wconf 82' lang='grc' dir='ltr'>ἀπατηλῷ</span> <span class='ocrx_word' id='word_1_283' title='bbox 747 2814 845 2867; x_wconf 71' lang='grc' dir='ltr'><strong>καὶ</strong></span> <span class='ocrx_word' id='word_1_284' title='bbox 871 2812 1225 2886; x_wconf 87' lang='grc' dir='ltr'>προσκαίρως</span> <span class='ocrx_word' id='word_1_285' title='bbox 1254 2814 1392 2885; x_wconf 75' lang='grc' dir='ltr'>ήδεῖ.</span> 
     </span>
    </p>
   </div>
   <div class='ocr_carea' id='block_1_45' title="bbox 404 2903 1923 2975">
    <p class='ocr_par' dir='ltr' id='par_1_45' title="bbox 404 2903 1923 2975">
     <span class='ocr_line' id='line_1_45' title="bbox 404 2903 1923 2975; baseline -0.002 -14"><span class='ocrx_word' id='word_1_286' title='bbox 404 2906 466 2963; x_wconf 89' lang='grc' dir='ltr'><strong>ε’.</strong></span> <span class='ocrx_word' id='word_1_287' title='bbox 512 2909 617 2974; x_wconf 74' lang='grc' dir='ltr'>’ος</span> <span class='ocrx_word' id='word_1_288' title='bbox 658 2904 1101 2975; x_wconf 78' lang='grc' dir='ltr'>παρασκευάζει</span> <span class='ocrx_word' id='word_1_289' title='bbox 1131 2905 1230 2960; x_wconf 78' lang='grc' dir='ltr'><strong>ἐπὶ</strong></span> <span class='ocrx_word' id='word_1_290' title='bbox 1274 2905 1604 2974; x_wconf 82' lang='grc' dir='ltr'>πρόσωπον</span> <span class='ocrx_word' id='word_1_291' title='bbox 1638 2903 1747 2959; x_wconf 86' lang='grc' dir='ltr'><strong>τοῦ</strong></span> <span class='ocrx_word' id='word_1_292' title='bbox 1783 2904 1923 2959; x_wconf 79' lang='grc' dir='ltr'><strong>ἐαυ-</strong></span> 
     </span>
    </p>
   </div>
   <div class='ocr_carea' id='block_1_46' title="bbox 333 2995 1926 3067">
    <p class='ocr_par' dir='ltr' id='par_1_46' title="bbox 333 2995 1926 3067">
     <span class='ocr_line' id='line_1_46' title="bbox 333 2995 1926 3067; baseline -0.001 -16"><span class='ocrx_word' id='word_1_293' title='bbox 333 2996 443 3053; x_wconf 78' lang='grc' dir='ltr'><strong>τοῦ</strong></span> <span class='ocrx_word' id='word_1_294' title='bbox 474 2997 659 3067; x_wconf 73' lang='grc' dir='ltr'>φίλου</span> <span class='ocrx_word' id='word_1_295' title='bbox 704 2996 979 3063; x_wconf 82' lang='grc' dir='ltr'>δίκτυον,</span> <span class='ocrx_word' id='word_1_296' title='bbox 1038 2995 1386 3066; x_wconf 80' lang='grc' dir='ltr'>περιϐάλλει</span> <span class='ocrx_word' id='word_1_297' title='bbox 1422 2997 1570 3051; x_wconf 86' lang='grc' dir='ltr'>αὐτὸ</span> <span class='ocrx_word' id='word_1_298' title='bbox 1614 2995 1739 3062; x_wconf 83' lang='grc' dir='ltr'>τοῖς</span> <span class='ocrx_word' id='word_1_299' title='bbox 1784 2996 1926 3050; x_wconf 85' lang='grc' dir='ltr'>ἐαυ-</span> 
     </span>
    </p>
   </div>
   <div class='ocr_carea' id='block_1_47' title="bbox 2016 1812 3592 1911">
    <p class='ocr_par' dir='ltr' id='par_1_47' title="bbox 2016 1812 3592 1911">
     <span class='ocr_line' id='line_1_47' title="bbox 2016 1812 3592 1911; baseline -0.003 -37"><span class='ocrx_word' id='word_1_300' title='bbox 2016 1820 2229 1891; x_wconf 87' lang='lat' dir='ltr'><strong>iniquus</strong></span> <span class='ocrx_word' id='word_1_301' title='bbox 2262 1819 2511 1874; x_wconf 82' lang='lat' dir='ltr'><strong>destruit.</strong></span> <span class='ocrx_word' id='word_1_302' title='bbox 2544 1818 2710 1883; x_wconf 83' lang='lat' dir='ltr'><strong>Deus,</strong></span> <span class='ocrx_word' id='word_1_303' title='bbox 2749 1817 2844 1886; x_wconf 88' lang='lat' dir='ltr'><strong>qui</strong></span> <span class='ocrx_word' id='word_1_304' title='bbox 2877 1815 3138 1911; x_wconf 67' lang='lat' dir='ltr'><strong>ompibus</strong></span> <span class='ocrx_word' id='word_1_305' title='bbox 3176 1814 3446 1868; x_wconf 87' lang='lat' dir='ltr'><strong>creaturis</strong></span> <span class='ocrx_word' id='word_1_306' title='bbox 3491 1812 3592 1869; x_wconf 91' lang='lat' dir='ltr'><strong>do-</strong></span> 
     </span>
    </p>
   </div>
   <div class='ocr_carea' id='block_1_48' title="bbox 2016 1900 3595 1980">
    <p class='ocr_par' dir='ltr' id='par_1_48' title="bbox 2016 1900 3595 1980">
     <span class='ocr_line' id='line_1_48' title="bbox 2016 1900 3595 1980; baseline -0.003 -16"><span class='ocrx_word' id='word_1_307' title='bbox 2016 1900 2261 1965; x_wconf 81' lang='lat' dir='ltr'><strong>minatur</strong></span> <span class='ocrx_word' id='word_1_308' title='bbox 2311 1925 2519 1980; x_wconf 87' lang='lat' dir='ltr'><strong>easque</strong></span> <span class='ocrx_word' id='word_1_309' title='bbox 2569 1909 2720 1979; x_wconf 88' lang='lat' dir='ltr'><strong>juste</strong></span> <span class='ocrx_word' id='word_1_310' title='bbox 2774 1900 3007 1976; x_wconf 73' lang='lat' dir='ltr'><strong>judicat&#39;,</strong></span> <span class='ocrx_word' id='word_1_311' title='bbox 3070 1921 3245 1976; x_wconf 83' lang='lat' dir='ltr'><strong>genus</strong></span> <span class='ocrx_word' id='word_1_312' title='bbox 3309 1905 3595 1960; x_wconf 85' lang='lat' dir='ltr'><strong>hominum</strong></span> 
     </span>
    </p>
   </div>
   <div class='ocr_carea' id='block_1_49' title="bbox 2017 1997 3595 2070">
    <p class='ocr_par' dir='ltr' id='par_1_49' title="bbox 2017 1997 3595 2070">
     <span class='ocr_line' id='line_1_49' title="bbox 2017 1997 3595 2070; baseline -0.004 -15"><span class='ocrx_word' id='word_1_313' title='bbox 2017 2003 2216 2055; x_wconf 84' lang='lat' dir='ltr'><strong>avertit</strong></span> <span class='ocrx_word' id='word_1_314' title='bbox 2265 2017 2297 2056; x_wconf 88' lang='lat' dir='ltr'><strong>a</strong></span> <span class='ocrx_word' id='word_1_315' title='bbox 2356 2010 2531 2056; x_wconf 87' lang='lat' dir='ltr'><strong>morte</strong></span> <span class='ocrx_word' id='word_1_316' title='bbox 2595 1998 2808 2070; x_wconf 86' lang='lat' dir='ltr'><strong>peccati</strong></span> <span class='ocrx_word' id='word_1_317' title='bbox 2859 1998 2926 2051; x_wconf 88' lang='lat' dir='ltr'><strong>ad</strong></span> <span class='ocrx_word' id='word_1_318' title='bbox 2969 1997 3245 2067; x_wconf 88' lang='lat' dir='ltr'><strong>implenda</strong></span> <span class='ocrx_word' id='word_1_319' title='bbox 3282 2010 3383 2051; x_wconf 89' lang='lat' dir='ltr'><strong>sua</strong></span> <span class='ocrx_word' id='word_1_320' title='bbox 3440 2010 3595 2050; x_wconf 78' lang='lat' dir='ltr'><strong>man—</strong></span> 
     </span>
    </p>
   </div>
   <div class='ocr_carea' id='block_1_50' title="bbox 2016 2085 3597 2159">
    <p class='ocr_par' dir='ltr' id='par_1_50' title="bbox 2016 2085 3597 2159">
     <span class='ocr_line' id='line_1_50' title="bbox 2016 2085 3597 2159; baseline -0.004 -12"><span class='ocrx_word' id='word_1_321' title='bbox 2016 2092 2179 2159; x_wconf 89' lang='lat' dir='ltr'><strong>data,</strong></span> <span class='ocrx_word' id='word_1_322' title='bbox 2258 2092 2375 2147; x_wconf 78' lang='lat' dir='ltr'><strong>sive</strong></span> <span class='ocrx_word' id='word_1_323' title='bbox 2454 2091 2619 2146; x_wconf 88' lang='lat' dir='ltr'><strong>minis</strong></span> <span class='ocrx_word' id='word_1_324' title='bbox 2676 2089 3095 2153; x_wconf 80' lang='lat' dir='ltr'><strong>damnationis,</strong></span> <span class='ocrx_word' id='word_1_325' title='bbox 3153 2087 3271 2143; x_wconf 84' lang='lat' dir='ltr'><strong>sive</strong></span> <span class='ocrx_word' id='word_1_326' title='bbox 3342 2085 3597 2141; x_wconf 84' lang='lat' dir='ltr'><strong>mercede</strong></span> 
     </span>
    </p>
   </div>
   <div class='ocr_carea' id='block_1_51' title="bbox 2020 2177 3597 2253">
    <p class='ocr_par' dir='ltr' id='par_1_51' title="bbox 2020 2177 3597 2253">
     <span class='ocr_line' id='line_1_51' title="bbox 2020 2177 3597 2253; baseline -0.004 -17"><span class='ocrx_word' id='word_1_327' title='bbox 2020 2184 2318 2253; x_wconf 81' lang='lat' dir='ltr'><strong>promissa.</strong></span> <span class='ocrx_word' id='word_1_328' title='bbox 2354 2182 2615 2252; x_wconf 83' lang='lat' dir='ltr'><strong>Diabolus</strong></span> <span class='ocrx_word' id='word_1_329' title='bbox 2641 2197 2796 2247; x_wconf 88' lang='lat' dir='ltr'><strong>vero,</strong></span> <span class='ocrx_word' id='word_1_330' title='bbox 2825 2188 3135 2249; x_wconf 83' lang='lat' dir='ltr'><strong>contempta</strong></span> <span class='ocrx_word' id='word_1_331' title='bbox 3167 2194 3279 2232; x_wconf 68' lang='lat' dir='ltr'><strong>sua:</strong></span> <span class='ocrx_word' id='word_1_332' title='bbox 3297 2177 3597 2233; x_wconf 84' lang='lat' dir='ltr'><strong>creationis</strong></span> 
     </span>
    </p>
   </div>
   <div class='ocr_carea' id='block_1_52' title="bbox 2022 2267 3597 2341">
    <p class='ocr_par' dir='ltr' id='par_1_52' title="bbox 2022 2267 3597 2341">
     <span class='ocr_line' id='line_1_52' title="bbox 2022 2267 3597 2341; baseline -0.004 -15"><span class='ocrx_word' id='word_1_333' title='bbox 2022 2273 2339 2327; x_wconf 87' lang='lat' dir='ltr'><strong>conditione</strong></span> <span class='ocrx_word' id='word_1_334' title='bbox 2364 2312 2380 2336; x_wconf 93' lang='lat'><strong>,</strong></span> <span class='ocrx_word' id='word_1_335' title='bbox 2432 2273 2679 2326; x_wconf 87' lang='lat' dir='ltr'><strong>abutitur</strong></span> <span class='ocrx_word' id='word_1_336' title='bbox 2707 2277 2979 2341; x_wconf 86' lang='lat' dir='ltr'><strong>potestate</strong></span> <span class='ocrx_word' id='word_1_337' title='bbox 3010 2284 3075 2323; x_wconf 90' lang='lat' dir='ltr'><strong>ac</strong></span> <span class='ocrx_word' id='word_1_338' title='bbox 3127 2267 3238 2328; x_wconf 92' lang='lat' dir='ltr'><strong>Deo</strong></span> <span class='ocrx_word' id='word_1_339' title='bbox 3271 2276 3496 2337; x_wconf 85' lang='lat' dir='ltr'><strong>accepta</strong></span> <span class='ocrx_word' id='word_1_340' title='bbox 3529 2268 3597 2320; x_wconf 85' lang='lat' dir='ltr'><strong>ad</strong></span> 
     </span>
    </p>
   </div>
   <div class='ocr_carea' id='block_1_53' title="bbox 2022 2359 3601 2432">
    <p class='ocr_par' dir='ltr' id='par_1_53' title="bbox 2022 2359 3601 2432">
     <span class='ocr_line' id='line_1_53' title="bbox 2022 2359 3601 2432; baseline -0.003 -15"><span class='ocrx_word' id='word_1_341' title='bbox 2022 2363 2458 2417; x_wconf 91' lang='lat' dir='ltr'><strong>annuntiandam</strong></span> <span class='ocrx_word' id='word_1_342' title='bbox 2480 2363 2601 2432; x_wconf 87' lang='lat' dir='ltr'><strong>ejus</strong></span> <span class='ocrx_word' id='word_1_343' title='bbox 2627 2364 2992 2423; x_wconf 87' lang='lat' dir='ltr'><strong>voluntatem,</strong></span> <span class='ocrx_word' id='word_1_344' title='bbox 3025 2369 3080 2431; x_wconf 79' lang='lat' dir='ltr'><strong>et</strong></span> <span class='ocrx_word' id='word_1_345' title='bbox 3105 2361 3271 2431; x_wconf 87' lang='lat' dir='ltr'><strong>pollet</strong></span> <span class='ocrx_word' id='word_1_346' title='bbox 3300 2359 3367 2414; x_wconf 91' lang='lat' dir='ltr'><strong>ad</strong></span> <span class='ocrx_word' id='word_1_347' title='bbox 3395 2375 3601 2414; x_wconf 84' lang='lat' dir='ltr'><strong>nocen-</strong></span> 
     </span>
    </p>
   </div>
   <div class='ocr_carea' id='block_1_54' title="bbox 2021 2451 3595 2524">
    <p class='ocr_par' dir='ltr' id='par_1_54' title="bbox 2021 2451 3595 2524">
     <span class='ocr_line' id='line_1_54' title="bbox 2021 2451 3595 2524; baseline -0.001 -16"><span class='ocrx_word' id='word_1_348' title='bbox 2021 2454 2153 2508; x_wconf 88' lang='lat' dir='ltr'><strong>dum</strong></span> <span class='ocrx_word' id='word_1_349' title='bbox 2181 2454 2501 2509; x_wconf 83' lang='lat' dir='ltr'><strong>hominibus</strong></span> <span class='ocrx_word' id='word_1_350' title='bbox 2531 2455 2624 2523; x_wconf 90' lang='lat' dir='ltr'><strong>qui</strong></span> <span class='ocrx_word' id='word_1_351' title='bbox 2659 2455 2895 2510; x_wconf 85' lang='lat' dir='ltr'><strong>libenter</strong></span> <span class='ocrx_word' id='word_1_352' title='bbox 2926 2454 3029 2524; x_wconf 89' lang='lat' dir='ltr'><strong>ipsi</strong></span> <span class='ocrx_word' id='word_1_353' title='bbox 3058 2455 3325 2518; x_wconf 85' lang='lat' dir='ltr'><strong>credunt;</strong></span> <span class='ocrx_word' id='word_1_354' title='bbox 3357 2451 3595 2508; x_wconf 64' lang='lat' dir='ltr'><strong>aediﬁca-</strong></span> 
     </span>
    </p>
   </div>
   <div class='ocr_carea' id='block_1_55' title="bbox 2024 2545 3603 2610">
    <p class='ocr_par' dir='ltr' id='par_1_55' title="bbox 2024 2545 3603 2610">
     <span class='ocr_line' id='line_1_55' title="bbox 2024 2545 3603 2610; baseline -0.001 -10"><span class='ocrx_word' id='word_1_355' title='bbox 2024 2545 2158 2600; x_wconf 88' lang='lat' dir='ltr'><strong>tioni</strong></span> <span class='ocrx_word' id='word_1_356' title='bbox 2218 2556 2424 2602; x_wconf 68' lang='lat' dir='ltr'><strong>nostra:</strong></span> <span class='ocrx_word' id='word_1_357' title='bbox 2466 2547 2518 2601; x_wconf 91' lang='lat' dir='ltr'><strong>in</strong></span> <span class='ocrx_word' id='word_1_358' title='bbox 2556 2547 2668 2603; x_wconf 89' lang='lat' dir='ltr'><strong>Deo</strong></span> <span class='ocrx_word' id='word_1_359' title='bbox 2718 2547 2917 2602; x_wconf 87' lang='lat' dir='ltr'><strong>nedum</strong></span> <span class='ocrx_word' id='word_1_360' title='bbox 2966 2546 3192 2610; x_wconf 79' lang='lat' dir='ltr'><strong>serviat,</strong></span> <span class='ocrx_word' id='word_1_361' title='bbox 3240 2560 3362 2600; x_wconf 90' lang='lat' dir='ltr'><strong>eam</strong></span> <span class='ocrx_word' id='word_1_362' title='bbox 3411 2560 3603 2600; x_wconf 76' lang='lat' dir='ltr'><strong>errore</strong></span> 
     </span>
    </p>
   </div>
   <div class='ocr_carea' id='block_1_56' title="bbox 2025 2635 3315 2708">
    <p class='ocr_par' dir='ltr' id='par_1_56' title="bbox 2025 2635 3315 2708">
     <span class='ocr_line' id='line_1_56' title="bbox 2025 2635 3315 2708; baseline -0.004 -15"><span class='ocrx_word' id='word_1_363' title='bbox 2025 2651 2292 2693; x_wconf 86' lang='lat' dir='ltr'><strong>sensuum</strong></span> <span class='ocrx_word' id='word_1_364' title='bbox 2341 2642 2396 2693; x_wconf 89' lang='lat' dir='ltr'><strong>et</strong></span> <span class='ocrx_word' id='word_1_365' title='bbox 2430 2636 2691 2693; x_wconf 82' lang='lat' dir='ltr'><strong>brevibus</strong></span> <span class='ocrx_word' id='word_1_366' title='bbox 2721 2635 3096 2708; x_wconf 89' lang='lat' dir='ltr'><strong>voluptatibus</strong></span> <span class='ocrx_word' id='word_1_367' title='bbox 3125 2635 3315 2691; x_wconf 91' lang='lat' dir='ltr'><strong>diruit.</strong></span> 
     </span>
    </p>
   </div>
   <div class='ocr_carea' id='block_1_57' title="bbox 2103 2878 3602 2949">
    <p class='ocr_par' dir='ltr' id='par_1_57' title="bbox 2103 2878 3602 2949">
     <span class='ocr_line' id='line_1_57' title="bbox 2103 2878 3602 2949; baseline 0.001 -18"><span class='ocrx_word' id='word_1_368' title='bbox 2103 2878 2267 2936; x_wconf 77' lang='lat' dir='ltr'><strong>Vens.</strong></span> <span class='ocrx_word' id='word_1_369' title='bbox 2302 2879 2357 2933; x_wconf 83' lang='lat'><strong>5.</strong></span> <span class='ocrx_word' id='word_1_370' title='bbox 2424 2879 2531 2946; x_wconf 83' lang='lat' dir='ltr'><strong>Qui</strong></span> <span class='ocrx_word' id='word_1_371' title='bbox 2561 2886 2829 2949; x_wconf 75' lang='lat' dir='ltr'><strong>prteparat</strong></span> <span class='ocrx_word' id='word_1_372' title='bbox 2860 2878 2930 2932; x_wconf 87' lang='lat' dir='ltr'><strong>ad</strong></span> <span class='ocrx_word' id='word_1_373' title='bbox 2948 2878 3139 2949; x_wconf 77' lang='lat' dir='ltr'><strong>faciem</strong></span> <span class='ocrx_word' id='word_1_374' title='bbox 3169 2878 3254 2934; x_wconf 76' lang='lat' dir='ltr'><strong>sui</strong></span> <span class='ocrx_word' id='word_1_375' title='bbox 3279 2878 3438 2933; x_wconf 86' lang='lat' dir='ltr'><strong>amici</strong></span> <span class='ocrx_word' id='word_1_376' title='bbox 3476 2889 3602 2945; x_wconf 83' lang='lat' dir='ltr'><strong>rete,</strong></span> 
     </span>
    </p>
   </div>
   <div class='ocr_carea' id='block_1_58' title="bbox 2029 2970 3607 3042">
    <p class='ocr_par' dir='ltr' id='par_1_58' title="bbox 2029 2970 3607 3042">
     <span class='ocr_line' id='line_1_58' title="bbox 2029 2970 3607 3042; baseline -0.001 -16"><span class='ocrx_word' id='word_1_377' title='bbox 2029 2971 2166 3026; x_wconf 82' lang='lat' dir='ltr'><strong>illud</strong></span> <span class='ocrx_word' id='word_1_378' title='bbox 2239 2972 2485 3042; x_wconf 84' lang='lat' dir='ltr'><strong>impingit</strong></span> <span class='ocrx_word' id='word_1_379' title='bbox 2554 2972 2664 3026; x_wconf 84' lang='lat' dir='ltr'><strong>suis</strong></span> <span class='ocrx_word' id='word_1_380' title='bbox 2717 2970 2954 3041; x_wconf 75' lang='lat' dir='ltr'><strong>pedibus.</strong></span> <span class='ocrx_word' id='word_1_381' title='bbox 3018 2970 3193 3026; x_wconf 86' lang='lat' dir='ltr'><strong>llomo</strong></span> <span class='ocrx_word' id='word_1_382' title='bbox 3261 2972 3354 3042; x_wconf 87' lang='lat' dir='ltr'><strong>qui</strong></span> <span class='ocrx_word' id='word_1_383' title='bbox 3415 2971 3607 3026; x_wconf 86' lang='lat' dir='ltr'><strong>dolose</strong></span> 
     </span>
    </p>
   </div>
   <div class='ocr_carea' id='block_1_59' title="bbox 336 3056 1925 3159">
    <p class='ocr_par' dir='ltr' id='par_1_59' title="bbox 336 3056 1924 3159">
     <span class='ocr_line' id='line_1_59' title="bbox 336 3056 1924 3159; baseline -0.003 -18"><span class='ocrx_word' id='word_1_384' title='bbox 336 3087 443 3142; x_wconf 78' lang='grc' dir='ltr'><strong>τοῦ</strong></span> <span class='ocrx_word' id='word_1_385' title='bbox 474 3056 684 3143; x_wconf 66' lang='grc' dir='ltr'>ποσίν.</span> <span class='ocrx_word' id='word_1_386' title='bbox 729 3089 825 3151; x_wconf 88' lang='grc' dir='ltr'>Ὃς</span> <span class='ocrx_word' id='word_1_387' title='bbox 861 3056 1055 3152; x_wconf 84' lang='grc' dir='ltr'>δολίως</span> <span class='ocrx_word' id='word_1_388' title='bbox 1088 3056 1458 3142; x_wconf 56' lang='grc' dir='ltr'>ἐπιϐουλεύων</span> <span class='ocrx_word' id='word_1_389' title='bbox 1504 3086 1584 3159; x_wconf 81' lang='grc' dir='ltr'>τῷ</span> <span class='ocrx_word' id='word_1_390' title='bbox 1640 3056 1924 3156; x_wconf 70' lang='grc' dir='ltr'>ἀγαπῶντι</span> 
     </span>
    </p>
   </div>
   <div class='ocr_carea' id='block_1_60' title="bbox 2037 3056 3605 3159">
    <p class='ocr_par' dir='ltr' id='par_1_60' title="bbox 2037 3062 3605 3133">
     <span class='ocr_line' id='line_1_60' title="bbox 2037 3062 3605 3133; baseline -0.001 -17"><span class='ocrx_word' id='word_1_391' title='bbox 2037 3062 2325 3118; x_wconf 88' lang='lat' dir='ltr'><strong>insidiatur</strong></span> <span class='ocrx_word' id='word_1_392' title='bbox 2351 3063 2530 3118; x_wconf 89' lang='lat' dir='ltr'><strong>amico</strong></span> <span class='ocrx_word' id='word_1_393' title='bbox 2562 3078 2664 3119; x_wconf 91' lang='lat' dir='ltr'><strong>suo</strong></span> <span class='ocrx_word' id='word_1_394' title='bbox 2684 3104 2698 3129; x_wconf 95' lang='lat'><strong>,</strong></span> <span class='ocrx_word' id='word_1_395' title='bbox 2742 3064 2796 3119; x_wconf 90' lang='lat' dir='ltr'><strong>ei</strong></span> <span class='ocrx_word' id='word_1_396' title='bbox 2824 3072 3039 3119; x_wconf 92' lang='lat' dir='ltr'><strong>secreto</strong></span> <span class='ocrx_word' id='word_1_397' title='bbox 3093 3078 3297 3133; x_wconf 89' lang='lat' dir='ltr'><strong>corpus</strong></span> <span class='ocrx_word' id='word_1_398' title='bbox 3327 3064 3605 3129; x_wconf 84' lang='lat' dir='ltr'><strong>vulnerat,</strong></span> 
     </span>
    </p>
   </div>
   <div class='ocr_carea' id='block_1_61' title="bbox 232 3177 1923 3263">
    <p class='ocr_par' dir='ltr' id='par_1_61' title="bbox 232 3177 1923 3263">
     <span class='ocr_line' id='line_1_61' title="bbox 232 3177 1923 3263; baseline -0.002 -28"><span class='ocrx_word' id='word_1_399' title='bbox 232 3254 235 3263; x_wconf 34' lang='grc' dir='ltr'><strong>Ι</strong></span> <span class='ocrx_word' id='word_1_400' title='bbox 335 3180 520 3249; x_wconf 80' lang='grc' dir='ltr'>αὐτὸν,</span> <span class='ocrx_word' id='word_1_401' title='bbox 549 3180 726 3251; x_wconf 85' lang='grc' dir='ltr'>λάθρα</span> <span class='ocrx_word' id='word_1_402' title='bbox 773 3180 965 3235; x_wconf 85' lang='grc' dir='ltr'>πλέκει</span> <span class='ocrx_word' id='word_1_403' title='bbox 1014 3181 1135 3234; x_wconf 81' lang='grc' dir='ltr'>κατ’</span> <span class='ocrx_word' id='word_1_404' title='bbox 1176 3180 1344 3234; x_wconf 83' lang='grc' dir='ltr'>αὑτοῦ</span> <span class='ocrx_word' id='word_1_405' title='bbox 1396 3178 1605 3250; x_wconf 84' lang='grc' dir='ltr'>βλάϐην</span> <span class='ocrx_word' id='word_1_406' title='bbox 1647 3177 1923 3250; x_wconf 86' lang='grc' dir='ltr'>σώματος,</span> 
     </span>
    </p>
   </div>
   <div class='ocr_carea' id='block_1_62' title="bbox 334 3271 1929 3344">
    <p class='ocr_par' dir='ltr' id='par_1_62' title="bbox 334 3271 1929 3344">
     <span class='ocr_line' id='line_1_62' title="bbox 334 3271 1929 3344; baseline -0.003 -15"><span class='ocrx_word' id='word_1_407' title='bbox 334 3271 368 3329; x_wconf 70' lang='grc' dir='ltr'><strong>ὃ</strong></span> <span class='ocrx_word' id='word_1_408' title='bbox 413 3272 529 3325; x_wconf 73' lang='grc' dir='ltr'>ἐστι</span> <span class='ocrx_word' id='word_1_409' title='bbox 578 3272 877 3342; x_wconf 83' lang='grc' dir='ltr'>’πρόσωπον</span> <span class='ocrx_word' id='word_1_410' title='bbox 919 3271 1021 3341; x_wconf 79' lang='grc' dir='ltr'>τῆς</span> <span class='ocrx_word' id='word_1_411' title='bbox 1070 3271 1251 3344; x_wconf 79' lang='grc' dir='ltr'>ψυχῆς</span> <span class='ocrx_word' id='word_1_412' title='bbox 1295 3272 1370 3335; x_wconf 86' lang='grc' dir='ltr'>ὡς</span> <span class='ocrx_word' id='word_1_413' title='bbox 1417 3272 1623 3342; x_wconf 77' lang='grc' dir='ltr'>ταύτης</span> <span class='ocrx_word' id='word_1_414' title='bbox 1651 3288 1929 3343; x_wconf 81' lang='grc' dir='ltr'>χαρακτη-</span> 
     </span>
    </p>
   </div>
   <div class='ocr_carea' id='block_1_63' title="bbox 340 3362 1931 3434">
    <p class='ocr_par' dir='ltr' id='par_1_63' title="bbox 340 3362 1931 3434">
     <span class='ocr_line' id='line_1_63' title="bbox 340 3362 1931 3434; baseline 0 -20"><span class='ocrx_word' id='word_1_415' title='bbox 340 3362 605 3431; x_wconf 87' lang='grc' dir='ltr'>ριστικὸν,</span> <span class='ocrx_word' id='word_1_416' title='bbox 647 3364 767 3416; x_wconf 84' lang='grc' dir='ltr'>κατ’</span> <span class='ocrx_word' id='word_1_417' title='bbox 800 3362 1088 3433; x_wconf 71' lang='grc' dir='ltr'>ἐνέργειαν</span> <span class='ocrx_word' id='word_1_418' title='bbox 1139 3362 1322 3433; x_wconf 79' lang='grc' dir='ltr'>ἐαυτῷ</span> <span class='ocrx_word' id='word_1_419' title='bbox 1374 3365 1804 3434; x_wconf 86' lang='grc' dir='ltr'>προηγουμένως</span> <span class='ocrx_word' id='word_1_420' title='bbox 1832 3363 1931 3434; x_wconf 81' lang='grc' dir='ltr'>τὴν</span> 
     </span>
    </p>
   </div>
   <div class='ocr_carea' id='block_1_64' title="bbox 337 3450 1930 3525">
    <p class='ocr_par' dir='ltr' id='par_1_64' title="bbox 337 3450 1930 3525">
     <span class='ocr_line' id='line_1_64' title="bbox 337 3450 1930 3525; baseline -0.001 -17"><span class='ocrx_word' id='word_1_421' title='bbox 337 3454 598 3523; x_wconf 83' lang='grc' dir='ltr'>τοιαύτην</span> <span class='ocrx_word' id='word_1_422' title='bbox 638 3454 951 3524; x_wconf 84' lang='grc' dir='ltr'>περιτίθησι</span> <span class='ocrx_word' id='word_1_423' title='bbox 982 3452 1189 3523; x_wconf 83' lang='grc' dir='ltr'>βλάϐην</span> <span class='ocrx_word' id='word_1_424' title='bbox 1223 3454 1366 3508; x_wconf 80' lang='grc' dir='ltr'>κατὰ</span> <span class='ocrx_word' id='word_1_425' title='bbox 1392 3454 1633 3507; x_wconf 84' lang='grc' dir='ltr'>διάνοιαν</span> <span class='ocrx_word' id='word_1_426' title='bbox 1656 3471 1674 3487; x_wconf 77' lang='grc' dir='ltr'><strong><em>ο</em></strong></span> <span class='ocrx_word' id='word_1_427' title='bbox 1723 3450 1792 3525; x_wconf 83' lang='grc' dir='ltr'>ἦς</span> <span class='ocrx_word' id='word_1_428' title='bbox 1817 3458 1930 3519; x_wconf 86' lang='grc' dir='ltr'>τοῖς</span> 
     </span>
    </p>
   </div>
   <div class='ocr_carea' id='block_1_65' title="bbox 340 3543 1929 3616">
    <p class='ocr_par' dir='ltr' id='par_1_65' title="bbox 340 3543 1929 3616">
     <span class='ocr_line' id='line_1_65' title="bbox 340 3543 1929 3616; baseline -0.002 -17"><span class='ocrx_word' id='word_1_429' title='bbox 340 3545 660 3616; x_wconf 78' lang='grc' dir='ltr'>κινήμασιν,</span> <span class='ocrx_word' id='word_1_430' title='bbox 690 3543 770 3608; x_wconf 83' lang='grc' dir='ltr'>ὥς</span> <span class='ocrx_word' id='word_1_431' title='bbox 808 3561 918 3598; x_wconf 88' lang='grc' dir='ltr'>τισι</span> <span class='ocrx_word' id='word_1_432' title='bbox 963 3544 1120 3608; x_wconf 76' lang='grc' dir='ltr'>ποσὶ,</span> <span class='ocrx_word' id='word_1_433' title='bbox 1174 3543 1354 3615; x_wconf 83' lang='grc' dir='ltr'>διήκει</span> <span class='ocrx_word' id='word_1_434' title='bbox 1404 3545 1548 3597; x_wconf 82' lang='grc' dir='ltr'>κατὰ</span> <span class='ocrx_word' id='word_1_435' title='bbox 1579 3544 1760 3614; x_wconf 77' lang='grc' dir='ltr'>ψυχὴν</span> <span class='ocrx_word' id='word_1_436' title='bbox 1792 3544 1929 3614; x_wconf 84' lang='grc' dir='ltr'>πρὸς</span> 
     </span>
    </p>
   </div>
   <div class='ocr_carea' id='block_1_66' title="bbox 340 3634 1926 3707">
    <p class='ocr_par' dir='ltr' id='par_1_66' title="bbox 340 3634 1926 3707">
     <span class='ocr_line' id='line_1_66' title="bbox 340 3634 1926 3707; baseline -0.002 -17"><span class='ocrx_word' id='word_1_437' title='bbox 340 3635 618 3690; x_wconf 81' lang='grc' dir='ltr'>ἀπώλειαν</span> <span class='ocrx_word' id='word_1_438' title='bbox 642 3651 657 3666; x_wconf 88' lang='grc'><strong>·</strong></span> <span class='ocrx_word' id='word_1_439' title='bbox 691 3634 790 3689; x_wconf 74' lang='grc' dir='ltr'><strong>καὶ</strong></span> <span class='ocrx_word' id='word_1_440' title='bbox 816 3635 878 3687; x_wconf 89' lang='grc' dir='ltr'><strong>τὸ</strong></span> <span class='ocrx_word' id='word_1_441' title='bbox 933 3634 1034 3705; x_wconf 73' lang='grc' dir='ltr'>μὲν</span> <span class='ocrx_word' id='word_1_442' title='bbox 1092 3634 1358 3706; x_wconf 80' lang='grc' dir='ltr'>βλαϐῆναι</span> <span class='ocrx_word' id='word_1_443' title='bbox 1412 3635 1565 3707; x_wconf 85' lang='grc' dir='ltr'>παρὰ</span> <span class='ocrx_word' id='word_1_444' title='bbox 1609 3636 1802 3689; x_wconf 87' lang='grc' dir='ltr'>τούτου</span> <span class='ocrx_word' id='word_1_445' title='bbox 1834 3635 1926 3689; x_wconf 88' lang='grc' dir='ltr'><strong>τὸν</strong></span> 
     </span>
    </p>
   </div>
   <div class='ocr_carea' id='block_1_67' title="bbox 343 3724 1928 3798">
    <p class='ocr_par' dir='ltr' id='par_1_67' title="bbox 343 3724 1928 3798">
     <span class='ocr_line' id='line_1_67' title="bbox 343 3724 1928 3798; baseline 0.001 -20"><span class='ocrx_word' id='word_1_446' title='bbox 343 3724 850 3795; x_wconf 67' lang='grc' dir='ltr'>ἐπιϐουλευόμενον,</span> <span class='ocrx_word' id='word_1_447' title='bbox 876 3725 1092 3796; x_wconf 78' lang='grc' dir='ltr'>ἄδηλον,</span> <span class='ocrx_word' id='word_1_448' title='bbox 1115 3726 1192 3791; x_wconf 85' lang='grc' dir='ltr'>ὡς</span> <span class='ocrx_word' id='word_1_449' title='bbox 1227 3725 1380 3798; x_wconf 80' lang='grc' dir='ltr'>παρὰ</span> <span class='ocrx_word' id='word_1_450' title='bbox 1410 3729 1475 3798; x_wconf 77' lang='grc' dir='ltr'>τῇ</span> <span class='ocrx_word' id='word_1_451' title='bbox 1512 3726 1690 3796; x_wconf 88' lang='grc' dir='ltr'>κρίσει</span> <span class='ocrx_word' id='word_1_452' title='bbox 1736 3727 1928 3798; x_wconf 81' lang='grc' dir='ltr'>κείμε-</span> 
     </span>
    </p>
   </div>
   <div class='ocr_carea' id='block_1_68' title="bbox 341 3803 1926 3888">
    <p class='ocr_par' dir='ltr' id='par_1_68' title="bbox 341 3803 1926 3888">
     <span class='ocr_line' id='line_1_68' title="bbox 341 3803 1926 3888; baseline -0.002 -14"><span class='ocrx_word' id='word_1_453' title='bbox 341 3837 433 3876; x_wconf 88' lang='grc' dir='ltr'>νον</span> <span class='ocrx_word' id='word_1_454' title='bbox 466 3803 560 3877; x_wconf 80' lang='grc' dir='ltr'><strong>τοῦ</strong></span> <span class='ocrx_word' id='word_1_455' title='bbox 604 3820 740 3876; x_wconf 86' lang='grc' dir='ltr'>Θεοῦ</span> <span class='ocrx_word' id='word_1_456' title='bbox 760 3836 774 3852; x_wconf 89' lang='grc'><strong>·</strong></span> <span class='ocrx_word' id='word_1_457' title='bbox 823 3821 886 3875; x_wconf 88' lang='grc' dir='ltr'><strong>τὸ</strong></span> <span class='ocrx_word' id='word_1_458' title='bbox 914 3821 958 3874; x_wconf 88' lang='grc' dir='ltr'><strong>δ’</strong></span> <span class='ocrx_word' id='word_1_459' title='bbox 994 3820 1248 3875; x_wconf 76' lang='grc' dir='ltr'>ἐντεῦθεν</span> <span class='ocrx_word' id='word_1_460' title='bbox 1282 3820 1445 3875; x_wconf 85' lang='grc' dir='ltr'>αὑτὸν</span> <span class='ocrx_word' id='word_1_461' title='bbox 1496 3820 1587 3888; x_wconf 82' lang='grc' dir='ltr'><strong>ὑφ’</strong></span> <span class='ocrx_word' id='word_1_462' title='bbox 1617 3817 1812 3873; x_wconf 76' lang='grc' dir='ltr'>ἑαυτοῦ</span> <span class='ocrx_word' id='word_1_463' title='bbox 1857 3817 1926 3872; x_wconf 83' lang='grc' dir='ltr'>τὰ</span> 
     </span>
    </p>
   </div>
   <div class='ocr_carea' id='block_1_69' title="bbox 2028 3154 3609 3226">
    <p class='ocr_par' dir='ltr' id='par_1_69' title="bbox 2028 3154 3609 3226">
     <span class='ocr_line' id='line_1_69' title="bbox 2028 3154 3609 3226; baseline 0.003 -20"><span class='ocrx_word' id='word_1_464' title='bbox 2028 3154 2226 3209; x_wconf 69' lang='lat' dir='ltr'><strong>animae</strong></span> <span class='ocrx_word' id='word_1_465' title='bbox 2244 3156 2552 3224; x_wconf 89' lang='lat' dir='ltr'><strong>speculum,</strong></span> <span class='ocrx_word' id='word_1_466' title='bbox 2573 3165 2628 3210; x_wconf 91' lang='lat' dir='ltr'><strong>et</strong></span> <span class='ocrx_word' id='word_1_467' title='bbox 2648 3155 2883 3210; x_wconf 90' lang='lat' dir='ltr'><strong>indicem</strong></span> <span class='ocrx_word' id='word_1_468' title='bbox 2904 3155 3027 3224; x_wconf 88' lang='lat' dir='ltr'><strong>;sed</strong></span> <span class='ocrx_word' id='word_1_469' title='bbox 3046 3155 3224 3226; x_wconf 89' lang='lat' dir='ltr'><strong>reipsa</strong></span> <span class='ocrx_word' id='word_1_470' title='bbox 3241 3155 3382 3212; x_wconf 90' lang='lat' dir='ltr'><strong>idem</strong></span> <span class='ocrx_word' id='word_1_471' title='bbox 3411 3156 3609 3211; x_wconf 84' lang='lat' dir='ltr'><strong>vulnus</strong></span> 
     </span>
    </p>
   </div>
   <div class='ocr_carea' id='block_1_70' title="bbox 2032 3244 3608 3318">
    <p class='ocr_par' dir='ltr' id='par_1_70' title="bbox 2032 3244 3608 3318">
     <span class='ocr_line' id='line_1_70' title="bbox 2032 3244 3608 3318; baseline 0.003 -20"><span class='ocrx_word' id='word_1_472' title='bbox 2032 3244 2136 3298; x_wconf 84' lang='lat' dir='ltr'><strong>sibi</strong></span> <span class='ocrx_word' id='word_1_473' title='bbox 2167 3244 2222 3299; x_wconf 90' lang='lat' dir='ltr'><strong>in</strong></span> <span class='ocrx_word' id='word_1_474' title='bbox 2253 3245 2441 3300; x_wconf 90' lang='lat' dir='ltr'><strong>animo</strong></span> <span class='ocrx_word' id='word_1_475' title='bbox 2482 3247 2638 3316; x_wconf 87' lang='lat' dir='ltr'><strong>prius</strong></span> <span class='ocrx_word' id='word_1_476' title='bbox 2684 3246 2902 3318; x_wconf 80' lang='lat' dir='ltr'><strong>infligit,</strong></span> <span class='ocrx_word' id='word_1_477' title='bbox 2934 3247 3105 3317; x_wconf 88' lang='lat' dir='ltr'><strong>cujus</strong></span> <span class='ocrx_word' id='word_1_478' title='bbox 3141 3247 3569 3318; x_wconf 75' lang='lat' dir='ltr'><strong>Cogitatiouibus</strong></span> <span class='ocrx_word' id='word_1_479' title='bbox 3591 3286 3608 3309; x_wconf 92' lang='lat'><strong><em>.</em></strong></span> 
     </span>
    </p>
   </div>
   <div class='ocr_carea' id='block_1_71' title="bbox 2032 3337 3611 3409">
    <p class='ocr_par' dir='ltr' id='par_1_71' title="bbox 2032 3337 3611 3409">
     <span class='ocr_line' id='line_1_71' title="bbox 2032 3337 3611 3409; baseline 0.001 -21"><span class='ocrx_word' id='word_1_480' title='bbox 2032 3337 2191 3408; x_wconf 89' lang='lat' dir='ltr'><strong>quasi</strong></span> <span class='ocrx_word' id='word_1_481' title='bbox 2272 3337 2552 3407; x_wconf 87' lang='lat' dir='ltr'><strong>pedibus,</strong></span> <span class='ocrx_word' id='word_1_482' title='bbox 2625 3340 2803 3409; x_wconf 77' lang='lat' dir='ltr'><strong>pergit</strong></span> <span class='ocrx_word' id='word_1_483' title='bbox 2869 3340 2936 3393; x_wconf 89' lang='lat' dir='ltr'><strong>ad</strong></span> <span class='ocrx_word' id='word_1_484' title='bbox 3005 3338 3294 3408; x_wconf 78' lang='lat' dir='ltr'><strong>Spirituale</strong></span> <span class='ocrx_word' id='word_1_485' title='bbox 3361 3339 3611 3393; x_wconf 75' lang='lat' dir='ltr'><strong>exitium.</strong></span> 
     </span>
    </p>
   </div>
   <div class='ocr_carea' id='block_1_72' title="bbox 2036 3428 3614 3502">
    <p class='ocr_par' dir='ltr' id='par_1_72' title="bbox 2036 3428 3614 3502">
     <span class='ocr_line' id='line_1_72' title="bbox 2036 3428 3614 3502; baseline 0.002 -19"><span class='ocrx_word' id='word_1_486' title='bbox 2036 3428 2194 3496; x_wconf 87' lang='lat' dir='ltr'><strong>Quod</strong></span> <span class='ocrx_word' id='word_1_487' title='bbox 2221 3431 2424 3497; x_wconf 89' lang='lat' dir='ltr'><strong>petitus</strong></span> <span class='ocrx_word' id='word_1_488' title='bbox 2453 3432 2522 3485; x_wconf 90' lang='lat' dir='ltr'><strong>ab</strong></span> <span class='ocrx_word' id='word_1_489' title='bbox 2551 3445 2616 3485; x_wconf 91' lang='lat' dir='ltr'><strong>eo</strong></span> <span class='ocrx_word' id='word_1_490' title='bbox 2649 3431 3013 3500; x_wconf 87' lang='lat' dir='ltr'><strong>percutiatur,</strong></span> <span class='ocrx_word' id='word_1_491' title='bbox 3049 3432 3315 3487; x_wconf 86' lang='lat' dir='ltr'><strong>incertum</strong></span> <span class='ocrx_word' id='word_1_492' title='bbox 3347 3440 3451 3496; x_wconf 90' lang='lat' dir='ltr'><strong>est,</strong></span> <span class='ocrx_word' id='word_1_493' title='bbox 3483 3433 3614 3502; x_wconf 78' lang='lat' dir='ltr'><strong>quia</strong></span> 
     </span>
    </p>
   </div>
   <div class='ocr_carea' id='block_1_73' title="bbox 2036 3520 3614 3595">
    <p class='ocr_par' dir='ltr' id='par_1_73' title="bbox 2036 3520 3614 3595">
     <span class='ocr_line' id='line_1_73' title="bbox 2036 3520 3614 3595; baseline 0.004 -21"><span class='ocrx_word' id='word_1_494' title='bbox 2036 3520 2130 3575; x_wconf 90' lang='lat' dir='ltr'><strong>Dei</strong></span> <span class='ocrx_word' id='word_1_495' title='bbox 2173 3520 2388 3589; x_wconf 83' lang='lat' dir='ltr'><strong>judicio</strong></span> <span class='ocrx_word' id='word_1_496' title='bbox 2441 3532 2792 3588; x_wconf 84' lang='lat' dir='ltr'><strong>reservatur;</strong></span> <span class='ocrx_word' id='word_1_497' title='bbox 2846 3525 2995 3594; x_wconf 88' lang='lat' dir='ltr'><strong>quod</strong></span> <span class='ocrx_word' id='word_1_498' title='bbox 3040 3525 3158 3595; x_wconf 86' lang='lat' dir='ltr'><strong>ipse</strong></span> <span class='ocrx_word' id='word_1_499' title='bbox 3216 3524 3327 3581; x_wconf 86' lang='lat' dir='ltr'><strong>sibi</strong></span> <span class='ocrx_word' id='word_1_500' title='bbox 3377 3526 3614 3580; x_wconf 74' lang='lat' dir='ltr'><strong>maxima</strong></span> 
     </span>
    </p>
   </div>
   <div class='ocr_carea' id='block_1_74' title="bbox 2036 3611 3616 3688">
    <p class='ocr_par' dir='ltr' id='par_1_74' title="bbox 2036 3611 3616 3688">
     <span class='ocr_line' id='line_1_74' title="bbox 2036 3611 3616 3688; baseline 0.004 -23"><span class='ocrx_word' id='word_1_501' title='bbox 2036 3612 2179 3665; x_wconf 87' lang='lat' dir='ltr'><strong>mala</strong></span> <span class='ocrx_word' id='word_1_502' title='bbox 2213 3611 2415 3667; x_wconf 82' lang='lat' dir='ltr'><strong>inferat</strong></span> <span class='ocrx_word' id='word_1_503' title='bbox 2469 3623 2554 3668; x_wconf 90' lang='lat' dir='ltr'><strong>est</strong></span> <span class='ocrx_word' id='word_1_504' title='bbox 2585 3614 2842 3680; x_wconf 87' lang='lat' dir='ltr'><strong>evidens,</strong></span> <span class='ocrx_word' id='word_1_505' title='bbox 2870 3630 2900 3669; x_wconf 87' lang='lat' dir='ltr'><strong>a</strong></span> <span class='ocrx_word' id='word_1_506' title='bbox 2930 3614 3041 3669; x_wconf 91' lang='lat' dir='ltr'><strong>Deo</strong></span> <span class='ocrx_word' id='word_1_507' title='bbox 3073 3618 3167 3686; x_wconf 91' lang='lat' dir='ltr'><strong>qui</strong></span> <span class='ocrx_word' id='word_1_508' title='bbox 3227 3616 3343 3688; x_wconf 90' lang='lat' dir='ltr'><strong>ipsa</strong></span> <span class='ocrx_word' id='word_1_509' title='bbox 3379 3618 3616 3672; x_wconf 86' lang='lat' dir='ltr'><strong>cbaritas</strong></span> 
     </span>
    </p>
   </div>
   <div class='ocr_carea' id='block_1_75' title="bbox 2034 3690 3619 3773">
    <p class='ocr_par' dir='ltr' id='par_1_75' title="bbox 2034 3690 3619 3773">
     <span class='ocr_line' id='line_1_75' title="bbox 2034 3690 3619 3773; baseline 0.006 -17"><span class='ocrx_word' id='word_1_510' title='bbox 2034 3711 2117 3757; x_wconf 88' lang='lat' dir='ltr'><strong>est</strong></span> <span class='ocrx_word' id='word_1_511' title='bbox 2138 3742 2152 3765; x_wconf 92' lang='lat'><strong>,</strong></span> <span class='ocrx_word' id='word_1_512' title='bbox 2188 3717 2250 3758; x_wconf 92' lang='lat' dir='ltr'><strong>se</strong></span> <span class='ocrx_word' id='word_1_513' title='bbox 2274 3712 2454 3759; x_wconf 90' lang='lat' dir='ltr'><strong>mente</strong></span> <span class='ocrx_word' id='word_1_514' title='bbox 2493 3705 2789 3773; x_wconf 85' lang='lat' dir='ltr'><strong>elongavit,</strong></span> <span class='ocrx_word' id='word_1_515' title='bbox 2820 3715 2874 3760; x_wconf 91' lang='lat' dir='ltr'><strong>et</strong></span> <span class='ocrx_word' id='word_1_516' title='bbox 2914 3706 3203 3762; x_wconf 68' lang='lat' dir='ltr'><strong>homicidae</strong></span> <span class='ocrx_word' id='word_1_517' title='bbox 3235 3707 3454 3764; x_wconf 90' lang='lat' dir='ltr'><strong>diabolo</strong></span> <span class='ocrx_word' id='word_1_518' title='bbox 3485 3690 3619 3764; x_wconf 84' lang='lat' dir='ltr'><strong>sub-</strong></span> 
     </span>
    </p>
   </div>
   <div class='ocr_carea' id='block_1_76' title="bbox 2030 3790 2348 3860">
    <p class='ocr_par' dir='ltr' id='par_1_76' title="bbox 2030 3790 2348 3860">
     <span class='ocr_line' id='line_1_76' title="bbox 2030 3790 2348 3860; baseline 0.016 -14"><span class='ocrx_word' id='word_1_519' title='bbox 2030 3790 2211 3860; x_wconf 89' lang='lat' dir='ltr'><strong>jectus</strong></span> <span class='ocrx_word' id='word_1_520' title='bbox 2240 3802 2348 3851; x_wconf 89' lang='lat' dir='ltr'><strong>est.</strong></span> 
     </span>
    </p>
   </div>
   <div class='ocr_carea' id='block_1_77' title="bbox 346 3906 3625 3986">
    <p class='ocr_par' dir='ltr' id='par_1_77' title="bbox 346 3906 3625 3986">
     <span class='ocr_line' id='line_1_77' title="bbox 346 3906 3625 3986; baseline 0 -19"><span class='ocrx_word' id='word_1_521' title='bbox 346 3914 583 3986; x_wconf 72' lang='grc' dir='ltr'>μέγιστα</span> <span class='ocrx_word' id='word_1_522' title='bbox 623 3911 1131 3978; x_wconf 83' lang='grc' dir='ltr'>καταϐλάπτεσθαι,</span> <span class='ocrx_word' id='word_1_523' title='bbox 1169 3912 1477 3984; x_wconf 55' lang='grc' dir='ltr'>πρόδηλον</span> <span class='ocrx_word' id='word_1_524' title='bbox 1523 3906 1612 3966; x_wconf 77' lang='grc' dir='ltr'>οἷα</span> <span class='ocrx_word' id='word_1_525' title='bbox 1660 3911 1795 3966; x_wconf 91' lang='grc' dir='ltr'>Θεοῦ</span> <span class='ocrx_word' id='word_1_526' title='bbox 1838 3914 1939 3982; x_wconf 81' lang='grc' dir='ltr'><strong>τῆς</strong></span> <span class='ocrx_word' id='word_1_527' title='bbox 1985 3910 2514 3982; x_wconf 75' lang='grc' dir='ltr'>αὐτοαγάπηςκατὰ</span> <span class='ocrx_word' id='word_1_528' title='bbox 2542 3911 2781 3968; x_wconf 79' lang='grc' dir='ltr'>διάθεσιν</span> <span class='ocrx_word' id='word_1_529' title='bbox 2804 3911 3195 3984; x_wconf 78' lang='grc' dir='ltr'>ἀφιστάμενον,</span> <span class='ocrx_word' id='word_1_530' title='bbox 3227 3912 3322 3966; x_wconf 63' lang='grc' dir='ltr'><strong>καὶ¹</strong></span> <span class='ocrx_word' id='word_1_531' title='bbox 3384 3912 3468 3983; x_wconf 79' lang='grc' dir='ltr'>τῷ</span> <span class='ocrx_word' id='word_1_532' title='bbox 3528 3915 3625 3967; x_wconf 82' lang='grc' dir='ltr'>άν-</span> 
     </span>
    </p>
   </div>
   <div class='ocr_carea' id='block_1_78' title="bbox 347 4007 1433 4084">
    <p class='ocr_par' dir='ltr' id='par_1_78' title="bbox 347 4007 1433 4084">
     <span class='ocr_line' id='line_1_78' title="bbox 347 4007 1433 4084; baseline -0.002 -19"><span class='ocrx_word' id='word_1_533' title='bbox 347 4009 714 4084; x_wconf 85' lang='grc' dir='ltr'>θρωποκτόνῳ</span> <span class='ocrx_word' id='word_1_534' title='bbox 744 4007 961 4080; x_wconf 81' lang='grc' dir='ltr'>Σατανᾷ</span> <span class='ocrx_word' id='word_1_535' title='bbox 984 4007 1433 4080; x_wconf 69' lang='grc' dir='ltr'>προστιθέμενον.</span> 
     </span>
    </p>
   </div>
   <div class='ocr_carea' id='block_1_79' title="bbox 415 4102 1939 4176">
    <p class='ocr_par' dir='ltr' id='par_1_79' title="bbox 415 4102 1939 4176">
     <span class='ocr_line' id='line_1_79' title="bbox 415 4102 1939 4176; baseline -0.003 -15"><span class='ocrx_word' id='word_1_536' title='bbox 415 4114 493 4174; x_wconf 82' lang='grc' dir='ltr'>ς’.</span> <span class='ocrx_word' id='word_1_537' title='bbox 510 4103 946 4176; x_wconf 67' lang='grc' dir='ltr'>ζΔμαρτάνοντι</span> <span class='ocrx_word' id='word_1_538' title='bbox 984 4102 1179 4172; x_wconf 74' lang='grc' dir='ltr'><strong>ἀνδρί,</strong></span> <span class='ocrx_word' id='word_1_539' title='bbox 1201 4103 1438 4174; x_wconf 66' lang='grc' dir='ltr'>μεγάλη</span> <span class='ocrx_word' id='word_1_540' title='bbox 1468 4103 1679 4174; x_wconf 76' lang='grc' dir='ltr'>παγίς·</span> <span class='ocrx_word' id='word_1_541' title='bbox 1707 4102 1939 4169; x_wconf 79' lang='grc' dir='ltr'>δίκαιος</span> 
     </span>
    </p>
   </div>
   <div class='ocr_carea' id='block_1_80' title="bbox 344 4193 1940 4267">
    <p class='ocr_par' dir='ltr' id='par_1_80' title="bbox 344 4193 1940 4267">
     <span class='ocr_line' id='line_1_80' title="bbox 344 4193 1940 4267; baseline -0.003 -13"><span class='ocrx_word' id='word_1_542' title='bbox 344 4197 416 4254; x_wconf 79' lang='grc' dir='ltr'><strong>δὲ</strong></span> <span class='ocrx_word' id='word_1_543' title='bbox 462 4198 536 4253; x_wconf 78' lang='grc' dir='ltr'><em>ἐν</em></span> <span class='ocrx_word' id='word_1_544' title='bbox 570 4193 748 4267; x_wconf 80' lang='grc' dir='ltr'>χαρᾷ,</span> <span class='ocrx_word' id='word_1_545' title='bbox 799 4195 900 4250; x_wconf 74' lang='grc' dir='ltr'><strong>καί</strong></span> <span class='ocrx_word' id='word_1_546' title='bbox 951 4194 1022 4248; x_wconf 87' lang='grc' dir='ltr'><em>ἐν</em></span> <span class='ocrx_word' id='word_1_547' title='bbox 1064 4194 1415 4264; x_wconf 71' lang='grc' dir='ltr'>εὐφροσύνῃ</span> <span class='ocrx_word' id='word_1_548' title='bbox 1452 4194 1644 4249; x_wconf 79' lang='grc' dir='ltr'>ἔσται.</span> <span class='ocrx_word' id='word_1_549' title='bbox 1698 4193 1789 4265; x_wconf 85' lang='grc' dir='ltr'><strong>Τῷ</strong></span> <span class='ocrx_word' id='word_1_550' title='bbox 1839 4193 1940 4266; x_wconf 78' lang='grc' dir='ltr'><strong>μὲν</strong></span> 
     </span>
    </p>
   </div>
   <div class='ocr_carea' id='block_1_81' title="bbox 345 4285 1942 4356">
    <p class='ocr_par' dir='ltr' id='par_1_81' title="bbox 345 4285 1942 4356">
     <span class='ocr_line' id='line_1_81' title="bbox 345 4285 1942 4356; baseline -0.003 -12"><span class='ocrx_word' id='word_1_551' title='bbox 345 4289 597 4344; x_wconf 49' lang='grc' dir='ltr'>πταίοντι</span> <span class='ocrx_word' id='word_1_552' title='bbox 622 4287 767 4341; x_wconf 87' lang='grc' dir='ltr'><strong>κατὰ</strong></span> <span class='ocrx_word' id='word_1_553' title='bbox 796 4288 857 4340; x_wconf 81' lang='grc' dir='ltr'><strong>τὸ</strong></span> <span class='ocrx_word' id='word_1_554' title='bbox 896 4285 1264 4356; x_wconf 86' lang='grc' dir='ltr'>παραϐαίνειν</span> <span class='ocrx_word' id='word_1_555' title='bbox 1293 4287 1394 4350; x_wconf 83' lang='grc' dir='ltr'>τὰς</span> <span class='ocrx_word' id='word_1_556' title='bbox 1423 4286 1575 4351; x_wconf 89' lang='grc' dir='ltr'>θείας</span> <span class='ocrx_word' id='word_1_557' title='bbox 1600 4285 1816 4350; x_wconf 66' lang='grc' dir='ltr'>ἐντολὰς</span> <span class='ocrx_word' id='word_1_558' title='bbox 1847 4287 1942 4340; x_wconf 81' lang='grc' dir='ltr'>άν-</span> 
     </span>
    </p>
   </div>
   <div class='ocr_carea' id='block_1_82' title="bbox 2096 4098 3620 4172">
    <p class='ocr_par' dir='ltr' id='par_1_82' title="bbox 2096 4098 3620 4172">
     <span class='ocr_line' id='line_1_82' title="bbox 2096 4098 3620 4172; baseline -0.001 -19"><span class='ocrx_word' id='word_1_559' title='bbox 2096 4099 2264 4155; x_wconf 74' lang='lat' dir='ltr'><strong>Vens.</strong></span> <span class='ocrx_word' id='word_1_560' title='bbox 2280 4098 2335 4154; x_wconf 88' lang='lat'><strong>6.</strong></span> <span class='ocrx_word' id='word_1_561' title='bbox 2351 4098 2602 4153; x_wconf 87' lang='lat' dir='ltr'><strong>Peccanti</strong></span> <span class='ocrx_word' id='word_1_562' title='bbox 2614 4099 2749 4166; x_wconf 82' lang='lat' dir='ltr'><strong>viro,</strong></span> <span class='ocrx_word' id='word_1_563' title='bbox 2766 4116 2989 4172; x_wconf 81' lang='lat' dir='ltr'><strong>magnus</strong></span> <span class='ocrx_word' id='word_1_564' title='bbox 3007 4100 3245 4172; x_wconf 81' lang='lat' dir='ltr'><strong>laqueus,</strong></span> <span class='ocrx_word' id='word_1_565' title='bbox 3249 4099 3431 4170; x_wconf 83' lang='lat' dir='ltr'><strong>justus</strong></span> <span class='ocrx_word' id='word_1_566' title='bbox 3446 4112 3620 4157; x_wconf 78' lang='lat' dir='ltr'><strong>autem</strong></span> 
     </span>
    </p>
   </div>
   <div class='ocr_carea' id='block_1_83' title="bbox 2047 4191 3621 4265">
    <p class='ocr_par' dir='ltr' id='par_1_83' title="bbox 2047 4191 3621 4265">
     <span class='ocr_line' id='line_1_83' title="bbox 2047 4191 3621 4265; baseline -0.001 -16"><span class='ocrx_word' id='word_1_567' title='bbox 2047 4194 2104 4249; x_wconf 89' lang='lat' dir='ltr'><strong>in</strong></span> <span class='ocrx_word' id='word_1_568' title='bbox 2124 4191 2321 4265; x_wconf 82' lang='lat' dir='ltr'><strong>gaudio</strong></span> <span class='ocrx_word' id='word_1_569' title='bbox 2350 4201 2398 4246; x_wconf 86' lang='lat' dir='ltr'><strong>et</strong></span> <span class='ocrx_word' id='word_1_570' title='bbox 2430 4191 2622 4247; x_wconf 80' lang='lat' dir='ltr'><strong>ltatitia</strong></span> <span class='ocrx_word' id='word_1_571' title='bbox 2647 4193 2770 4247; x_wconf 85' lang='lat' dir='ltr'><strong>erit.</strong></span> <span class='ocrx_word' id='word_1_572' title='bbox 2797 4192 3129 4249; x_wconf 86' lang='lat' dir='ltr'><strong>Cadentibus</strong></span> <span class='ocrx_word' id='word_1_573' title='bbox 3154 4203 3209 4248; x_wconf 87' lang='lat' dir='ltr'><strong>et</strong></span> <span class='ocrx_word' id='word_1_574' title='bbox 3233 4193 3489 4248; x_wconf 88' lang='lat' dir='ltr'><strong>mandata</strong></span> <span class='ocrx_word' id='word_1_575' title='bbox 3527 4194 3621 4248; x_wconf 81' lang='lat' dir='ltr'><strong>Dei</strong></span> 
     </span>
    </p>
   </div>
   <div class='ocr_carea' id='block_1_84' title="bbox 2056 4280 3623 4359">
    <p class='ocr_par' dir='ltr' id='par_1_84' title="bbox 2056 4280 3623 4359">
     <span class='ocr_line' id='line_1_84' title="bbox 2056 4280 3623 4359; baseline -0.003 -16"><span class='ocrx_word' id='word_1_576' title='bbox 2056 4280 2513 4359; x_wconf 75' lang='lat' dir='ltr'><strong>pmtereuntibus</strong></span> <span class='ocrx_word' id='word_1_577' title='bbox 2544 4299 2742 4356; x_wconf 76' lang='lat' dir='ltr'><strong>magna</strong></span> <span class='ocrx_word' id='word_1_578' title='bbox 2773 4285 3062 4341; x_wconf 84' lang='lat' dir='ltr'><strong>calamitas</strong></span> <span class='ocrx_word' id='word_1_579' title='bbox 3097 4286 3348 4341; x_wconf 87' lang='lat' dir='ltr'><strong>imminet</strong></span> <span class='ocrx_word' id='word_1_580' title='bbox 3383 4286 3436 4340; x_wconf 93' lang='lat' dir='ltr'><strong>in</strong></span> <span class='ocrx_word' id='word_1_581' title='bbox 3471 4284 3623 4340; x_wconf 82' lang='lat' dir='ltr'><strong>futu-</strong></span> 
     </span>
    </p>
   </div>
   <div class='ocr_carea' id='block_1_85' title="bbox 347 4378 1925 4453">
    <p class='ocr_par' dir='ltr' id='par_1_85' title="bbox 347 4378 1925 4453">
     <span class='ocr_line' id='line_1_85' title="bbox 347 4378 1925 4453; baseline -0.003 -18"><span class='ocrx_word' id='word_1_582' title='bbox 347 4379 572 4453; x_wconf 79' lang='grc' dir='ltr'>θρώπῳ,</span> <span class='ocrx_word' id='word_1_583' title='bbox 625 4379 839 4451; x_wconf 80' lang='grc' dir='ltr'>μεγάλη</span> <span class='ocrx_word' id='word_1_584' title='bbox 877 4379 1123 4450; x_wconf 85' lang='grc' dir='ltr'>τιμωρία</span> <span class='ocrx_word' id='word_1_585' title='bbox 1169 4378 1321 4432; x_wconf 74' lang='grc' dir='ltr'>ἔσται</span> <span class='ocrx_word' id='word_1_586' title='bbox 1388 4378 1531 4432; x_wconf 82' lang='grc' dir='ltr'>κατὰ</span> <span class='ocrx_word' id='word_1_587' title='bbox 1563 4379 1627 4431; x_wconf 89' lang='grc' dir='ltr'><strong>τὸ</strong></span> <span class='ocrx_word' id='word_1_588' title='bbox 1658 4378 1871 4449; x_wconf 86' lang='grc' dir='ltr'>μέλλον,</span> <span class='ocrx_word' id='word_1_589' title='bbox 1904 4380 1925 4431; x_wconf 78' lang='lat' dir='ltr'><strong>i</strong></span> 
     </span>
    </p>
   </div>
   <div class='ocr_carea' id='block_1_86' title="bbox 2037 4378 3625 4453">
    <p class='ocr_par' dir='ltr' id='par_1_86' title="bbox 2046 4378 3625 4449">
     <span class='ocr_line' id='line_1_86' title="bbox 2046 4378 3625 4449; baseline -0.001 -12"><span class='ocrx_word' id='word_1_590' title='bbox 2046 4397 2205 4437; x_wconf 88' lang='lat' dir='ltr'><strong>rum:</strong></span> <span class='ocrx_word' id='word_1_591' title='bbox 2236 4378 2407 4436; x_wconf 90' lang='lat' dir='ltr'><strong>Deum</strong></span> <span class='ocrx_word' id='word_1_592' title='bbox 2455 4393 2771 4449; x_wconf 87' lang='lat' dir='ltr'><strong>supremum</strong></span> <span class='ocrx_word' id='word_1_593' title='bbox 2824 4379 3024 4434; x_wconf 89' lang='lat' dir='ltr'><strong>bonum</strong></span> <span class='ocrx_word' id='word_1_594' title='bbox 3079 4380 3362 4448; x_wconf 85' lang='lat' dir='ltr'><strong>amittere;</strong></span> <span class='ocrx_word' id='word_1_595' title='bbox 3413 4381 3482 4436; x_wconf 91' lang='lat' dir='ltr'><strong>iis</strong></span> <span class='ocrx_word' id='word_1_596' title='bbox 3529 4395 3625 4435; x_wconf 87' lang='lat' dir='ltr'><strong>au-</strong></span> 
     </span>
    </p>
   </div>
   <div class='ocr_carea' id='block_1_87' title="bbox 346 4470 1948 4544">
    <p class='ocr_par' dir='ltr' id='par_1_87' title="bbox 346 4470 1948 4544">
     <span class='ocr_line' id='line_1_87' title="bbox 346 4470 1948 4544; baseline -0.004 -14"><span class='ocrx_word' id='word_1_597' title='bbox 346 4474 458 4530; x_wconf 75' lang='grc' dir='ltr'><strong>άπὸ</strong></span> <span class='ocrx_word' id='word_1_598' title='bbox 482 4471 641 4536; x_wconf 84' lang='grc' dir='ltr'>Θεοῦ,</span> <span class='ocrx_word' id='word_1_599' title='bbox 691 4471 786 4526; x_wconf 66' lang='grc' dir='ltr'><strong>τοῦ</strong></span> <span class='ocrx_word' id='word_1_600' title='bbox 843 4470 1080 4544; x_wconf 60' lang='grc' dir='ltr'>ἐσιάτου</span> <span class='ocrx_word' id='word_1_601' title='bbox 1131 4470 1387 4542; x_wconf 84' lang='grc' dir='ltr'>όρεκτοῦ,</span> <span class='ocrx_word' id='word_1_602' title='bbox 1429 4470 1739 4534; x_wconf 74' lang='grc' dir='ltr'>ἔκπτωσιςο</span> <span class='ocrx_word' id='word_1_603' title='bbox 1788 4470 1868 4542; x_wconf 84' lang='grc' dir='ltr'>τῷ</span> <span class='ocrx_word' id='word_1_604' title='bbox 1899 4470 1948 4524; x_wconf 84' lang='grc' dir='ltr'><strong>δ’</strong></span> 
     </span>
    </p>
   </div>
   <div class='ocr_carea' id='block_1_88' title="bbox 346 4561 1942 4635">
    <p class='ocr_par' dir='ltr' id='par_1_88' title="bbox 346 4561 1942 4635">
     <span class='ocr_line' id='line_1_88' title="bbox 346 4561 1942 4635; baseline -0.002 -16"><span class='ocrx_word' id='word_1_605' title='bbox 346 4564 653 4635; x_wconf 76' lang='grc' dir='ltr'>ἀμέμπτως</span> <span class='ocrx_word' id='word_1_606' title='bbox 706 4563 848 4617; x_wconf 73' lang='grc' dir='ltr'>κατὰ</span> <span class='ocrx_word' id='word_1_607' title='bbox 884 4565 984 4626; x_wconf 76' lang='grc' dir='ltr'>τὰς</span> <span class='ocrx_word' id='word_1_608' title='bbox 1034 4562 1201 4616; x_wconf 80' lang='grc' dir='ltr'>αὑτοῦ</span> <span class='ocrx_word' id='word_1_609' title='bbox 1242 4561 1463 4626; x_wconf 66' lang='grc' dir='ltr'>ἐντολὰς</span> <span class='ocrx_word' id='word_1_610' title='bbox 1517 4561 1942 4634; x_wconf 80' lang='grc' dir='ltr'>πολιτευομένῳ,</span> 
     </span>
    </p>
   </div>
   <div class='ocr_carea' id='block_1_89' title="bbox 348 4647 1943 4724">
    <p class='ocr_par' dir='ltr' id='par_1_89' title="bbox 348 4647 1943 4724">
     <span class='ocr_line' id='line_1_89' title="bbox 348 4647 1943 4724; baseline -0.001 -15"><span class='ocrx_word' id='word_1_611' title='bbox 348 4654 669 4724; x_wconf 84' lang='grc' dir='ltr'>ἀγαλλίασις</span> <span class='ocrx_word' id='word_1_612' title='bbox 695 4654 816 4707; x_wconf 75' lang='grc' dir='ltr'>-καὶ</span> <span class='ocrx_word' id='word_1_613' title='bbox 861 4647 1190 4718; x_wconf 71' lang='grc' dir='ltr'>ἆπόλαυσις,</span> <span class='ocrx_word' id='word_1_614' title='bbox 1224 4653 1260 4723; x_wconf 84' lang='grc' dir='ltr'><strong>ἡ</strong></span> <span class='ocrx_word' id='word_1_615' title='bbox 1303 4651 1585 4722; x_wconf 80' lang='grc' dir='ltr'>ὲπιτυχία,</span> <span class='ocrx_word' id='word_1_616' title='bbox 1625 4652 1883 4707; x_wconf 81' lang='grc' dir='ltr'>τοσοῦτον</span> <span class='ocrx_word' id='word_1_617' title='bbox 1908 4654 1943 4724; x_wconf 81' lang='grc' dir='ltr'>ἠ</span> 
     </span>
    </p>
   </div>
   <div class='ocr_carea' id='block_1_90' title="bbox 347 4745 843 4816">
    <p class='ocr_par' dir='ltr' id='par_1_90' title="bbox 347 4745 843 4816">
     <span class='ocr_line' id='line_1_90' title="bbox 347 4745 843 4816; baseline -0.004 -16"><span class='ocrx_word' id='word_1_618' title='bbox 347 4745 622 4816; x_wconf 81' lang='grc' dir='ltr'>ἀποτυχία</span> <span class='ocrx_word' id='word_1_619' title='bbox 652 4746 843 4798; x_wconf 81' lang='grc' dir='ltr'>λυπεῖ.</span> 
     </span>
    </p>
   </div>
   <div class='ocr_carea' id='block_1_91' title="bbox 419 4834 1945 4905">
    <p class='ocr_par' dir='ltr' id='par_1_91' title="bbox 419 4834 1945 4905">
     <span class='ocr_line' id='line_1_91' title="bbox 419 4834 1945 4905; baseline -0.001 -14"><span class='ocrx_word' id='word_1_620' title='bbox 419 4836 485 4900; x_wconf 80' lang='grc' dir='ltr'><strong>ζ’.</strong></span> <span class='ocrx_word' id='word_1_621' title='bbox 533 4837 886 4891; x_wconf 76' lang='grc' dir='ltr'>Ἐπίσταται</span> <span class='ocrx_word' id='word_1_622' title='bbox 919 4834 1153 4902; x_wconf 80' lang='grc' dir='ltr'>δίκαιος</span> <span class='ocrx_word' id='word_1_623' title='bbox 1176 4835 1407 4904; x_wconf 82' lang='grc' dir='ltr'>κρίνειν</span> <span class='ocrx_word' id='word_1_624' title='bbox 1431 4834 1736 4905; x_wconf 79' lang='grc' dir='ltr'><strong>πενιχροῒς</strong></span> <span class='ocrx_word' id='word_1_625' title='bbox 1764 4850 1778 4865; x_wconf 89' lang='grc'><strong>·</strong></span> <span class='ocrx_word' id='word_1_626' title='bbox 1806 4838 1841 4890; x_wconf 82' lang='grc' dir='ltr'><strong>ό</strong></span> <span class='ocrx_word' id='word_1_627' title='bbox 1875 4834 1945 4890; x_wconf 78' lang='grc' dir='ltr'><strong>δὲ</strong></span> 
     </span>
    </p>
   </div>
   <div class='ocr_carea' id='block_1_92' title="bbox 347 4926 1945 5000">
    <p class='ocr_par' dir='ltr' id='par_1_92' title="bbox 347 4926 1945 5000">
     <span class='ocr_line' id='line_1_92' title="bbox 347 4926 1945 5000; baseline -0.001 -17"><span class='ocrx_word' id='word_1_628' title='bbox 347 4928 578 4995; x_wconf 80' lang='grc' dir='ltr'>ἀσεϐὴς</span> <span class='ocrx_word' id='word_1_629' title='bbox 614 4930 687 4981; x_wconf 79' lang='grc' dir='ltr'><strong>οὐ</strong></span> <span class='ocrx_word' id='word_1_630' title='bbox 726 4927 853 4981; x_wconf 80' lang='grc' dir='ltr'>νοεῖ</span> <span class='ocrx_word' id='word_1_631' title='bbox 894 4926 1124 5000; x_wconf 67' lang='grc' dir='ltr'>γνῶσιν</span> <span class='ocrx_word' id='word_1_632' title='bbox 1150 4946 1165 4956; x_wconf 89' lang='grc'>·</span> <span class='ocrx_word' id='word_1_633' title='bbox 1222 4928 1325 4980; x_wconf 74' lang='grc' dir='ltr'>καὶ</span> <span class='ocrx_word' id='word_1_634' title='bbox 1354 4926 1571 4996; x_wconf 83' lang='grc' dir='ltr'>πτωχῷ</span> <span class='ocrx_word' id='word_1_635' title='bbox 1614 4928 1727 4996; x_wconf 80' lang='grc' dir='ltr'><strong>οὐχ</strong></span> <span class='ocrx_word' id='word_1_636' title='bbox 1758 4926 1945 4995; x_wconf 71' lang='grc' dir='ltr'>ὑπόρε-</span> 
     </span>
    </p>
   </div>
   <div class='ocr_carea' id='block_1_93' title="bbox 348 5016 1944 5089">
    <p class='ocr_par' dir='ltr' id='par_1_93' title="bbox 348 5016 1944 5089">
     <span class='ocr_line' id='line_1_93' title="bbox 348 5016 1944 5089; baseline 0.001 -16"><span class='ocrx_word' id='word_1_637' title='bbox 348 5037 440 5089; x_wconf 85' lang='grc' dir='ltr'>χει</span> <span class='ocrx_word' id='word_1_638' title='bbox 467 5020 616 5086; x_wconf 84' lang='grc' dir='ltr'>νοῦς</span> <span class='ocrx_word' id='word_1_639' title='bbox 652 5016 1023 5089; x_wconf 67' lang='grc' dir='ltr'>ἐπιγνώμων.</span> <span class='ocrx_word' id='word_1_640' title='bbox 1061 5017 1217 5074; x_wconf 79' lang='grc' dir='ltr'>Οἶδεν</span> <span class='ocrx_word' id='word_1_641' title='bbox 1246 5021 1563 5084; x_wconf 79' lang='grc' dir='ltr'>ἀπταίστως</span> <span class='ocrx_word' id='word_1_642' title='bbox 1613 5023 1643 5074; x_wconf 86' lang='grc' dir='ltr'>ὁ</span> <span class='ocrx_word' id='word_1_643' title='bbox 1670 5021 1763 5074; x_wconf 84' lang='grc' dir='ltr'><strong>τὸν</strong></span> <span class='ocrx_word' id='word_1_644' title='bbox 1810 5020 1944 5074; x_wconf 88' lang='grc' dir='ltr'>Θεὸν</span> 
     </span>
    </p>
   </div>
   <div class='ocr_carea' id='block_1_94' title="bbox 349 5110 1944 5183">
    <p class='ocr_par' dir='ltr' id='par_1_94' title="bbox 349 5110 1944 5183">
     <span class='ocr_line' id='line_1_94' title="bbox 349 5110 1944 5183; baseline 0.001 -21"><span class='ocrx_word' id='word_1_645' title='bbox 349 5110 533 5182; x_wconf 81' lang='grc' dir='ltr'>ἔργοις</span> <span class='ocrx_word' id='word_1_646' title='bbox 597 5111 947 5183; x_wconf 86' lang='grc' dir='ltr'>δικαιοσύνης</span> <span class='ocrx_word' id='word_1_647' title='bbox 1019 5111 1239 5183; x_wconf 84' lang='grc' dir='ltr'>τιμῶν,</span> <span class='ocrx_word' id='word_1_648' title='bbox 1323 5110 1768 5164; x_wconf 82' lang='grc' dir='ltr'>ἁποδιαστέλλειν</span> <span class='ocrx_word' id='word_1_649' title='bbox 1833 5110 1944 5164; x_wconf 86' lang='grc' dir='ltr'>τῶν</span> 
     </span>
    </p>
   </div>
   <div class='ocr_carea' id='block_1_95' title="bbox 349 5196 1945 5273">
    <p class='ocr_par' dir='ltr' id='par_1_95' title="bbox 349 5196 1945 5273">
     <span class='ocr_line' id='line_1_95' title="bbox 349 5196 1945 5273; baseline 0.002 -21"><span class='ocrx_word' id='word_1_650' title='bbox 349 5200 675 5272; x_wconf 84' lang='grc' dir='ltr'>κρειττόνων</span> <span class='ocrx_word' id='word_1_651' title='bbox 719 5202 789 5254; x_wconf 80' lang='grc' dir='ltr'>τὰ</span> <span class='ocrx_word' id='word_1_652' title='bbox 838 5200 1086 5273; x_wconf 85' lang='grc' dir='ltr'>χείρονα,</span> <span class='ocrx_word' id='word_1_653' title='bbox 1130 5196 1219 5254; x_wconf 72' lang='grc' dir='ltr'>οἷα</span> <span class='ocrx_word' id='word_1_654' title='bbox 1270 5200 1648 5270; x_wconf 87' lang='grc' dir='ltr'>διαγινώσκων</span> <span class='ocrx_word' id='word_1_655' title='bbox 1693 5201 1802 5254; x_wconf 82' lang='grc' dir='ltr'><strong>ἀπὸ</strong></span> <span class='ocrx_word' id='word_1_656' title='bbox 1843 5201 1945 5271; x_wconf 77' lang='grc' dir='ltr'><strong>τῆς</strong></span> 
     </span>
    </p>
   </div>
   <div class='ocr_carea' id='block_1_96' title="bbox 348 5291 1945 5365">
    <p class='ocr_par' dir='ltr' id='par_1_96' title="bbox 348 5291 1945 5365">
     <span class='ocr_line' id='line_1_96' title="bbox 348 5291 1945 5365; baseline 0.001 -17"><span class='ocrx_word' id='word_1_657' title='bbox 348 5294 545 5365; x_wconf 76' lang='grc' dir='ltr'>πείρας</span> <span class='ocrx_word' id='word_1_658' title='bbox 577 5291 671 5348; x_wconf 86' lang='grc' dir='ltr'><strong>τοῦ</strong></span> <span class='ocrx_word' id='word_1_659' title='bbox 701 5293 913 5363; x_wconf 83' lang='grc' dir='ltr'>ἀγαθοῦ</span> <span class='ocrx_word' id='word_1_660' title='bbox 946 5294 1008 5347; x_wconf 88' lang='grc' dir='ltr'><strong>τὸ</strong></span> <span class='ocrx_word' id='word_1_661' title='bbox 1044 5293 1237 5348; x_wconf 88' lang='grc' dir='ltr'>τούτου</span> <span class='ocrx_word' id='word_1_662' title='bbox 1269 5294 1514 5348; x_wconf 81' lang='grc' dir='ltr'>ἐναντίον</span> <span class='ocrx_word' id='word_1_663' title='bbox 1559 5294 1731 5348; x_wconf 83' lang='grc' dir='ltr'>κακόν</span> <span class='ocrx_word' id='word_1_664' title='bbox 1753 5314 1766 5327; x_wconf 88' lang='grc'><strong>·</strong></span> <span class='ocrx_word' id='word_1_665' title='bbox 1812 5296 1843 5347; x_wconf 84' lang='grc' dir='ltr'><strong>ὁ</strong></span> <span class='ocrx_word' id='word_1_666' title='bbox 1888 5295 1945 5349; x_wconf 79' lang='grc' dir='ltr'><strong>δὲ</strong></span> 
     </span>
    </p>
   </div>
   <div class='ocr_carea' id='block_1_97' title="bbox 351 5386 1945 5459">
    <p class='ocr_par' dir='ltr' id='par_1_97' title="bbox 351 5386 1945 5459">
     <span class='ocr_line' id='line_1_97' title="bbox 351 5386 1945 5459; baseline 0 -18"><span class='ocrx_word' id='word_1_667' title='bbox 351 5388 427 5459; x_wconf 83' lang='grc' dir='ltr'>μὴ</span> <span class='ocrx_word' id='word_1_668' title='bbox 456 5386 603 5441; x_wconf 81' lang='grc' dir='ltr'>οὓτω</span> <span class='ocrx_word' id='word_1_669' title='bbox 630 5386 820 5441; x_wconf 85' lang='grc' dir='ltr'>τοῦτον</span> <span class='ocrx_word' id='word_1_670' title='bbox 847 5387 1043 5459; x_wconf 85' lang='grc' dir='ltr'>τιμῶν,</span> <span class='ocrx_word' id='word_1_671' title='bbox 1090 5388 1158 5442; x_wconf 77' lang='grc' dir='ltr'><strong>τά</strong></span> <span class='ocrx_word' id='word_1_672' title='bbox 1206 5387 1316 5441; x_wconf 76' lang='grc' dir='ltr'><strong>ἀπὸ</strong></span> <span class='ocrx_word' id='word_1_673' title='bbox 1360 5387 1555 5442; x_wconf 85' lang='grc' dir='ltr'>τούτου</span> <span class='ocrx_word' id='word_1_674' title='bbox 1597 5388 1945 5459; x_wconf 82' lang='grc' dir='ltr'>μακρύνοντα</span> 
     </span>
    </p>
   </div>
   <div class='ocr_carea' id='block_1_98' title="bbox 347 5477 1947 5550">
    <p class='ocr_par' dir='ltr' id='par_1_98' title="bbox 347 5477 1947 5550">
     <span class='ocr_line' id='line_1_98' title="bbox 347 5477 1947 5550; baseline -0.001 -18"><span class='ocrx_word' id='word_1_675' title='bbox 347 5480 687 5548; x_wconf 74' lang='grc' dir='ltr'>διανοήματα</span> <span class='ocrx_word' id='word_1_676' title='bbox 717 5478 811 5532; x_wconf 85' lang='grc' dir='ltr'><strong>τοῦ</strong></span> <span class='ocrx_word' id='word_1_677' title='bbox 839 5480 1153 5549; x_wconf 85' lang='grc' dir='ltr'>ἁρχεκάκου</span> <span class='ocrx_word' id='word_1_678' title='bbox 1189 5477 1388 5550; x_wconf 79' lang='grc' dir='ltr'>ἐχθροῦ</span> <span class='ocrx_word' id='word_1_679' title='bbox 1433 5479 1643 5548; x_wconf 85' lang='grc' dir='ltr'>ἀγνοεῖ,</span> <span class='ocrx_word' id='word_1_680' title='bbox 1673 5480 1769 5532; x_wconf 78' lang='grc' dir='ltr'><strong>καὶ</strong></span> <span class='ocrx_word' id='word_1_681' title='bbox 1830 5477 1947 5531; x_wconf 84' lang='grc' dir='ltr'>τού·</span> 
     </span>
    </p>
   </div>
   <div class='ocr_carea' id='block_1_99' title="bbox 349 5568 1944 5640">
    <p class='ocr_par' dir='ltr' id='par_1_99' title="bbox 349 5568 1944 5640">
     <span class='ocr_line' id='line_1_99' title="bbox 349 5568 1944 5640; baseline -0.001 -19"><span class='ocrx_word' id='word_1_682' title='bbox 349 5586 461 5632; x_wconf 84' lang='grc' dir='ltr'>τοις</span> <span class='ocrx_word' id='word_1_683' title='bbox 483 5569 769 5623; x_wconf 83' lang='grc' dir='ltr'>ἁλίσκεται</span> <span class='ocrx_word' id='word_1_684' title='bbox 799 5571 936 5640; x_wconf 85' lang='grc' dir='ltr'>πρὸς</span> <span class='ocrx_word' id='word_1_685' title='bbox 977 5569 1258 5625; x_wconf 83' lang='grc' dir='ltr'>ἀπώλειαν</span> <span class='ocrx_word' id='word_1_686' title='bbox 1281 5584 1297 5599; x_wconf 78' lang='lat'><strong><em>°</em></strong></span> <span class='ocrx_word' id='word_1_687' title='bbox 1329 5570 1423 5623; x_wconf 73' lang='grc' dir='ltr'><strong>καὶ</strong></span> <span class='ocrx_word' id='word_1_688' title='bbox 1452 5568 1533 5640; x_wconf 81' lang='grc' dir='ltr'>τῷ</span> <span class='ocrx_word' id='word_1_689' title='bbox 1567 5568 1819 5623; x_wconf 78' lang='grc' dir='ltr'>ἐντεῦθεν</span> <span class='ocrx_word' id='word_1_690' title='bbox 1842 5585 1944 5621; x_wconf 84' lang='grc' dir='ltr'>κα-</span> 
     </span>
    </p>
   </div>
   <div class='ocr_carea' id='block_1_100' title="bbox 349 5658 1946 5730">
    <p class='ocr_par' dir='ltr' id='par_1_100' title="bbox 349 5658 1946 5730">
     <span class='ocr_line' id='line_1_100' title="bbox 349 5658 1946 5730; baseline 0.001 -18"><span class='ocrx_word' id='word_1_691' title='bbox 349 5659 418 5712; x_wconf 78' lang='grc' dir='ltr'>τὰ</span> <span class='ocrx_word' id='word_1_692' title='bbox 450 5658 648 5730; x_wconf 81' lang='grc' dir='ltr'>γνῶσιν</span> <span class='ocrx_word' id='word_1_693' title='bbox 691 5659 1046 5730; x_wconf 81' lang='grc' dir='ltr'>πτωχεύοντι,</span> <span class='ocrx_word' id='word_1_694' title='bbox 1078 5660 1179 5713; x_wconf 77' lang='grc' dir='ltr'><strong>οὐκ</strong></span> <span class='ocrx_word' id='word_1_695' title='bbox 1225 5659 1341 5712; x_wconf 78' lang='grc' dir='ltr'>ἔστι</span> <span class='ocrx_word' id='word_1_696' title='bbox 1392 5658 1517 5722; x_wconf 88' lang='grc' dir='ltr'>νοῦς</span> <span class='ocrx_word' id='word_1_697' title='bbox 1565 5658 1946 5729; x_wconf 76' lang='grc' dir='ltr'>ἐπιγινώσκων</span> 
     </span>
    </p>
   </div>
   <div class='ocr_carea' id='block_1_101' title="bbox 681 5755 1555 5818">
    <p class='ocr_par' dir='ltr' id='par_1_101' title="bbox 681 5755 1555 5818">
     <span class='ocr_line' id='line_1_101' title="bbox 681 5755 1555 5818; baseline 0 -2"><span class='ocrx_word' id='word_1_698' title='bbox 681 5755 962 5816; x_wconf 72' lang='grc' dir='ltr'>Ριτιιοι..</span> <span class='ocrx_word' id='word_1_699' title='bbox 1004 5755 1122 5817; x_wconf 85' lang='lat' dir='ltr'><strong>Gn.</strong></span> <span class='ocrx_word' id='word_1_700' title='bbox 1172 5755 1555 5818; x_wconf 75' lang='lat' dir='ltr'><strong>LXXXVII.</strong></span> 
     </span>
    </p>
   </div>
   <div class='ocr_carea' id='block_1_102' title="bbox 2048 4470 3624 4544">
    <p class='ocr_par' dir='ltr' id='par_1_102' title="bbox 2048 4470 3624 4544">
     <span class='ocr_line' id='line_1_102' title="bbox 2048 4470 3624 4544; baseline 0.001 -17"><span class='ocrx_word' id='word_1_701' title='bbox 2048 4480 2156 4529; x_wconf 89' lang='lat' dir='ltr'><strong>tem</strong></span> <span class='ocrx_word' id='word_1_702' title='bbox 2195 4473 2289 4544; x_wconf 89' lang='lat' dir='ltr'><strong>qui</strong></span> <span class='ocrx_word' id='word_1_703' title='bbox 2317 4481 2446 4526; x_wconf 90' lang='lat' dir='ltr'><strong>sunt</strong></span> <span class='ocrx_word' id='word_1_704' title='bbox 2481 4470 2998 4543; x_wconf 84' lang='lat' dir='ltr'><strong>irreprehensibiles</strong></span> <span class='ocrx_word' id='word_1_705' title='bbox 3024 4470 3179 4542; x_wconf 78' lang='lat' dir='ltr'><strong>juxta</strong></span> <span class='ocrx_word' id='word_1_706' title='bbox 3211 4472 3466 4527; x_wconf 86' lang='lat' dir='ltr'><strong>mandata</strong></span> <span class='ocrx_word' id='word_1_707' title='bbox 3499 4481 3624 4528; x_wconf 81' lang='lat' dir='ltr'><strong>tan-</strong></span> 
     </span>
    </p>
   </div>
   <div class='ocr_carea' id='block_1_103' title="bbox 2047 4564 3622 4631">
    <p class='ocr_par' dir='ltr' id='par_1_103' title="bbox 2047 4564 3622 4631">
     <span class='ocr_line' id='line_1_103' title="bbox 2047 4564 3622 4631; baseline 0.001 -11"><span class='ocrx_word' id='word_1_708' title='bbox 2047 4575 2155 4621; x_wconf 89' lang='lat' dir='ltr'><strong>tam</strong></span> <span class='ocrx_word' id='word_1_709' title='bbox 2172 4567 2595 4623; x_wconf 82' lang='lat' dir='ltr'><strong>exsultationem</strong></span> <span class='ocrx_word' id='word_1_710' title='bbox 2626 4574 2682 4622; x_wconf 86' lang='lat' dir='ltr'><strong>et</strong></span> <span class='ocrx_word' id='word_1_711' title='bbox 2704 4564 3018 4620; x_wconf 85' lang='lat' dir='ltr'><strong>fruitionem</strong></span> <span class='ocrx_word' id='word_1_712' title='bbox 3052 4565 3248 4621; x_wconf 87' lang='lat' dir='ltr'><strong>tribuit</strong></span> <span class='ocrx_word' id='word_1_713' title='bbox 3270 4565 3398 4621; x_wconf 88' lang='lat' dir='ltr'><strong>felix</strong></span> <span class='ocrx_word' id='word_1_714' title='bbox 3421 4567 3622 4631; x_wconf 79' lang='lat' dir='ltr'><strong>exitus,</strong></span> 
     </span>
    </p>
   </div>
   <div class='ocr_carea' id='block_1_104' title="bbox 2044 4658 3123 4730">
    <p class='ocr_par' dir='ltr' id='par_1_104' title="bbox 2044 4658 3123 4730">
     <span class='ocr_line' id='line_1_104' title="bbox 2044 4658 3123 4730; baseline 0.004 -19"><span class='ocrx_word' id='word_1_715' title='bbox 2044 4669 2305 4730; x_wconf 86' lang='lat' dir='ltr'><strong>quantam</strong></span> <span class='ocrx_word' id='word_1_716' title='bbox 2335 4658 2618 4714; x_wconf 85' lang='lat' dir='ltr'><strong>tristitiam</strong></span> <span class='ocrx_word' id='word_1_717' title='bbox 2662 4658 2851 4714; x_wconf 78' lang='lat' dir='ltr'><strong>infelix</strong></span> <span class='ocrx_word' id='word_1_718' title='bbox 2877 4667 3123 4715; x_wconf 83' lang='lat' dir='ltr'><strong>eventus.</strong></span> 
     </span>
    </p>
   </div>
   <div class='ocr_carea' id='block_1_105' title="bbox 2118 4838 3628 4911">
    <p class='ocr_par' dir='ltr' id='par_1_105' title="bbox 2118 4838 3628 4911">
     <span class='ocr_line' id='line_1_105' title="bbox 2118 4838 3628 4911; baseline -0.001 -16"><span class='ocrx_word' id='word_1_719' title='bbox 2118 4838 2286 4896; x_wconf 74' lang='lat' dir='ltr'><strong>Vens.</strong></span> <span class='ocrx_word' id='word_1_720' title='bbox 2323 4840 2374 4892; x_wconf 85' lang='lat'><strong>7.</strong></span> <span class='ocrx_word' id='word_1_721' title='bbox 2421 4838 2583 4895; x_wconf 84' lang='lat' dir='ltr'><strong>Novit</strong></span> <span class='ocrx_word' id='word_1_722' title='bbox 2607 4841 2791 4911; x_wconf 74' lang='lat' dir='ltr'><strong>justus</strong></span> <span class='ocrx_word' id='word_1_723' title='bbox 2832 4840 3081 4909; x_wconf 85' lang='lat' dir='ltr'><strong>judicare</strong></span> <span class='ocrx_word' id='word_1_724' title='bbox 3117 4839 3478 4909; x_wconf 77' lang='lat' dir='ltr'><strong>pauperibus;</strong></span> <span class='ocrx_word' id='word_1_725' title='bbox 3527 4842 3628 4895; x_wconf 76' lang='lat' dir='ltr'><strong>im-</strong></span> 
     </span>
    </p>
   </div>
   <div class='ocr_carea' id='block_1_106' title="bbox 2045 4932 3629 5002">
    <p class='ocr_par' dir='ltr' id='par_1_106' title="bbox 2045 4932 3629 5002">
     <span class='ocr_line' id='line_1_106' title="bbox 2045 4932 3629 5002; baseline 0.001 -17"><span class='ocrx_word' id='word_1_726' title='bbox 2045 4933 2165 5001; x_wconf 86' lang='lat' dir='ltr'><strong>pius</strong></span> <span class='ocrx_word' id='word_1_727' title='bbox 2192 4942 2369 4986; x_wconf 78' lang='lat' dir='ltr'><strong>autem</strong></span> <span class='ocrx_word' id='word_1_728' title='bbox 2400 4949 2504 4985; x_wconf 91' lang='lat' dir='ltr'><strong>non</strong></span> <span class='ocrx_word' id='word_1_729' title='bbox 2531 4933 2729 5002; x_wconf 85' lang='lat' dir='ltr'><strong>cogitat</strong></span> <span class='ocrx_word' id='word_1_730' title='bbox 2763 4932 3063 4995; x_wconf 80' lang='lat' dir='ltr'><strong>scientiam,</strong></span> <span class='ocrx_word' id='word_1_731' title='bbox 3095 4940 3144 4984; x_wconf 88' lang='lat' dir='ltr'><strong>et</strong></span> <span class='ocrx_word' id='word_1_732' title='bbox 3178 4932 3322 4998; x_wconf 88' lang='lat' dir='ltr'><strong>inopi</strong></span> <span class='ocrx_word' id='word_1_733' title='bbox 3343 4949 3446 4988; x_wconf 88' lang='lat' dir='ltr'><strong>non</strong></span> <span class='ocrx_word' id='word_1_734' title='bbox 3490 4933 3629 4989; x_wconf 84' lang='lat' dir='ltr'><strong>inest</strong></span> 
     </span>
    </p>
   </div>
   <div class='ocr_carea' id='block_1_107' title="bbox 2046 5021 3626 5096">
    <p class='ocr_par' dir='ltr' id='par_1_107' title="bbox 2046 5021 3626 5096">
     <span class='ocr_line' id='line_1_107' title="bbox 2046 5021 3626 5096; baseline 0.003 -20"><span class='ocrx_word' id='word_1_735' title='bbox 2046 5040 2194 5078; x_wconf 84' lang='lat' dir='ltr'><strong>mens</strong></span> <span class='ocrx_word' id='word_1_736' title='bbox 2240 5039 2578 5093; x_wconf 78' lang='lat' dir='ltr'><strong>cognoscens.</strong></span> <span class='ocrx_word' id='word_1_737' title='bbox 2614 5022 2776 5077; x_wconf 81' lang='lat' dir='ltr'><strong>Novit</strong></span> <span class='ocrx_word' id='word_1_738' title='bbox 2809 5023 2901 5092; x_wconf 91' lang='lat' dir='ltr'><strong>qui</strong></span> <span class='ocrx_word' id='word_1_739' title='bbox 2940 5021 3110 5078; x_wconf 87' lang='lat' dir='ltr'><strong>Deum</strong></span> <span class='ocrx_word' id='word_1_740' title='bbox 3152 5026 3413 5094; x_wconf 65' lang='lat' dir='ltr'><strong>Operibm</strong></span> <span class='ocrx_word' id='word_1_741' title='bbox 3455 5026 3626 5096; x_wconf 84' lang='lat' dir='ltr'><strong>justis</strong></span> 
     </span>
    </p>
   </div>
   <div class='ocr_carea' id='block_1_108' title="bbox 2049 5111 3624 5187">
    <p class='ocr_par' dir='ltr' id='par_1_108' title="bbox 2049 5111 3624 5187">
     <span class='ocr_line' id='line_1_108' title="bbox 2049 5111 3624 5187; baseline 0.003 -22"><span class='ocrx_word' id='word_1_742' title='bbox 2049 5112 2304 5176; x_wconf 84' lang='lat' dir='ltr'><strong>honorat,</strong></span> <span class='ocrx_word' id='word_1_743' title='bbox 2352 5120 2471 5166; x_wconf 86' lang='lat' dir='ltr'><strong>tute</strong></span> <span class='ocrx_word' id='word_1_744' title='bbox 2500 5112 2817 5167; x_wconf 86' lang='lat' dir='ltr'><strong>discernere</strong></span> <span class='ocrx_word' id='word_1_745' title='bbox 2849 5111 3037 5183; x_wconf 81' lang='lat' dir='ltr'><strong>pejora</strong></span> <span class='ocrx_word' id='word_1_746' title='bbox 3067 5127 3097 5166; x_wconf 90' lang='lat' dir='ltr'><strong>a</strong></span> <span class='ocrx_word' id='word_1_747' title='bbox 3135 5115 3455 5174; x_wconf 89' lang='lat' dir='ltr'><strong>melioribus</strong></span> <span class='ocrx_word' id='word_1_748' title='bbox 3479 5156 3495 5182; x_wconf 90' lang='lat'><strong>,</strong></span> <span class='ocrx_word' id='word_1_749' title='bbox 3528 5116 3624 5187; x_wconf 89' lang='lat' dir='ltr'><strong>qui</strong></span> 
     </span>
    </p>
   </div>
   <div class='ocr_carea' id='block_1_109' title="bbox 2046 5202 3624 5272">
    <p class='ocr_par' dir='ltr' id='par_1_109' title="bbox 2046 5202 3624 5272">
     <span class='ocr_line' id='line_1_109' title="bbox 2046 5202 3624 5272; baseline 0.004 -15"><span class='ocrx_word' id='word_1_750' title='bbox 2046 5219 2112 5258; x_wconf 90' lang='lat' dir='ltr'><strong>ex</strong></span> <span class='ocrx_word' id='word_1_751' title='bbox 2177 5205 2515 5272; x_wconf 78' lang='lat' dir='ltr'><strong>experientia</strong></span> <span class='ocrx_word' id='word_1_752' title='bbox 2557 5203 2687 5258; x_wconf 92' lang='lat' dir='ltr'><strong>boni</strong></span> <span class='ocrx_word' id='word_1_753' title='bbox 2752 5202 2947 5259; x_wconf 81' lang='lat' dir='ltr'><strong>didicit</strong></span> <span class='ocrx_word' id='word_1_754' title='bbox 3011 5207 3356 5262; x_wconf 88' lang='lat' dir='ltr'><strong>contrarium</strong></span> <span class='ocrx_word' id='word_1_755' title='bbox 3420 5210 3624 5264; x_wconf 87' lang='lat' dir='ltr'><strong>malum</strong></span> 
     </span>
    </p>
   </div>
   <div class='ocr_carea' id='block_1_110' title="bbox 2048 5294 3627 5365">
    <p class='ocr_par' dir='ltr' id='par_1_110' title="bbox 2048 5294 3627 5365">
     <span class='ocr_line' id='line_1_110' title="bbox 2048 5294 3627 5365; baseline 0.004 -18"><span class='ocrx_word' id='word_1_756' title='bbox 2048 5310 2367 5365; x_wconf 77' lang='lat' dir='ltr'><strong>agnoscere.</strong></span> <span class='ocrx_word' id='word_1_757' title='bbox 2432 5294 2535 5361; x_wconf 86' lang='lat' dir='ltr'><strong>Qui</strong></span> <span class='ocrx_word' id='word_1_758' title='bbox 2610 5311 2740 5350; x_wconf 89' lang='lat' dir='ltr'><strong>vero</strong></span> <span class='ocrx_word' id='word_1_759' title='bbox 2818 5294 2990 5351; x_wconf 88' lang='lat' dir='ltr'><strong>Deum</strong></span> <span class='ocrx_word' id='word_1_760' title='bbox 3046 5314 3156 5355; x_wconf 89' lang='lat' dir='ltr'><strong>non</strong></span> <span class='ocrx_word' id='word_1_761' title='bbox 3214 5301 3295 5355; x_wconf 91' lang='lat' dir='ltr'><strong>sic</strong></span> <span class='ocrx_word' id='word_1_762' title='bbox 3348 5299 3627 5363; x_wconf 66' lang='lat' dir='ltr'><strong>honorat,</strong></span> 
     </span>
    </p>
   </div>
   <div class='ocr_carea' id='block_1_111' title="bbox 2049 5388 3627 5457">
    <p class='ocr_par' dir='ltr' id='par_1_111' title="bbox 2049 5388 3627 5457">
     <span class='ocr_line' id='line_1_111' title="bbox 2049 5388 3627 5457; baseline 0.005 -16"><span class='ocrx_word' id='word_1_763' title='bbox 2049 5388 2282 5457; x_wconf 78' lang='lat' dir='ltr'><strong>igumat,</strong></span> <span class='ocrx_word' id='word_1_764' title='bbox 2319 5388 2549 5444; x_wconf 81' lang='lat' dir='ltr'><strong>consilia</strong></span> <span class='ocrx_word' id='word_1_765' title='bbox 2604 5389 2825 5457; x_wconf 89' lang='lat' dir='ltr'><strong>pessimi</strong></span> <span class='ocrx_word' id='word_1_766' title='bbox 2876 5390 3086 5449; x_wconf 88' lang='lat' dir='ltr'><strong>inimici</strong></span> <span class='ocrx_word' id='word_1_767' title='bbox 3135 5405 3163 5445; x_wconf 88' lang='lat' dir='ltr'><strong>a</strong></span> <span class='ocrx_word' id='word_1_768' title='bbox 3216 5391 3330 5447; x_wconf 84' lang='lat' dir='ltr'><strong>Deo</strong></span> <span class='ocrx_word' id='word_1_769' title='bbox 3363 5406 3464 5448; x_wconf 87' lang='lat' dir='ltr'><strong>nos</strong></span> <span class='ocrx_word' id='word_1_770' title='bbox 3491 5393 3627 5449; x_wconf 84' lang='lat' dir='ltr'><strong>alie-</strong></span> 
     </span>
    </p>
   </div>
   <div class='ocr_carea' id='block_1_112' title="bbox 2048 5477 3627 5551">
    <p class='ocr_par' dir='ltr' id='par_1_112' title="bbox 2048 5477 3627 5551">
     <span class='ocr_line' id='line_1_112' title="bbox 2048 5477 3627 5551; baseline 0.004 -19"><span class='ocrx_word' id='word_1_771' title='bbox 2048 5477 2251 5545; x_wconf 84' lang='lat' dir='ltr'><strong>nautis,</strong></span> <span class='ocrx_word' id='word_1_772' title='bbox 2305 5478 2480 5547; x_wconf 90' lang='lat' dir='ltr'><strong>iisque</strong></span> <span class='ocrx_word' id='word_1_773' title='bbox 2530 5479 2807 5548; x_wconf 87' lang='lat' dir='ltr'><strong>periturus</strong></span> <span class='ocrx_word' id='word_1_774' title='bbox 2833 5481 3228 5551; x_wconf 89' lang='lat' dir='ltr'><strong>capitur:buic</strong></span> <span class='ocrx_word' id='word_1_775' title='bbox 3261 5482 3469 5536; x_wconf 85' lang='lat' dir='ltr'><strong>homini</strong></span> <span class='ocrx_word' id='word_1_776' title='bbox 3507 5499 3627 5538; x_wconf 78' lang='lat' dir='ltr'><strong>mo~</strong></span> 
     </span>
    </p>
   </div>
   <div class='ocr_carea' id='block_1_113' title="bbox 2048 5569 3629 5645">
    <p class='ocr_par' dir='ltr' id='par_1_113' title="bbox 2048 5569 3629 5645">
     <span class='ocr_line' id='line_1_113' title="bbox 2048 5569 3629 5645; baseline 0.004 -23"><span class='ocrx_word' id='word_1_777' title='bbox 2048 5569 2185 5623; x_wconf 74' lang='lat' dir='ltr'><strong>dira.-</strong></span> <span class='ocrx_word' id='word_1_778' title='bbox 2218 5569 2465 5623; x_wconf 71' lang='lat' dir='ltr'><strong>scientiae</strong></span> <span class='ocrx_word' id='word_1_779' title='bbox 2499 5570 2836 5642; x_wconf 86' lang='lat' dir='ltr'><strong>relinquitur</strong></span> <span class='ocrx_word' id='word_1_780' title='bbox 2867 5572 3174 5627; x_wconf 77' lang='lat' dir='ltr'><strong>inlellerttts</strong></span> <span class='ocrx_word' id='word_1_781' title='bbox 3197 5587 3304 5626; x_wconf 88' lang='lat' dir='ltr'><strong>non</strong></span> <span class='ocrx_word' id='word_1_782' title='bbox 3333 5574 3397 5627; x_wconf 89' lang='lat' dir='ltr'><strong>ad</strong></span> <span class='ocrx_word' id='word_1_783' title='bbox 3426 5588 3629 5645; x_wconf 80' lang='lat' dir='ltr'><strong>cogno-</strong></span> 
     </span>
    </p>
   </div>
   <div class='ocr_carea' id='block_1_114' title="bbox 2050 5659 3627 5733">
    <p class='ocr_par' dir='ltr' id='par_1_114' title="bbox 2050 5659 3627 5733">
     <span class='ocr_line' id='line_1_114' title="bbox 2050 5659 3627 5733; baseline 0.004 -16"><span class='ocrx_word' id='word_1_784' title='bbox 2050 5661 2316 5717; x_wconf 88' lang='lat' dir='ltr'><strong>scendum</strong></span> <span class='ocrx_word' id='word_1_785' title='bbox 2345 5659 2513 5718; x_wconf 88' lang='lat' dir='ltr'><strong>Deum</strong></span> <span class='ocrx_word' id='word_1_786' title='bbox 2550 5662 2777 5733; x_wconf 91' lang='lat' dir='ltr'><strong>bonum,</strong></span> <span class='ocrx_word' id='word_1_787' title='bbox 2829 5664 2924 5720; x_wconf 84' lang='lat' dir='ltr'><strong>sed</strong></span> <span class='ocrx_word' id='word_1_788' title='bbox 2983 5662 3050 5718; x_wconf 87' lang='lat' dir='ltr'><strong>ad</strong></span> <span class='ocrx_word' id='word_1_789' title='bbox 3082 5664 3528 5722; x_wconf 85' lang='lat' dir='ltr'><strong>calumniaudum</strong></span> <span class='ocrx_word' id='word_1_790' title='bbox 3560 5669 3627 5723; x_wconf 83' lang='lat' dir='ltr'><strong>de</strong></span> 
     </span>
    </p>
   </div>
   <div class='ocr_carea' id='block_1_115' title="bbox 3230 5754 3305 5819">
    <p class='ocr_par' dir='ltr' id='par_1_115' title="bbox 3230 5754 3305 5819">
     <span class='ocr_line' id='line_1_115' title="bbox 3230 5754 3305 5819; baseline 0.027 -2"><span class='ocrx_word' id='word_1_791' title='bbox 3230 5754 3305 5819; x_wconf 70' lang='lat'><strong>48</strong></span> 
     </span>
    </p>
   </div>
  </div>
