3904 6200
418 254 554 323 1517

1440 242 1971 311 COMMENTABH
2009 244 2097 307 IN
2124 239 2582 307 PROVERBIA.
2618 236 2625 239 ’

3543 231 3679 294 1513

413 388 612 430 πονονο
651 368 1026 424 συνελθουσῶν
1069 361 1163 431 οὖν
1211 366 1493 438 ἀλλήλαις,
1528 364 1629 434 τῆς
1672 364 1774 435 μὲν
1820 362 1998 434 ψυχῆς

2135 357 2449 415 'estimentis
2509 353 2745 410 maxime
2797 351 3174 413 necessariis;
3224 356 3275 403 et
3335 363 3500 404 carne
3554 346 3680 404 ea...

413 471 481 538 τῇ
514 466 695 536 σαρκὶ,
742 462 881 534 πρὸς
930 460 992 514 τὸ
1044 460 1448 531 περιποιεῖσθαι
1493 457 1632 527 αὐτῇ
1677 454 1995 525 διατροφὰς,

417 559 513 611 καὶ
553 556 918 626 σκεπάσματα
970 553 1041 607 τὰ
1097 553 1259 625 μόνον
1312 549 1752 619 ἀναγκαιόταταυ
1798 546 1900 615 τῆς
1940 545 1998 599 δέ

2109 451 2289 505 anima
2320 450 2377 505 in
2426 446 2734 503 obediendo
2778 454 2834 499 et
2875 442 3124 498 facienda
3175 441 3404 505 virtute,
3463 441 3686 510 utrique

2114 542 2383 615 prospicit
2450 539 2593 595 Deus
2662 537 2846 593 omnis
2899 543 3171 591 creatura:
3228 533 3573 588 rationabilis
3631 541 3688 586 tt

421 649 624 718 σαρκὸς
647 650 714 719 τῇ
744 624 915 719 ψυχῇ,
962 647 1043 709 είς
1081 624 1143 698 τὸ
1166 644 1414 698 ὑπείκειν
1442 641 1615 714 ταύτῃ
1638 640 1774 712 πρὸς
1801 636 2002 715 πρᾶξιν

2135 634 2402 699 οηείιίναι,
2434 645 2488 689 et
2519 629 2683 688 saluti
2730 629 3042 686 necessaria
3071 625 3296 696 utrique
3327 624 3553 695 prabet.

418 717 527 795 τῶν
583 717 821 811 ἀρετῶν,
868 717 1196 811 *ἀμφοτέρας
1243 735 1617 808 προνοητικῶς
1673 731 1959 787 ἐπιθλέπει
2002 731 2031 783 ὁ
2068 728 2352 799 Δεσπότης
2422 728 2603 792 πάσης
2673 724 2775 795 τῆς
2860 722 3065 792 νοητῆς
3111 721 3207 774 καὶ
3258 719 3358 789 τῆς
3416 717 3693 788 αἰσθητῆς

420 836 672 900 κτίσεως,
706 835 961 907 χορηγῶν
983 835 1176 898 αὑταῖς
1204 834 1272 888 τὰ
1293 832 1532 904 ἑκατέρᾳ
1552 831 1689 902 πρὸς
1720 829 1996 901 σωτηρίαν
2033 825 2341 898 πρόσφορα.

492 929 573 983 ιδ’.
606 926 915 993 Βασιλέως
955 925 1027 980 ἐν
1053 925 1306 992 ἀληθείᾳ
1353 923 1671 993 κρίνοντος
1701 920 1996 991 πτωχοὺς,

423 1020 689 1089 όθρόνος
727 1017 916 1074 αὐτοῦ
962 1019 1050 1083 είς
1078 1014 1410 1086 μαρτύριον
1460 1012 2000 1082 κατασταθήσεται.

424 1108 635 1178 Ὠσπερ
664 1106 933 1177 βασιλέως
959 1104 1102 1167 τινὸς
1126 1102 1273 1157 κατὰ
1313 1101 1411 1159 τὰς
1440 1098 1681 1171 ψυχικὰς
1707 1097 2002 1161 διαθέσεις,

421 1200 551 1263 τοὺς
576 1199 668 1252 ὑπ’
689 1198 853 1252 αὐτὸν
876 1197 1178 1271 κρίνοντος,
1204 1194 1301 1248 καὶ
1319 1193 1440 1264 οὐχὶ
1461 1194 1604 1247 κατὰ
1630 1191 1731 1254 τὰς
1747 1188 2007 1260 φαινομέ-

423 1308 521 1355 νας
547 1290 724 1356 ἀξίας,
757 1288 865 1343 κᾶν
888 1286 1094 1341 τούτων
1127 1285 1476 1355 ὑπάρχοντας
1522 1283 1650 1346 τοὺς
1697 1282 1788 1335 ὑπ’
1841 1279 2007 1335 αὐτὸν

424 1381 727 1448 ἐνδεεῖς,τδ
760 1377 1041 1451 βασιλικὸν
1085 1376 1280 1430 τούτου
1327 1375 1570 1444 ἀξίωμα,
1594 1375 1732 1444 ὅπερ
1769 1375 1796 1427 ὁ
1818 1373 2010 1443 θρόνος

426 1472 750 1544 παραδηλοῖ,
789 1472 872 1534 είς
933 1470 1154 1539 ἔλεγχον
1197 1467 1352 1520 ἔσται
1380 1466 1493 1519 τῶν
1524 1482 1584 1518 τε
1624 1463 1873 1533 ἀγαθῶν,
1914 1464 2010 1518 καὶ

425 1568 538 1623 τῶν
573 1568 650 1639 μὴ
678 1565 958 1630 τοιούτων,
1013 1561 1157 1617 οὕτω
1186 1560 1283 1614 καὶ
1323 1558 1419 1613 τοῦ
1451 1558 1717 1628 ἡγεμόνος
1758 1554 1899 1629 [νοῦ]
1934 1555 2010 1626 μὴ

430 1659 569 1729 πρὸς
609 1657 679 1711 τὰ
712 1655 1017 1728 φαινόμενα
1070 1650 1268 1722 κάλλη,
1314 1649 1453 1704 ἀλλά
1509 1648 1649 1719 πρὸς
1703 1646 1776 1700 τὰ
1826 1646 2010 1716 ἀφανῆ

430 1747 748 1819 βλέποντος,
802 1747 898 1801 καὶ
949 1744 1020 1799 τὰ
1072 1743 1243 1805 ὅντως
1266 1740 1446 1810 ἀγαθά
1487 1738 1599 1793 τῶν
1638 1736 2014 1810 νομιζομένων

2184 914 2353 969 Vsus.
2392 914 2480 970 ﬂ.
2509 912 2665 984 Regis
2696 913 2750 967 in
2800 911 3025 966 veritate
3056 910 3383 980 judicanlts.
3408 927 3691 980 pauperes,

2111 1006 2257 1062 sedes
2299 1007 2413 1077 ejus
2462 1007 2517 1060 in
2557 1005 2918 1061 testimonium
2967 1005 3338 1061 constituetur.
3386 1004 3540 1060 Sicut
3601 1021 3696 1058 rex

2110 1097 2386 1175 subjectos
2404 1096 2610 1166 judicat
2633 1095 2855 1151 attentis
2881 1094 3076 1149 anima:
3091 1095 3560 1166 dispositionibus,
3589 1111 3695 1149 non

2111 1198 2337 1246 externa
2363 1189 2650 1262 dignitate,
2677 1189 2761 1244 vel
2789 1188 3106 1243 hominibus
3136 1203 3199 1242 ca
3233 1189 3468 1251 vestitis,
3505 1188 3596 1258 qui
3629 1188 3698 1242 ad

2114 1296 2175 1339 se
2196 1283 2443 1348 veniunt,
2471 1281 2639 1354 hujus
2662 1281 2807 1351 regis
2835 1280 3107 1337 sententia
3127 1295 3163 1351 ο,
3180 1282 3380 1335 throno
3396 1281 3697 1352 refulgens.

2114 1372 2244 1431 boni
2279 1383 2335 1431 et
2362 1375 2491 1429 mali
2535 1373 2642 1430 erit
2691 1373 2978 1429 indicium.
3016 1372 3089 1427 Ita
3119 1374 3337 1444 quando
3368 1374 3698 1437 intellectus,

2116 1485 2227 1542 quo
2252 1471 2533 1536 ducimur,
2568 1471 2637 1525 ad
2657 1471 2936 1534 latentem,
2973 1485 3083 1525 non
3115 1471 3180 1525 ad
3209 1482 3557 1540 apparentem
3584 1472 3704 1539 pul-

2120 1562 2497 1618 chritudinem
2532 1563 2759 1634 respicit
2789 1571 2844 1616 et
2874 1577 3002 1617 vere
3040 1563 3181 1616 bona
3224 1562 3496 1617 illusoriis
3562 1577 3702 1631 pm!-

2120 1653 2293 1721 ponit,
2331 1652 2472 1709 liber
2486 1664 2570 1708 est
2603 1668 2633 1707 a
2658 1652 3012 1731 passionibus
3034 1654 3208 1723 gratia
3238 1652 3478 1724 Spiritus
3500 1657 3701 1713 sancti.

2121 1750 2177 1798 et
2209 1744 2402 1815 recipit
2455 1744 2637 1801 lutnen
2676 1745 2743 1799 ad
2796 1745 3162 1815 iudicandum
3220 1746 3363 1800 inter
3413 1748 3615 1801 bonum
3650 1756 3705 1799 ct

431 1839 844 1913 προκρίνοντος,
895 1840 929 1908 ή
978 1836 1123 1891 κατά
1173 1834 1286 1888 τῶν
1319 1831 1515 1887 παθῶν
1541 1830 1762 1899 ἐξουσία
1790 1830 2008 1897 τούτου,
2037 1826 2087 1885 Β
2114 1836 2341 1891 malum.

432 1936 555 2007 ήτις
581 1932 675 1987 τοῦ
704 1931 972 2000 παναγίου
1017 1926 1340 1998 Πνεύμᾳτος
1357 1924 1521 1996 χάρις
1550 1924 1669 1977 ἐστὶ
1732 1922 1850 1990 φῶς
1911 1923 2235 1995 ὑπάρχουσα
2287 1926 2573 1996 γνώσεως
2600 1928 2781 1997 λόγοις
2861 1925 3269 1990 διδασκαλικοῖς
3318 1928 3582 1998 διελέγξει
3645 1933 3707 1985 τό

432 2043 491 2081 τε
516 2025 742 2095 ἀγαθὸν,
782 2025 876 2078 καὶ
913 2022 974 2075 τὸ
1001 2020 1260 2089 πονηρόν.

504 2089 590 2175 te".
616 2117 848 2188 11.1mm
876 2115 991 2177 και
1012 2115 1253 2183 ἔλεγχοι
1302 2111 1538 2165 διδόασι
1590 2089 1817 2179 degatur
1837 2124 1851 2140 ο
1873 2110 2015 2177 παῖς

431 2213 501 2268 δὲ
518 2210 932 2280 πλανώμενος,
959 2204 1239 2275 αίσχύνει
1267 2201 1465 2273 γονεῖς
1503 2200 1710 2256 αὐτοῦ.
1740 2201 2017 2273 Τιμωρίαι

434 2303 539 2372 υἱῷ
580 2301 803 2363 πάντως
866 2296 1020 2369 παρὰ
1067 2294 1276 2365 πατρὸς
1327 2293 1693 2363 ἐπαγόμεναι,
1744 2294 1839 2345 καὶ
1869 2293 2018 2362 λόγοι

441 2393 581 2464 μετὰ
604 2389 919 2461 παρρησίας
940 2385 1304 2457 φανεροῦντε..
1333 2385 1403 2437 τὰ
1429 2384 1579 2438 αἴτια
1600 2383 1711 2436 τῶν
1732 2383 2016 2454 τιμωριῶν

440 2482 865 2555 ἀμαρτήματα,,
886 2478 980 2532 καὶ
1008 2474 1474 2546 καταισχύνοντες
1501 2476 1664 2529 αὐτὸν
1699 2475 1836 2545 πρὸς
1871 2474 2016 2546 διόρ-

440 2571 626 2636 θωσιν,
659 2568 920 2640 ἀληθείας
977 2566 1180 2636 γνῶσιν
1217 2566 1394 2636 τούτῳ
1441 2563 1747 2636 χαρίζεται.
1787 2563 1913 2629 Υίδς
1935 2563 2015 2630 δὲ,

438 2661 539 2730 τῆς
569 2657 826 2729 ἀληθείας
882 2653 1373 2725 ἀποπλανώμενος,
1397 2653 1491 2707 καὶ¹
1522 2652 1634 2708 τῶν
1676 2652 1846 2718 ὅντως
1874 2654 2016 2722 ἀγα-

441 2750 549 2807 θῶν
569 2749 637 2804 τὰ
664 2748 998 2820 νομιζόμενα
1028 2745 1477 2817 προτιμώμενος,
1527 2746 1593 2798 ἐκ
1621 2744 1718 2798 τοῦ
1752 2745 2019 2816 πράττειν

440 2844 509 2899 τά
536 2843 845 2915 παράλογα,
873 2841 1002 2904 τοὺς
1062 2838 1226 2902 ίδίους
1274 2838 1629 2909 καταισχύνει
1661 2839 2018 2909 γεννήτορας,

443 2938 657 2993 πολλῶν
720 2935 982 3008 μέμψεων
1056 2931 1271 2995 τούτοις
1333 2932 1596 3003 ὑπάρχων
1695 2932 2020 3002 παραίτιοςο

445 3031 634 3102 ἐπειδὴ
670 3031 745 3102 μὴ
776 3028 876 3101 τῆς
909 3024 1298 3107 προσηκούσης
1321 3024 1571 3089 παιδείας
1598 3022 1866 3095 τετύχηκε
1890 3024 2023 3094 παρ’

446 3140 649 3176 αυτων.
942 3170 945 3171 ,

464 3252 472 3258 .
522 3214 607 3279 ιζ’.
639 3211 895 3269 Πολλῶν
930 3212 1121 3265 όντων
1162 3207 1419 3274 ἀσεϐῶν,
1480 3205 1704 3262 πολλαί
1756 3207 2025 3277 γίνονται

447 3304 721 3372 ἁμαρτίαι
736 3320 750 3334 ο
787 3304 842 3355 οι
857 3301 926 3354 δὲ
945 3300 1180 3362 δίκαιοι,
1205 3298 1456 3353 ἐκείνων
1474 3297 1833 3360 πιπτόντων,
1845 3292 2027 3350 κατά-

444 3396 618 3464 φοϐοι
644 3394 927 3463 γίνονται.
983 3391 1106 3445 Τῶν
1154 3389 1365 3444 πολλῶν
1424 3389 1501 3461 μή
1550 3389 1619 3444 δι’
1656 3387 2024 3458 ἀγαθοεργίας

446 3483 731 3555 τιμώντων
764 3476 917 3547 θεὸν,
968 3481 1140 3534 πολλὰ
1193 3481 1367 3549 τούτῳ
1407 3481 1481 3551 μὴ
1510 3479 1815 3552 ἀρέσκοντα
1850 3479 2026 3551 πράτ-

444 3591 664 3629 τονται·
716 3574 941 3639 τούτους
988 3572 1045 3626 δὲ
1109 3574 1158 3626 oi
1236 3573 1545 3643 ἀμέμπτως
1617 3572 2026 3642 πολιτευόμενοι

449 3665 728 3728 ἐλεοῦντες
772 3664 868 3718 τοῦ
931 3662 1246 3734 πτώματος,
1303 3661 1533 3725 ἑαυτοὺς
1589 3660 1668 3732 τῷ
1711 3661 1841 3732 θείῳ
1876 3661 2028 3732 φόϐῳ

447 3756 972 3826 κατασφαλίζονται,
1022 3752 1165 3807 ὥστε
1225 3752 1303 3824 μὴ
1330 3752 1442 3816 τοῖς
1487 3750 1696 3821 ὁμοίοις
1726 3751 2024 3823 περιπέσῃ.

524 3846 610 3914 ιζ’.
637 3845 890 3901 Παίδευε
915 3847 1052 3900 υίόν
1102 3861 1242 3911 σου,
1275 3843 1373 3898 καὶ
1407 3843 1747 3898 ἀναπαύσει
1780 3856 1888 3897 σε’
1924 3834 2042 3900 καί⁶

448 3935 626 3992 δώσει
651 3936 885 4007 κόσμον
934 3933 1011 4004 τῇ
1058 3933 1232 4003 ψυχῇ
1262 3951 1402 3987 σου.
1437 3933 1573 4002 Ἄγε
1616 3931 1708 3986 τὸν
1733 3931 1826 3986 σὸν
1861 3931 2029 3987 παῖδα.

447 4024 809 4097 ψυχωφελῶς,
839 4026 904 4080 ἄν
925 4041 984 4077 τε
1012 4024 1274 4095 σαρκικὸς
1308 4022 1415 4093 εἵη,
1441 4022 1509 4077 ἄν
1540 4038 1601 4076 τε
1635 4021 2027 4094 πνευματικὸς,

450 4116 677 4185 ἀγνοίας
702 4117 799 4170 καὶ
828 4116 1034 4178 κακίας
1059 4115 1334 4177 ἐπιπόνως
1390 4114 1671 4184 καθαίρων
1697 4114 1894 4169 αὐτόν’
1934 4113 2031 4167 καὶ
2085 4114 2088 4118 ’

446 4209 784 4281 θεραπεύσει
811 4225 892 4272 σε,
926 4207 1154 4279 πληρῶν
1207 4206 1269 4260 τὸ
1300 4206 1405 4260 ἐπ’-
1441 4206 1591 4278 αὐτῷ
1621 4208 1691 4261 τὰ
1718 4208 1818 4279 τῆς
1848 4207 2030 4280 ψυχῆς

452 4321 547 4356 σου
571 4302 890 4373 βουλήματα
914 4316 927 4330 ο
972 4301 1067 4354 καὶ
1121 4298 1394 4371 προσάψει
1445 4298 1585 4370 αὐτῇ
1639 4298 1715 4362 ὡς
1744 4299 1896 4372 αίτίᾳ
1929 4300 2029 4372 τὴν

452 4395 538 4463 ἐφ’
572 4392 751 4464 ἐαυτῷ
779 4391 1055 4461 ποικιλίαν
1078 4390 1187 4444 τῶν
1222 4390 1457 4461 ἀρετῶν.

528 4491 618 4556 ιη’.
648 4487 730 4539 οὐ
745 4486 832 4555 μὴ
864 4484 1103 4553 ὑπάρξῃ
1142 4481 1447 4554 ἐξηγητὴς
1478 4482 1637 4537 ἔθνει
1663 4482 1988 4552 παρανόμῳ
2012 4499 2027 4515 ο

454 4578 488 4630 ό
509 4574 578 4629 δὲ
598 4574 936 4645 φυλάσσων
958 4574 1066 4629 τὸν
1089 4576 1297 4643 νόμον,
1312 4576 1704 4643 μακαριστός.
1738 4573 1853 4626 οὐκ
1877 4571 2031 4626 ἔσται

454 4663 731 4737 ἑρμηνεὺς
783 4662 892 4717 τῶν
952 4666 1203 4737 νομίμων
1276 4663 1496 4727 πάντως
1541 4663 1891 4734 διδαγμάτων
1934 4662 2031 4717 τοῦ

454 4756 796 4827 Πνεύματος,
831 4755 947 4826 λαῷ
971 4756 1085 4809 ἔθει
1121 4756 1323 4820 κακίας
1346 4755 1441 4809 καὶ
1471 4754 1668 4826 ἀγνοίᾳ
1696 4754 2030 4819 δουλεύοντι,

453 4843 550 4902 κάι
582 4845 828 4918 μηδόλως
872 4829 1305 4919 παραδεχομένῳ
1332 4846 1425 4899 τὸν
1455 4847 1619 4916 νόμον
1647 4844 1743 4899 τοῦ
1777 4844 2033 4916 Πνεύμα-

452 4957 545 5004 τος
566 4954 580 4968 ·
604 4939 655 4993 oi
687 4941 794 5010 γάρ
844 4937 921 5009 μὴ
969 4937 1163 4992 τοῦτον
1190 4937 1644 5010 παραδεχόμενοι,
1681 4938 1783 4991 οὐκ
1814 4937 1878 4991 ἂν
1909 4935 2034 5008 δεη-

454 5030 597 5084 θεῖεν
628 5030 731 5100 τῆς
762 5029 928 5083 αὐτοῦ
963 5027 1279 5100 ἐξηγήσεως
1297 5046 1313 5061 ο
1333 5029 1421 5081 ἴνα
1443 5029 1539 5083 καὶ⁵
1563 5027 1839 5099 ἐξηγητὴν
1864 5028 2033 5082 αὐτοῦ

455 5122 672 5189 ἕξουσι*
707 5122 789 5176 διὸ
812 5121 875 5175 τὸ
903 5120 1094 5185 σκότος
1136 5122 1237 5191 τῆς
1267 5120 1496 5191 ἀγνοίας
1524 5120 1926 5193 περικείμενοι,
1954 5120 2035 5192 τῷ

453 5216 659 5287 ὀλέθρῳ
682 5216 781 5285 τῆς
814 5213 1011 5278 κακίας
1040 5215 1464 5285 περιπίπτουσιν
1484 5231 1500 5246 ⁸
1530 5214 1589 5278 ὃς
1615 5214 1673 5268 δέ
1693 5213 1803 5267 τῶν
1825 5212 2036 5284 ἀνθρὼ-

454 5322 598 5371 πων,
628 5307 719 5361 τδν
755 5305 995 5360 τοιοῦτον
1024 5306 1190 5376 νόμον
1206 5306 1384 5377 τηρεῖ,
1418 5304 1724 5376 ἀνώλεθρός
1754 5307 1925 5371 ἐστιν,
1956 5305 2034 5368 ὡς

451 5396 531 5467 τῷ
552 5397 769 5475 θανάτῳ
798 5398 896 5467 τῆς
927 5397 1201 5469 ἁμαρτίας
1226 5398 1523 5462 ἀνάλωτος.

527 5487 614 5542 ιθτ.
639 5490 940 5559 Λόγοιςού
959 5489 1429 5556 παιδευθήονεται
1454 5488 1694 5557 οἰκέτης
1718 5489 1989 5556 σκληρός
2014 5502 2028 5516 ’

448 5581 553 5635 ἐὼν
588 5580 700 5652 γὰρ
726 5582 825 5636 καί
842 5581 1062 5651 νοήσῃ,
1088 5583 1227 5638 ἀλλ’
1239 5584 1351 5651 οὐχ
1382 5580 2031 5650 ὑπακούσεται.Ὢσπερ

452 5672 639 5743 μόνοις
670 5674 884 5747 ῥήμασι
922 5676 1278 5742 σκωπτικοίς,
1307 5673 1496 5737 δοῦλος
1534 5672 1768 5745 ἀπειθὴς
1790 5672 1854 5725 οὐ
1883 5671 2033 5743 διορ-
2072 5690 2077 5695 ·

2196 2109 2361 2166 Vens.
2398 2111 2485 2166 15.
2516 2110 2699 2182 Plaga:
2735 2119 2787 2165 et
2822 2112 3172 2179 correptiones
3195 2112 3326 2167 dant
3364 2114 3703 2183 sapientiam,

2122 2219 2251 2271 puer
2288 2213 2466 2257 autem
2510 2219 2698 2257 errans
2728 2203 3008 2273 confundit
3038 2213 3286 2271 parentes
3316 2221 3464 2259 suos.
3525 2206 3708 2261 Poena:

2122 2309 2246 2364 qua:
2308 2293 2470 2347 ﬁlioa
2528 2302 2681 2363 patre
2710 2293 3050 2364 inlligcntnr,
3088 2302 3143 2348 et
3174 2309 3464 2350 sermones
3506 2297 3708 2368 quibus

2126 2384 2303 2441 libere
2358 2384 2790 2439 nianifcstantur
2849 2395 3072 2454 peccata
3114 2386 3295 2455 poenis
3350 2384 3538 2457 digna,
3571 2405 3708 2453 quo.

2123 2491 2357 2547 rumque
2385 2477 2594 2547 pudore
2643 2476 2710 2531 ad
2760 2477 3203 2533 emendationem
3254 2478 3498 2545 ducitur,
3564 2482 3709 2538 hunc

2124 2568 2192 2625 ad
2223 2569 2663 2639 cognoscendam
2697 2570 2988 2624 veritatem
3023 2569 3308 2625 erudiunt.
3346 2568 3518 2627 Filius
3568 2588 3701 2626 vero

2123 2663 2218 2733 qui
2248 2674 2455 2719 errata
2482 2664 2739 2729 veritate,
2768 2663 2860 2732 qui
2905 2663 3048 2720 veris
3082 2663 3224 2718 falsa
3273 2648 3522 2734 prtefert,
3579 2681 3704 2720 cum

2127 2755 2328 2825 injusta
2384 2755 2597 2821 fecerit,
2649 2757 2769 2811 suis
2818 2755 3147 2826 parentibus
3206 2756 3436 2826 pudoris
3499 2757 3707 2813 multo-

2130 2863 2364 2917 rumque
2390 2849 2788 2917 vituperiorum
2816 2863 2985 2905 causa
3003 2844 3128 2916 erit,
3165 2863 3195 2903 a
3233 2850 3434 2920 quibus
3488 2850 3709 2922 dignam

2136 2937 2483 3009 disciplinam
2517 2954 2628 2994 non
2662 2939 2894 3010 accepit.

2200 3204 2367 3261 Vsus.
2405 3204 2490 3262 i6.
2527 3205 2663 3262 Cum
2702 3206 2860 3260 multi
2878 3217 3001 3261 sunt
3034 3206 3207 3277 impii,
3240 3207 3408 3260 multa
3439 3217 3562 3262 sunt
3590 3224 3715 3278 pec-

2128 3302 2285 3358 cata;
2320 3292 2463 3362 justi
2526 3301 2726 3358 autem,
2765 3292 2876 3347 illis
2912 3293 3249 3359 cadentibus,
3321 3295 3497 3349 timidi
3550 3296 3709 3365 ﬁunt.

2127 3381 2261 3437 Cum
2317 3381 2472 3435 multi
2529 3391 2661 3438 sunt
2722 3382 2816 3452 qui
2850 3379 3020 3438 Deum
3060 3383 3334 3453 operibus
3391 3385 3551 3441 bonis
3604 3402 3711 3440 non

2127 3474 2429 3539 honorant,
2460 3475 2644 3527 multa
2683 3474 2821 3529 llum
2844 3489 2967 3546 qua!
2995 3464 3075 3529 illi
3107 3474 3428 3547 displicent.
3462 3476 3709 3544 Quorum

2128 3560 2291 3620 éasus
2321 3578 2446 3619 cum
2478 3564 2818 3620 miserentur
2846 3560 3101 3624 homines
3132 3564 3333 3635 sancti,
3372 3570 3567 3626 timore
3618 3570 3712 3627 Dei

2127 3657 2454 3714 muniuntur
2474 3670 2542 3713 ne
2569 3659 2626 3715 in
2644 3659 2842 3714 similia
2874 3660 3138 3717 incidant.

2202 3840 2367 3896 Vens.
2400 3840 2491 3894 17.
2526 3837 2701 3894 Erudi
2736 3838 2911 3908 ﬁlium
2961 3846 3132 3907 tuum,
3162 3849 3212 3896 et
3257 3830 3491 3911 requiem
3560 3844 3709 3898 dabit

2130 3933 2244 4000 tibi,
2276 3942 2328 3989 et
2364 3934 2515 3989 dabit
2554 3942 2801 3988 ornatum
2852 3933 3045 3989 anima:
3111 3934 3234 3989 tute.
3284 3931 3404 3989 Filii
3468 3936 3547 3990 tui
3597 3936 3714 3993 sive

2128 4026 2390 4092 carnalis,
2408 4027 2525 4085 sive
2542 4025 2845 4096 spiritualis
2863 4029 3104 4081 animum
3127 4025 3328 4097 dirige;
3349 4025 3711 4097 ignorantiam

2128 4122 2184 4172 et
2209 4116 2504 4187 nequitiam
2538 4116 2605 4171 ab
2635 4130 2702 4170 eo
2736 4116 2977 4172 studiose
3002 4115 3225 4187 repelle,
3265 4126 3320 4172 ct
3384 4117 3476 4173 ille
3527 4126 3580 4173 te
3626 4135 3715 4174 re-

2129 4207 2428 4272 vercbitur,
2456 4207 2710 4264 adductis
2764 4209 2821 4262 in
2865 4208 3101 4278 praxim,
3134 4216 3401 4278 quantum
3434 4210 3487 4264 in
3510 4226 3570 4268 se
3608 4221 3713 4273 est.

2132 4299 2329 4355 anima:
2354 4306 2464 4354 tua;
2495 4299 2766 4361 consiliis.
2800 4300 2888 4354 cui
2919 4309 2980 4354 ut
3020 4303 3256 4371 propriae
3292 4316 3473 4358 causa:
3502 4304 3714 4375 copiam

2062 4416 2108 4474 Β
2133 4405 2358 4449 suarum
2381 4391 2645 4447 virtutum
2684 4392 2968 4447 attribuet.

2203 4482 2373 4541 Vens.
2412 4483 2496 4538 18.
2541 4482 2662 4538 Νοη
2687 4484 2786 4540 erit
2816 4484 3067 4554 propheta
3097 4485 3237 4556 genti
3291 4486 3507 4557 iniqua,
3535 4476 3713 4544 custo-

2132 4577 2280 4631 aiens
2336 4584 2515 4632 autem
2560 4579 2720 4647 legem
2782 4577 3139 4633 beatissimus.
3186 4576 3512 4650 Prophetam
3547 4580 3717 4652 aquo

2131 4669 2305 4741 legem
2329 4667 2571 4740 Spiritus
2591 4668 2874 4737 doceatur,
2895 4685 3005 4725 non
3030 4669 3256 4726 habebit
3279 4668 3716 4743 populus‘pravis

2133 4761 2412 4818 habilibus
2471 4770 2526 4817 et
2584 4762 2761 4817 errori
2808 4762 3074 4824 serviens,
3150 4763 3434 4836 legemque
3479 4764 3716 4836 Spiritus

2136 4851 2360 4907 minime
2427 4853 2743 4922 recipiens;
2803 4852 2899 4922 qui
2959 4852 3107 4907 enim
3178 4853 3322 4909 hanc
3377 4845 3550 4926 legem
3609 4858 3715 4912 non

2132 4943 2430 5014 recipiunt,
2491 4959 2611 4999 eam
2671 4945 2776 5000 sihi
2825 4944 3090 5013 explicari
3149 4960 3255 5001 non
3324 4936 3624 5016 postulant,
3658 4960 3719 5004 ut

2134 5036 2458 5106 prophetam
2480 5034 2776 5105 accipiant;
2802 5044 2855 5089 et
2877 5035 2956 5090 sic
2998 5037 3230 5091 involuti
3258 5030 3502 5095 tenebris
3560 5055 3717 5095 erro-

2134 5140 2256 5179 rum
2296 5125 2352 5180 in
2409 5125 2673 5197 abyssum
2736 5126 3005 5182 malorum
3067 5128 3341 5184 incidunt".
3376 5130 3470 5186 Ille
3534 5143 3717 5189 autem

2139 5218 2305 5273 homo
2369 5218 2463 5289 qui
2517 5219 2689 5289 legem
2725 5228 2954 5283 servat,
2988 5220 3321 5278 immortalis
3371 5234 3476 5293 est,
3531 5236 3720 5297 utpote

2136 5320 2315 5368 morte
2342 5314 2552 5383 peccati
2583 5327 2693 5367 non
2725 5312 3119 5371 absumendus.

2212 5487 2376 5545 Vsus.
2415 5488 2499 5544 i9.
2548 5488 2727 5545 Verbis
2751 5508 2857 5545 non
2875 5490 3144 5545 erudietur
3162 5507 3340 5547 servus
3366 5493 3570 5559 durus;
3598 5513 3722 5549 nam

2135 5580 2235 5633 etsi
2258 5579 2605 5646 intellexerit,
2652 5599 2756 5636 non
2793 5593 2972 5637 tamen
3021 5582 3218 5636 audiet.
3252 5582 3723 5650 Quemadmodum

2136 5671 2317 5727 verbis
2337 5672 2547 5743 jocosis
2594 5688 2787 5732 servus
2827 5674 3083 5733 indocilis
3134 5690 3245 5733 non
3273 5675 3552 5747 dirigitur,
3596 5693 3721 5734 nam
