3950 6206
494 377 628 445 1521
1523 385 2059 452 COMMENTARII
2092 392 2173 454 IN
2233 395 2691 459 PROYERBIA.
3613 390 3755 458 152?.

488 487 934 583 φανερωθέντες,
954 492 1021 563 τῇ
1049 494 1179 566 παρ’
1199 492 1505 567 ἀνθρώπων
1522 498 1879 573 προσηκούσῃ
1906 518 2069 572 τιμω‹

2184 520 2322 572 mus,
2361 507 2584 565 noluisti
2618 509 2910 566 imminens
2942 508 3107 564 menti
3133 516 3185 562 et
3207 507 3425 578 corpori
3451 506 3760 576 periculum

492 582 609 653 ρὲα,
642 581 740 635 καὶ
776 581 1009 654 αἰσχύνῃ
1049 583 1397 651 ύποπέσοιεν,
1430 586 1793 658 ἠπατήθησαν
1817 602 1830 616 ⁸
1852 589 1941 643 διὰ
1971 589 2069 661 τὴν

2185 596 2445 668 eii‘ugere.
2480 598 2584 666 Qui
2620 607 2802 656 autem
2842 599 3069 656 conlidit
3106 600 3160 653 in
3208 597 3320 653 Deo
3364 596 3762 667 omnipotenti,

487 672 790 745 είρημένην
809 674 1011 740 αίτίαν,
1045 675 1139 729 τὸν
1190 677 1553 748 ἀποκείμενον
1607 679 1793 745 αὐτοῖς
1842 680 2069 763 ψυχικόν

2184 688 2593 761 humanumque
2624 692 2877 749 timorem
2910 691 3147 763 spernit,
3184 691 3463 746 latabitur
3521 701 3763 745 securus

495 780 548 854 ιε
574 765 670 854 καὶ
687 766 1003 854 σωματικὸν
1033 767 1276 824 κίνδυνον
1304 771 1566 840 ἐκφυγεῖν
1612 772 1687 843 μὴ
1720 762 2068 845 θελήσαντες.

2184 794 2209 834 a
2246 781 2492 850 pernicie
2520 783 2724 839 mentis
2756 792 2812 839 et
2842 762 3094 854 corporis
3123 801 3137 837 :
3171 782 3265 851 qui
3306 783 3451 838 enim
3507 777 3758 835 nonduin

497 848 629 944 Ὀδέ
677 852 898 925 θαρρῶν
955 858 1049 911 ἐπὶ
1097 859 1177 931 τῷ
1235 861 1631 934 παντοδυνάμῳ
1675 863 1937 935 Θεῷ,καὶ
1971 865 2068 920 τοῦ

2184 848 2471 929 convictus
2528 888 2691 929 suum
2758 848 3041 944 peccat-unt
3098 848 3413 933 confitetur,
3454 884 3566 923 non
3593 866 3760 921 modo

488 942 833 1015 ἀνθρωπίνου
865 947 1031 1015 φόϐου
1067 950 1447 1022 καταφρονῶν,
1478 954 1780 1024 χαρήσεται
1797 955 1897 1025 τῆς
1925 956 2065 1011 κατά

2184 964 2481 1034 ερίτίιυειεῖ
2518 964 2616 1022 sed
2672 942 2837 1023 etiam
2881 965 3161 1036 corporale
3197 962 3496 1035 periculum
3537 961 3580 1015 si
3609 959 3760 1012 acci-

485 1034 667 1106 ψυχὴν
699 1038 793 1091 καὶ
820 1039 981 1109 σῶμα
1006 1040 1212 1110 βλάϐης
1236 1043 1572 1114 ἀπαλλαγείς
1604 1059 1621 1075 ⁸
1645 1045 1739 1100 καὶ
1755 1046 1865 1117 γάρ
1893 1047 1922 1100 ὁ
1958 1048 2065 1121 πρὸ

2184 1047 2330 1114 ierit,
2360 1051 2569 1107 vitabit.

486 1128 596 1184 τῶν
637 1129 878 1200 ἐλέγχων
914 1131 975 1185 τδ
1002 1133 1203 1188 οίκεῖον
1222 1135 1530 1207 ἁμάρτημα
1550 1135 2068 1209 ἐξομολογούμενος,
2104 1138 2166 1193 ού
2193 1141 2354 1211 μόνον
2385 1142 2479 1197 τοῦ
2500 1142 2733 1216 ψυχικοῦ
2756 1144 3026 1209 κινδύνου,
3061 1143 3195 1198 ἀλλά
3238 1142 3334 1196 καὶ
3406 1137 3503 1194 τοῦ
3564 1156 3759 1212 σωμα-

488 1220 665 1287 τικοῦ,
694 1222 745 1275 εί
778 1222 1089 1294 πρόκειται,
1113 1226 1537 1282 ἀπαλλάττεται.

570 1313 832 1368 Ἇσέὄεια
852 1314 1026 1384 ἀνδρί
1076 1316 1289 1372 δίδωσι
1321 1318 1575 1390 σφάλμα
1598 1338 1613 1354 ο
1654 1320 1724 1388 ὃς
1762 1321 1832 1375 δὲ
1874 1322 2069 1378 πέποι·

2243 1326 2498 1397 Impietas
2530 1328 2641 1384 viro
2685 1328 2779 1382 dat
2816 1328 3229 1398 prolapsionem;
3264 1328 3355 1397 qui
3387 1336 3560 1380 autem
3593 1325 3751 1391 con/i-

489 1410 598 1461 θεν
620 1405 722 1460 ἐπὶ
740 1403 821 1472 τῷ
847 1409 1144 1478 Δεσπότῃ,
1175 1410 1538 1479 σωθήσεται.
1569 1412 1643 1466 Τὸ
1674 1412 1751 1485 μὴ
1780 1415 1957 1486 τιμᾷν
1983 1415 2069 1469 τὸν

2184 1420 2250 1474 iit
2274 1420 2329 1473 in
2364 1419 2615 1482 Domino,
2640 1419 2958 1475 saleabitur.
2992 1419 3047 1475 Si
3072 1422 3198 1490 quis
3229 1418 3398 1474 Deum
3437 1432 3543 1471 non
3580 1417 3757 1469 hono-

488 1495 644 1560 Θεὸν,
684 1498 742 1550 ἐν
769 1494 849 1568 τῷ
875 1498 950 1568 μὴ
973 1499 1290 1571 προκρίνειν
1312 1502 1537 1557 πάντων
1560 1503 1657 1575 τὴν
1685 1503 1852 1558 αὑτοῦ
1879 1503 2069 1577 εὐαρέ-

2184 1518 2278 1576 rat,
2335 1525 2531 1581 nempe
2583 1512 2631 1569 si
2682 1511 3085 1580 beueplacitum
3137 1508 3259 1577 eius
3315 1509 3468 1564 omni
3527 1507 3604 1561 rei
3643 1521 3752 1561 nun

494 1604 705 1657 στησιν.
742 1588 881 1660 μηδέ
914 1588 1139 1661 θαρρεῖν
1168 1591 1256 1644 ἐπ’
1303 1591 1455 1663 αύτῷ
1483 1595 1541 1647 ἐν
1577 1596 1712 1648 πᾶσι
1740 1588 1854 1658 τοῖς
1891 1596 2069 1665 ἐγχει-

2184 1600 2461 1670 praeponit,
2520 1600 2567 1657 si
2620 1616 2729 1656 non
2792 1601 2848 1655 in
2899 1600 3156 1656 omnibus
3210 1599 3329 1655 suis
3386 1588 3758 1666 ineeptis'illu

494 1678 761 1749 ρήμασιν,
791 1677 1048 1751 προξενεῖ
1064 1680 1142 1752 τῷ
1173 1682 1319 1737 κατά
1362 1682 1596 1753 θεωρίαν
1634 1684 1894 1756 ἢπρᾶξιν
1935 1702 2069 1756 καρ-

2184 1689 2585 1761 cupidissimus
2634 1691 3012 1763 intelligentia:
3067 1698 3122 1747 et
3183 1689 3405 1768 virtutis
3460 1694 3642 1741 mente
3701 1693 3755 1740 et

490 1769 665 1841 τερῶς
712 1770 1100 1842 ἐπιχειροῦντι,
1144 1774 1347 1841 γνῶσιν
1393 1774 1427 1845 ἢ
1470 1776 1674 1847 ἀρετὴν
1726 1776 2061 1848 κατορθοῦν,

2184 1781 2447 1849 voluntate
2478 1782 2961 1853 acquirendarum,
3002 1798 3033 1838 a
3064 1798 3193 1838 vero
3220 1788 3275 1837 et
3297 1782 3439 1837 bono
3462 1777 3697 1838 decidet,
3726 1793 3757 1831 a

492 1863 939 1934 παρασφαλῆναι,
980 1864 1090 1919 εἴτε
1116 1866 1214 1936 τῆς
1243 1866 1524 1937 ἀληθείας,
1557 1867 1667 1922 εἴτε
1694 1868 1789 1922 τοῦ
1819 1867 2025 1937 ἀγαθοῦ
2055 1883 2069 1899 ⁸

489 1955 591 2025 τῆς
619 1956 739 2025 μὲν,
800 1958 961 2027 είπερ
1007 1958 1092 2027 είη
1135 1959 1198 2012 τὸ
1248 1959 1557 2031 ἐγχείρημα
1603 1960 1956 2030 θεωρητικὸν,
1988 1961 2072 2013 ὅτι

488 2046 641 2108 τέλος
672 2047 706 2117 ἠ
737 2045 964 2116 ἀλήθεια
1010 2048 1123 2101 τῶν
1167 2050 1460 2117 γνωστῶν,
1508 2049 1586 2112 ὡς
1625 2049 1896 2120 ἀλάθητον
1928 2066 2072 2118 γνω-

489 2137 616 2191 στὸν
635 2152 649 2168 ·
680 2138 773 2191 τοῦ
804 2139 880 2202 δὲ,
912 2140 1073 2211 εἴπερ
1117 2142 1235 2194 ἐστὶ
1298 2142 1624 2213 πρακτικὸν,
1662 2143 1744 2197 ὅτι
1778 2141 1931 2206 τέλος
1960 2142 2069 2196 τῶν

488 2230 814 2302 πρακτικῶν
865 2232 927 2286 τὸ
994 2233 1219 2301 ἀγαθὸν,
1269 2234 1345 2300 ὡς
1395 2235 1624 2306 ἔσχατον
1662 2237 1923 2307 ὀρεκτόν·
1953 2238 1983 2290 ὁ
2009 2236 2069 2291 δὲ

488 2318 710 2389 θαρρῶν
747 2319 842 2371 ἐπὶ
862 2318 940 2390 τῷ
992 2320 1304 2390 κυριεύοντι
1351 2323 1570 2376 πάντων
1607 2324 1752 2394 Θεῷ,
1778 2324 1854 2388 ὡς
1875 2325 2071 2380 τοῦτον

488 2408 547 2460 ἐν
574 2406 750 2461 ἅπασι
806 2408 1114 2477 προτιμῶν,
1174 2410 1270 2463 καὶ
1300 2410 1547 2466 σπεύδων
1594 2413 1689 2467 ἐπὶ
1733 2415 1871 2468 πᾶσι
1896 2414 2072 2487 τούτῳ

490 2497 828 2569 εὐαρεστεῖν,
873 2499 1120 2571 μετάσχῃ
1146 2499 1254 2573 τῶν
1282 2501 1424 2571 ὑπὲρ
1444 2501 1612 2571 φύσιν
1638 2504 1801 2557 αὑτοῦ
1831 2504 2073 2577 δωρεῶν,

490 2591 625 2661 ὅπερ
652 2590 728 2654 ὡς
756 2590 994 2655 πίστεως
1025 2591 1181 2656 τέλος
1199 2593 1443 2665 σωτηρία
1476 2594 1614 2660 ἐστὶ,
1638 2597 1819 2650 πᾶσαν
1840 2596 2071 2665 ἄγνοιαν

416 2720 419 2723 -
490 2682 583 2736 καὶ
608 2680 804 2735 κακίαν
825 2680 1121 2750 διαφυγὼν,
1158 2677 1355 2752 οἷάπερ
1400 2684 1476 2755 μὴ
1505 2685 1891 2758 διαμαρτήσας
1907 2686 2065 2753 Θεοῦ,

489 2771 625 2827 ἀλλά
654 2772 793 2827 κατά
824 2772 1029 2841 γνῶσιν
1079 2772 1174 2827 καὶ
1227 2772 1430 2844 ἀρετὴν
1460 2773 1654 2829 τούτου
1685 2775 1982 2845 ἐπιτυχὼν,
2006 2778 2066 2841 ὃς

489 2864 637 2918 ἐστιν
669 2866 704 2935 ἡ
739 2862 967 2934 ἀλήθεια
994 2863 1090 2918 καλ⁸
1112 2862 1172 2917 τὸ
1196 2863 1398 2933 ἀγαθόν
1418 2881 1433 2895 ·
1462 2865 1525 2919 τὸ
1585 2866 1683 2938 μὲν
1710 2868 1840 2921 ὅταν
1870 2868 1935 2922 ἐκ
1964 2867 2067 2937 τῆς

2180 1887 2313 1927 vero
2339 1873 2583 1942 quidem,
2603 1873 2649 1928 si
2687 1874 2931 1930 scientia:
2954 1875 3144 1938 instat,
3175 1873 3303 1943 quia
3328 1872 3448 1925 linis
3480 1869 3647 1926 studii
3674 1877 3760 1925 est

2177 1964 2400 2025 veritas,
2426 1970 2481 2016 et
2498 1960 2639 2017 Deus
2667 1971 2752 2018 est
2765 1964 3073 2018 necessaria
3089 1964 3314 2026 veritas;
3334 1976 3361 2013 a
3387 1958 3613 2021 bono,si
3638 1975 3763 2028 aga-

2178 2059 2269 2104 tur
2290 2049 2358 2105 de
2384 2051 2623 2114 aetihus,
2654 2051 2779 2120 quia
2817 2050 2939 2107 linis
2968 2060 3125 2106 actus
3162 2061 3243 2107 est
3281 2051 3506 2113 bonum,
3528 2055 3581 2103 et
3618 2046 3760 2104 Deus

2176 2150 2260 2197 est
2287 2155 2604 2213 supremum
2650 2132 3016 2212 honum.°Qui
3049 2151 3228 2200 autent
3279 2142 3501 2199 conlidit
3548 2143 3602 2195 in
3648 2139 3755 2194 Deo

2176 2233 2812 2304 omnipotenti,eumque
2834 2234 2888 2289 in
2924 2234 3070 2288 omni
3111 2249 3168 2289 re
3196 2233 3453 2298 honorat,
3484 2240 3537 2286 et
3569 2232 3755 2286 studet

2178 2320 2227 2376 ei
2253 2320 2468 2390 placere
2486 2322 2541 2375 in
2570 2322 2845 2389 erunibus,
2873 2323 3145 2393 particeps
3170 2322 3411 2391 eritejus
3436 2330 3762 2391 supernatu-

2181 2409 2376 2465 ralium
2400 2410 2671 2466 donorum
2691 2451 2707 2477 ,
2736 2410 2788 2469 id
2816 2422 2901 2469 est
2952 2411 3137 2469 salvus
3166 2412 3294 2477 erit,
3318 2411 3383 2466 ad
3407 2410 3552 2481 quod
3585 2409 3759 2464 tendit

2184 2499 2319 2556 ﬁdes
2342 2517 2359 2568 ;
2384 2502 2537 2558 omni
2572 2517 2761 2560 errore
2800 2510 2855 2558 et
2886 2503 3137 2574 nequitia
3175 2503 3416 2565 evitatis,
3457 2518 3566 2555 non
3592 2502 3756 2556 amit-

2178 2600 2275 2657 tet,
2307 2594 2404 2650 sed
2454 2592 2560 2651 [ide
2591 2601 2647 2650 et
2697 2593 2902 2651 virtute
2958 2594 3126 2652 Deum
3180 2595 3472 2653 obtinebit.
3526 2594 3621 2664 qui
3675 2600 3761 2649 est

2184 2683 2391 2741 veritas
2423 2692 2480 2741 et
2512 2686 2763 2753 bonum;
2802 2702 2970 2743 unum
3020 2703 3084 2742 ex
3138 2696 3355 2750 natura,
3411 2689 3642 2742 alterum
3693 2700 3758 2738 ex

2171 2778 2449 2846 operibus,
2514 2778 2785 2849 siquidem
2820 2779 3023 2834 veritas
3043 2788 3129 2835 est
3161 2777 3519 2833 immutabilis
3554 2787 3607 2831 et
3659 2775 3758 2829 bo-

2171 2883 2301 2923 num
2332 2883 2454 2924 sese
2483 2870 2644 2925 nobis
2681 2869 3125 2925 accommodans.

488 2956 700 3021 οὐσίας,
747 2955 808 3010 τὸ
860 2954 905 3010 δ’
947 2956 1076 3010 ὃταν
1108 2954 1174 3009 ἐκ
1221 2956 1323 3026 τῆς
1358 2958 1641 3029 ἐνεργείας
1688 2959 1840 3014 δοκεῖ
1864 2958 2261 3033 σημαίνεσθαι·
2289 2959 2561 3034 ἄτρεπτον
2591 2959 2701 3032 γάρ
2755 2960 3074 3033 ήάλήθειαο
3145 2961 3499 3032 εύαρεστικὸν
3569 2960 3627 3013 δὲ
3698 2961 3759 3015 τὸ

488 3053 722 3123 ἀγαθόν.

559 3150 676 3211 κςν.
700 3144 922 3200 Πολλοί
938 3194 943 3199 .
959 3147 1361 3216 θεραπεύουσι
1377 3150 1671 3218 πρόσωπα
1691 3149 2060 3220 ἡγουμένων

2237 3145 2406 3203 Vsns.
2448 3144 2540 3201 26.
2584 3143 2744 3199 Multi
2778 3144 2956 3198 colunt
2988 3142 3151 3211 facies
3184 3142 3398 3208 ducum,
3442 3160 3474 3197 a
3538 3141 3761 3195 Domino

488 3237 651 3306 παρὰ
668 3236 731 3291 δὲ
760 3238 981 3305 Κυρίου
1002 3239 1227 3307 γίνεται
1250 3226 1583 3295 τὸδίκαιον
1601 3240 1777 3309 ἀνδρί
1784 3283 1797 3297 .
1825 3240 2071 3295 Πλεῖστοι

489 3331 617 3393 τοὺς
640 3329 993 3399 προεστῶτας
1035 3331 1117 3394 είς
1159 3331 1455 3402 πρόσωπον
1500 3332 1830 3403 θεραπεύειν
1862 3334 2072 3404 ἐπιχει-

490 3416 678 3487 ροῦσιν
699 3457 714 3482 ,
754 3419 1082 3482 ἶν’,εύνοῖκοὶ
1104 3420 1315 3485 τούτοις
1353 3421 1629 3487 δόξαντες,
1657 3424 1758 3493 τὴν
1786 3423 2071 3494 εὐμένειαν

490 3508 672 3562 αὐτῶν
694 3509 1119 3562 ἐπισπάσωνται
1145 3526 1161 3543 ο
1194 3512 1348 3583 παρὰ
1373 3512 1430 3564 δὲ
1452 3511 1549 3565 τοῦ
1573 3514 1644 3566 τά
1675 3514 1855 3567 πάντα
1869 3514 2073 3576 εἰδότος

489 3598 771 3651 Δεσπότου
789 3597 899 3652 τῶν
915 3599 1052 3653 ὅλων
1073 3599 1233 3664 Θεοῦ,
1265 3600 1577 3654 ἀποδίδοται
1619 3602 1837 3673 ἑκάστῳ
1873 3606 1908 3676 η
1936 3604 2071 3659 ἀνά-

488 3687 649 3756 λογος
672 3688 987 3759 ἀντιμισθία
1012 3692 1077 3759 τῇ
1132 3690 1370 3743 διαθέσει
1401 3691 1568 3745 αὑτοῦ
1596 3708 1611 3722 ·
1647 3692 1744 3747 καὶ
1770 3692 1872 3747 οὐκ
1914 3691 2071 3748 ἐσται

490 3780 601 3833 τινὶ
626 3778 687 3845 ἐξ
704 3779 1047 3852 ὑποκρίσεως
1075 3781 1336 3851 ὠφέλεια.
1458 3834 1464 3840 .

563 3867 665 3934 κζ’.
692 3869 1007 3941 Βδέλυγμα
1027 3871 1254 3939 δικαίῳ,
1275 3872 1431 3942 ἀνὴρ
1482 3873 1691 3943 ἄδικος
1708 3892 1721 3906 ο
1747 3874 2071 3946 βδέλυγμα

490 3958 561 4013 δὲ
616 3961 836 4030 ἀνόμῳ,
865 3963 1318 4017 κατευθύνουσα
1366 3963 1526 4031 ὁδός.
1568 3966 1814 4036 Μισητὸς
1848 3968 1967 4038 Θεῷ
1991 3968 2071 4039 τῷ

490 4051 795 4106 ἀποδιδόντι
814 4052 1033 4123 ἑκάστῳ
1063 4054 1207 4109 κατά
1231 4055 1301 4108 τά
1326 4054 1465 4127 ἔργα
1496 4057 1682 4121 αὐτοῦ,
1728 4060 1757 4111 ὁ
1798 4059 1874 4129 μὴ
1925 4061 2069 4114 κατά

491 4142 619 4203 τοὺς
652 4140 852 4211 νόμους
897 4142 1087 4196 τούτου
1142 4143 1593 4216 πολιτευόμενος,
1630 4146 1706 4209 ὡς
1740 4148 2072 4218 παραϐάτης

490 4232 598 4287 τῶν
626 4232 786 4286 θείων
828 4233 994 4287 αὑτοῦ
1053 4235 1280 4288 ἐντολῶν
1303 4251 1320 4267 ο
1369 4238 1572 4308 μισητὴ
1596 4237 1654 4290 δὲ
1686 4238 1763 4308 τῷ
1796 4239 2070 4309 παραϐαί-

489 4342 635 4379 νοντι
662 4324 884 4392 ταύτας,
916 4327 1103 4398 ήπρδς
1130 4329 1403 4399 σωτηρίαν
1426 4329 1841 4400 ἀπαρεγκλίτως
1861 4332 2068 4400 ἄγουσα

490 4416 744 4488 ἐνάρετος
773 4419 1038 4483 πολιτεία,
1065 4420 1140 4485 ὡς
1155 4424 1382 4493 τραχεῖά
1409 4439 1467 4475 τε
1500 4425 1594 4476 καὶ
1628 4421 1911 4487 ἐπίπονος.

1089 4552 1342 4606 ΚΕΦᾹΛ.
1386 4554 1466 4606 Λ’.

562 4689 631 4737 α’.
651 4683 794 4751 Τοὺς
815 4685 1249 4757 ἐμοὺςλόγους,
1281 4689 1393 4749 υἱὲ.
1422 4688 1734 4759 φοϐήθητι,
1768 4689 1867 4743 καί
1895 4689 2070 4754 δεξὰ-

486 4790 675 4847 μενος
697 4776 921 4841 αὐτοὺς
948 4782 1246 4846 μετανόει.
1273 4781 1384 4841 Τὰς
1407 4782 1545 4851 ἐμὰς
1569 4780 1810 4841 ἐντολὰς,
1833 4781 2067 4843 τεχνίον.

496 4867 572 4938 μὴ
600 4866 922 4936 περιφρόνει
945 4882 958 4895 ⁸
986 4870 1098 4931 τοῖς
1127 4870 1172 4922 δ’
1201 4870 1305 4922 ὠσί
1330 4887 1424 4923 σου
1448 4870 1654 4933 ταύτας
1682 4869 2069 4941 παραδεξάμε-

492 4975 604 5019 νον,
638 4958 722 5027 ἐφ’
755 4954 837 5021 οἷς
867 4958 1136 5028 ἥμαρτες,
1178 4964 1584 5030 μεταγίνωσκε.

562 5048 605 5102 Τ
607 5049 716 5104 ἁδε
747 5049 907 5118 λέγει
955 5053 988 5104 ὀ
1036 5051 1192 5119 ἀνὴρ
1234 5053 1358 5119 τοῖς
1389 5054 1750 5108 πιστεύουσι
1795 5054 1938 5121 Θεῷ,
1970 5056 2070 5111 καί

495 5139 774 5205 παύομαι.
802 5139 986 5193 Ταῦτα
1015 5142 1043 5191 ὁ
1068 5141 1364 5210 ἀνδρωθεὶς
1383 5145 1443 5196 ἐν
1469 5144 1548 5215 τῷ
1572 5146 1823 5214 γενέσθαι
1854 5147 2070 5216 ἀληθῶς

490 5228 796 5298 ἄνθρωπος,
833 5233 1130 5302 μονογενὴς
1158 5233 1253 5288 τοῦ
1285 5234 1419 5287 Θεοῦ
1450 5236 1578 5299 Υἱὸς
1626 5237 1721 5291 καὶ
1764 5240 1956 5307 Λόγος,
1989 5240 2070 5293 δι-

486 5319 676 5374 δάσκει
709 5323 835 5386 τοὺς
878 5324 1235 5388 πιστεύοντας
1264 5326 1441 5398 αὐτῷ,
1475 5328 1550 5391 ὡς
1584 5329 1735 5399 Θεῷο
1769 5334 1864 5384 καὶ
1896 5350 2070 5384 κατα-

488 5408 684 5462 παύσω
738 5411 901 5474 αύτὸς
958 5414 1051 5467 τοῦ
1107 5420 1329 5485 φρονεῖν
1372 5419 1592 5483 πάντως
1645 5420 1715 5473 τὰ
1778 5423 1876 5492 τῆς
1932 5441 2061 5496 σαρ-

487 5498 605 5562 κᾶς.

560 5590 624 5660 β’.
666 5592 1142 5663 Ἀφρονέστατος
1168 5600 1276 5669 γάρ
1306 5602 1422 5671 εἰμι
1446 5601 1689 5657 πάντων
1709 5606 2060 5675 ἀνθρώπων,

485 5680 584 5733 καὶ
614 5685 910 5751 φρόνησις
937 5686 1267 5755 ἀνθρώπων
1296 5692 1408 5745 οὐκ
1439 5693 1612 5747 ἐστιν
1637 5698 1707 5748 ἐν
1737 5697 1886 5765 ἐμοί.
1925 5700 2066 5752 Πάν·

483 5788 592 5827 των
630 5773 739 5845 γὰρ
789 5776 896 5830 τῶν
929 5778 995 5831 τὰ
1047 5782 1286 5853 σαρκικά
1336 5784 1676 5854 φρονούντων
1732 5789 2059 5860 ἀνθρώπιον,

2176 3249 2352 3295 autem
2379 3239 2440 3308 ﬁt
2466 3237 2678 3307 justum
2740 3236 2875 3292 uiro.
2907 3234 3062 3290 Multi
3097 3234 3439 3307 principibus
3473 3235 3539 3289 ad
3564 3245 3755 3289 nutum

2174 3330 2382 3388 servire
2410 3335 2704 3392 conantur,
2746 3334 2828 3388 ut.
2852 3326 3111 3382 simulata
3160 3326 3301 3382 bona
3338 3324 3757 3389 voluntate.be-
3848 3358 3852 3362 -

2175 3422 2535 3480 uevolentiam
2580 3437 2769 3478 eorum
2821 3421 2924 3476 sibi
2978 3420 3289 3491 acquirant.
3337 3420 3382 3476 Δ
3427 3422 3533 3477 Deo
3578 3431 3758 3477 autem

2173 3513 2542 3577 omniscienti,
2588 3513 2680 3580 qui
2713 3513 2980 3584 gubernat
3010 3512 3216 3575 omnia,
3252 3513 3547 3583 unicuique
3579 3514 3760 3569 reddi-

2174 3611 2264 3658 tur
2300 3603 2604 3673 praemium,
2627 3604 2775 3671 iuxta
2804 3603 3054 3659 meritum
3085 3603 3204 3673 ejus
3231 3624 3243 3658 :
3276 3606 3480 3660 tn-mini
3523 3607 3761 3676 proterit

2174 3708 2274 3747 sua
2306 3693 2648 3763 hypocrisis.

2245 3869 2411 3927 Vens.
2471 3870 2561 3925 27.
2610 3870 2954 3928 Abominatio
3002 3871 3153 3943 justo
3203 3873 3313 3927 viro
3362 3872 3439 3926 uir
3488 3872 3756 3940 injustas;

2173 3963 2496 4017 abominatio
2525 3963 2702 4033 iniquo
2737 3972 2873 4019 recte
2892 3981 3121 4036 pergens
3148 3964 3253 4020 tia.
3288 3962 3432 4019 Deus
3458 3964 3549 4033 qui
3582 3963 3758 4035 reddit

2176 4055 2469 4120 unicuique
2490 4053 2645 4125 juxta
2686 4071 2853 4125 opera
2884 4071 3003 4120 sua,
3035 4055 3151 4111 odit
3181 4055 3458 4110 hominem
3490 4069 3601 4109 non
3641 4070 3755 4107 am-

2174 4146 2450 4202 bulantem
2507 4145 2563 4200 in
2595 4144 2711 4217 lege
2740 4162 2862 4210 sua,
2905 4154 3093 4217 utpote
3147 4153 3577 4216 contemptOrem
3632 4160 3763 4200 suo-

2172 4254 2292 4293 rum
2322 4220 2737 4309 przeceptorum.
2764 4239 2898 4293 Nam
2924 4240 3012 4293 hic
3040 4240 3259 4308 quidem
3290 4238 3455 4292 vitam
3490 4238 3759 4291 immacu¢

2173 4330 2357 4395 latam,
2394 4346 2514 4398 qua:
2556 4340 2707 4385 certo
2736 4331 2887 4385 ducit
2917 4331 2982 4386 ad
3012 4333 3262 4398 salutem,
3296 4338 3481 4402 utpote
3509 4343 3760 4400 asperam

2172 4436 2226 4479 et
2256 4424 2546 4487 diiiicilem,
2579 4424 2714 4479 odit.

2777 4559 2932 4616 CAP.
2974 4559 3145 4614 XXX.

2242 4688 2406 4745 Vsus.
2438 4690 2480 4744 l.
2524 4689 2687 4754 Time,
2720 4691 2833 4759 ﬁli,
2867 4708 2984 4745 mea
3046 4690 3223 4756 rerbn,
3252 4699 3301 4745 et
3324 4691 3643 4761 ‘suscipiens
3699 4708 3763 4744 ea

2169 4783 2527 4850 pwnilentiam
2567 4799 2680 4851 age.
2713 4779 2967 4835 Mandata
2999 4797 3138 4845 mea,
3182 4782 3279 4846 fili,
3307 4798 3375 4837 ne
3397 4791 3757 4837 contemnas:

2171 4876 2402 4930 auribus
2434 4883 2619 4929 autem
2650 4874 2935 4944 excipiens
2960 4889 3047 4937 ea,
3084 4878 3150 4929 de
3205 4877 3449 4946 peccatis
3492 4877 3602 4930 tuis
3663 4890 3761 4944 age

2172 4966 2573 5035 paenitentiam.
3118 4954 3135 4963 ’

2247 5054 2374 5111 Hinc
2408 5055 2537 5109 dicit
2566 5056 2646 5109 vir
2683 5054 3019 5109 credentibus
3055 5054 3184 5120 Deo,
3244 5066 3294 5109 et
3323 5057 3560 5127 quiesco.
3634 5054 3760 5109 ilrec

2172 5146 2492 5214 unigenitns
2554 5144 2646 5200 Dei
2677 5144 2850 5200 Filius
2881 5161 2946 5199 ac
2984 5144 3219 5201 Verbum
3255 5146 3421 5201 homo
3472 5162 3599 5201 vere
3648 5149 3758 5196 lac-

2173 5246 2262 5289 tus
2288 5236 2443 5290 rlocet
2475 5238 2763 5291 credentes
2795 5238 2849 5292 in
2888 5253 3012 5292 eum
3056 5247 3114 5291 ut
3147 5235 3344 5294 Deum.
3375 5235 3560 5306 Etego
3598 5251 3756 5306 pror.

2174 5343 2268 5381 sus
2297 5328 2577 5395 quiescam
2627 5328 2836 5383 sentire
2873 5330 3140 5384 carnalia.

2249 5612 2411 5666 Vens.
2461 5611 2516 5667 2.
2554 5611 3029 5683 Insipientissimus
3067 5616 3203 5669 enim
3232 5632 3347 5669 sum
3377 5616 3614 5670 omnium
3653 5617 3749 5668 Im-

2173 5706 2366 5756 miuum
2399 5713 2448 5758 et
2476 5705 2764 5774 prudentia
2794 5707 3063 5760 hominum
3094 5723 3195 5759 non
3216 5717 3294 5761 est
3346 5708 3399 5762 in
3448 5725 3546 5761 me.
3616 5709 3751 5763 0m-

2173 5797 2325 5850 nium
2355 5796 2497 5851 enim
2559 5795 2840 5852 hominum
2877 5796 3120 5851 carnalia
3173 5798 3558 5865 sentientium,
3620 5800 3753 5854 insi-
