3950 6206
260 307 407 373 1523

1594 288 1946 353 PROCOPII
1977 287 2223 351 ΘΑΖΑΞΙ

3383 273 3519 340 1524

256 419 638 493 pientissimus
668 429 813 481 sunt,
849 410 978 486 quia
1008 414 1071 467 ut
1117 405 1422 481 spiritualia
1447 400 1705 461 sentienti
1728 413 1835 453 non

1959 397 2347 469 ίφρονέστατος
2380 391 2631 450 ἑντεῦθέν
2661 391 2798 465 είμι,
2829 390 3018 464 ἐπειδή
3043 389 3116 456 ὡς
3143 387 3426 462 φρονοῦντι
3450 389 3518 443 τὰ

257 512 393 569 mihi
427 511 681 568 subsistit
719 505 964 563 carnalis
1001 510 1055 560 et
1085 503 1327 558 humana
1374 495 1658 567 cogitatio.

328 683 494 740 Vsus.
533 684 586 739 3.
623 682 761 738 Deus
819 661 1000 736 docuit
1057 693 1139 732 me
1178 670 1520 744 sapientiam,
1550 677 1599 723 et
1664 667 1835 722 scien-

259 778 394 831 tiam
426 791 735 831 sinuatum
792 772 1031 844 cognovi.
1069 769 1214 825 Deus
1249 775 1432 823 autem
1465 763 1669 821 divinat
1720 774 1837 819 sua!

260 868 569 939 disciplinae
596 883 683 923 me
715 865 1042 936 participem
1084 861 1293 918 etl'ecit.
1336 852 1404 915 Et
1432 856 1624 928 excepi
1649 854 1835 911 divina

260 961 519 1032 mysteria
560 972 683 1039 quae
726 963 931 1013 norunt
963 953 1151 1010 mundi
1191 951 1377 1009 corde.

330 1050 501 1107 Vens.
537 1051 592 1105 4.
628 1036 759 1116 Quis
813 1044 1051 1103 astendit
1092 1046 1145 1098 in
1174 1044 1363 1097 cwtum
1416 1049 1467 1124 et
1518 1036 1838 1095 descendit?

258 1141 395 1207 Quis
428 1157 456 1195 a
489 1149 638 1212 tetp'a
679 1140 744 1195 ad
772 1138 972 1194 caelum
1003 1133 1305 1192 ascendit?
1337 1132 1441 1200 Qui
1483 1130 1717 1202 primum
1769 1126 1834 1181 ad

258 1241 511 1287 nostrum
542 1229 827 1286 descendit
859 1228 1052 1291 lutum,
1094 1235 1152 1280 ut
1185 1224 1321 1278 illud
1358 1223 1424 1277 ad
1450 1236 1608 1277 suam
1665 1218 1839 1275 extol-

259 1324 395 1377 leret
424 1321 873 1391 supracoelestem
909 1313 1275 1379 altitudinem,
1463 1380 1469 1385 λ

332 1412 465 1479 Quis
499 1410 829 1483 congregavit
857 1416 1032 1463 ventos
1075 1408 1131 1460 in
1170 1406 1290 1460 sinu
1321 1405 1347 1458 ?
1384 1401 1449 1456 Et
1497 1416 1690 1457 omnes
1731 1400 1843 1470 spl-

261 1503 490 1561 rituales
529 1504 805 1576 potentias
831 1502 887 1557 in
915 1502 1112 1557 animae
1141 1497 1359 1555 aerario.

334 1683 467 1749 Quis
518 1682 795 1738 convertit»
818 1694 1011 1750 aquam
1065 1678 1120 1731 in
1173 1675 1475 1730 vestimento
1497 1674 1524 1726 .9
1549 1671 1615 1726 Et
1650 1685 1843 1726 omnes

1929 488 2026 543 τοῦ
2056 488 2392 560 πνεύματος,
2435 488 2537 559 οὐχ
2588 484 2827 559 ὑπάρχει
2869 485 2927 538 ὲν
2956 483 3081 554 ἐμοὶ
3123 481 3386 552 σαρκικδν
3426 482 3515 536 καὶ

1930 581 2029 635 δινο
2038 581 2275 652 ρὼπινον
2309 598 2346 650 φ
2355 580 2479 650 ρὸνη
2490 596 2587 650 μα.

2002 677 2072 739 γ’.
2117 674 2263 737 Θεὸς
2311 670 2381 725 δὲ
2412 667 2654 734 ἐδίδαξέ
2713 685 2791 738 με
2838 668 3085 737 σοφίαν,
3140 667 3239 721 καὶ
3291 663 3520 735 γνῶσιν

1933 761 2118 832 ἁγίων
2150 761 2404 832 ἔγνωκα.
2442 759 2573 824 Θεὸς
2605 759 2662 812 δέ
2714 775 2807 828 μοι
2843 761 2941 829 τῆς
2975 757 3128 819 θείας
3164 755 3329 810 αὐτοῦ
3370 754 3515 808 διδα-

1937 851 2164 919 σκαλίας
2197 852 2470 924 μετέδωκε
2491 869 2505 883 ·
2562 853 2656 905 καὶ
2684 849 2988 904 κατέλαϐον
3041 850 3183 902 θεῖαί
3218 847 3512 918 μυστήρια,

1934 937 2131 1015 οἷάπερ
2152 942 2455 1012 ἐγνώκασιν
2474 943 2524 996 oi
2553 941 2788 1011 καθαροὶ
2815 942 2913 1012 τὴν
2937 939 3200 994 διάνοιαν.

2003 1037 2066 1089 δ’.
2108 1035 2205 1101 Τίς
2241 1034 2429 1102 ἀνέϐη
2478 1018 2564 1100 έίς
2599 1032 2707 1087 τὸν
2750 1031 3050 1100 οὐρανὸν,
3105 1030 3205 1082 καὶ
3261 1026 3518 1091 κατέ6η;

1936 1123 2035 1189 Τίς
2062 1124 2171 1179 ἀπὸ
2197 1124 2303 1194 γῆς
2347 1122 2537 1193 ὑψώθη
2563 1121 2701 1193 πρὸς
2740 1120 3005 1190 cupavo»;
3054 1117 3114 1181 δς
3163 1115 3259 1171 καὶ
3302 1115 3520 1186 πρῶτον

1940 1215 2250 1287 συγκατέὸη
2280 1215 2359 1289 τῷ
2389 1213 2646 1285 ἡμετέρῳ
2684 1212 2988 1284 φυράματι,
3023 1209 3165 1263 ὥστε
3219 1206 3520 1262 ἀνελκῦσαι

1938 1307 2096 1363 τοῦτο
2131 1306 2267 1377 πρὸς
2291 1305 2354 1359 τὺ
2384 1304 2780 1377 ὑπερουράνιον
2813 1300 2981 1356 αὑτοῦ
3016 1300 3172 1370 ὕψος.

2017 1396 2113 1461 Τίς
2142 1394 2497 1465 συνήγαγεν
2537 1391 2800 1462 ἀνέμους
2835 1392 2905 1445 ἐν
2932 1389 3176 1455 eam;
3207 1384 3317 1440 Kal.
3338 1383 3522 1445 πάσας

1942 1487 2042 1551 τὰς
2084 1486 2370 1560 ἐνεργείας
2417 1484 2512 1541 τοῦ
2559 1483 2871 1555 πνεύματος
2922 1481 2983 1536 ὲν
3030 1479 3113 1553 τῷ
3154 1476 3296 1534 κατὰ
3342 1477 3522 1549 ψυχὴν

1942 1579 2202 1650 ταμιείῳ.
2562 1568 2579 1573 ’

2019 1675 2116 1740 Τίς
2147 1674 2568 1741 συνέστρεψεν
2586 1670 2744 1736 ὕδωρ
2773 1668 2844 1723 ἐν
2868 1667 3118 1738 ίματ[ῳ;
3164 1664 3275 1719 Καὶ
3299 1666 3427 1727 τοὺς
3456 1662 3522 1715 ὲν

264 1787 551 1828 sermones
582 1773 635 1826 in
670 1785 836 1825 carne
863 1766 1224 1830 circumtulit,
1242 1766 1296 1820 in
1324 1780 1465 1834 aqua
1489 1760 1839 1833 congregavit

1959 1763 2017 1835 ςῷ
2070 1762 2239 1818 παντὶ
2295 1762 2487 1835 λόγους
2549 1760 3028 1833 συμπεριήνεγκεν
3080 1758 3140 1812 ἐν
3293 1754 3522 1825 ὲφὸρεσε

263 1879 396 1929 eos,
452 1878 647 1919 omnes
684 1861 1055 1932 complectens
1114 1858 1375 1930 mysterio
1443 1852 1842 1910 incarnationis

262 1970 359 2025 per
389 1969 530 2009 eain.

338 2044 470 2110 Quis
499 2044 773 2099 suscitavit
793 2042 970 2094 omnia
993 2046 1228 2094 extrema
1259 2036 1537 2092 terraszt
1559 2042 1619 2089 ut
1661 2032 1842 2089 omnis

264 2136 560 2192 creationis
595 2135 880 2203 Dominus.
923 2147 1098 2201 usque
1126 2129 1191 2185 ad
1218 2129 1483 2185 terminos
1520 2135 1680 2181 terra
1712 2139 1843 2195 pro-

264 2229 485 2301 pagavit
521 2223 874 2295 Evangelium
925 2237 1122 2285 suum,
1163 2228 1463 2291 gentesque
1496 2218 1645 2288 ipsas
1677 2216 1840 2271 inhav

264 2320 505 2375 hitantes
538 2315 768 2390 imperio
806 2312 1043 2383 subegit,
1092 2318 1287 2382 sponte
1321 2308 1569 2381 regimen
1604 2308 1724 2380 ejus
1746 2307 1843 2363 ad-

272 2412 574 2465 mittentes.

342 2583 504 2638 νεεδ.
549 2581 602 2635 5.
646 2580 800 2647 Quod
830 2595 1018 2633 nomen
1053 2578 1151 2632 ei?
1181 2586 1272 2631 aut
1304 2576 1444 2646 quod
1473 2590 1659 2630 nomen
1693 2574 1838 2645 [ilius

265 2675 428 2744 ejus?
457 2673 637 2728 omnia
662 2674 799 2726 enim
826 2670 982 2724 verba
1053 2668 1146 2721 Dei
1210 2668 1402 2737 ignita.
1440 2665 1700 2732 Quaenam
1755 2672 1841 2720 est

268 2762 567 2817 summaria
608 2761 900 2832 appellatio
931 2757 1252 2829 qualitatem
1283 2756 1405 2827 ejus
1429 2753 1842 2812 demonstrans?

265 2860 319 2907 et
353 2868 599 2923 quantum
651 2854 849 2908 iterum
898 2849 1196 2920 appellatio
1228 2847 1623 2918 discipulorum
1680 2845 1842 2915 ejus?

263 2942 521 2999 Christus
585 2944 772 3013 utique
824 2948 880 2997 et
914 2939 1232 2994 Christiani.
1302 2938 1559 2993 Christus
1622 2936 1841 3008 quidem

265 3037 394 3106 quia
438 3037 723 3092 divinitate
753 3034 909 3089 unxit
958 3032 1351 3087 humanitatem
1385 3072 1400 3096 ,
1444 3044 1543 3099 per
1584 3029 1841 3085 unionem

268 3128 667 3197 hypostaticatn
731 3128 1020 3195 utriusque
1101 3131 1309 3177 naturae
1389 3123 1444 3177 in
1525 3118 1893 3190 semetipso.‘

265 3219 566 3274 Christiani
642 3228 849 3283 autem,
916 3220 1045 3288 quia
1108 3218 1308 3272 Christi
1369 3217 1662 3287 participes
1725 3229 1847 3283 gra-

268 3311 397 3366 tiam
431 3309 670 3378 Spiritus
714 3324 809 3379 per
838 3324 962 3364 eum
1000 3317 1330 3377 acceperunt
1377 3316 1433 3363 et
1472 3307 1566 3365 lilii
1613 3307 1706 3362 Dei
1737 3305 1845 3361 Pa-

265 3401 367 3456 tris
395 3410 525 3457 sunt
553 3398 753 3456 eifecti.
800 3398 1096 3486 Serm'ones
1128 3399 1275 3455 enim
1307 3400 1494 3453 omnia
1524 3399 1687 3456 verba
1722 3399 1840 3469 Dei,

268 3493 434 3560 ignita
475 3493 527 3545 in
566 3491 689 3562 igne
721 3490 1051 3561 cognitionis
1099 3491 1188 3546 Dei
1219 3506 1433 3545 omnem
1480 3494 1842 3564 ignorantiam

265 3592 319 3636 et
380 3581 701 3652 pravitatem
782 3582 1150 3638 consumeuti.
1216 3581 1320 3647 Qui
1386 3582 1473 3638 his
1502 3583 1839 3650 detinentur,

267 3673 367 3728 hos
406 3687 685 3727 sermones
720 3679 948 3742 tangere
973 3687 1083 3727 non
1124 3682 1370 3741 possunt.

339 3761 575 3832 Protegit
618 3771 794 3816 autem
862 3764 973 3832 ipse
1030 3778 1118 3816 eos
1147 3764 1236 3832 qui
1291 3771 1589 3817 reverentur
1644 3764 1838 3835 ipsum,

268 3849 386 3921 Ipse
439 3852 764 3911 timentibus
797 3868 858 3910 se
889 3861 1110 3925 prastat
1141 3853 1405 3909 auxilium
1435 3864 1628 3911 contra
1664 3871 1839 3927 oppu»

265 3953 500 4012 gnantes
538 3959 653 4000 eos.

334 4055 502 4114 Vens.
544 4057 595 4112 6.
641 4056 724 4112 Ne
753 4058 923 4115 addas
971 4060 1140 4115 verbis
1171 4060 1307 4131 ejus,
1342 4070 1400 4116 ut
1440 4078 1544 4116 non
1573 4072 1763 4135 arguat
1793 4071 1840 4120 te

262 4160 311 4205 et
329 4150 430 4221 [ias
465 4151 714 4208 mendax.
748 4151 871 4207 Noli
900 4153 1199 4225 quidquam
1252 4155 1495 4227 cogitare
1549 4163 1748 4226 praeter
1774 4172 1838 4213 ea

261 4259 384 4314 quae
413 4254 466 4298 te
498 4243 724 4310 docuit,
779 4260 850 4300 ne
884 4244 1001 4316 ipse
1033 4246 1125 4317 qui
1172 4247 1376 4302 veritas
1435 4256 1541 4313 est,
1560 4247 1839 4305 mendacii

261 4341 317 4389 te
358 4344 576 4404 arguat,
607 4342 797 4406 utpote
830 4349 861 4389 a
896 4337 1121 4392 veritate
1146 4337 1263 4408 ipsa
1286 4337 1647 4395 excidentem.
1681 4337 1837 4395 illum

263 4433 443 4481 autem
468 4427 769 4497 deprecans
795 4425 946 4482 addit
980 4444 993 4480 :

332 4640 499 4698 Vsus.
535 4643 587 4698 7.
623 4642 740 4697 Duo
768 4654 885 4713 peto
913 4652 1039 4709 ate,
1071 4660 1137 4699 ne
1160 4645 1377 4715 auferas
1412 4663 1445 4700 a
1479 4664 1559 4703 me
1606 4650 1836 4718 gratiam

262 4744 540 4804 antequam
573 4749 666 4805 ego
696 4735 915 4790 moriar.
965 4733 1081 4789 Duo
1120 4736 1233 4791 haec
1279 4748 1389 4795 ate
1431 4740 1675 4809 recipere
1736 4758 1836 4798 cu-

259 4827 352 4897 pio
376 4868 392 4893 ,
422 4825 660 4883 Verbum
722 4827 841 4893 Dei,
873 4828 1114 4899 Spiritus
1175 4831 1353 4886 sancti
1393 4830 1619 4899 donum,
1654 4835 1839 4891 lumen

261 4919 674 4985 intellectuale,
707 4921 851 4991 quod
904 4921 1277 4992 speculativas
1318 4923 1515 4980 anima:
1559 4941 1696 4982 meae
1737 4943 1838 4998 po-

259 5013 462 5069 tentias
493 5052 509 5078 ,
544 5011 882 5069 intellectum
909 5014 1121 5071 scilicet
1166 5029 1233 5070 ac
1268 5026 1505 5073 mentem
1537 5020 1834 5087 illuminat,

261 5118 330 5157 ne
352 5101 573 5162 auferas
610 5117 640 5156 a
672 5117 760 5157 me
791 5118 888 5172 per
919 5104 1091 5161 totius
1130 5106 1259 5162 vita:
1299 5122 1436 5164 meae
1464 5118 1696 5179 tempus.

330 5214 499 5272 Vens.
534 5216 587 5272 8.
635 5215 857 5271 Verbum
905 5234 1094 5273 vanum
1121 5230 1172 5275 et
1201 5223 1428 5276 mendax
1472 5222 1621 5294 longe
1665 5224 1753 5294 far
1805 5243 1838 5279 a

260 5326 359 5364 me.
430 5307 539 5364 Sed
599 5309 756 5380 quasi
801 5310 876 5373 _in
939 5310 1062 5365 luce
1122 5312 1458 5384 redarguens
1491 5314 1738 5371 inutilem
1786 5326 1839 5372 et

261 5398 580 5455 mendacem
609 5414 677 5455 ex
735 5400 1093 5472 suggestione
1124 5404 1273 5458 mali~
1304 5406 1783 5463 ratiocinationem
1819 5448 1834 5472 ,

261 5502 380 5544 eam
412 5489 573 5562 longe
608 5492 691 5546 fac
721 5506 749 5545 a
783 5507 888 5545 me.

338 5600 560 5655 Diviias
608 5614 782 5658 autem
808 5614 855 5659 et
886 5614 1248 5673 paupertatem
1294 5624 1355 5662 ne
1423 5609 1629 5666 dederis
1684 5614 1833 5668 nti/ti.

264 5685 339 5740 Ne
375 5692 647 5748 (OHCl‘dlS
678 5693 849 5749 lilzcro
891 5712 1010 5749 meo
1075 5696 1308 5753 arbitrio
1338 5738 1351 5764 ,
1405 5700 1522 5754 sive
1558 5701 1825 5757 inutiliter

1945 1853 2141 1925 capxi'
2191 1852 2271 1924 τῷ
2329 1856 2451 1907 κατ’
2509 1850 2681 1923 αὐτὴν
2717 1852 2819 1923 τῆς
2868 1847 3185 1922 οἰκονομίας
3237 1845 3522 1919 μυστηρίῳ

1942 1946 2151 2011 πάντας
2188 1963 2256 2001 πε
2264 1943 2521 2018 ριλαόὡν.
2552 2004 2559 2009 ,

2017 2039 2112 2105 Τίς
2143 2036 2442 2106 ἐκράτησε
2473 2036 2594 2091 τῶν
2619 2035 2821 2105 ἄκρων
2849 2032 2963 2103 τῆς
2991 2030 3105 2104 τῆς
3130 2049 3149 2097 ;
3174 2029 3285 2085 Καὶ
3311 2025 3400 2082 οἷα
3426 2029 3523 2080 Ae-

1945 2130 2151 2201 σπότης
2198 2130 2381 2199 πάσης
2404 2129 2506 2200 τῆς
2541 2127 2797 2193 κτίσεως,
2840 2125 2948 2191 ἕως
2993 2124 3105 2178 τῶν
3139 2123 3393 2195 περάτων
3418 2120 3524 2191 τῆς

1940 2223 2047 2293 γῆς
2079 2220 2400 2286 ὲξαπλώσας
2430 2220 2492 2274 τὸ
2522 2218 2717 2273 ἑαυτοῦ
2753 2218 3041 2291 κήρυγμα,
3070 2214 3142 2270 τὰ
3188 2213 3353 2286 μέχρι
3391 2210 3521 2265 τού-

1940 2327 2051 2365 των
2100 2310 2358 2366 οἰκοῦντα
2410 2310 2563 2383 ἔθνη,
2629 2309 2736 2364 ὑπὸ
2786 2309 2888 2381 τὴν
2951 2306 3147 2381 ἑαυτοῦ
3202 2303 3521 2359 δεσποτείαν

1846 2410 1854 2415 ”
1943 2400 2223 2473 ἐποίησεν,
2255 2404 2521 2468 ἑκουσίως
2554 2401 2811 2458 ἐντεῦθεν
2840 2400 3113 2473 δεξάμενα
3137 2398 3199 2453 τὸ
3238 2397 3333 2451 ὑπ’
3355 2395 3518 2452 αὐτοῦ

1945 2494 2352 2565 βασιλεύεσθαι.

2013 2593 2075 2640 ε’.
2122 2588 2183 2642 Τί
2231 2587 2420 2658 ὄνομα
2464 2587 2668 2655 avrti");
2698 2588 2738 2657 ἢ
2787 2588 2846 2642 τί
2888 2587 3077 2656 ὄνομα
3114 2584 3238 2651 τοῖς
3288 2583 3522 2646 τέκνοις

1942 2676 2131 2732 αὑτοῦ
2146 2694 2168 2744 ;
2200 2678 2423 2746 πάντες
2450 2680 2559 2750 γὰρ
2589 2682 2761 2750 λόγοι
2793 2677 2944 2733 Θεοῦ
2973 2673 3400 2745 πεπυρωμένοι.
3423 2671 3521 2736 τίς

1942 2767 2003 2822 τέ
2026 2769 2143 2822 ἐστι
2172 2771 2555 2843 κεφαλαιώδης
2584 2768 2932 2842 προσηγορία
2976 2768 3078 2839 τῆς
3111 2767 3395 2835 ποιότητος
3424 2764 3521 2819 αύ-

1943 2858 2037 2913 τοῦ
2062 2863 2443 2934 παραστατική
2465 2880 2480 2930 ;
2506 2863 2603 2917 καὶ
2623 2862 2707 2926 τίς
2726 2862 2891 2917 πάλιν
2913 2859 3019 2914 τῶν
3042 2857 3206 2914 αὐτοῦ
3231 2856 3518 2928 μαθητῶν;

1943 2950 2180 3021 Χριστὸς
2206 2953 2423 3018 πάντως
2462 2953 2560 3007 καὶ
2591 2951 2940 3024 Χριστιανοί·
2964 2953 2993 3005 ὁ
3025 2950 3157 3022 μὲν,
3194 2948 3270 3015 ὡς
3305 2952 3372 3021 τῇ
3398 2948 3520 3003 θεό-

1943 3059 2067 3113 τητι
2101 3043 2296 3115 χρίσας
2325 3045 2424 3116 τὴν
2445 3044 2542 3099 ἀνθ
2551 3045 2865 3116 ρωπότητα,
2892 3042 2981 3096 διὰ
3012 3042 3110 3113 τὴν
3134 3044 3193 3095 ὲν
3222 3040 3368 3111 αὐτῷ
3396 3038 3520 3093 καθ’

1948 3133 2250 3188 ὑπόστασιν
2279 3136 2386 3189 τῶν
2430 3136 2692 3189 τοιούτων
2720 3133 2939 3204 φύσεων
2982 3132 3177 3187 ἕνωσιν
3196 3150 3212 3165 ·
3259 3134 3311 3185 οἱ
3338 3131 3415 3197 δὲ,
3441 3130 3523 3194 ὡς

1947 3224 2139 3279 τούτου
2172 3227 2413 3298 μέτοχοι,
2446 3227 2542 3282 καὶ
2592 3228 2660 3280 δι’
2711 3224 2882 3280 αὐτοῦ
2911 3225 3168 3288 λαϐόντες
3210 3223 3311 3295 τὴν
3355 3224 3520 3293 χάριν

1946 3317 2040 3373 τοῦ
2068 3320 2410 3392 Πνεύματος,
2450 3324 2544 3377 καὶ
2579 3321 2985 3394 υίοθετηθέντες
3012 3321 3090 3393 τῷ
3122 3318 3243 3391 Θεῷ
3279 3319 3369 3372 καὶ
3402 3317 3519 3370 Πα-

1944 3411 2056 3482 τρί.
2089 3413 2253 3484 Λόγοι
2293 3416 2401 3488 γὰρ
2430 3415 2497 3470 τὰ
2540 3416 2809 3487 εἰρημένα
2859 3415 3036 3469 πάντα
3082 3412 3242 3478 Θεοῦ,
3273 3428 3522 3481 πεπυρα-

1945 3505 2220 3576 κτωμένοι
2272 3507 2332 3561 ἐν
2370 3507 2449 3579 τῷ
2483 3510 2663 3561 πᾶσαν
2713 3508 2936 3577 ἄγνοιαν
2981 3506 3075 3560 καὶ
3104 3505 3303 3559 κακίαν
3350 3519 3521 3556 κατα-

1945 3596 2158 3651 καίοντι
2184 3600 2286 3669 τῆς
2314 3598 2649 3668 θεογνωσίας
2681 3598 2817 3670 πυρί
2836 3616 2849 3629 ο
2884 3599 3112 3662 καὶτοῖς
3135 3596 3522 3667 κατεχομένοις

1942 3687 2169 3752 ταύταις
2200 3689 2491 3760 ἀπρόσψαυ
2500 3708 2636 3745 στοι.

2026 3760 2446 3849 ’Ῠπερασπίζει
2467 3782 2537 3837 δὲ
2564 3783 2749 3849 αὐτὸς
2769 3782 2892 3837 τῶν
2923 3778 3380 3850 εὐλαϐουμένων
3410 3777 3521 3831 αὐε-

1942 3871 2069 3926 τόν.
2110 3866 2280 3936 οὗτος
2316 3873 2373 3927 δὲ
2412 3875 2525 3937 τοῖς
2555 3873 2914 3946 φοϐουμένοις
2946 3872 3110 3927 αὑτὸν
3140 3869 3342 3941 βοηθεῖ,
3378 3865 3524 3922 κατά

1942 3962 2052 4018 τῶν
2075 3963 2461 4036 πολεμούντων
2492 3967 2719 4029 τούτοις.

2016 4076 2092 4142 ς’.
2129 4076 2228 4145 Μὴ
2280 4076 2556 4148 προσθῇς
2608 4076 2735 4144 τοῖς
2785 4076 2992 4146 λόγοις
3033 4073 3244 4140 αὐτοῦ,
3293 4072 3396 4129 ἵνα
3431 4069 3520 4141 μὴ

1941 4168 2162 4241 ἐλέγξῃ
2216 4181 2293 4223 σε
2333 4168 2433 4223 καὶ
2476 4162 2717 4237 ψευδὴς
2761 4167 2931 4238 γένῃ.
2981 4166 3074 4238 Μὴ
3115 4164 3277 4223 πλέον
3327 4163 3523 4235 ἐθέλῃς

1942 4261 2085 4313 νοεῖν
2108 4258 2219 4314 τῶν
2251 4260 2383 4333 παρ’
2413 4258 2580 4313 αὐτοῦ
2607 4258 2965 4329 διδαχθέντων
2988 4273 3094 4322 σοι,
3114 4256 3204 4310 ἵνα
3229 4255 3304 4325 μὴ
3333 4253 3521 4325 ἐπειδὴ

1941 4349 2106 4414 αὐτός
2141 4350 2290 4404 ἐστιν
2321 4352 2356 4424 ὴ
2383 4350 2636 4423 ἀλήθεια,
2659 4349 2989 4420 ψευδόμενον
3020 4344 3304 4419 ἀπελέγξῃ
3334 4361 3419 4411 σε,
3445 4345 3522 4407 ὡς

1868 4442 1913 4499 ι)
1944 4439 2135 4511 αὐτῆς
2166 4440 2422 4495 ἐντεῦθεν
2459 4443 2559 4512 τῆς
2604 4439 2865 4511 ἀληθείας
2924 4438 3296 4517 ἐκπίπτοντα·
3352 4452 3523 4507 προσ-

1947 4531 2243 4603 ευχόμενος
2277 4532 2335 4586 δὲ
2364 4531 2534 4603 αὐτῷ,
2564 4528 2713 4600 λέγει
2740 4530 2869 4584 τάδε
2901 4545 2915 4560 ·

2013 4643 2079 4710 ζ’.
2121 4646 2236 4700 Δύο
2267 4646 2543 4715 αἰτοῦμαι
2572 4644 2733 4714 παρὰ
2756 4644 2897 4710 σοῦ,
2923 4643 3009 4714 μὴ
3047 4642 3282 4714 ἀφέλῃς
3412 4636 3520 4707 χά-

1932 4756 2036 4809 ριν
2061 4740 2175 4809 πρὸ
2194 4739 2306 4794 τοῦ
2328 4738 2657 4799 ἀποθανεῖν
2674 4755 2773 4808 με.
2791 4736 2896 4792 Δύο
2920 4736 3117 4802 ταῦτα,
3133 4729 3180 4789 ὦ
3196 4736 3338 4802 Aere
3359 4730 3516 4794 Θεοῦ,

1938 4832 2134 4903 δέομαι
2170 4831 2360 4889 λαϐεῖν
2397 4832 2507 4887 ἀπὸ
2536 4831 2633 4886 σοῦ
2653 4848 2669 4864 ·
2703 4831 2804 4902 τὴν
2825 4829 2922 4885 τοῦ
2959 4828 3230 4897 παναγίου
3262 4824 3516 4895 Πνεύμα-

1939 4942 2028 4989 τος
2066 4925 2299 4996 δωρεὰν,
2340 4926 2402 4980 τὸ
2436 4924 2626 4996 νοερὸν
2662 4924 2803 4994 φῶς,
2830 4922 2859 4977 δ
2896 4922 2997 4986 τὰς
3035 4918 3380 4993 θεωρητικὰς
3417 4917 3517 4986 τῆς

1938 5017 2118 5088 ψυχῆς
2150 5034 2252 5086 μου
2284 5016 2567 5087 δυνάμεις,
2598 5015 2725 5070 νοῦν
2756 5015 2852 5069 καὶ
2892 5015 3132 5069 διάνοιαν
3171 5010 3411 5082 φωτίζει,
3440 5006 3515 5079 μὴ

1939 5107 2145 5180 ἀφέλῃς
2167 5109 2261 5163 ἀπ’
2285 5106 2420 5180 ἐμοῦ
2441 5107 2509 5162 δι’
2539 5107 2671 5179 ὅλης
2701 5123 2803 5179 μου
2827 5106 2927 5175 τῆς
2959 5104 3131 5170 ζωῆς.

2008 5231 2079 5296 η’.
2140 5224 2408 5279 Μάταιον
2448 5224 2638 5292 λόγον
2709 5222 2808 5276 καὶ
2858 5218 3057 5291 ψευδῆ
3096 5215 3336 5288 μακράν
3397 5231 3517 5284 μου

1940 5318 2219 5385 ποίησον.
2257 5315 2399 5369 Ἀλλ’
2434 5314 2510 5378 ὼς
2547 5316 2605 5367 ὲν
2636 5313 2778 5384 φωτὶ
2817 5311 3113 5382 διελέγχων
3155 5309 3246 5362 τὸν
3287 5306 3349 5372 ἐξ
3382 5308 3513 5361 ὐπο-

1939 5409 2114 5481 θὴκης
2141 5407 2238 5460 τοῦ
2264 5405 2503 5479 πονηροῦ
2539 5406 2793 5476 ἀνωφελῆ
2823 5406 2918 5460 καὶ
2943 5405 3020 5475 μὴ
3057 5400 3385 5474 ἀληθεύοντα
3430 5398 3513 5452 λο-

1938 5499 2158 5569 γισμὸν,
2191 5498 2385 5570 πόρρω
2416 5498 2517 5566 τῆς
2548 5497 2726 5568 ψυχῆς
2772 5513 2874 5567 μου
2905 5494 3197 5549 ἀπέλασον.

2009 5615 2285 5670 Πλοῦτον
2314 5614 2382 5668 δὲ
2407 5614 2505 5667 καὶ
2538 5612 2751 5666 πενίαν
2788 5611 2874 5681 μή
2897 5627 3002 5680 μοι
3022 5606 3161 5675 δῷς.
3187 5590 3285 5676 Mi).
3308 5620 3508 5674 συγχω-

1945 5706 2115 5775 ρήσῃς
2169 5703 2365 5774 δέιμου
2414 5703 2492 5773 τῷ
2563 5699 2899 5771 αύτεξουσίῳ
2950 5702 3050 5771 τῆς
3106 5693 3501 5769 προαιρέσεως,
