3950 6206
407 309 433 378 1
445 309 549 374 525

1472 304 2010 366 COMMENTARII
2048 301 2129 362 IN
2160 297 2611 362 PROVERBIA.

3529 282 3668 348 1526

403 423 506 476 αἴθ’
541 415 848 490 ὑπερϐῆναι
877 415 1022 471 κατά
1053 415 1258 488 πρᾶξιν
1281 414 1577 487 ἀνωφελῶς
1619 418 1722 489 τὴν
1749 417 1976 490 ἀρετὴν,

2100 415 2340 468 virtutem
2401 404 2757 480 transgredi,
2830 404 2946 461 sive
2985 401 3055 476 ab
3113 418 3178 456 ea
3203 387 3468 454 mendose
3530 394 3669 452 dell-

403 514 506 566 είτ*
531 509 770 580 δλλιῖψαι
792 505 1002 576 ταύτης
1019 507 1342 578 άπατηλῶς.

475 637 791 704 Σύνταξον
808 635 877 692 δέ
891 653 996 707 μοι
1016 637 1090 715 τὰ
1109 637 1326 693 δέοντα
1353 637 1451 692 καὶ
1479 635 1770 706 αὐτάρκη.
1812 633 1982 706 Ὀμοῦ

403 733 448 789 δ’
488 732 575 786 ἐπ’
610 733 736 804 ἐμοὶ
779 730 942 796 τάξον
986 730 1058 786 τά
1092 729 1141 784 θ’
1189 729 1508 802 ἁρμόζοντα
1559 729 1638 801 τῷ
1689 729 1862 802 νοερῷ
1886 728 1984 800 τῆς

403 821 580 895 ψυχῆς
605 840 708 896 μου
757 820 931 895 ἀληθῆ
985 820 1338 894 θεωρήματα,
1384 821 1480 876 καὶ
1522 821 1660 896 πρὸς
1707 821 1984 894 σωτηρίαν

405 909 598 986 αὐτῆς
623 912 875 985 αὐτάρκη
905 913 972 984 τῇ
1001 909 1231 986 δυνάμει
1265 913 1362 967 τοῦ
1399 911 1652 986 σώματός
1695 931 1799 986 μου
1852 907 1984 986 περὶ

401 1006 504 1078 τὴν
536 1003 644 1060 τῶν
675 1005 887 1078 ἀρετῶν
912 1004 1180 1076 ἐργασίαν
1215 1005 1659 1076 φιλοπονήματα.

477 1121 543 1174 θ’.
585 1119 712 1175 Ἵνα
762 1119 854 1190 μὴ
898 1117 1219 1188 πλησθεὶς,
1253 1119 1494 1190 ψευδὴς
1543 1115 1834 1190 γένωμαι,
1883 1119 1980 1173 καὶ

401 1211 570 1264 εἴπω·
601 1209 702 1277 Τίς
731 1225 810 1280 με
837 1208 978 1279 ripa;
1010 1208 1050 1281 ἢ
1080 1210 1275 1280 πένης
1304 1212 1602 1282 γενηθεὶς,
1629 1211 1858 1278 κλέψω,
1882 1209 1982 1264 καί

403 1291 607 1368 eadem
633 1299 701 1352 τὸ
747 1298 940 1369 ὄνομα
985 1299 1094 1354 τοῦ
1125 1299 1298 1354 Θεοῦ.
1327 1299 1522 1362 Ὅπως
1566 1299 1708 1372 ,μήτε
1737 1296 1984 1365 ὑπερϐὰς

403 1391 496 1444 τὸν
528 1391 654 1460 ὅρον
685 1390 782 1446 καὶ
827 1390 888 1445 τὸ
915 1391 1116 1462 μέτρον
1155 1390 1250 1446 τοῦ
1281 1391 1568 1464 χρήματος
1609 1392 1710 1462 τῆς
1753 1392 1982 1463 ἀρετῆς»

401 1478 692 1550 διαμάρτω
721 1479 815 1534 τοῦ
833 1482 976 1536 κατὰ
994 1477 1129 1534 Θεὸν
1149 1480 1384 1552 ἀληθοῦς
1409 1481 1615 1536 σκοποῦ
1631 1497 1644 1512 ·
1668 1481 1738 1537 δι’
1761 1481 1983 1537 ἔπαινον

403 1567 731 1642 ἀνθρώπων,
760 1571 857 1626 καὶ
886 1571 949 1626 οὐ
989 1570 1080 1626 διὰ
1126 1571 1281 1640 Θεὸν,
1313 1573 1571 1646 ἀμέτρως
1597 1573 1822 1644 κάμνων
1851 1573 1984 1644 περὶ

403 1658 502 1732 τὴν
526 1661 790 1731 ἐργασίαν
808 1661 908 1734 τῆς
925 1661 1128 1736 άρετῆς
1145 1680 1159 1695 ·
1186 1663 1482 1719 κάντεῦθεν
1503 1665 1858 1738 ἐπικρύπτων
1883 1665 1983 1738 τὴν

2085 519 2232 561 cere.

2157 636 2430 693 Conslltue
2457 641 2635 688 autem
2668 629 2800 684 mihi
2825 643 2944 699 qua:
2969 635 3090 681 sunt
3119 623 3419 680 necessaria
3443 628 3492 676 et
3524 619 3670 689 sufﬁ-

2083 728 2296 785 cientia.
2336 725 2512 780 Simul
2541 732 2724 778 autem
2759 719 3034 776 constitue
3064 717 3199 771 mihi
3233 715 3488 772 veritatis
3529 723 3674 794 prm-

2083 827 2238 890 cepta
2263 831 2388 888 quas
2419 811 2721 871 intellectui
2773 809 2970 865 animae
3035 820 3169 861 mea:
3225 803 3584 867 conveniunt,
3619 806 3674 858 et

2089 913 2314 980 propter
2353 906 2590 962 salutem
2621 903 2746 972 ejus
2770 900 2839 956 de
2863 897 3186 969 operatione
3216 895 3486 950 virtutum
3519 893 3674 947 labo-

2086 1017 2176 1058 res
2216 1015 2339 1072 quae
2366 995 2620 1068 corporis
2660 993 2765 1049 mei
2794 991 3006 1048 viribus
3031 985 3333 1051 subiciunt,

2161 1109 2325 1169 Vens.
2357 1108 2414 1166 9.
2446 1108 2530 1165 Re
2585 1121 2862 1164 saturatas
2901 1106 3132 1158 mendax
3161 1107 3296 1170 ﬁam
3339 1107 3390 1154 et
3446 1097 3626 1151 dicam
3650 1111 3674 1151 ι

2085 1202 2214 1270 Quis
2268 1219 2351 1257 me
2401 1199 2584 1255 videt?
2617 1204 2712 1252 aut
2755 1209 2908 1265 egens
2965 1192 3111 1261 furer
3160 1197 3211 1244 et
3259 1187 3525 1258 perjurem
3576 1202 3674 1239 no-

2085 1311 2202 1350 men
2258 1293 2371 1348 Dei.
2406 1290 2483 1346 Ne
2525 1284 2987 1361 praetergrediens
3041 1281 3338 1338 terminum
3368 1285 3424 1334 et
3451 1291 3676 1331 mensu-

2082 1401 2203 1443 ram
2247 1383 2382 1442 boni
2415 1381 2640 1436 virtutis
2666 1421 2682 1446 ,
2713 1392 2742 1431 a
2796 1390 2930 1432 vero
2957 1387 3128 1446 scopo
3158 1369 3465 1428 secundum
3503 1367 3674 1423 Deum

2087 1477 2364 1540 excidam,
2402 1481 2628 1548 propter
2665 1469 2856 1527 laudes
2883 1467 3172 1523 homirnam
3208 1474 3263 1521 et
3294 1478 3406 1519 non
3454 1469 3677 1532 propter

2092 1565 2282 1631 Deum,
2321 1563 2617 1621 immodice
2671 1557 2996 1615 incumbens
3044 1555 3266 1610 virtutis
3332 1549 3674 1623 operationi:

2085 1657 2214 1713 inde
2235 1669 2458 1729 pravam
2490 1653 2688 1708 animae
2715 1665 2848 1706 mete
2894 1638 3316 1718 dispositionem
3345 1643 3634 1699 occultans
3657 1679 3674 1706 ,

403 1729 650 1826 πονηράν
696 1752 796 1823 τῆς
824 1729 1004 1826 ψυχῆς
1035 1729 1138 1826 μου
1165 1755 1429 1822 διάθεσιν,
1472 1755 1612 1824 δόξω
1641 1729 1978 1811 λανθάνειν·

2107 1757 2256 1804 atere
2281 1741 2640 1810 videbor;ch
2674 1757 2742 1796 ne
2770 1754 2801 1794 a
2824 1737 3062 1795 termino
3097 1751 3161 1791 ac
3185 1747 3444 1792 mensura
3461 1729 3678 1786 virtutis

407 1841 533 1914 μήτ’
562 1825 812 1914 έλλείψας
839 1845 936 1898 τοῦ
967 1825 1097 1916 ὅρου
1129 1845 1224 1900 καὶ
1254 1845 1348 1902 τοῦ
1397 1846 1600 1918 μέτρου
1641 1847 1745 1900 τοῦ
1773 1845 1981 1901 τοιοῦδε

2100 1838 2341 1894 :onsulto
2367 1835 2534 1891 Deum
2597 1831 2784 1887 debito
2841 1829 2992 1884 cultu
3044 1825 3276 1898 spoliem
3314 1866 3330 1892 ,

404 1936 711 2005 χρήματος,
748 1935 889 1990 κατὰ
937 1937 1258 2008 προαίρεσιν
1307 1937 1408 2009 τὴν
1451 1938 1813 2008 ὀφειλομένην
1861 1937 1982 2009 Θεῷ

404 2022 624 2094 συλήσω
672 2025 954 2097 λατρείαν,
983 2027 1164 2101 ,σαρκὶ
1191 2028 1286 2082 καὶ
1331 2029 1522 2098 κόσμῳ
1557 2027 1844 2094 δουλεύων,
1886 2028 1982 2081 καὶ

405 2115 614 2185 στέρξω
640 2117 1038 2190 τξὰιὲεραπείᾳ
1072 2119 1172 2187 τῆς
1224 2119 1461 2189 γαστρὸς
1499 2120 1594 2172 καὶ
1621 2120 1731 2174 τῶν
1773 2119 1982 2188 ὑπογα-

403 2207 628 2278 στρῖων,
662 2209 1018 2280 ἡγησάμενος
1041 2207 1141 2280 τὴν
1175 2210 1384 2264 κοιλίαν
1405 2211 1566 2268 Θεόν.

477 2321 530 2368 ι’.
572 2318 668 2383 Μὴ
706 2317 989 2384 πῳαδῷς
1015 2318 1260 2386 οἰκέτην
1289 2321 1379 2386 είς
1404 2321 1611 2389 χεῖρας
1635 2324 1946 2378 Δεσπότου
1964 2339 1979 2354 ⁶

397 2402 636 2474 μήποτε
665 2407 1077 2475 καταράσηται
1105 2423 1201 2472 σε,
1237 2409 1338 2462 καί
1371 2410 1742 2480 ἀφανισθῇς.
1779 2415 1871 2484 Μὴ
1906 2411 1984 2484 τῷ

403 2499 656 2570 τυράννῳ
681 2497 793 2552 τῶν
819 2500 1108 2570 ἡμετέρων
1133 2501 1322 2572 ψυχῶν
1348 2501 1603 2575 διαϐόλῳ,
1637 2503 1728 2559 τὸν
1759 2502 1985 2559 δουλεύ-

409 2602 582 2642 σαντα
612 2587 806 2642 τοῦτον
850 2591 918 2660 τῇ
961 2591 1230 2663 ἁμαρτίᾳ,
1263 2592 1359 2646 καὶ
1388 2593 1612 2662 φεύγειν
1666 2594 1870 2665 ταύτην
1919 2595 1985 2649 ὲκ

407 2674 776 2748 μεταμελείας
815 2679 1236 2750 ἐπιχειροῦντα,
1285 2683 1680 2756 καταπροδῷς,
1729 2682 1984 2756 ἐμϐαλὼν

407 2767 572 2821 αὑτὸν
633 2771 712 2833 εἰς
781 2771 1136 2840 ἀπόγνωσιν,
1193 2773 1491 2827 κάντεῦθεν
1548 2776 1986 2847 παρασκευάσας

405 2861 594 2914 τοῦτον
627 2863 1016 2934 τιμωρηθῆναι
1067 2866 1220 2938 παρὰ
1245 2867 1341 2922 τοῦ
1373 2870 1649 2924 Δεσπότου
1697 2870 1807 2925 τῶν
1844 2871 1984 2925 ὅλων

405 2949 564 3004 Θεοῦ⁹
587 2952 678 3006 ινα
695 2954 771 3024 μὴ
793 2954 1108 3024 παράύτοῦ
1138 2957 1400 3030 ἀκούσῃς·
1423 2977 1443 3011 ι
1483 2960 1603 3014 Ἀπ’
1619 2959 1754 3031 ἐμοῦ
1775 2962 1824 3014 οί
1851 2977 1985 3016 κατ-

414 3045 684 3114 ηραμένοι
703 3059 718 3078 ο
747 3064 768 3097 ι
797 3047 895 3100 καὶ
930 3048 1012 3112 είς
1041 3047 1105 3102 τὸ
1135 3049 1324 3114 σκότος
1353 3053 1670 3125 ἀποῤῥιφῇς
1694 3053 1756 3108 τὺ
1786 3053 1985 3120 ἐξώτε-

413 3149 537 3203 pov-
563 3133 642 3197 ὡς
664 3135 759 3188 τὸν
785 3135 1056 3190 πεινῶντα
1077 3137 1177 3208 τὴν
1221 3125 1503 3212 σωτηρίαν
1535 3142 1728 3209 αὐτοῦ,
1767 3145 1864 3199 καὶ
1899 3145 1983 3198 δι-

3394 1823 3548 1880 carni
3623 1828 3678 1876 et

2083 1929 2298 1981 mundo
2337 1923 2630 1988 serviens,
2683 1933 2739 1976 et
2793 1919 3010 1976 ventris
3079 1931 3144 1972 ac
3187 1913 3490 1988 libidinum
3556 1928 3675 1969 sero

2084 2020 2258 2072 vitute
2285 2007 2570 2078 delecter,
2608 2020 2856 2068 ventrem
2893 2007 3063 2064 Deum
3116 2014 3402 2079 reputans.

2157 2313 2326 2368 Vens.
2369 2311 2459 2366 10.
2494 2307 2579 2363 Ne
2607 2307 2792 2361 tradas
2814 2304 3080 2374 {amulum
3107 2303 3162 2358 in
3200 2316 3393 2356 manus
3431 2298 3676 2376 Domini,

2097 2423 2162 2462 ne
2191 2403 2408 2477 quando
2435 2398 2724 2456 maledicat
2761 2407 2810 2452 te
2837 2407 2888 2452 et
2925 2395 3176 2450 deleatis.
3209 2391 3442 2448 Diabolo
3471 2393 3701 2481 anima--

2085 2511 2206 2551 rum
2252 2503 2566 2550 nostrarum
2599 2498 2857 2569 tyranno,
2889 2504 3015 2544 eum
3052 2487 3144 2558 qui
3175 2491 3406 2558 peccato
3459 2483 3628 2540 servit
3659 2521 3676 2548 ,

2083 2595 2139 2644 et
2191 2587 2524 2658 negligenter
2553 2583 2689 2640 illud
2749 2582 2941 2653 fugere
3008 2586 3258 2647 conatur,
3319 2592 3390 2634 ne
3443 2575 3676 2638 tradas.

2085 2685 2296 2756 pellens
2321 2696 2447 2737 cum
2487 2681 2543 2735 in
2621 2678 3062 2748 desperationem
3100 2713 3116 2740 ,
3153 2688 3549 2744 exponensquc
3609 2672 3678 2725 ad

2083 2775 2385 2832 vindictam
2419 2771 2513 2827 Dei
2545 2770 2932 2826 universorum
2983 2763 3198 2820 Domini
3247 2802 3262 2828 ,
3299 2777 3368 2818 ne
3435 2763 3504 2819 ab
3561 2763 3690 2836 ipso.

2086 2867 2317 2922 audias:
2352 2865 2430 2920 Ite
2458 2876 2489 2919 a
2521 2877 2628 2928 me,
2663 2858 2963 2924 maledicti,
2990 2855 3376 2928 etprojiclaris
3416 2855 3471 2910 in
3531 2864 3678 2909 tene-

2087 2959 2221 3014 bras
2244 2957 2560 3012 exteriores
2590 2952 2721 3024 quia
2774 2951 2896 3008 sine
2943 2945 3324 3006 misericordia
3373 2946 3558 3018 perire
3603 2946 3679 3000 si-

2085 3049 2212 3106 visti
2244 3063 2369 3104 eum
2399 3046 2496 3117 qui
2533 3043 2764 3101 salutem
2808 3039 3092 3098 esuriebat
3129 3046 3186 3096 et
3215 3037 3413 3095 salutis
3447 3039 3676 3094 verbum

2091 3139 2314 3196 sitiebat
2341 3137 2558 3194 audire.

405 3224 594 3294 ψῶντα
623 3225 783 3295 λόγου
829 3227 1108 3298 σωτηρίαν
1133 3229 1386 3298 ἀκοῦσαι,
1429 3231 1674 3304 ἀνηλεῶς
1715 3234 1987 3305 καταλιμ-
2099 3263 2103 3267 ·

407 3316 597 3370 πάνων
619 3317 977 3375 ἀπόλλυσθαι.

479 3435 567 3484 ια’,
615 3429 905 3502 Ἔκγονον
941 3437 1134 3490 κακὸν
1175 3439 1401 3507 πατέρα
1452 3439 1810 3509 καταρᾶται,
1871 3439 1990 3510 τὴν

394 3518 474 3573 δὲ
497 3520 728 3590 μητέρα
777 3521 890 3578 οὐκ
946 3525 1208 3596 εὐλοτεῖ.
1251 3530 1497 3599 Μισητὺς
1541 3529 1650 3601 γὰρ
1703 3533 1838 3597 υίὸς,
1887 3535 1988 3587 ούκ

407 3612 730 3682 ἐπιστρέφει
761 3611 852 3668 διά
901 3616 1194 3684 μετανοίας
1234 3618 1373 3690 πρὸς
1401 3619 1556 3686 Θεὸν,
1602 3621 1696 3676 τὸν
1736 3623 1986 3696 υίοθετη-

410 3703 646 3773 σάμενον
669 3705 863 3759 τοῦτον
884 3707 943 3759 ἐν
966 3705 1047 3776 τῷ
1086 3707 1290 3762 πλάσαι
1328 3711 1452 3764 κατ’
1479 3712 1664 3766 εἰκόνα
1694 3713 1862 3768 αὐτοῦ
1894 3717 1988 3770 καὶ

407 3793 704 3864 ὁμοίωσιν·
739 3793 858 3848 ἀλλ’
901 3795 980 3860 ὡς
1031 3797 1269 3870 σκληρὸν
1317 3801 1411 3856 τὸν
1458 3803 1656 3858 ἑαυτοῦ
1706 3805 1987 3862 διαϐάλλει

406 3889 655 3960 πατέρα’
693 3891 795 3962 τὴν
825 3889 884 3945 δὲ
930 3895 1132 3964 τροφὸν
1181 3895 1379 3951 ἑαυτοῦ
1415 3898 1560 3953 κατὰ
1599 3900 1800 3972 ψυχὴν,
1834 3902 1987 3958 θείαν

404 3981 600 4034 τούτου
644 3979 998 4038 διδασκαλίαν
1036 3985 1138 4040 οῦκ
1185 3987 1418 4055 ἐπαινεῖ,
1450 3988 1527 4055 ὡς
1570 3990 1732 4061 δῆθεν
1778 3993 1986 4066 δυσφύ-

405 4071 626 4127 λακτον.

477 4181 566 4256 ιβ’.
607 4183 905 4258 Ἕκγονον
948 4185 1170 4256 κακόν,
1203 4187 1440 4248 δίκαιον
1480 4193 1700 4250 ἑαυτὸν
1756 4198 1982 4266 reple-et-

403 4277 523 4348 τὴν
552 4279 622 4334 δὲ
662 4279 885 4347 ἔξοδον
915 4283 1104 4338 αὐτοῦ
1141 4286 1254 4340 οὐκ
1285 4285 1604 4358 ἀπένιψεν.
1647 4290 1706 4344 '0
1742 4289 1984 4358 τοιοῦτος

405 4370 518 4434 υίὸς
549 4372 806 4443 ἐνάρετον
855 4375 1047 4429 ἑαυτὸν
1092 4377 1265 4431 οίεται
1287 4391 1301 4408 ⁸
1335 4381 1436 4451 τὴν
1479 4381 1536 4434 δὲ
1579 4383 1717 4453 πρὸς
1743 4383 1806 4438 τὸ
1830 4387 1984 4452 τέλος

405 4461 636 4528 διέξοδον
658 4465 759 4536 τῆς
808 4467 958 4540 ζωῆς
1003 4469 1190 4538 αὐτοῦ,
1231 4471 1384 4527 οῦπω
1412 4456 1543 4528 τῶῖ
1558 4477 1682 4531 καθ’
1707 4478 1986 4550 ἁμαρτίαν

407 4552 644 4624 κηλίδων
676 4555 969 4629 ἐκάθηρεν.

481 4671 575 4734 ιγ’.
635 4665 933 4736 Ἕκτον-ον
995 4673 1187 4728 κακὸν
1211 4713 1227 4738 ,
1279 4675 1562 4745 ὑψηλοὺς
1638 4679 1990 4750 ὀφθαλμοὺς
2043 4724 2058 4739 .

403 4757 530 4824 ἔχει
554 4773 568 4788 '
629 4756 754 4823 τοῖς
803 4757 875 4812 δὲ
925 4759 1261 4832 βλεφάροις
1313 4769 1501 4823 αὐτοῦ
1552 4769 1876 4838 ἐπαίρεται.
1930 4773 1989 4826 '0

403 4845 649 4911 τοιοῦτος
687 4847 826 4916 υἱὸς,
879 4850 956 4921 μὴ
999 4853 1384 4922 ἐπιγινώσκων
1437 4859 1538 4930 τὴν
1584 4861 1795 4916 οἰκείαν
1822 4862 1988 4917 ἀσθέ-

401 4956 570 5003 νειαν,
617 4940 852 5014 Θεωρίαν
884 4944 1219 5015 ἀχαλίνωτον
1267 4949 1566 5021 κέκτηται·
1599 4955 1696 5008 καὶ
1745 4958 1813 5008 τά
1847 4957 2001 5028 βρα-’

402 5029 610 5098 χύτατα
640 5031 1002 5105 ἐλαττώματα
1032 5035 1142 5089 τῶν
1180 5037 1460 5108 ὁμοφυῶν,
1491 5045 1614 5108 ταῖς
1652 5045 1729 5108 ὡς
1759 5048 1817 5099 ἐν
1863 5049 1987 5118 βλε-

405 5121 602 5191 φάροις
624 5123 939 5191 ὲξετάσεσιν
961 5127 1130 5182 αὐτοῦ
1153 5130 1464 5204 ἀνακρίνων
1496 5137 1590 5190 καὶ
1612 5141 1982 5211 κατακρίνων,

404 5216 806 5288 κατεπαίρεται
825 5217 1033 5274 τούτων
1059 5219 1136 5286 ὡς
1165 5223 1489 5295 ἐλαχίστων.

475 5326 558 5382 ιδ’.
603 5331 902 5401 Ἕκγονον
935 5336 1150 5402 κακὸν,
1187 5339 1488 5410 μαχαίρας
1521 5344 1664 5412 τοὺς
1731 5347 1985 5418 ὀδόντας

402 5418 560 5487 ἔχει,
593 5420 692 5475 καὶ
727 5423 834 5489 τὰς
857 5425 1082 5493 μύλας,
1114 5430 1363 5500 τομίδας
1387 5470 1403 5497 ,
1437 5433 1595 5492 ὥστε
1623 5439 1987 5496 ἀναλίσκειν

404 5510 502 5565 καί
529 5515 870 5569 κατεσθίειν
893 5519 1036 5586 τοὺς
1066 5523 1390 5590 ταπεινοὺς
1416 5526 1536 5582 ἀπὸ
1569 5528 1684 5598 τῆς
1719 5531 1853 5602 τῆς,
1885 5535 1985 5590 καί

405 5603 545 5670 τοὺς
587 5603 856 5676 πένητας
885 5611 1090 5666 αὐτῶν
1121 5615 1192 5680 ἐξ
1221 5615 1568 5687 ἀνθρώπων.
1633 5623 1694 5676 ὐ
1738 5627 1984 5692 τοιοῦτος

412 5695 517 5758 διὸς
547 5695 738 5768 λόγους
768 5703 1088 5776 προσφέρει,
1133 5705 1297 5778 δίκην,
1325 5711 1612 5782 μαχαιρῶν
1656 5717 1774 5779 ταῖς
1801 5717 1980 5770 διαϐο-

2165 3447 2330 3504 Vens.
2377 3446 2461 3505 ll.
2508 3444 2681 3501 Filius
2715 3445 2888 3500 malus
2915 3451 3118 3514 patrem
3141 3441 3434 3508 maledicit,
3456 3439 3684 3494 matrem

2092 3551 2271 3596 autem
2301 3558 2404 3596 non
2434 3539 2718 3595 benedicit.
2752 3537 3004 3594 Odiosus-
3031 3536 3179 3594 enim
3223 3535 3368 3590 illius
3406 3548 3518 3588 non
3543 3547 3679 3588 con-

2090 3635 2254 3686 vertit
2296 3645 2392 3701 per
2429 3629 2812 3700 pmnitentiam
2851 3627 2918 3682 ad
2949 3626 3120 3682 Deum
3160 3627 3252 3698 qui
3315 3625 3470 3681 illum
3508 3625 3679 3679 lilium

2097 3722 2248 3786 fecit,
2281 3721 2524 3776 creando
2561 3733 2684 3775 eum
2730 3719 2797 3774 ad
2838 3718 3131 3787 imaginem
3159 3727 3212 3772 et
3259 3715 3676 3772 similitudinem

2091 3827 2270 3880 Suam,
2297 3811 2392 3868 sed
2431 3810 2713 3882 proprium
2736 3817 2944 3881 patrem
2973 3816 3030 3862 ut
3059 3805 3258 3862 durum
3287 3807 3677 3863 calumniatur.

2089 3901 2372 3958 Nutricem
2407 3910 2586 3956 autem
2619 3901 2815 3955 anima:
2867 3913 3016 3966 sua),
3081 3898 3322 3954 divinam
3391 3898 3511 3968 ejus
3549 3899 3681 3954 doc-

2090 3993 2292 4046 trinam
2327 4005 2437 4046 non
2471 3989 2696 4057 laudat,
2733 3997 2926 4062 utpote
2952 3998 3173 4046 servatu
3203 3986 3500 4044 difﬁcilem.

2165 4187 2331 4244 Vsus.
2370 4187 2450 4244 l2.
2486 4184 2664 4244 Filius
2692 4189 2868 4245 malus
2891 4187 3104 4259 justum
3137 4205 3193 4244 se
3209 4187 3444 4259 iudicat,
3480 4189 3680 4243 exitum

2089 4292 2208 4330 vero
2251 4292 2406 4330 suum
2441 4291 2544 4329 non
2577 4275 2726 4330 lavit.
2773 4275 2926 4330 Talis
2966 4273 3114 4332 ﬁlius
3146 4275 3352 4332 virtute
3392 4277 3678 4348 praeditum

2088 4383 2210 4423 sese
2241 4375 2424 4438 putat;
2451 4368 2660 4424 exitum
2691 4377 2874 4422 autem
2927 4365 3052 4422 vitae
3109 4382 3224 4423 sua:
3269 4382 3379 4424 non
3425 4367 3678 4439 puriﬁcat

2092 4471 2121 4511 a
2157 4461 2507 4526 peccatorum
2534 4456 2788 4514 maculis.

2159 4642 2327 4700 Vens.
2368 4645 2454 4700 15.
2499 4643 2678 4701 Filius
2723 4647 2898 4703 malus
2945 4649 3198 4706 sublimes
3245 4650 3426 4706 oculos
3478 4649 3676 4714 habet,

2087 4732 2354 4802 palpebris
2386 4742 2562 4788 autem
2589 4735 2702 4789 suis
2729 4737 3026 4793 extollitur.
3060 4736 3233 4794 Filius
3257 4739 3402 4802 talis,
3425 4739 3682 4810 ignorans

2089 4821 2368 4890 propriam
2399 4821 2800 4888 inﬁrmitatem,
2835 4824 2889 4878 in
2927 4827 3340 4882 meditationem
3359 4825 3680 4880 cll'reuatam

2089 4921 2211 4962 sese
2259 4905 2491 4962 effundit
2527 4927 2540 4962 :
2577 4917 2631 4963 et
2679 4909 2958 4965 levissima
3000 4921 3228 4982 peccata
3281 4915 3558 4984 proximi,
3599 4914 3682 4968 iu-

2089 4997 2485 5066 quisitiouibus
2518 5004 2576 5052 ut
2625 4999 2677 5052 in
2725 4999 3002 5070 palpebris
3044 5011 3302 5058 scrutans
3332 5006 3680 5078 acjudicans

2089 5085 2352 5140 adversus
2378 5099 2473 5142 eos
2494 5095 2682 5156 utpote
2713 5088 2973 5144 minimos
3005 5091 3318 5150 extollitur.

2162 5281 2331 5340 Vens.
2369 5279 2452 5339 Η.
2491 5285 2664 5341 Filius
2705 5287 2877 5344 malus
2915 5289 3125 5362 gladios
3166 5289 3540 5347 dentes‘lmbet
3565 5331 3580 5356 ,
3627 5300 3679 5344 et

2098 5375 2296 5428 cultros
2345 5374 2538 5439 molas,
2577 5385 2636 5430 ut
2680 5389 2960 5433 consumat
3009 5388 3059 5434 et
3077 5380 3316 5434 comedat
3343 5377 3570 5432 humiles
3615 5377 3681 5432 de

2089 5469 2330 5520 terra.et
2352 5476 2610 5530 pauperes
2625 5479 2810 5519 eorum
2847 5481 2914 5519 ea:
2929 5465 3250 5521 hominibus.
3280 5463 3454 5519 Filius
3487 5465 3678 5520 istius-

2087 5548 2233 5602 modi
2294 5563 2585 5607 sermones
2641 5552 2853 5618 prol’ert
2907 5554 3014 5622 qui-
3056 5553 3350 5608 calumniis
3397 5553 3678 5622 sicutgla-

2090 5635 2164 5689 dii
2217 5635 2469 5692 homines
2514 5638 2753 5703 ltrdunt.
2789 5649 2846 5693 et
2899 5638 3263 5710 cogitationes
3321 5641 3677 5707 circumfert,

2095 5739 2215 5794 quae
2244 5728 2401 5796 quasi
2445 5725 2638 5783 dentes
2677 5729 2914 5783 molares
2949 5737 3162 5784 secreto
3203 5727 3500 5785 fraternam
3538 5743 3679 5783 amt-

2843 5959 2858 5990 ι
