3950 6206
344 241 367 303 l
377 237 478 303 527

1668 229 2022 293 PROCOPII
2061 230 2304 291 GAZEI

3461 213 3579 275 1528

335 344 528 400 citiam
582 351 804 418 acerant
826 384 841 407 ,
864 349 926 396 ut
962 340 1196 413 perdant
1228 348 1281 396 et
1325 339 1620 396 comedam
1670 339 1909 396 humiles
1940 350 1957 402 Α

2066 340 2133 402 ιῖς
2200 334 2605 407 τιτρώσκοντας
2683 327 3043 402 ἀνθρώπους·
3102 342 3197 381 και
3259 324 3584 394 διανοήματα

340 450 544 505 eosque
573 449 604 490 e
635 442 777 489 terra
801 449 1024 503 prorsus
1055 432 1329 488 aboleant.

2019 429 2339 500 περιφέρει,
2375 426 2533 496 δίκην
2582 422 2690 478 τῶν
2719 421 3032 491 ἀληθὸντων
3082 416 3310 487 ἀφανῶς
3348 416 3583 480 ὀδόντων,

340 526 582 598 τμητικὰ
628 526 728 596 τῆς
778 525 885 577 τῶν
927 524 1181 595 ὁμοφυῶν
1227 523 1613 595 ἀλληλουχίας·
1659 525 1737 589 ὡς
1784 523 2117 595 διαφθείρειν
2155 522 2249 576 καὶ
2294 518 2623 593 βιϐρώσκειν
2677 517 2807 581 τοὺς
2837 512 3079 576 εὐτελεῖς
3110 510 3220 564 τῶν
3258 508 3585 581 ἀνθρώπων,

342 618 639 673 κάντεῦθεν
676 616 897 680 τούτους
944 615 1126 669 τέλεον
1163 615 1263 685 τῆς
1310 618 1413 686 γῆς
1440 614 1809 685 ὲξαφανίζειν.

413 709 580 765 Vens.
608 708 695 764 15.
736 708 1088 778 Sanguisugw
1125 715 1227 760 tres
1258 715 1409 760 erant
1455 705 1618 775 ﬁlice,
1646 704 1929 760 dilectione

343 802 570 865 ditectw,
595 811 644 854 et
671 810 774 854 tres
804 801 934 868 ipsa:
966 814 1069 852 non
1092 806 1464 851 saturaverunt
1490 814 1629 863 eam,
1646 804 1697 852 et
1724 806 1930 868 quarta:

344 910 447 948 non
474 892 659 962 suﬁicit
694 892 886 955 dicere,
914 889 1060 944 Satis
1092 898 1191 944 est.
1228 887 1356 945 Post
1381 890 1611 959 primam
1648 898 1932 960 trangres-

345 987 558 1040 sionem
578 1022 593 1047 ,
624 982 961 1037 irrationalis
994 995 1059 1034 ac
1090 996 1292 1049 pravus
1333 980 1719 1051 cujuscunque
1769 996 1934 1052 appe-

344 1076 501 1139 titus,
532 1075 722 1145 genuit
746 1072 903 1144 quasi
933 1081 1048 1127 tres
1080 1072 1218 1128 tilias
1246 1072 1480 1128 maxime
1501 1071 1931 1140 desiderabiles;

347 1164 716 1234 ignorantiam
743 1163 965 1233 quidem
1008 1162 1063 1216 in
1095 1162 1331 1226 ratione,
1360 1177 1601 1217 amorem
1631 1162 1715 1219 sui
1749 1164 1804 1221 in
1835 1178 1934 1234 ap-

344 1256 517 1328 petitu
570 1254 993 1325 concupiscibili
1046 1261 1099 1309 et
1151 1253 1205 1307 in
1258 1254 1502 1324 appetitu
1561 1253 1825 1310 irascibili
1878 1255 1935 1308 in

346 1348 661 1419 proximum
703 1346 1093 1419 tyrannidem;
1139 1345 1241 1401 tria
1278 1347 1540 1411 maxima,
1582 1345 1650 1402 ab
1702 1346 1935 1402 invicem

344 1440 662 1510 pendentia,
695 1439 958 1510 pessima,
982 1453 1045 1491 ac
1076 1453 1187 1493 uno
1217 1436 1384 1492 verbo
1426 1437 1610 1493 omnis
1651 1435 1941 1508 pravitatis

347 1530 503 1600 origo
531 1546 545 1597 ;
576 1531 704 1600 quia
732 1545 760 1582 a
804 1526 917 1584 Deo
947 1536 1201 1583 avertunt
1228 1545 1242 1581 :
1279 1528 1590 1598 ignorantia
1618 1568 1633 1594 ,
1662 1542 1694 1581 a
1731 1525 1840 1581 Deo
1881 1542 1942 1598 ιιι

349 1636 566 1677 summo
585 1619 967 1692 cognoScendo
987 1635 1137 1683 vero;
1161 1633 1314 1674 amor
1327 1618 1435 1685 sui,
1456 1634 1485 1672 a
1501 1618 1633 1683 Deo,
1652 1626 1711 1673 ut
1728 1633 1944 1674 summo

347 1713 496 1768 bono
525 1713 865 1784 appetendo;
907 1712 1154 1784 tyrannis
1204 1711 1447 1776 tandem,
1487 1725 1608 1781 quae
1632 1719 1820 1781 mutua
1862 1717 1946 1766 est

349 1805 383 1858 d
410 1806 676 1869 structio,
710 1806 871 1858 ruina
903 1812 989 1860 est
1018 1804 1215 1858 iterum
1248 1803 1554 1872 corporalis
1581 1800 1943 1859 sustentatio-

354 1898 478 1960 nis,
516 1911 681 1964 quam
729 1894 948 1949 videtur
989 1908 1346 1964 oppugnare,
1375 1893 1678 1963 appetitum
1716 1892 1945 1947 irratio-

2105 712 2185 761 ιε’.
2212 704 2292 774 Τῇ
2310 701 2548 770 ,ϐδέλλῃ
2569 698 2725 769 τρεῖς
2751 693 3068 768 θυγατέρες
3097 689 3282 765 ἦσαν,
3300 687 3591 761 ἀγαπήσει

2030 797 2409 869 ἀγαπώμεναι
2426 810 2443 828 ο
2476 793 2576 848 καί
2604 793 2668 848 αἱ
2686 790 2844 861 τρεῖς
2876 784 3056 845 αὗται
3084 788 3197 841 οὐκ
3234 783 3594 853 eremime

2030 906 2153 945 σαν
2188 888 2384 956 αὐτήν
2402 903 2417 918 ο
2471 884 2571 940 καί
2602 885 2641 954 ἠ
2660 884 2907 951 τετάρτη
2959 882 3072 935 οὐκ
3110 876 3376 947 ἠρκέσθη
3408 874 3594 929 εἰπεῖν

2033 981 2265 1038 ίκανόν.
2291 979 2358 1033 Ἦ
2389 976 2528 1049 μετά
2551 976 2652 1046 τὴν
2668 973 2892 1047 πρώτην
2918 969 3256 1042 παράϐασιν,
3277 968 3435 1022 ἄλλου
3459 966 3593 1028 τινος

2036 1072 2188 1146 παρά
2235 1073 2337 1142 τὴν
2390 1069 2572 1125 αἰτίαν
2617 1067 2903 1136 ἀλόγιστος
2936 1063 3146 1134 ἔφεσις,
3181 1062 3469 1125 ἀπέτεκεν,
3515 1055 3596 1114 οἷά

2034 1180 2159 1218 τινα
2183 1161 2309 1233 τρία
2336 1159 2607 1230 θυγάτρια
2629 1155 3003 1213 ποθεινότατα·
3028 1153 3129 1224 τὴν
3154 1151 3253 1221 μὲν
3268 1151 3516 1219 ἄγνοιαν,
3532 1149 3598 1220 τῷ

2037 1251 2328 1325 λογιστικῷ
2352 1252 2450 1322 τῆς
2485 1250 2666 1321 ψυχῆς
2686 1266 2703 1282 ο
2727 1248 2826 1318 τὴν
2858 1246 2917 1300 δὲ
2960 1244 3268 1315 φιλαυτίαν,
3296 1243 3376 1312 τῷ
3416 1242 3598 1296 ἐπιθυ-

2044 1343 2261 1419 μητικῷ
2280 1361 2294 1375 ·
2326 1343 2420 1397 καὶ
2441 1341 2539 1411 τὴν
2572 1340 2715 1394 κατά
2755 1338 2865 1392 τῶν
2894 1335 3152 1408 ὁμοφυῶν
3199 1332 3599 1405 τυραννίδα,τῷ

2041 1433 2295 1506 θυμικῷο
2324 1432 2394 1486 τά
2428 1429 2676 1500 ἀλλήλων
2692 1424 3048 1506 ,ἐξηρτημένα
3078 1422 3205 1493 τρία
3235 1420 3490 1491 μέγιστα,
3520 1420 3601 1473 καὶ

2041 1501 2349 1598 ἀρχέκακα,
2410 1522 2504 1577 καὶ
2542 1501 2725 1589 πάσης
2778 1516 2969 1579 ἁπλῶς
3016 1516 3191 1567 είπεῖν
3236 1510 3437 1574 κακίας
3471 1527 3600 1581 παρ-

2043 1621 2227 1674 αίτια⁶
2260 1615 2385 1669 ἐπεὶ
2416 1613 2463 1667 δ’
2508 1610 2802 1682 ἀποτυχίαι
2836 1608 2947 1662 εἰσὶ
2996 1604 3131 1662 Θεοῦ
3156 1623 3170 1638 ·
3199 1606 3233 1676 ἡ
3266 1605 3365 1674 μὲν
3399 1604 3597 1672 ἄγνοια,

2044 1709 2119 1770 ὡς
2147 1706 2417 1777 ἀλαθήτου
2456 1701 2735 1772 γνωστοῦ·
2771 1701 2806 1771 ἡ
2836 1699 2893 1753 δὲ
2939 1696 3216 1767 φιλαυτία,
3260 1694 3337 1758 ὡς
3388 1693 3598 1762 ἐσχάτου

2046 1796 2273 1869 όρεκτοῦ
2298 1812 2312 1828 ο
2353 1796 2387 1865 ἡ
2416 1792 2474 1846 δέ
2509 1808 2573 1862 γε
2610 1791 2869 1862 τυραννὶς
2914 1786 3090 1858 φθορά
3123 1782 3259 1840 οὖσα
3311 1783 3599 1852 διὰλληλος,

2049 1846 2322 1957 ἀζοτυχία
2349 1846 2658 1939 ⁸ιτάλινιὲσσιτὶ
2685 1846 2788 1951 ἶτῆς
2827 1846 3148 1950 σωματικῆς
3183 1846 3518 1936 συστάσεως,
3545 1869 3601 1944 ἧς

353 1986 533 2040 nalem
570 1985 692 2039 illas
722 1985 1022 2055 parientem
1059 1984 1264 2038 satiare
1300 1983 1428 2052 jure
1456 1996 1568 2036 non
1597 1982 1819 2047 valens,
1858 1988 1942 2034 ut-

2066 1980 2140 2034 tal
2160 1979 2314 2031 δοκεῖ
2338 1973 2875 2045 ὑπεραγωνίζεσθαι,
2903 1969 3131 2032 είκάτως
3161 1967 3272 2055 τὴν.
3308 1964 3510 2028 ταύτας
3530 1979 3599 2016 τε·

355 2084 483 2147 pote
542 2075 698 2147 quasi
755 2074 1084 2145 sanguisuga
1134 2073 1501 2128 insatiabilem
1555 2071 1935 2128 exsistentem.

357 2164 570 2222 Idcirco
607 2173 662 2220 et
704 2167 794 2221 illa
842 2181 962 2235 quae
1002 2181 1125 2221 cum
1174 2164 1300 2239 (iliis
1344 2172 1603 2234 quartum
1650 2179 1940 2219 numerum

358 2260 632 2330 complet,
667 2273 775 2312 non
808 2259 1073 2322 satiatur,
1109 2257 1183 2312 ita
1215 2264 1275 2312 ut
1306 2272 1335 2310 a
1362 2265 1515 2311 motu
1550 2264 1743 2311 contra
1781 2265 1943 2310 natu-

298 2418 307 2425 _
359 2367 479 2406 ram
531 2352 833 2415 abstineat,
872 2350 1047 2404 donec
1091 2350 1309 2405 ratione
1360 2349 1591 2405 subacta
1631 2348 1699 2403 ad
1727 2365 1791 2403 ea
1823 2363 1947 2418 qua:

364 2450 495 2498 sunt
520 2457 684 2513 supra
720 2452 973 2497 naturam
1016 2457 1076 2497 se
1126 2449 1446 2503 convertat,
1486 2441 1578 2495 ubi
1610 2441 1825 2496 tandem
1859 2455 1948 2496 sa-

361 2532 615 2600 tiabitur,
648 2532 869 2604 quando
897 2531 1101 2588 videbit
1132 2531 1299 2587 homo
1326 2531 1556 2603 gloriam
1596 2529 1711 2587 Dei.

436 2808 602 2865 Vens.
635 2808 719 2864 16.
747 2807 1030 2878 Informes,
1066 2815 1116 2862 et
1139 2822 1292 2861 amor
1340 2805 1582 2861 mulieris
1603 2845 1618 2871 ,
1677 2813 1917 2857 tartarus
1937 2842 1952 2866 ,

365 2908 415 2951 et
448 2910 591 2953 terra
621 2913 739 2968 qua:
779 2912 883 2951 non
925 2895 1161 2949 satiatur
1183 2909 1325 2966 aqua
1350 2932 1367 2957 ,
1418 2909 1557 2964 aqua
1583 2900 1635 2947 et
1666 2891 1805 2962 ignis
1849 2906 1956 2944 non

364 2995 539 3049 dicent
566 3036 581 3060 ,
614 2991 761 3048 Satis
792 3003 891 3047 est.
925 2989 1114 3061 Neque
1137 2989 1282 3044 enim
1316 2988 1622 3042 animarum
1655 2995 1830 3042 status
1864 2984 1957 3055 qui

366 3094 492 3156 post
528 3086 933 3156 separationem
985 3064 1173 3137 earum
1215 3080 1271 3134 iu
1303 3079 1631 3149 corporibus
1664 3077 1962 3131 habitatio-

366 3192 490 3232 nem
521 3177 770 3246 sequitur
808 3182 862 3230 et
888 3174 1022 3246 ᾅδης
1055 3170 1349 3243 (infernus)
1377 3178 1623 3234 vocatur,
1658 3176 1846 3238 utpote
1876 3168 1964 3221 in-

363 3267 634 3333 visibilis,
655 3266 782 3336 quia
814 3265 1017 3320 ibidem
1053 3263 1248 3316 anima
1274 3276 1375 3315 nec
1401 3259 1700 3328 quidquam
1736 3272 1967 3325 operan-

2040 2070 2244 2125 κοῦσαν
2299 2067 2616 2138 παράλογον
2682 2063 2868 2132 ἔφεσιν
2915 2060 3147 2130 κορέσαι
3203 2046 3331 2109 (iiiis
3363 2056 3581 2123 ἴσχυσαν,

2050 2160 2349 2231 ἀκόρεστον
2375 2156 2538 2225 δίκην
2573 2152 2799 2224 βδέλλης
2831 2149 3206 2219 ὑπάρχουσαν
3231 2144 3316 2198 διδ
3344 2144 3429 2196 καὶ
3448 2140 3573 2209 αὑτὴ,

2044 2208 2251 2324 ἦ
2409 2247 2470 2314 ἐξ
2491 2208 2666 2316 αὐτῆς
2684 2208 2972 2314 πλιτξροῦσα
2984 2208 3084 2293 ’τὸν
3105 2237 3351 2307 τέσσαρα
3369 2232 3583 2324 ἀριθμὸν,
3834 2208 3835 2285 i

2045 2320 2144 2396 οὐκ
2190 2339 2521 2413 ἐχορτάσθη,
2572 2337 2716 2390 ὥστε
2750 2331 3088 2402 ἀποσχέσθαι
3130 2327 3233 2397 τῆς
3276 2323 3430 2395 παρά
3460 2320 3594 2413 φύσιν

2048 2411 2320 2502 κινήσεως
2340 2449 2353 2463 ·
2381 2430 2489 2493 ἓως
2520 2428 2585 2483 ἂν
2616 2425 2789 2497 αὐτὴν
2815 2420 3195 2484 καθυποτάξας
3223 2419 3252 2471 ό
3275 2417 3457 2482 λόγος,
3490 2411 3599 2483 πρὶς

2048 2527 2117 2581 τὰ
2149 2525 2291 2596 ὑπὲρ
2322 2522 2487 2593 φύσιν
2526 2519 2708 2589 ἀγαθά
2733 2514 2998 2587 φέρεσθαι
3039 2512 3303 2573 πείσειεν,
3333 2509 3471 2561 ὅπου
3498 2504 3605 2557 ποτὲ

2052 2616 2508 2688 χορτασθήσεται,
2558 2614 2617 2666 ὲν
2672 2610 2753 2681 τῷ
2793 2608 3028 2681 ὀφθῆναι
3073 2603 3153 2674 τῷ
3202 2599 3483 2673 ἀνθρώπῳ
3526 2596 3611 2668 τὴν

2053 2707 2211 2773 δόξαν
2244 2707 2338 2761 τοῦ
2374 2705 2533 2760 Θεοῦ.
3212 2730 3239 2755 κ

2130 2798 2224 2865 ις’.
2247 2797 2452 2869 ᾍδης,
2473 2798 2571 2852 καί
2593 2798 2743 2865 ἔρως
2760 2791 3069 2865 γυναικὸς,
3086 2787 3185 2843 καί
3202 2786 3512 2856 τάρταρος,
3536 2777 3616 2834 καὶ

2057 2889 2135 2960 τῆ
2152 2892 2264 2945 οὐκ
2285 2886 2706 2959 ἐμπιπλαμένη
2725 2886 2965 2950 ὕδατος,
2984 2881 3081 2936 καί
3100 2879 3255 2947 ὕδωρ
3278 2875 3377 2931 καί
3403 2873 3546 2940 πῦρ,
3558 2869 3615 2923 οὐ

2057 2982 2142 3053 μὴ
2176 2982 2430 3037 εἴπωσιν
2456 2980 2669 3051 Ἀρκεῖ.
2691 2978 2828 3033 Οῦτε
2857 2977 2965 3048 γὰρ
2981 2977 3016 3047 ἡ
3034 2973 3132 3045 τὴν
3152 2974 3209 3025 ὲν
3233 2968 3457 3038 σώμασι
3471 2964 3620 3019 κατὰ·

2066 3091 2257 3129 στασιν
2288 3074 2400 3128 τῶν
2422 3073 2632 3144 ψυχῶν,
2667 3070 2809 3142 μετὰ
2847 3069 2936 3122 τὸν
2980 3063 3185 3119 τούτων
3215 3058 3503 3131 χωρισμὸν
3524 3055 3618 3108 διας

2065 3165 2328 3237 δεχομένη
2387 3165 2744 3225 κατάστασις,
2776 3161 2900 3231 ἥτις
2920 3158 3053 3230 ᾅδης
3093 3153 3341 3209 καλεῖται
3381 3148 3467 3212 ὡς
3503 3148 3626 3214 ἀφα·

2071 3256 2188 3327 νὴς,
2219 3255 2308 3310 διὰ
2345 3255 2406 3308 τὸ
2462 3256 2521 3308 ἐν
2559 3254 2720 3323 αὐτῇ,
2762 3250 2886 3323 μήτ’
2937 3247 3210 3319 ἐνεργεῖν,
3242 3242 3379 3313 μήτε
3412 3241 3626 3306 πάσχειν

369 3359 494 3421 lur.
532 3373 635 3414 nec
670 3355 901 3427 iucundi
944 3364 1039 3410 aut
1089 3353 1308 3407 molesti
1354 3327 1482 3421 quid
1531 3350 1812 3419 patiuntur
1839 3363 1957 3401 cum

2070 3348 2241 3411 αὐτὰς
2285 3344 2423 3417 μετά
2455 3344 2726 3417 σωμάτων
2752 3343 2821 3396 τὰ
2857 3340 2987 3412 ἡδέα
3018 3339 3127 3391 εἴτε
3162 3331 3422 3404 λυπηρά’
3453 3327 3631 3427 οὖτεθι

366 3450 732 3520 corporibus;
782 3462 960 3517 neque
996 3445 1270 3522 sensualis
1303 3451 1359 3498 et
1414 3440 1755 3496 irrationalis
1786 3456 1963 3507 amor,

367 3541 462 3613 qui
506 3540 720 3596 animas
764 3540 986 3610 quidem
1014 3538 1239 3592 dimittit
1276 3534 1329 3588 in
1366 3532 1638 3587 infernum
1662 3573 1678 3598 ,
1730 3547 1964 3602 corpora

370 3641 552 3690 autem
573 3635 629 3688 in
659 3638 893 3704 quatuor
919 3631 1185 3686 elementa
1209 3626 1491 3688 dissolvit,
1523 3625 1681 3695 quasi
1710 3639 1805 3695 per
1837 3639 1958 3678 eam

371 3724 439 3779 ad
472 3731 701 3779 mortem
729 3723 1020 3778 damnatus
1055 3719 1219 3774 fuerit
1266 3719 1456 3784 homo;
1498 3731 1674 3786 neque
1727 3732 1793 3771 ex
1832 3729 1969 3785 qua.

372 3827 498 3872 tuor
541 3815 663 3871 istis
707 3813 992 3870 elementis
1025 3813 1109 3867 vel
1157 3825 1252 3865 aer
1288 3817 1599 3865 commotus
1629 3823 1694 3862 ac
1729 3807 1968 3862 turbans

374 3923 576 3979 aquas;
614 3905 697 3961 vel
741 3913 883 3959 terra
934 3901 1089 3957 arida
1136 3900 1293 3970 aquis
1327 3915 1434 3953 non
1474 3897 1704 3967 irrigata
1735 3904 1791 3951 et
1836 3910 1971 3966 pro-

375 4001 553 4070 priam
607 3998 862 4067 rejiciens
906 3994 1258 4057 ariditatem;
1314 3992 1399 4045 vel
1455 4005 1596 4059 aqua
1655 3988 1809 4057 ipsa,
1877 4001 1973 4061 aut

376 4094 521 4161 ignis
552 4132 566 4156 ,
602 4099 788 4145 mutua
820 4086 1176 4156 corruptione
1201 4082 1621 4144 saturabuntur,
1652 4076 1969 4148 usquedum

380 4185 433 4237 in
465 4182 874 4239 resurrectione
898 4175 1223 4240 universali,
1251 4172 1592 4242 incorruptio
1610 4177 1662 4224 et
1693 4168 1968 4225 stabilitas

380 4281 431 4329 ct
463 4274 707 4333 omnium
739 4286 767 4323 a
799 4268 1095 4321 mutatione
1123 4264 1437 4319 immunitas
1468 4261 1747 4314 adveniat.

453 4362 620 4427 Vens.
657 4363 738 4417 l7.
779 4360 1003 4414 Oculum
1037 4360 1125 4429 qui
1156 4358 1450 4411 subsannat
1489 4362 1691 4422 patrem
1716 4361 1763 4405 et
1787 4352 1965 4421 despi-

308 4490 313 4493 -
381 4457 451 4509 cit
482 4463 797 4509 senectutem
819 4452 1030 4513 matris,
1059 4449 1311 4517 effodiant
1345 4456 1463 4499 eum
1491 4445 1632 4498 corvi
1666 4443 1729 4497 de
1769 4452 1975 4496 torren-

385 4546 552 4611 tibus,
590 4556 638 4600 et
688 4543 963 4598 comedunt
1005 4556 1120 4593 eum
1151 4538 1251 4603 ﬁlii
1293 4536 1504 4606 aquilar.
1541 4533 1972 4589 lntellcctualem

384 4638 581 4691 animte
610 4636 850 4697 oculum,
875 4635 966 4702 qui
1014 4630 1184 4685 Deum
1221 4628 1464 4682 omnium
1497 4634 1779 4680 auctorem
1835 4638 1982 4679 con-.

2048 3624 2299 3679 ἀναλύει
2324 3625 2589 3692 στοιχεῖα,
2621 3620 2696 3682 ὡς
2723 3617 2790 3672 δι’
2827 3615 2996 3687 αὐτὴν
3019 3612 3112 3666 τοῦ
3150 3607 3447 3679 ἀνθρώπου
3477 3617 3641 3657 κατα-

2071 3442 2191 3497 κατ’
2243 3440 2497 3511 αἴσθησιν
2549 3439 2743 3507 ἄλογος
2784 3434 2983 3506 ὄρεξις,
3011 3431 3135 3501 ἥτις
3179 3427 3279 3489 τὰς
3323 3425 3423 3495 μὲν
3467 3419 3634 3491 ψυχᾶς

2072 3532 2436 3604 παραπέμπει
2466 3531 2545 3602 τῷ
2570 3530 2693 3601 ᾅδῃ,
2730 3527 2797 3579 τὰ
2831 3526 2889 3579 δὲ
2917 3521 3145 3593 σώματα
3175 3521 3255 3582 είς
3294 3517 3363 3570 τά
3401 3516 3635 3579 τέσσαρα

2074 3716 2359 3786 κριθέντος
2388 3714 2603 3783 θανάτῳ
2624 3728 2637 3740 ⁸
2663 3711 2786 3764 οῦτε
2812 3708 2916 3779 μὴν
2948 3706 3006 3771 ἐξ
3029 3703 3209 3760 αὐτῶν
3230 3701 3337 3754 τῶν
3364 3698 3650 3767 τεσσάρων

2076 3809 2377 3878 στοιχείων,
2411 3806 2443 3876 ἢ
2480 3805 2587 3874 ἀὴρ
2622 3801 2942 3870 κινούμενος
2975 3796 3073 3851 καὶ
3099 3793 3392 3867 ταράσσων
3426 3792 3504 3843 τὰ
3541 3788 3652 3841 i161—

2076 3917 2165 3965 τα,
2192 3898 2226 3970 ἦ
2253 3900 2324 3967 γῆ
2362 3896 2500 3965 ξηρά
2542 3895 2617 3965 μὴ
2655 3892 2916 3963 δευομένη
2944 3892 3059 3952 τοῖς
3095 3887 3273 3947 ὕδασι,
3314 3884 3414 3937 καὶ
3450 3884 3559 3954 τὴν
3588 3881 3660 3934 oi-

2076 3988 2231 4045 κείαν
2273 3986 2690 4057 ἀποϐαλλομένη
2742 3978 3102 4054 ξηρότητα,ἢ
3142 3978 3204 4031 τὸ
3246 3976 3394 4045 ῦδωρ
3429 3974 3596 4037 αὐτὸ,
3631 3972 3661 4040 ἦ

2076 4082 2140 4135 τὸ
2166 4080 2299 4151 πῦρ,
2323 4080 2424 4149 τῆς
2454 4077 2739 4146 διαλλήλου
2777 4073 2986 4145 φθορᾶς
3015 4066 3544 4140 ἐμπλησθήσονται,
3565 4065 3666 4123 ἕως

2075 4172 2176 4241 τῆς
2204 4169 2423 4222 πάντων
2451 4166 2591 4221 κατά
2627 4164 2726 4235 τὴν
2767 4163 3062 4218 ἀνάστασιν
3089 4156 3401 4229 ἀφθαρσίας
3418 4157 3529 4208 καὶ
3562 4152 3670 4205 δια-

2080 4263 2267 4332 μονῆς,
2299 4259 2395 4312 καὶ
2419 4258 2517 4328 τῆς
2549 4255 2643 4310 τοῦ
2678 4253 2937 4325 φέρεσθαι
2978 4250 3239 4310 στάσεως.

2151 4348 2238 4414 ιζ’.
2278 4346 2629 4418 Ὀφθαλμὸν
2653 4342 3072 4414 καταγελῶντα
3110 4335 3361 4407 πατρὸς,
3392 4335 3512 4388 καί
3558 4334 3678 4388 ἀτι-

2076 4439 2333 4513 μάζοντα
2359 4439 2549 4509 γῆρας
2581 4436 2828 4509 μητρός,
2852 4435 3232 4501 ὲκκόψαισαν
3261 4426 3467 4482 αὐτὸν
3503 4426 3679 4493 κόραν

2080 4550 2184 4597 κες
2207 4532 2277 4585 ἐκ
2312 4529 2430 4584 τῶν
2461 4529 2799 4599 φαράγγων,
2834 4526 2934 4579 καί
2980 4518 3445 4588 καταφάγοισαν
3488 4515 3688 4568 αὐτὰν

2077 4622 2325 4677 νεοσσοί
2364 4621 2572 4676 ἀετῶν.
2606 4620 2811 4690 Νοερὸν
2856 4617 3013 4689 δμμα
3051 4614 3251 4685 ψυχῆς,
3284 4604 3690 4681 καταφρονοῦν

385 4728 601 4793 temnit,
636 4735 981 4794 veteremque
1016 4738 1080 4776 ac
1123 4720 1227 4790 ipsi
1258 4729 1584 4773 comem-am
1617 4716 1853 4787 despicit
1877 4729 1957 4771 isa-

2072 4714 2165 4769 τοῦ
2215 4715 2431 4769 πάντων
2475 4714 2651 4767 αίτίου
2701 4710 2876 4777 Θεοῦ,
2919 4709 3015 4763 καὶ
3053 4705 3153 4766 τὴν
3198 4701 3485 4756 σὐναῖδιον
3537 4696 3696 4767 αὐτῷ

386 4820 670 4889 pientiam,
710 4820 1093 4872 universorum
1122 4825 1370 4877 causam,
1396 4810 1727 4864 naturalium
1761 4820 1815 4863 et
1847 4821 1974 4864 tent-

390 4908 658 4979 poralium
683 4906 1020 4977 apparentiis
1046 4899 1387 4958 immorando
1411 4910 1465 4954 et
1492 4915 1600 4954 non
1624 4899 1973 4955 ascendendo
2002 4885 2045 4915 ‘

389 5003 459 5054 ad
489 5000 705 5054 illorum
740 4998 1004 5060 rationes,
1033 5009 1174 5064 quas
1198 5001 1322 5046 ante
1355 4992 1556 5047 saecula
1587 4991 1818 5047 salutari
1849 5005 1975 5045 con-

390 5094 518 5150 silio
549 5092 693 5147 Deus
732 5089 1016 5145 constituit
1042 5096 1101 5142 et
1131 5086 1434 5141 secundum
1468 5100 1607 5154 quas
1637 5082 1973 5138 creationem

389 5196 505 5243 tum
548 5184 842 5246 visbilem,
884 5190 997 5235 tum
1052 5180 1380 5236 invisibilem
1420 5193 1451 5232 ο
1482 5178 1656 5233 nihilo
1707 5174 1950 5230 condidit

391 5286 591 5334 cuncta
614 5278 757 5332 enim
789 5274 1001 5327 ratione
1030 5284 1086 5326 et
1107 5271 1379 5342 sapientia
1418 5272 1471 5324 in
1508 5280 1754 5338 teu'pore
1779 5282 1983 5338 oppor-

390 5379 527 5426 tuno
556 5365 685 5423 fecit
701 5382 765 5420 ac
788 5364 936 5429 facit,
958 5365 1108 5417 illum
1133 5363 1353 5418 oculum
1378 5362 1738 5418 extasi-alium
1761 5360 1982 5430 quidem

390 5472 735 5517 tcrrcnorum
765 5456 961 5513 all‘ectu
978 5456 1273 5511 immundae
1292 5470 1356 5508 ac
1380 5454 1594 5508 vitiOsa:
1614 5452 1984 5523 cogitationes

392 5550 751 5606 ascendentes
765 5564 972 5605 ccarne
987 5547 1176 5603 multis
1200 5545 1516 5617 passionum
1570 5544 1789 5598 ﬂuentis
1828 5558 1993 5598 exca-

397 5650 521 5695 vata
542 5648 590 5697 et
608 5640 821 5698 revulsa
840 5657 868 5696 a
887 5638 1216 5699 cohaerentia
1236 5648 1288 5693 et
1305 5636 1645 5692 connexionc
1665 5651 1789 5689 cum
1811 5636 1990 5691 anima

2076 4805 2413 4879 ἀρχαιότητα
2459 4805 2559 4873 τῆς
2588 4801 2931 4864 ’πανταιτίας
2974 4797 3169 4878 σοφίας
3218 4791 3420 4845 τούτου
3495 4805 3697 4859 παραε-

2076 4898 2431 4967 6λεπόμενον,
2465 4898 2523 4948 ὲν
2562 4894 2642 4965 τῷ
2680 4892 3041 4962 ὲναπομένειν
3068 4891 3191 4950 ταῖς
3231 4884 3340 4939 ὑπὸ
3370 4881 3570 4951 φύσιν
3606 4880 3705 4933 καὶ

2077 4991 2268 5061 χρόνον
2319 4988 2663 5056 ἐπιφανείαις
2712 4984 2822 5038 τῶν
2861 4983 3052 5046 ὄντων,
3089 4979 3186 5032 καὶ
3227 4976 3303 5047 μὴ
3358 4972 3525 5042 πρὸς
3571 4971 3706 5031 τοὺς

2081 5081 2276 5149 λόγους
2319 5078 2501 5131 αὐτῶν
2529 5075 2847 5138 διαϐαίνειν,
2878 5072 2974 5135 οὓς
3003 5074 3032 5124 ό
3068 5069 3203 5131 Θεὸς
3236 5066 3376 5136 ἔχων
3422 5064 3563 5132 πρὸ
3595 5063 3710 5114 τῶν

2092 5172 2324 5236 αἰώνων,
2350 5169 2600 5241 βουλήσει
2626 5166 2805 5237 ἀγαθῇ
2832 5159 3281 5235 προῦφεστῶτας,
3310 5153 3441 5208 κατ’
3483 5152 3713 5211 αὐτοὺς

2092 5267 2188 5334 τήν
2220 5281 2280 5315 τε
2320 5261 2524 5331 όρατὴν
2560 5260 2654 5313 καὶ
2701 5259 2798 5329 τὴν
2846 5258 3075 5327 ἀόρατον
3126 5252 3192 5303 ἐκ
3237 5245 3332 5300 τοῦ
3389 5244 3486 5316 μὴ
3546 5246 3718 5334 ὄντος

2093 5354 2438 5423 ὑπεστήσατο
2464 5353 2663 5410 κτίσιν,
2693 5350 2838 5417 λόγῳ
2872 5346 2968 5398 καὶ
3009 5341 3173 5412 σοφία
3205 5337 3273 5391 τὰ
3308 5336 3519 5389 πάντα
3564 5331 3719 5387 κατά

2091 5446 2182 5499 τὸν
2203 5446 2389 5499 δέοντα
2409 5446 2599 5515 χρόνον
2625 5443 2859 5510 ποιήσας
2891 5456 2947 5490 τε
2985 5436 3079 5489 καὶ
3106 5431 3301 5495 ποιῶν,
3334 5427 3396 5481 τὸ
3430 5427 3724 5482 τοιοῦτον

2099 5540 2252 5610 ὄμμα
2275 5536 2681 5606 ὲκτυφλώσουσι
2710 5533 2808 5603 μὲν
2832 5532 2940 5584 τῶν
2964 5527 3292 5598 ἀκαθάρτων
3317 5520 3646 5593 λογισμῶν
3675 5518 3721 5571 si

2101 5616 2222 5688 κατ’
2254 5631 2487 5699 ἔλλειψιν
2517 5629 2611 5699 τῆς
2654 5624 2860 5696 ἀρετῆς
2892 5619 3273 5679 ἀναϐαίνοντες
3307 5611 3419 5668 ἀπὸ
3472 5614 3603 5685 ’τῆς
3644 5612 3721 5679 τῷ
