3950 6206
395 368 532 436 152')

1451 373 1987 437 COMMENTARII
2016 376 2096 437 IN
2131 376 2566 441 PROVERBIA

3534 386 3685 448 1343‘

392 488 571 561 πολλῷ
596 488 830 560 ῥεύματι
850 485 961 542 τῶν
983 484 1172 540 παθῶν
1198 485 1720 559 ἐκχαραδρωθείσης
1742 489 1966 558 σαρκὸς,

2087 488 2375 545 secundum
2401 493 2574 563 legem
2605 492 2700 548 Dei
2723 494 2819 565 qui
2842 495 2963 553 illas
2980 494 3143 552 simul
3158 497 3484 566 conjunxit;
3519 497 3572 549 ill
3619 514 3685 552 m-

391 585 487 640 καὶ
511 579 908 653 διατμηθείσης
934 580 1037 650 τὴν
1064 579 1203 651 πρὸς
1238 580 1340 651 τὴν
1365 577 1546 649 ψυχὴν
1572 581 1715 633 κατὰ
1746 579 1838 632 τὸν
1866 579 1963 633 τοῦ

395 673 762 745 συνδήσαντος
782 670 919 725 Θεοῦ
942 670 1129 740 νόμον,
1155 670 1534 740 πνευματικὴν
1562 669 1841 739 συνέχειαν
1870 667 1965 722 καὶ

394 767 714 836 συνάφειαν,
744 763 823 828 ὡς
856 751 1199 828 σκοτίζοντες
1218 761 1352 815 αὐτὸ
1381 763 1448 832 τῇ
1483 761 1666 831 σχέσει
1699 760 1809 813 τῶν
1850 760 1967 813 ὑλι-

389 858 533 915 κῶν·
567 855 1016 913 καταναλώσουσι
1044 853 1102 908 δὲ
1122 854 1174 907 oi
1203 853 1326 909 καθ’
1360 853 1669 925 ὑπερϐολὴν
1701 852 1802 922 τῆς
1834 851 1967 922 ἀρε-

388 950 512 1021 τῆς,
543 949 608 1002 ἐκ
639 948 749 1002 τῶν
778 945 937 1018 δίκην
967 945 1247 1016 ὑψιπετῶν
1275 943 1450 998 ἀετῶν
1482 946 1563 1007 είς
1616 943 1755 1013 ῦψος
1790 942 1966 1013 ὑπερ-

2074 586 2257 634 antem
2303 590 2629 638 consument
2645 586 3010 655 cogitationes
3033 603 3132 657 per
3153 602 3446 645 excessum
3491 591 3668 646 virtu-

2074 671 2147 725 tis
2187 686 2327 740 quas
2358 674 2412 727 in
2449 675 2628 729 anima
2660 677 2881 747 pariunt
2903 679 3053 747 pravi
3082 680 3309 750 spiritus
3336 696 3491 736 more
3516 685 3678 752 aquiv

2075 764 2251 819 larum
2278 765 2674 822 altivolantium
2712 770 2766 823 in
2798 770 3139 826 altitudinem
3160 774 3487 843 arrogantia:
3518 774 3669 835 elati.

2075 851 2334 913 Beenim
2374 861 2729 931 cogitationes
2769 864 3136 933 speculativas
3179 866 3377 921 anima:
3399 868 3681 937 potentias

2075 959 2213 1001 vana
2246 950 2602 1008 meditatione
2623 954 2941 1012 absumunt.

390 1009 629 1113 ηςρανίας
657 1009 965 1111 αἰρομένων
986 1009 1088 1109 της
1110 1037 1380 1109 πονηρίας
1403 1009 1752 1108 πνευμάτων,
1780 1009 2260 1109 ἐναποτικτόμενοι
2297 1045 2364 1115 τῇ
2384 1043 2532 1118 ψυχῇ
2567 1045 2822 1117 λογισμοί
2843 1062 2858 1078 .
2899 1009 2975 1111 ὡς
3002 1048 3066 1103 τδ
3106 1009 3319 1121 ταύτηξ
3349 1053 3417 1123 τῇ
3465 1048 3670 1123 ματαίᾳ

391 1130 565 1202 οίήσει
603 1129 992 1200 ἐπινεμόμενοι
1011 1127 1375 1200 θεωρητικόν.

464 1235 557 1300 ιη’,
601 1226 687 1282 ιθ⁹.
732 1226 872 1295 Τρία
909 1223 977 1279 δέ
1007 1223 1181 1278 ἐστιν
1213 1222 1517 1280 ἀδύνατόν
1566 1239 1668 1294 μοι
1720 1218 1967 1291 νοῆσαι,

390 1318 491 1375 καί
539 1318 606 1372 τὸ
645 1317 933 1387 τέταρτον
965 1318 1079 1371 οὐκ
1124 1314 1531 1386 ἐπιγινώσκωο
1593 1315 1734 1384 ιχνη
1791 1310 1970 1369 ἀετοῦ

392 1408 746 1480 πετομένου,
802 1407 902 1462 καί
944 1406 1126 1473 ὀδοὺς
1180 1406 1373 1476 ὄφεως
1428 1405 1529 1460 ἐπὶ
1574 1407 1821 1472 πέτρας,
1868 1402 1967 1457 καί

390 1502 632 1569 τρίϐους
653 1499 802 1567 νηὸς
827 1498 1355 1567 ποντοπορούσης,
1393 1496 1492 1551 καί
1523 1495 1706 1561 ὁδοὺς
1745 1491 1970 1562 ἀνδρὸς

389 1593 461 1647 ἐν
503 1593 762 1661 νεότητι.
793 1591 1007 1663 Ὠσπερ
1058 1589 1321 1644 ἀδύνατόν
1370 1606 1463 1659 μοι
1511 1588 1581 1643 τά
1614 1586 1743 1658 τρία
1797 1584 1971 1639 ταῦτα

390 1684 721 1740 καταλαϐεῖν
741 1700 755 1714 ·
788 1683 1087 1753 ἱπταμένου
1120 1700 1179 1736 τε
1208 1680 1371 1736 ἀετοῦ
1397 1681 1541 1752 ἴχνη,
1577 1680 1672 1733 καὶ
1705 1678 1972 1749 ἒρποντος

391 1778 487 1831 ἐπὶ
536 1776 749 1848 πέτρας
784 1775 965 1844 ὄφεως
995 1774 1179 1840 ὀδοὺς,
1238 1772 1333 1827 καὶ
1367 1768 1812 1841 ποντοπορούσης
1841 1767 1972 1839 νηὸς

394 1868 641 1941 τρίϐους,
665 1866 853 1939 ἐπειδὴ
876 1867 1051 1922 ταῦτα
1094 1866 1276 1921 πάντα
1317 1856 1642 1936 ἀνύπαρκτα
1660 1878 1675 1894 ·
1703 1861 1846 1915 οὕτω
1878 1877 1971 1931 μοι

2147 1217 2313 1276 Vens.
2349 1220 2436 1286 18,
2472 1223 2558 1277 i9.
2587 1222 2719 1277 Tria
2751 1232 2876 1279 sunt
2895 1222 3134 1294 diﬂicilia
3163 1223 3313 1291 malli,
3351 1233 3403 1279 et
3422 1232 3668 1294 quartum

2074 1315 2281 1381 penitus
2319 1314 2504 1385 ignoro
2538 1331 2557 1369 :
2587 1315 2809 1387 vestigia
2840 1317 3035 1384 aquila:
3059 1317 3309 1383 volantis,
3328 1326 3378 1372 et
3403 1319 3513 1371 vias
3550 1333 3667 1372 ser-

2075 1408 2243 1477 pentis
2264 1408 2319 1461 in
2341 1419 2526 1478 petra,
2558 1418 2611 1463 et
2645 1418 2863 1465 semitas
2905 1411 3054 1464 navis
3101 1410 3431 1481 navigantis,
3476 1419 3528 1464 et
3554 1410 3674 1465 uiae

2075 1499 2176 1555 uiri
2227 1501 2284 1554 in
2328 1500 2709 1557 adolescentia.
2776 1500 3252 1566 Quemadmodum
3322 1500 3669 1570 impossibile

2078 1591 2213 1645 mihi
2262 1592 2369 1646 tria
2402 1591 2518 1648 hac
2542 1607 2738 1667 capere
2774 1610 2788 1647 :
2820 1604 2875 1648 et
2912 1593 3145 1648 volantis
3177 1592 3376 1662 aquilae
3407 1591 3665 1662 vestigia,

2077 1691 2132 1737 et
2166 1684 2412 1753 repentis
2435 1684 2647 1739 colubri
2672 1683 2792 1739 vias
2839 1684 2895 1738 in
2936 1692 3109 1753 petra,
3138 1690 3194 1738 et
3233 1682 3547 1753 navigantis
3577 1697 3669 1735 na-

2075 1774 2161 1830 vis
2199 1778 2446 1843 semitas,
2481 1776 2609 1844 quia
2658 1776 2777 1832 haec
2820 1775 3003 1831 omnia
3052 1790 3161 1829 non
3195 1774 3551 1838 subsistunt,
3583 1772 3658 1827 ita

2077 1872 2133 1920 et
2170 1875 2424 1936 quartum
2480 1867 2616 1921 mihi
2659 1869 2939 1938 ignotum,
2970 1865 3260 1921 instabiles
3301 1863 3667 1935 cogitationes

391 1938 490 2013 καὶ
521 1959 581 2012 τὸ
608 1938 879 2030 τέταρτον
906 1959 1207 2027 ἄγνωστον,
1235 1958 1293 2011 αι
1326 1954 1423 2010 τοῦ
1449 1955 1523 2027 μὴ
1546 1953 1969 2024 τετελειωμένου

2087 1958 2276 2013 mentis
2306 1974 2427 2029 quas
2457 1959 2523 2014 ad
2547 1958 2844 2030 perfectam
2902 1966 3118 2013 aetatem
3164 1956 3503 2027 spiritualem
3535 1969 3671 2009 non.

389 2050 491 2122 τὴν
524 2049 903 2121 πνευματικὴν
934 2049 1153 2119 ἠλικίαν
1182 2048 1302 2112 νοὸς
1330 2048 1555 2104 ἀστατοι
1585 2047 1807 2100 ἔννοιαι.

460 2148 530 2195 κ’.
578 2141 827 2208 Τοιαύτη
855 2139 996 2206 ὁδὸς
1024 2138 1312 2223 γυναικὸς
1336 2135 1718 2207 μοιχαλίδος,
1744 2132 1785 2202 ἢ
1825 2132 1972 2188 ὅταν

386 2230 614 2301 πράξῃ,
666 2228 1091 2299 ἀπονιψαμένη
1114 2267 1130 2292 ,
1170 2226 1353 2282 οὐδέν
1392 2241 1545 2296 φησι
1598 2225 1971 2298 πεπραχέναι

389 2319 639 2373 ἄτοπον.
677 2312 774 2378 Δίς
801 2318 965 2386 ὁμοία
984 2319 1018 2387 ἡ
1046 2319 1145 2386 τῆς
1177 2316 1371 2386 πόρρω
1398 2316 1495 2368 τοῦ
1516 2315 1679 2384 λόγου
1706 2313 1971 2385 νευούσης

391 2408 596 2478 σαρκὸς
618 2410 715 2462 καὶ
748 2409 878 2477 περὶ
906 2407 973 2459 τὰ
1003 2404 1243 2474 αἰσθητά
1289 2404 1651 2475 πλανωμένης
1679 2406 1932 2472 ἐνέργεια
1952 2422 1967 2436 ο

387 2496 512 2568 ἥτις
561 2494 698 2562 σὰρξ
740 2495 880 2564 μετά
922 2493 1023 2565 τὴν
1067 2492 1367 2565 ἁμαρτίαν,
1411 2493 1505 2547 τὸν
1572 2492 1717 2546 κατὰ
1761 2492 1971 2565 ταύτην

392 2585 565 2658 ῥύπον
602 2583 832 2654 δάκρυσι
893 2581 1186 2653 μετανοίας
1232 2580 1574 2648 ἐκπλύνασα,
1620 2580 1970 2636 ἀποδεικνύει

390 2676 595 2749 ἑαυτὴν
616 2675 1007 2746 ἀναμάρτητον
1031 2691 1045 2705 ·
1081 2673 1274 2727 στάσιν
1301 2672 1671 2744 λαμϐάνοντος
1699 2671 1795 2727 τοῦ
1826 2672 1967 2738 νοὸς,

388 2770 456 2841 τῇ
489 2768 620 2839 περὶ
650 2767 711 2820 τὸ
734 2766 903 2831 δντως
927 2766 1133 2834 ἀγαθὸν
1165 2765 1359 2837 ἀληθεῖ
1387 2765 1610 2838 θεωρίᾳ.

459 2867 569 2915 καν.
609 2860 717 2914 Διὰ
760 2857 942 2928 τριῶν
988 2858 1215 2913 σείεται
1242 2859 1282 2926 ἠ
1312 2856 1426 2929 τῆο
1472 2858 1541 2913 τὸ
1575 2858 1646 2912 δὲ
1686 2857 1973 2929 τέταρτον

388 2954 462 3008 οὐ
495 2954 749 3008 δύναται
778 2951 1006 3022 φέρειν.
1040 2950 1142 3004 Διὰ
1172 2950 1380 3005 τούτων
1411 2950 1522 3005 τῶν
1568 2951 1738 3023 τριῶν
1768 2949 1844 3015 ὡς
1881 2951 1974 3005 διά

387 3061 538 3107 τινος
568 3042 796 3115 σεισμοῦ
822 3042 1136 3107 διιστῶντος
1158 3043 1229 3097 τὰ
1259 3042 1481 3113 συνεχῆ,
1513 3042 1872 3113 διασπωμένη
1902 3044 1969 3115 τῇ

385 3134 581 3209 λογικῇ
607 3135 884 3207 διακρίσει
926 3138 960 3207 ἠ
993 3135 1346 3191 πυκνωθεῖσα
1369 3135 1485 3201 ἕξις
1517 3138 1585 3207 τῇ
1615 3137 1682 3190 ἐκ
1710 3135 1819 3191 τῶν
1846 3135 1971 3190 καθ’

388 3229 585 3302 ἡδονὴν
623 3231 720 3284 καὶ
740 3229 936 3300 ὀδύνην
971 3228 1234 3284 ἐναντίων
1266 3229 1366 3300 τῆς
1395 3228 1596 3291 κακίας
1625 3226 1810 3297 μερῶν
1836 3244 1970 3297 συγ-

389 3322 623 3393 κειμένη
656 3321 961 3394 μοχθηρίᾳ·
999 3322 1061 3375 τὸ
1080 3322 1138 3374 δὲ
1165 3321 1432 3392 τέταρτον
1459 3320 1648 3392 φέρειν
1681 3321 1818 3385 ὅλως
1844 3321 1974 3376 ἀδυ-

386 3413 644 3479 νατοῦσα,
683 3414 869 3468 τέλεον
902 3414 1005 3484 τῆς
1043 3413 1562 3481 κακίαςέξίσταται.

457 3504 563 3577 κβ’.
611 3505 757 3560 Ἐὰν
793 3506 1034 3572 οίκέτης
1063 3505 1441 3576 βασιλεύσῃ.
1479 3507 1610 3561 Ἐὰν
1646 3507 1676 3561 δ
1705 3505 1978 3561 δουλεύων

391 3599 560 3670 σαρκὶ⁸
591 3598 673 3661 είς
704 3595 1054 3668 παραλόγους
1089 3595 1412 3665 ἐπιθυμίας,
1450 3598 1792 3667 ἐπιστατήσῃ
1826 3597 1975 3657 ἐννόο

393 3704 511 3759 μως
543 3686 682 3754 αὐτῇ
706 3684 847 3737 κατά
878 3681 1102 3753 πρᾶξιν,
1134 3683 1232 3734 καὶ
1260 3682 1482 3754 καθάρῃ
1519 3682 1692 3752 αὐτὴν
1717 3681 1850 3751 Θείῳ
1879 3682 1976 3750 φό-

391 3776 473 3844 ϐῳ
501 3774 612 3831 ἀπὸ
640 3772 841 3836 παντὸς
869 3771 1136 3843 λογισμοῦ
1168 3773 1268 3843 τῆς
1314 3772 1436 3825 κατ’
1470 3772 1757 3843 ἐνέργειαν
1797 3773 1978 3843 ἀμαρ-

395 3863 539 3928 τίας.

460 3954 570 4013 Καί
604 3953 810 4024 ἄφρων
842 3952 1093 4024 πλησθῇ
1125 3954 1360 4009 σιτίων.
1385 3954 1499 4009 Kal
1520 3953 1616 4009 ἐάν
1645 3955 1674 4008 ὁ
1702 3954 1777 4026 μὴ
1802 3955 1972 4024 ἐγνω-

390 4047 505 4112 κὼς
536 4046 692 4111 Θεὸν,
728 4045 1014 4118 ἐμφορηθῇ
1046 4047 1154 4101 τῶν
1187 4049 1245 4100 ἐν
1280 4047 1556 4119 πνεύματι
1592 4047 1973 4120 θεωρημάτων

390 4137 593 4205 αὐτοῦ,
628 4137 822 4202 διαϐὰς
863 4136 965 4201 τὰς
1017 4138 1138 4191 κατ’
1168 4136 1431 4209 αἴσθησιν
1484 4139 1810 4210 ἐπιφανείας
1862 4138 1974 4194 τῶν

390 4232 636 4306 ὁρατῶν⁹
675 4233 770 4287 καὶ
799 4233 914 4296 τοῖς
942 4230 1124 4300 λόγοις
1154 4230 1361 4284 τούτων
1389 4231 1688 4302 φωτισθεὶς
1718 4232 1795 4297 ῶς
1827 4250 1973 4287 τισιν

390 4327 574 4382 ἀκτῖσι
600 4325 698 4380 τοῦ
719 4326 817 4396 τῆς
846 4322 1196 4394 δικαιοσύνης
1217 4322 1398 4394 ἡλίου,
1429 4324 1525 4377 καὶ
1548 4325 1713 4379 αὐτὸν
1742 4325 1837 4379 τὸν
1870 4324 1968 4379 τοῦ

391 4421 594 4484 παντὸς
620 4421 792 4474 αίτιον
813 4418 967 4483 Θεὸν,
989 4419 1054 4472 ἐκ
1074 4415 1184 4471 τῶν
1214 4416 1410 4470 τούτου
1440 4417 1767 4488 ποιημάτων
1795 4436 1969 4473 κατα-

392 4508 595 4565 λαϐὼν.

2079 2049 2212 2101 dum
2237 2050 2506 2115 pervenit.

2136 2133 2408 2193 Vsas.20.
2437 2136 2584 2192 Talis
2619 2148 2695 2193 est
2730 2138 2814 2191 via
2843 2136 3082 2190 mulieris
3109 2134 3666 2202 adulterta,quodcun-

2071 2241 2169 2295 que
2183 2227 2362 2296 egerit,
2391 2226 2521 2291 lota,
2548 2228 2623 2281 ait
2640 2244 2694 2282 se
2716 2226 2848 2281 nihil
2867 2227 2995 2281 mali
3018 2227 3225 2295 fecisse.
3247 2227 3345 2279 llis
3360 2220 3559 2280 similis
3580 2233 3662 2279 est

2072 2317 2318 2386 operatio
2346 2332 2469 2387 qua:
2511 2317 2670 2387 longe
2707 2332 2738 2370 a
2775 2318 2991 2372 ratione
3020 2318 3241 2370 aberrat
3273 2323 3326 2370 et
3374 2325 3655 2369 annuente

2071 2420 2261 2470 carne,
2295 2406 2364 2461 ad
2389 2405 2669 2462 sensibilia
2698 2414 2955 2476 vagatur;
2992 2421 3113 2475 quae
3140 2419 3268 2460 caro
3303 2413 3428 2473 post
3465 2419 3658 2473 pecca-

2073 2509 2209 2564 tum,
2244 2515 2369 2554 cum
2424 2501 2633 2570 peccati
2660 2499 2855 2555 sordes
2901 2497 3073 2553 abluit
3128 2511 3225 2566 per
3258 2496 3657 2566 paenitentiam.

2071 2591 2311 2649 ostendit
2340 2590 2579 2662 seipsam
2608 2590 2818 2660 peccati
2864 2594 3165 2660 expertem.
3194 2585 3347 2641 Mens
3395 2585 3657 2656 stabilita-

2076 2692 2185 2739 tem
2234 2682 2439 2753 accipit
2484 2696 2583 2754 per
2615 2696 2797 2738 veram
2848 2681 2915 2737 de
2968 2669 3282 2735 vero'bono
3331 2677 3663 2748 contempla-

2073 2774 2300 2831 tionem.
2331 2812 2336 2818 .

2141 2865 2308 2921 Vens.
2336 2864 2427 2920 21.
2462 2863 2567 2919 Per
2594 2865 2699 2918 tria
2726 2871 2961 2918 movetur
2991 2870 3133 2918 terra
3155 2901 3170 2928 ,
3195 2868 3245 2917 et
3272 2868 3521 2933 quartum
3554 2876 3658 2915 non

2070 2966 2235 3027 potest
2261 2957 2537 3012 sustinere.
2574 2956 2675 3012 Per
2703 2957 2807 3011 tria
2840 2956 2954 3010 haec
2983 2955 3141 3026 quasi
3166 2959 3502 3018 terrzemolu,
3523 2968 3659 3022 quo.

2072 3050 2197 3105 dam
2227 3048 2419 3120 juncta
2457 3048 2831 3119 disjungente,
2855 3049 3037 3103 anima
3067 3047 3347 3103 divellitur
3378 3044 3665 3117 spirituali‘

2073 3143 2430 3208 discretione,
2460 3158 2581 3214 quae
2636 3144 2945 3197 incrassata
2996 3143 3114 3196 erat
3161 3138 3510 3209 improbitate
3537 3150 3660 3206 quas

2078 3236 2325 3308 procedit
2352 3252 2381 3290 a
2409 3237 2688 3306 voluptate
2729 3243 2783 3291 et
2827 3234 3017 3291 dolore
3059 3234 3112 3287 in
3148 3232 3283 3287 vitio
3324 3245 3385 3287 se
3425 3228 3661 3283 invicem

2083 3326 2585 3400 propugnantibus.
2618 3325 2889 3392 Quartum
2928 3332 3110 3380 autem
3145 3320 3292 3393 quod
3335 3320 3482 3377 ferre
3512 3318 3659 3374 nullo

2081 3420 2245 3475 modo
2277 3425 2479 3489 potest,
2510 3417 2721 3473 scilicet
2746 3432 2775 3469 a
2798 3416 2939 3470 malo
2975 3429 3207 3486 prorsus
3241 3412 3415 3468 exire.

2150 3509 2321 3565 Vens.
2350 3510 2441 3563 22.
2480 3508 2539 3563 Si
2580 3508 2818 3578 famulus
2872 3516 3066 3578 regnet.
3103 3505 3161 3561 Si
3212 3506 3303 3561 ille
3344 3504 3436 3575 qui
3482 3501 3650 3559 servit

2078 3603 2232 3658 carni
2269 3606 2324 3656 in
2365 3603 2647 3670 improbus
2678 3600 3177 3670 concupiscentias,
3218 3599 3295 3653 illi
3326 3595 3567 3668 legitime
3596 3593 3649 3648 in

2078 3695 2294 3749 actibus
2318 3692 2618 3759 prmfuerit,
2646 3694 2906 3762 illamque
2945 3691 3316 3761 puriﬁcaverit
3359 3704 3457 3758 per
3485 3687 3646 3741 timo-

2077 3800 2193 3840 rem
2223 3783 2316 3839 Dei
2348 3785 2418 3839 ab
2449 3783 2598 3837 omni
2631 3782 3015 3853 peccaminosa
3044 3780 3401 3851 cogitatione.

2149 3952 2219 4009 Et
2256 3953 2561 4023 imprudens
2606 3961 2880 4009 saturatas
2908 3953 3069 4023 fuerit
3119 3952 3271 4008 cibis.
3319 3951 3379 4007 Si
3429 3953 3516 4007 ille
3568 3956 3677 4022 ψιίε

2078 4046 2244 4102 Deum
2295 4047 2548 4115 ignorat,
2582 4045 2870 4117 praeceptis
2896 4046 3017 4116 eius
3043 4045 3097 4100 in
3150 4045 3343 4115 spiritu
3379 4045 3541 4100 fuerit
3570 4047 3675 4100 imo

2080 4141 2283 4212 pletus,
2309 4139 2602 4195 sensibiles
2630 4139 2928 4193 visibilium
2949 4138 3297 4208 apparentias
3335 4147 3662 4208 praetergre-

2076 4234 2269 4297 diens;
2302 4240 2356 4286 et
2396 4231 2442 4286 si
2496 4231 2800 4287 rationibus
2844 4245 3033 4287 eorum
3086 4230 3429 4287 illuminatus
3494 4230 3671 4300 quasi-

2073 4325 2242 4380 radiis
2265 4323 2409 4379 Solis
2436 4324 2683 4394 instillat,
2724 4324 2889 4379 Deum
2927 4325 3103 4394 ipsum
3136 4324 3513 4379 universorum
3539 4337 3668 4376 cau.

2074 4435 2190 4476 sam
2245 4435 2314 4475 ex
2344 4419 2603 4490 operibus
2628 4420 2749 4490 ejus
2773 4419 3125 4477 intellexerit.

463 4607 567 4669 κγ’.
616 4600 725 4655 Καὶ
757 4601 994 4668 οἰκέτις,
1021 4601 1145 4683 ,ἐὰν
1178 4597 1404 4671 ἐκϐάλῃ
1441 4600 1557 4671 τὴν
1601 4601 1824 4672 ἑαυτῆς
1863 4624 1971 4660 κυ-

2148 4594 2317 4652 Vens.
2349 4595 2442 4650 25.
2475 4593 2539 4649 Et
2558 4594 2768 4649 ancilla
2802 4597 2848 4651 si
2874 4597 3082 4667 ejecerit
3105 4597 3377 4653 dominam
3400 4616 3573 4658 suam.
3602 4602 3683 4656 Et’

386 4695 547 4767 ρίαν.
569 4695 679 4749 Καὶ
708 4694 804 4748 ἐὰν
832 4696 867 4761 ἡ
895 4696 1036 4749 κατά
1062 4694 1303 4749 διάνοιαν
1329 4693 1662 4748 δουλεύουσα
1686 4697 1754 4767 τῇ
1784 4695 1967 4768 ἀμαρ-

391 4790 485 4860 sla
514 4787 662 4859 ψυχὴ
692 4785 944 4858 ἀπελάσῃ
976 4786 1183 4855 ταύτην
1213 4785 1413 4857 αὐτῆς.

462 4880 576 4936 Καὶ
611 4880 842 4950 μισητὴ
887 4879 1065 4948 γυνὴ,
1109 4879 1220 4934 ἐὰν
1256 4882 1411 4950 τύχῃ
1462 4880 1683 4949 ἀνδρὸς
1720 4881 1970 4952 ἀγαθοῦ.

393 4970 539 5043 Πρὸς
558 4970 636 5034 δέ,
669 4972 762 5023 καὶ
793 4970 887 5024 ἐὰν
915 4968 1290 5032 τελειωθεῖσα,
1322 4972 1590 5043 ἐπιτυχὴς
1614 4972 1845 5043 γένηται
1869 4971 1964 5025 τοῦ

393 5062 602 5133 ἀγαθοῦ
625 5063 860 5132 νυμφίου
884 5062 1053 5131 αὐτῆς
1072 5061 1207 5115 Θεοῦ
1229 5062 1429 5131 Λόγουο
1457 5062 1780 5134 κολληθεῖσα
1800 5063 1971 5135 αὐτῷ,

395 5158 489 5210 καὶ
540 5155 760 5225 πνεῦμα
809 5156 867 5207 ἓν
915 5153 1223 5224 γενομένη,
1282 5154 1750 5227 ἀποστρεφομένῳ
1805 5156 1975 5228 αὐτὴν

397 5246 683 5317 πρότερον,
714 5245 803 5299 διὰ
830 5246 891 5299 τὸ
918 5245 1201 5314 ἐγκεῖσθαι
1247 5246 1450 5316 ταύτην
1476 5246 1757 5316 ἐπιμελῶς
1784 5248 1865 5311 είς
1904 5248 1977 5301 τὰ

395 5337 627 5411 πονηρὰ,
655 5337 777 5391 οὐδὲ
803 5337 1064 5407 λογισμὸν
1091 5338 1320 5409 ἐμπαθῆ
1345 5337 1482 5403 ὅλως
1521 5338 1603 5393 ἔτι
1624 5339 1976 5405 ἐπιδέξασθαι

393 5426 639 5493 δύναται,
682 5428 770 5481 διὰ
810 5428 873 5482 τὸ
902 5427 1155 5497 γενέσθαι
1202 5429 1332 5500 ὅλην
1370 5430 1465 5483 τοῦ
1507 5430 1839 5502 πνεύματος,
1880 5432 1978 5487 καὶ

291 5520 295 5524 ’
396 5515 657 5570 τετάσθαι
695 5518 752 5570 τὸ
782 5517 1177 5588 ἐπιθυμητικὸν
1206 5510 1378 5591 αὐτῆς
1407 5520 1530 5573 ὅλον
1568 5521 1707 5592 πρὸς
1740 5521 1969 5594 Κύριον.

465 5695 566 5751 κδ’.
612 5700 885 5769 Τέσσαρα
913 5699 978 5753 δέ
1003 5701 1173 5758 ἐστιν
1212 5703 1509 5773 ἐλάχιστα
1534 5684 1649 5760 »ἐπὶ
1683 5708 1795 5776 τῆς
1824 5708 1936 5777 γῆς
1960 5726 1972 5741 -

406 5786 682 5847 ταῦτα·δέ
706 5791 835 5845 ἐστι
856 5793 1166 5863 σοφώτερα
1199 5795 1318 5851 τῶν
1361 5797 1587 5868 σοφῶν.
1621 5801 1701 5854 Τά
1735 5802 1975 5872 τέσσαρα

2073 4690 2119 4745 si
2159 4688 2341 4743 anima
2385 4703 2506 4757 qua:
2558 4697 2787 4757 peccato
2852 4698 3034 4745 mente
3081 4691 3386 4757 serviebat,
3438 4692 3574 4747 illud
3635 4711 3685 4748 a-

2075 4795 2256 4839 mente
2290 4783 2587 4853 expulerit.

2147 4877 2215 4931 Et
2249 4876 2464 4933 adibitis
2511 4879 2702 4933 mulier
2749 4880 2795 4932 si
2816 4878 3009 4934 sortita
3048 4878 3209 4949 fuerit
3248 4881 3418 4934 uirum
3452 4880 3671 4935 bonum;

2078 4969 2304 5039 insuper
2328 4981 2382 5024 et
2415 4968 2463 5023 si
2484 4983 2607 5023 cum
2637 4969 2705 5024 ad
2736 4977 2948 5025 aetatem
2985 4968 3283 5040 perfectam
3330 4975 3677 5040 pervenerit.r

2078 5062 2339 5117 sortiatur
2384 5061 2588 5117 bonum
2623 5061 2745 5125 eius
2773 5078 3042 5135 sponsum
3087 5063 3182 5119 Dei
3223 5063 3477 5128 verbum,
3532 5080 3669 5120 con-

2077 5153 2339 5224 glutinata
2378 5154 2479 5218 illi,
2518 5169 2586 5210 ac
2618 5171 2763 5210 unus
2797 5155 2993 5211 effecta
3037 5157 3267 5226 spiritus
3308 5171 3436 5211 cum
3465 5171 3533 5212 eo
3573 5159 3675 5226 qui

2078 5247 2231 5317 prius
2259 5247 2408 5302 illam
2439 5248 2713 5317 rejecerat
2741 5250 2811 5304 ob
2852 5250 3238 5318 cogitationem
3274 5251 3421 5305 illius
3447 5250 3515 5303 ad
3551 5266 3667 5302 mas

2082 5337 2192 5391 lum
2234 5337 2540 5405 intentam;
2579 5339 2626 5393 si
2658 5339 2862 5393 nullam
2910 5355 3143 5409 prorsus
3189 5341 3540 5413 passionibus
3574 5342 3667 5392 οι..

2082 5428 2299 5483 noxiam
2346 5428 2734 5495 cogitationem
2783 5429 3072 5503 admittere
3125 5434 3323 5503 possit,
3362 5430 3489 5498 quia
3553 5438 3669 5483 tota

2082 5519 2312 5589 spiritus
2338 5517 2481 5573 facta
2514 5529 2622 5585 est,
2665 5529 2719 5573 et
2750 5535 2968 5576 omnem
3001 5499 3143 5594 ‘ejus
3172 5521 3687 5590 concupiscibilcm

2083 5613 2384 5682 appetitum
2408 5613 2683 5666 convertit
2706 5613 2771 5669 ad
2798 5613 2991 5670 Deum.

2158 5703 2323 5760 Vens.
2354 5704 2444 5759 24.
2484 5702 2727 5768 Quatuor
2763 5715 2885 5759 sunt
2920 5706 3138 5758 minima
3197 5715 3371 5770 tcrra‘,
3428 5712 3478 5759 et
3534 5709 3661 5772 ipso

2094 5808 2211 5853 sunt
2246 5797 2566 5867 sapientiora
2599 5797 2941 5866 sapientibus.
2986 5796 3237 5861 Quatuor
3275 5799 3391 5853 haec
3436 5798 3491 5853 in
3527 5808 3687 5854 terra
