3950 6206
319 289 455 359 1531

1652 291 2003 355 PROCOPII
2042 290 2286 353 GAZzEI

3443 288 3591 353 1532

319 400 568 468 humilia,
628 399 970 472 sapientiora
1026 400 1390 460 ostendentur
1432 400 1754 460 hominibus
1806 412 1887 473 qui

2002 405 2098 457 ἐπὶ
2131 407 2231 474 τῆς
2258 402 2363 471 γῆς
2392 400 2584 470 εὐτελῆ
2626 398 2822 463 ταῦτα,
2864 414 3151 470 domum
3188 397 3298 452 τῶν
3347 401 3412 453 ἐκ
3440 402 3591 457 Θεοῦ

320 508 349 545 a
394 492 507 547 Deo
545 491 768 563 quidem
824 493 1097 549 rationem
1162 502 1218 550 ot
1266 493 1554 564 sapientia:
1594 496 1900 566 potentiam

319 590 673 652 acceperunt,
702 591 908 638 temere
950 592 1136 641 autem
1185 596 1613 641 courersantur.

395 674 555 732 Vsus.
592 676 684 730 25.
725 675 1019 743 Formicw,
1049 677 1237 747 quibus
1264 694 1370 732 non
1400 688 1476 733 est
1503 679 1688 746 robur,
1718 687 1771 735 et
1798 690 1903 750 pa-

317 777 443 819 rant
474 783 528 821 ut
563 783 728 822 messe
765 769 937 822 cibum
968 767 1092 823 sibi.
1140 766 1429 835 Formica,
1462 771 1698 842 populus
1744 770 1901 826 inﬁr-

316 876 462 925 mus,
500 861 556 914 in
599 868 790 916 aestate
810 861 1008 916 hiemis
1039 861 1225 917 cibum
1271 871 1489 933 parant,
1529 876 1619 929 ne,
1653 871 1901 935 tempore

316 952 535 1011 fructus
560 954 855 1025 colligendi
891 954 1195 1024 praeterito,
1223 956 1496 1012 esuriant.

384 1236 552 1292 Vsus.
581 1236 673 1291 26.
705 1216 1102 1308 Chwrogryili;
1125 1254 1251 1309 gens
1280 1254 1386 1293 non
1408 1238 1610 1302 valida,
1640 1242 1734 1310 qui
1760 1239 1899 1310 [ece-

313 1338 436 1381 rum
459 1328 514 1381 in
550 1328 712 1397 petris
738 1326 922 1383 domos
962 1345 1114 1384 suas.
1140 1328 1443 1401 Hystrices,
1474 1331 1772 1386 invalidum
1807 1347 1899 1403 ge-

311 1432 440 1483 nus,
475 1418 672 1477 domos
706 1419 811 1475 sibi
850 1420 906 1474 in
938 1419 1111 1491 petris
1140 1419 1413 1477 eﬂ'odiunt
1456 1430 1514 1477 ut
1543 1422 1679 1493 ipsis
1710 1433 1897 1494 prote-

312 1518 534 1580 gantur.

378 1706 543 1763 Vsus.
574 1707 663 1765 27.
706 1708 899 1781 Regem
945 1710 1151 1767 locusta
1185 1728 1289 1769 non
1331 1714 1509 1779 habet,
1544 1726 1596 1772 et
1626 1718 1894 1788 egreditur

2007 497 2106 567 μὲν
2127 493 2322 565 σοφίας
2338 492 2572 563 δύναμιν
2593 490 2870 545 λαϐόντων
2887 489 3194 559 ἀνθρώπων
3221 489 3298 556 ῶς
3322 490 3591 562 λογικῶν,

2001 582 2229 649 ζώντων
2243 583 2317 639 ’δέ
2345 583 2424 647 ὡς
2453 584 2668 655 ἔτυχεν,
2704 581 3158 637 ἀποδείκνυνται.

2071 682 2173 732 κε’.
2214 679 2280 731 οι
2297 678 2629 746 μύρμηκες,
2653 669 2745 741 οἷς
2768 673 2857 743 μὴ
2879 673 3055 727 ἔστιν
3077 673 3282 742 ἰσχὺς,
3302 674 3403 728 καὶ
3428 673 3595 731 ἐτω-

1995 762 2279 831 μάζονται
2317 763 2532 832 θέρους
2576 761 2696 830 τὴν
2726 761 2980 830 τροφήν.
3033 761 3103 815 Oi
3145 773 3205 815 τε
3263 762 3592 835 μύρμηκες,

2000 853 2144 907 πάνυ
2200 855 2566 924 τυγχάνοντες
2617 852 2887 916 ἀσθενεῖς,
2925 855 2985 907 ἐν
3029 852 3184 923 θέρει
3233 853 3293 908 δέ
3336 854 3434 925 τὴν
3485 854 3590 909 τοῦ

1998 946 2269 1017 χειμῶνος
2303 946 2511 1018 τροφὴν
2552 944 2969 1016 εὐτρεπίζοντες
2992 961 3008 976 ο
3039 947 3191 1009 ὅπως
3225 947 3301 1015 μὴ
3325 947 3419 1001 τοῦ
3451 965 3589 1002 καιτ-

2004 1038 2097 1109 ροῦ
2128 1040 2227 1122 τῆς
2262 1040 2370 1092 τῶν
2399 1037 2629 1110 καρπῶν
2670 1036 2938 1108 συλλογῆς
2968 1035 3357 1107 παρελθόντος,
3400 1038 3591 1109 λι.μὼ-

2002 1128 2187 1196 ξωσιν.

2067 1241 2180 1309 κζ’.
2226 1245 2291 1297 οι
2332 1243 2793 1313 χοιρογρύλλιοι,
2844 1242 3023 1310 ἔθνος
3058 1245 3170 1298 οὐκ
3214 1244 3495 1314 ίσχιφὸν,
3523 1245 3589 1300 οι

1996 1334 2386 1400 ἐπονήσαντο
2414 1335 2487 1388 ἐν
2509 1334 2753 1402 πέτραις
2782 1334 2926 1400 τοὺς
2950 1332 3183 1388 ἑαυτῶν
3208 1336 3439 1402 οἴκους.
3470 1338 3585 1396 Καὶ

1995 1425 2045 1478 oi
2078 1423 2481 1495 ἀκανθόχοιροι,
2513 1422 2668 1491 γένος
2698 1422 2851 1486 ὄντες
2871 1421 3155 1487 ἀδύνατον,
3180 1424 3279 1476 καὶ
3297 1424 3400 1486 τὰς
3426 1426 3584 1493 uixi}-

1998 1532 2112 1578 σεις
2162 1517 2220 1568 ἐν
2264 1515 2500 1585 πέτραις
2546 1512 2901 1585 ποιούμενοι,
2950 1514 3039 1568 ἵνα
3073 1513 3434 1583 φυλάττοιντο
3474 1517 3584 1570 ὐπὸ

1994 1606 2201 1660 τούτων
2233 1606 2588 1675 σκεπόμενοι.

2064 1715 2167 1782 κζ’.
2214 1716 2647 1771 Ἀϐασὶλευτόν
2688 1715 2862 1770 ἐστιν
2892 1714 3086 1785 ἀκρῑς,
3124 1716 3221 1771 καὶ
3261 1719 3581 1786 στρατεύει

310 1799 365 1852 in
395 1800 510 1853 acie
547 1799 615 1853 ab
644 1815 749 1855 una
779 1801 1041 1870 iussione.
1085 1804 1151 1859 Et
1185 1804 1399 1862 locusta
1433 1822 1554 1884 quae
1584 1812 1887 1880 sapientem

1996 1808 2094 1878 ἀφ’
2149 1809 2290 1875 ἑνὸς
2319 1807 2736 1878 κελεύσματος
2782 1807 3105 1889 εὐτάκτως.
3156 1806 3267 1863 Καὶ
3310 1811 3345 1880 ἡ
3388 1809 3575 1879 άκρὶς,

307 1888 678 1945 ordinatorem
722 1907 830 1946 non
864 1892 1050 1958 habet,
1099 1904 1154 1949 et
1185 1897 1396 1953 ratione
1434 1909 1605 1965 caret,
1640 1903 1793 1970 quasi
1822 1901 1891 1957 ab

307 1995 415 2035 una
435 1980 690 2052 jussione
719 1982 1002 2039 dominica
1032 1984 1088 2039 in
1123 1986 1323 2043 ordine
1364 1976 1637 2046 movetur.

377 2176 548 2235 Vens.
581 2178 672 2235 28.
708 2177 776 2235 Et
812 2180 1081 2240 calabotes
1109 2186 1353 2244 manibus
1384 2189 1614 2246 innitens
1660 2207 1706 2248 et
1729 2207 1890 2265 captu

305 2272 506 2341 facilis,
529 2274 742 2329 habitat
772 2277 827 2329 in
862 2278 1253 2336 munitionibus
1299 2284 1457 2353 regis.
1491 2283 1556 2340 Et
1588 2288 1768 2343 stellio
1793 2306 1891 2344 an-

305 2365 602 2421 ti-rioribus
634 2364 868 2437 pedibus
897 2369 1120 2425 obv-ium
1142 2374 1412 2446 quidquid
1440 2379 1601 2447 quasi
1633 2382 1891 2439 manibus

303 2459 618 2529 prehendit,
656 2460 837 2514 ﬁrmat
873 2469 1040 2532 atque
1082 2465 1270 2537 dirigit
1315 2483 1543 2538 gressus
1578 2486 1752 2537 suos;
1793 2488 1890 2528 ca-

303 2564 399 2621 p'u
434 2552 609 2607 facilis
638 2553 708 2607 ob
739 2554 1194 2622 imbecillitatem,
1245 2561 1299 2614 in
1346 2558 1677 2620 ﬁrmissimis
1721 2568 1887 2622 etiam

304 2642 558 2696 tlmnibus
589 2658 779 2711 regum
820 2642 1052 2699 habitat.
1101 2647 1181 2702 Ad
1236 2649 1351 2705 haec
1402 2652 1571 2720 igitur
1617 2654 1720 2709 etsi
1768 2656 1889 2710 ani-

303 2734 470 2789 malia
513 2734 728 2790 ratione
766 2737 1012 2791 carentia
1053 2740 1289 2810 respice,
1325 2742 1513 2808 homo,
1556 2747 1649 2815 qui
1680 2748 1891 2804 ratione

303 2830 602 2885 honoratus
632 2846 713 2896 es,
745 2840 799 2886 ct
859 2840 920 2886 ut
982 2833 1162 2905 imago
1218 2836 1310 2891 Dei
1360 2838 1714 2911 archetypum
1747 2844 1891 2911 aspi-

290 2937 427 2983 cere
476 2921 668 2991 jussus
702 2939 784 2985 es,
842 2928 909 2980 'ne
953 2926 1138 2981 carnis
1186 2926 1615 2986 imbecillitatem
1644 2933 1709 2986 ad
1761 2934 1889 3004 reji-

302 3014 558 3067 eirnilum
596 3014 687 3069 Dei
738 3017 1056 3071 mandatum
1087 3020 1339 3076 causeris
1366 3062 1382 3086 ,
1419 3024 1515 3078 sed
1562 3025 1614 3078 in
1641 3033 1889 3096 tempore

304 3108 568 3174 praesenti
621 3109 991 3176 operationis,
1031 3124 1278 3179 praepara
1312 3112 1411 3166 tibi
1446 3114 1499 3167 in
1532 3113 1721 3170 futuro
1747 3116 1887 3172 frui-

1996 3111 2276 3164 ἀσθένειαν
2344 3108 2447 3178 τῆς

304 3197 528 3257 nonem.
577 3202 632 3248 et
684 3195 737 3248 in
801 3198 1167 3252 tentatiouum
1210 3199 1551 3265 incursibus,
1609 3202 1736 3273 fuge
1781 3206 1886 3261 sub

303 3293 546 3338 tutamen
578 3285 888 3355 spiritualis
907 3296 1102 3356 petrae,
1139 3304 1262 3357 quae
1284 3301 1369 3345 est
1393 3290 1681 3362 Christus;
1711 3293 1887 3366 Spiri-

302 3387 391 3428 tus
424 3374 600 3430 sancti
630 3383 966 3430 armaturam
1004 3376 1254 3445 indutus,
1286 3378 1433 3434 bono
1471 3382 1667 3441 ordine
1701 3400 1885 3458 pugna

304 3469 569 3522 adversus
627 3468 842 3522 hostem
907 3468 1181 3526 malorum
1246 3483 1587 3542 auctorem;
1649 3477 1884 3546 primum

302 3560 521 3629 quidem
556 3559 826 3616 mundare
850 3559 942 3617 Dei
970 3562 1202 3631 timore;
1237 3563 1438 3623 deinde
1482 3582 1579 3637 spe
1615 3568 1885 3625 honorum

302 3652 618 3708 futurorum
644 3653 1012 3720 illuminatus,
1041 3656 1314 3715 charitate
1350 3660 1568 3715 tandem
1605 3662 1673 3717 ad
1700 3662 1888 3733 perie-

301 3750 539 3801 ctionem
578 3746 887 3816 pervenies.
922 3745 1186 3802 Practicis
1229 3749 1428 3805 anima:
1462 3758 1568 3805 tuae
1603 3750 1884 3821 potentiis,

301 3838 548 3907 appetitu
594 3839 801 3895 scilicet
823 3840 1248 3910 concupiscibili
1277 3848 1332 3897 et
1364 3841 1629 3897 irascibili
1661 3882 1675 3906 ,
1725 3844 1886 3914 quasi

300 3931 631 4000 quibusdam
659 3932 937 3996 manibus,
968 3932 1234 3998 innitens,
1268 3943 1419 3990 recte
1450 3936 1666 3989 ambula
1708 3937 1762 3991 in
1788 3936 1886 3992 Dei

303 4022 601 4088 mandatis,
633 4033 718 4090 ut,
744 4023 1003 4094 quamvis
1035 4024 1104 4079 ab
1144 4010 1367 4080 inimico
1388 4026 1461 4081 ob
1499 4027 1688 4083 carnis
1734 4027 1887 4082 inﬁr-

300 4115 544 4167 mitatem
594 4114 757 4169 facile
813 4115 932 4186 (rapi
993 4117 1213 4185 possis,
1265 4118 1712 4189 inexpugnabilis
1783 4118 1886 4191 ipsi

300 4219 524 4259 maneas
551 4205 606 4260 in
637 4205 841 4261 divinis
870 4208 1181 4277 praeceptis,
1218 4208 1273 4262 in
1298 4209 1500 4279 quibus
1538 4225 1889 4266 commoran-

294 4300 392 4346 tur
416 4294 692 4362 sapientes
741 4295 1107 4366 cogitationes
1164 4313 1287 4368 qua:
1342 4298 1588 4371 legitime
1641 4300 1887 4371 praelatis

299 4385 568 4452 poti-ntiis
597 4398 860 4454 praesunt.

1992 1902 2085 1955 τὸν
2135 1900 2379 1972 ἐννόμως
2421 1894 2823 1954 ἐπιστατοῦντα
2880 1898 2954 1969 μὴ
3007 1898 3227 1969 ἔχουσα,
3285 1899 3383 1954 ἅτε
3438 1899 3579 1965 ζῶον

1991 1991 2338 2060 τυγχάνουσα
2363 1991 2577 2058 ἀλογον,
2599 1990 2695 2043 καὶ
2722 1987 2798 2051 ὡς
2823 1988 2918 2058 ἀφ’
2951 1989 3073 2053 ἐνὸς
3109 1988 3205 2042 τοῦ
3238 1989 3571 2045 Δεσποτικοῦ

1992 2080 2273 2145 εὐτάκτως
2306 2078 2605 2152 κινουμένη
2642 2079 3092 2152 προστάγματος.

2062 2202 2169 2266 κη’.
2207 2176 2333 2249 Καῖ
2355 2192 2710 2261 καλαόὠτης
2753 2190 2965 2263 χερσίν
3020 2192 3413 2261 ἐρειδόμενος,
3453 2192 3546 2245 και

1990 2285 2294 2350 εὐάλωτος
2317 2282 2422 2349 ῶν,
2463 2282 2733 2338 κατοικεῖ
2756 2284 2827 2338 ἐν
2863 2283 3207 2353 ὀχυρώμασι
3238 2280 3554 2347 βασιλέως.

1991 2378 2103 2433 Καὶ
2134 2377 2163 2431 ό
2188 2379 2303 2440 τοῖς
2333 2370 2692 2448 ἐμπροσθίοις
2728 2374 2887 2428 ποσὶν
2915 2364 3004 2427 οἷα
3035 2372 3218 2444 χερσὶ,
3259 2370 3356 2426 τοῦ
3390 2390 3563 2444 παρα-

1989 2470 2247 2540 τυχόντος
2280 2468 2670 2538 δραττόμενος,
2701 2460 3001 2519 κάντεῦθεν
3026 2462 3445 2536 στηριζόμενος,
3481 2466 3569 2517 καὶ

1991 2563 2176 2627 καλῶς
2208 2564 2307 2627 τὰς
2336 2563 2526 2633 βάσεις
2562 2560 2885 2631 ποιούμενος
2908 2558 3212 2630 γαλεώτης.
3243 2558 3577 2628 εὐχείρωτος

1989 2657 2077 2711 διὰ
2114 2656 2213 2727 τὴν
2246 2654 2458 2709 οἰκείαν
2491 2653 2758 2724 ὑπάρχων
2808 2652 3119 2713 ἀσθένειαν,
3149 2649 3244 2703 καὶ
3286 2652 3347 2702 ἐν
3386 2651 3573 2712 αὐτοῖς

1989 2748 2103 2810 τοῖς
2177 2745 2550 2817 ὀχυρωτάτοις
2615 2744 2788 2807 οἴκοις
2858 2743 2966 2796 τῶν
3032 2740 3297 2811 βασιλέων
3371 2740 3572 2794 οἰκῶν·

1990 2837 2283 2908 εριγαροῦν
2341 2836 2481 2906 πρὸς
2530 2831 2739 2899 ταῦτα,
2797 2832 2901 2887 κᾶν
2950 2831 3019 2886 τά
3060 2832 3228 2900 ἄλογα
3279 2828 3401 2895 ζῶα
3460 2830 3576 2901 βλέ-

1992 2946 2133 2994 πων,
2190 2926 2482 2998 ἄνθρωπε,
2541 2926 2570 2978 6
2602 2923 2747 2992 λόγῳ
2800 2923 3091 2993 τιμηθεὶς,
3134 2924 3229 2975 καὶ
3277 2920 3358 2985 ὡς
3409 2920 3577 2975 εἰκὼν

1992 3014 2131 3073 Θεοῦ
2176 3020 2315 3089 πρὸς
2365 3017 2425 3070 τὸ
2471 3015 2781 3088 ἀρχέτυπον
2812 3016 2946 3086 όρᾷν
2990 3008 3323 3077 κελευσθεὶς,
3358 3013 3439 3082 μὴ
3479 3013 3578 3082 τὴν

2523 3102 2729 3177 σαρκὸς
2796 3107 2877 3170 εἰς
2944 3104 3202 3175 ἀθέτησιν
3264 3103 3576 3175 προϐάλλω

1987 3202 2091 3271 τῆς
2147 3199 2244 3255 τοῦ
2293 3199 2429 3254 Θεοῦ
2481 3197 2741 3268 ἐντολῆςο
2798 3195 2916 3251 ἀλλ’
2954 3198 3015 3250 ἐν
3062 3192 3142 3267 τῷ
3193 3194 3431 3265 παρόντι
3478 3193 3579 3263 τῆς

1990 3292 2252 3363 ἐργασίας
2301 3286 2523 3361 καιρῷ,
2579 3286 2869 3357 εὐτρέπιζε
2925 3286 3143 3358 σεαυτῷ
3210 3285 3312 3358 τὴν
3376 3286 3465 3348 είς
3518 3284 3578 3337 το

1991 3384 2189 3457 μέλλον
2244 3382 2579 3436 ἀπόλαυσιν·
2633 3380 2728 3434 καὶ
2779 3381 2836 3433 ἐν
2894 3378 3014 3442 ταῖς
3080 3374 3193 3432 τῶν
3250 3374 3580 3448 πειρασμῶν

1988 3473 2342 3547 προσϐολαῖς,
2396 3470 2505 3525 ὐπδ
2552 3470 2653 3540 τὴν
2700 3469 2910 3540 σκέπην
2961 3469 3061 3539 τῆς
3120 3469 3319 3538 νοητῆς
3367 3469 3580 3539 πέτρας

1989 3567 2296 3637 κατάφυγε,
2329 3564 2453 3636 ἥτις
2511 3562 2663 3616 ἐστὶν
2708 3562 2737 3613 6
2790 3560 3055 3631 Χριστός·
3107 3560 3203 3613 καὶ
3229 3556 3579 3622 αὐτεξούσιος

1987 3658 2088 3723 ὢν,
2112 3658 2247 3710 ἕπου
2273 3654 2350 3726 τῷ
2380 3652 2512 3725 θείῳ
2550 3650 2976 3723 προστάγματι·
3002 3651 3102 3721 τὴν
3132 3647 3444 3704 πανοπλίαν
3484 3642 3580 3701 τοῦ

1989 3748 2309 3818 Πνεύματος
2359 3745 2767 3814 ἐνδυσάμενος,
2819 3742 2919 3796 καὶ
2954 3741 3236 3804 εὐτάκτως
3288 3740 3369 3810 τῷ
3412 3740 3584 3812 ἀρχε-

1990 3840 2145 3910 κάκῳ
2169 3837 2349 3910 ἐχθρῷ
2386 3835 2915 3905 ἀνταγωνιζόμενος,
2944 3835 3004 3887 ἐν
3031 3835 3109 3903 τῷ
3134 3832 3355 3904 πρῶτον
3381 3833 3490 3903 μέν
3522 3849 3583 3884 σε

1989 3932 2068 4005 τῷ
2106 3930 2198 3985 τοῦ
2224 3931 2360 3984 Θεοῦ
2381 3927 2534 3999 φόϐῳ
2560 3925 2929 3999 καθαίρεσθαι
2955 3943 2968 3957 ο
2994 3923 3187 3979 ἔπειτα
3218 3923 3276 3977 δὲ
3298 3922 3368 3995 τῇ
3396 3923 3581 3977 ἑλπίδι

1988 4026 2098 4078 τῶν
2133 4023 2440 4095 μελλόντων
2490 4019 2714 4090 ἀγαθῶν
2764 4015 3123 4087 φωτίζεσθαι,
3167 4017 3262 4070 καὶ
3308 4016 3461 4070 οὕτω
3498 4016 3584 4091 ⁷τῇ

1990 4117 2182 4190 ἀγάπῃ
2209 4113 2456 4184 γίνεσθαι
2499 4111 2743 4166 τέλειον·
2793 4110 2887 4163 καὶ
2925 4109 3046 4172 ταῖς
3095 4110 3434 4178 πρακτικαῖς
3480 4108 3585 4174 τῆς

1988 4208 2166 4279 ψυχῆς
2190 4207 2476 4275 δυνάμεσι,
2515 4204 2582 4274 τῇ
2613 4221 2674 4255 τε
2708 4192 2978 4273 ἐπιθυμίᾳ
3019 4200 3115 4254 καὶ
3147 4198 3227 4271 τῷ
3262 4196 3448 4268 θυμῷ,
3489 4193 3585 4251 οἶά

1988 4317 2100 4353 τισι
2131 4297 2289 4370 χερσὶ
2339 4294 2754 4367 στηριζόμενος,
2792 4291 2977 4355 καλῶς
3022 4290 3173 4361 βαῖνε
3214 4288 3303 4342 διά
3332 4287 3446 4341 τῶν
3483 4286 3582 4340 τοῦ

1994 4390 2131 4445 Θεοῦ
2184 4386 2451 4443 ὲντολῶνο
2508 4384 2575 4441 ἵν’
2622 4384 2672 4439 εἰ
2713 4383 2811 4440 κατ⁸
2859 4383 3130 4456 ὑπάρχεις
3172 4382 3449 4445 εὐάλωτος
3505 4380 3586 4452 τῷ

294 4476 476 4548 ἐχθρῷ
504 4477 592 4531 διά
619 4477 719 4549 τὴν
745 4478 1030 4536 ἀσθένειαν
1050 4482 1151 4551 τῆς
1173 4480 1396 4552 σαρκὸς,
1427 4481 1879 4546 ἀνεπιϐούλευτος
1908 4484 2058 4555 αὐτῷ
2086 4482 2353 4555 διαμένης
2388 4482 2448 4533 ἐν
2474 4480 2589 4542 τοῖς
2617 4478 2786 4541 θείοις
2851 4476 3273 4547 προστάγμασιν
3297 4489 3313 4503 ·
3360 4475 3421 4526 ἐν
3493 4467 3581 4531 οἷς

296 4571 681 4641 παραμένουσι
709 4571 803 4625 καὶ
840 4572 889 4624 οὲ
917 4571 1337 4636 ἐπιστατοῦντες
1371 4572 1616 4644 ἐννόμως
1644 4575 1763 4639 ταῖς
1793 4575 2118 4647 εἰρημέναις
2142 4572 2441 4642 δυνάμεσιν
2470 4568 2744 4641 ἔμφρονες
2777 4564 3059 4636 λογισμοί.

344 4684 517 4740 “Vens.
534 4684 626 4747 29,
641 4685 737 4759 30.
758 4684 880 4738 Tria
895 4694 1017 4738 sunt
1032 4702 1149 4755 qua:
1164 4687 1286 4740 bene
1302 4686 1644 4757 gradiuntur,
1664 4697 1714 4743 et
1728 4704 1887 4759 quar-

2062 4687 2167 4752 κθ’,
2185 4687 2251 4741 λ’.
2288 4686 2428 4755 Τρία
2463 4684 2532 4738 δέ
2552 4685 2725 4739 ἐστιν
2762 4680 2801 4736 ἂ
2827 4681 3053 4746 εὐόδως
3090 4680 3427 4749 πορεύεται,
3476 4679 3584 4734 καί

287 4786 410 4829 dum
431 4778 568 4845 quod
593 4757 788 4830 incedit
809 4774 1038 4845 feliciter
1057 4791 1077 4830 :
1111 4774 1334 4831 Catulus
1357 4778 1523 4831 leonis
1549 4757 1876 4847 fortissimus

1996 4779 2260 4847 τέταρτον
2307 4777 2339 4831 ὃ
2379 4775 2583 4842 καλῶς
2621 4770 2913 4830 διαϐαίνει
2938 4788 2954 4803 ’
2981 4771 3255 4839 σκύμνος
3296 4769 3583 4836 λέοντος,

290 4867 609 4932 bestiarum,
633 4869 723 4937 qui
770 4884 875 4923 non
897 4868 1157 4922 avertitur
1202 4884 1364 4939 neque
1396 4867 1576 4923 horret
1629 4869 1875 4924 bestiam.

291 4958 768 5024 Quemadmodum
802 4960 908 5014 tria
950 4959 1066 5014 haec
1110 4959 1233 5015 sine
1271 4960 1569 5016 obstaculo
1615 4961 1879 5032 gradiun-

297 5065 407 5115 tur,
432 5058 487 5106 et
510 5057 766 5120 quartum
802 5050 1034 5107 feliciter
1057 5052 1261 5107 incedit
1291 5071 1305 5107 :
1340 5062 1396 5109 et
1432 5054 1649 5109 catulus
1681 5053 1880 5118 leonis,

295 5142 635 5199 fortissimus
689 5143 993 5198 bestiarum
1054 5159 1121 5199 ac
1144 5144 1213 5199 ab
1246 5144 1431 5215 aliqua
1480 5145 1659 5200 bestia
1700 5161 1880 5216 neque

298 5235 522 5288 territus
564 5248 744 5302 neque
770 5233 952 5289 victus
984 5251 1000 5301 ;
1034 5242 1090 5290 et
1138 5235 1315 5306 gallus
1349 5235 1681 5306 impavidus,
1732 5237 1879 5292 inter

294 5328 531 5396 gallinas
560 5325 960 5392 deambulans;
997 5334 1051 5381 et
1093 5327 1283 5384 hircus
1313 5343 1628 5399 caprarum,
1659 5345 1877 5401 gregem

295 5419 349 5472 in
390 5420 497 5473 alta
553 5418 672 5473 loca
710 5418 776 5471 ad
812 5416 1008 5487 pabula
1054 5416 1359 5484 deducens;
1420 5418 1647 5490 insuper
1682 5429 1738 5476 et
1785 5437 1880 5477 rex

297 5512 557 5579 populum
597 5498 925 5582 s'ihimetipsi
980 5509 1258 5567 subditum
1307 5512 1549 5580 docens;
1594 5513 1669 5567 ita
1698 5529 1879 5570 sermo

294 5603 387 5667 ψιὶ
425 5617 456 5656 e
496 5612 675 5657 urente
704 5603 867 5672 cujus
926 5600 1289 5672 principatum
1365 5604 1451 5658 leo
1503 5605 1872 5667 subostcudit,

296 5691 569 5759 procedit.
604 5693 858 5762 graditur
890 5695 942 5747 in
979 5693 1256 5760 virtutem,
1281 5710 1379 5749 nec
1412 5696 1560 5749 timet
1597 5699 1879 5763 paSsiones

1981 4870 2370 4942 ἰσχυρότερος
2391 4862 2633 4933 κτηνῶν
2651 4882 2665 4897 ⁸
2701 4864 2771 4930 ὃς
2805 4867 2917 4919 οὐκ
2942 4860 3409 4930 ἀποστρέφεται,
3427 4862 3587 4915 οὐδὲ

1980 4957 2394 5025 καταπτήσσει
2418 4954 2662 5024 κτῆνος.
2686 4952 2957 5022 Καθάπερ
2971 4952 3039 5005 τά
3062 4950 3187 5022 τρία
3210 4948 3401 5014 ταῦτα,
3421 4951 3585 5003 ἀκω-

1980 5050 2153 5113 λύτως
2173 5050 2471 5120 διέρχεται,
2507 5045 2686 5100 καὶτὸ
2710 5045 2976 5115 τέταρτον
3000 5041 3269 5096 διαϐαίνει
3294 5037 3482 5103 καλῶς
3510 5054 3528 5070 ο
3554 5038 3586 5094 ὃ

1981 5162 2041 5199 τε
2082 5142 2321 5213 σκύμνος
2345 5138 2439 5194 τοῦ
2471 5138 2707 5203 λέοντος,
2737 5136 3002 5208 ὑπάρχων
3036 5135 3147 5188 τῶν
3176 5134 3392 5204 κτηνῶν
3421 5136 3584 5204 ἰσχυ-

1987 5237 2108 5307 ρότε
2119 5252 2232 5307 ρος,
2258 5233 2356 5288 καὶ
2382 5234 2521 5304 μήτε
2544 5229 2708 5284 πτοού
2717 5246 2876 5300 μενος
2900 5228 3120 5298 κτῆνος,
3153 5228 3291 5298 μήτε
3314 5226 3425 5280 ἀπὸ
3445 5227 3585 5280 τοῦ·

1984 5344 2077 5380 του
2104 5329 2420 5397 ἡττώμενος
2439 5339 2455 5356 ο
2483 5323 2578 5377 καὶ
2598 5323 2625 5374 ὁ
2650 5318 2967 5391 ἁλεκτρυὼν
2993 5321 3055 5373 ἐν
3077 5317 3390 5389 ἁλεκτορίσι
3413 5335 3584 5388 περι-

1988 5415 2172 5470 πκτῶν
2202 5414 2403 5483 ἄφοϐος
2429 5428 2442 5442 ·
2504 5413 2602 5466 καὶ
2656 5413 2684 5464 6
2710 5411 2936 5481 τράγος,
2977 5408 3181 5478 ἀγέλης
3230 5408 3404 5477 αἰγῶν
3434 5407 3586 5477 πρὸς

1986 5509 2085 5573 τὰς
2122 5509 2179 5560 ἐν
2208 5509 2320 5569 τοῖς
2348 5504 2699 5575 ὑψηλοτέροις
2723 5502 2910 5565 τόποις
2931 5501 3104 5572 νομάς
3126 5498 3585 5570 προηγούμενοςι

1988 5600 2125 5670 πρὸς
2147 5598 2223 5660 δὲ,
2242 5599 2333 5651 καὶ
2365 5595 2641 5666 βασιλεὺς,
2664 5595 2692 5648 ὀ
2712 5593 2886 5665 δῆμον
2901 5593 3087 5655 ἔθνους
3118 5590 3363 5661 ὑπηκόου
3388 5590 3584 5661 ἑαυτῷ

1980 5692 2271 5756 διδάσκων,
2301 5687 2445 5743 οὕτω
2480 5688 2573 5743 καὶ
2598 5689 2625 5740 6
2655 5688 2719 5741 ἐκ
2750 5685 2847 5741 τοῦ
2877 5686 3015 5752 νοὸς,
3044 5678 3105 5740 οῦ
3137 5683 3197 5738 τὸ
3236 5682 3584 5756 ἡγεμονικὸν
