3950 6206
315 326 458 395 1533

1303 340 1834 410 COMMENTARII
1895 348 1977 409 IN
2029 350 2477 414 PROVERBIA.

3396 411 3407 417 -
3434 358 3569 424 ΠΜ

303 436 680 545 δπεμφαίνειό
710 440 868 509 λέων,
893 445 1214 517 τικτόμενος
1241 448 1418 520 λόγος,
1447 452 1726 525 διέρχεται
1760 473 1865 512 κατ

1985 474 2082 531 per
2108 460 2380 518 defectum
2430 470 2525 518 aut
2567 477 2665 535 per
2711 480 3002 524 excessum
3046 469 3150 541 ipsi
3184 470 3565 545 adhaerentes;

301 532 504 603 ἀρετὴν
528 533 799 605 ἀπτόητος
827 537 941 599 τοῖς
975 540 1407 611 παρακειμένοις
1446 544 1585 617 αὐτῇ
1634 546 1756 601 κατ’
1794 546 1882 600 ιλ-

299 621 478 692 λειψιν
508 625 603 678 καὶ
632 627 944 699 ὑπερϐολὴν
985 630 1218 685 πάθεσι·
1256 634 1355 689 καὶ
1401 635 1557 700 τέλος
1593 636 1705 693 τῶν
1738 655 1883 711 πρα-

303 714 444 767 κτῶν
471 716 718 786 εὑρίσκει
739 719 802 772 τὸ
833 721 1063 789 ἀγαθόν.

369 804 471 861 la".
503 808 614 863 Kal
638 810 906 881 ἀλέκτωρ
947 814 1367 883 ἐμπεριπατῶν
1396 822 1668 890 θηλείαις
1693 824 1882 895 εὐψυ-

302 914 429 964 χος.
458 900 568 953 Καὶ
598 901 761 966 αὐτὸς
783 903 841 958 δὲ
871 906 901 959 ό
932 905 1080 972 νοῦς,
1109 907 1169 971 ὃς
1193 910 1292 974 τὰς
1324 911 1419 965 τοῦ
1437 911 1618 969 Ἠλίου
1662 917 1763 987 τῆς
1804 917 1884 970 διο

301 990 591 1063 καιοσύνης
619 994 869 1063 ἀκτῖνας,
905 992 993 1051 οἶά
1020 1015 1107 1063 τις
1137 1001 1458 1073 ἀλεκτρυὼν
1494 1008 1727 1079 προορᾷ,
1761 1010 1884 1073 ταῖς

301 1080 617 1152 αἰσθήσεσιν
661 1085 1036 1160 ἐνδιατρίϐων,
1070 1091 1165 1143 καὶ
1212 1094 1351 1163 πρὸς
1376 1096 1506 1159 τοὺς
1550 1096 1745 1166 λόγους
1771 1100 1883 1154 τῶν

299 1172 466 1226 ὄντων
490 1173 802 1243 διαϐαίνων,
833 1180 928 1232 καὶ⁵
977 1180 1132 1245 τέλος
1168 1183 1279 1238 τῶν
1317 1186 1577 1255 γνωστῶν
1609 1188 1882 1260 εὑρίσκων

297 1264 395 1334 τὴν
426 1265 707 1336 ἀλήθειαν,
744 1271 805 1324 οὐ
840 1270 1047 1326 δέδοικε
1071 1273 1173 1337 τὰς
1201 1278 1579 1344 κατασπώσας
1607 1282 1673 1350 τῇ
1696 1281 1881 1351 σχέσει

296 1354 405 1411 τῶν
431 1357 632 1414 ὑλικῶν
666 1363 988 1431 ἐπιφανείας
1015 1366 1127 1420 τῶν
1153 1368 1391 1439 ὁρατῶν.

363 1448 473 1501 Καὶ
504 1448 719 1518 τράγος
755 1454 1094 1524 ἡγούμενος
1111 1459 1425 1513 αἰπολίουο
1454 1461 1554 1515 καί
1576 1459 1880 1531 βαόιλεὺς

292 1536 647 1608 δημηγορῶν
683 1542 754 1596 ἐν
782 1543 964 1600 ἔθνει.
1005 1546 1065 1601 Ὀ
1089 1548 1137 1601 δ’
1166 1546 1341 1612 οὕτως
1360 1549 1596 1623 ἔμφρονι
1618 1553 1765 1626 λόγῳ
1783 1556 1879 1610 καὶ

276 1627 394 1697 οοῖ,
418 1633 558 1686 κατὰ
578 1634 779 1704 πρᾶξιν
805 1638 902 1690 καὶ
922 1637 1158 1710 θεωρίαν
1179 1639 1423 1709 ἐνεργῶν
1445 1640 1542 1712 τὴν
1565 1644 1769 1714 ἀρετὴν
1785 1647 1879 1700 καὶ

292 1718 391 1790 τὴν
415 1720 637 1790 γνῶσιν,
675 1723 897 1792 βεϐαίαν
916 1742 976 1779 τε
1004 1726 1144 1797 ἔχων
1178 1727 1565 1798 πληροφορίαν
1615 1730 1709 1784 τοῦ
1742 1734 1880 1801 ἁγα-

1985 560 2039 606 et
2071 552 2236 609 tinem
2274 554 2609 625 agendorum
2643 556 2847 614 invenit
2881 560 3105 619 bonum.

2057 822 2225 881 Vsus.
2261 825 2352 878 3|.
2398 824 2470 879 Et
2516 824 2693 896 gallus
2748 824 3099 882 deambulans
3142 827 3282 882 inter
3330 828 3562 899 gallinas

1985 916 2183 971 alacer.
2228 915 2380 971 Mens
2411 925 2593 971 autem
2640 932 2761 986 quae
2797 917 2957 987 quasi
2991 918 3172 988 gallus
3196 920 3422 990 quidam
3460 919 3562 977 So-

1984 1009 2054 1064 lis
2093 1009 2324 1078 justitiae
2370 1007 2556 1064 radios
2590 1009 2853 1080 prospicit
2885 1051 2901 1076 ,
2944 1010 3200 1067 sensibus
3233 1012 3559 1076 immoraris.

1983 1099 2051 1155 ad
2083 1099 2325 1155 rationes
2351 1114 2539 1155 rerum
2573 1100 2903 1168 ascendens,
2935 1110 2991 1156 et
3023 1103 3315 1157 terminum
3352 1118 3561 1175 cogno-

1982 1190 2309 1248 scendorum
2353 1190 2646 1247 inveniens
2676 1193 2991 1259 veritatem,
3022 1208 3133 1248 non
3181 1194 3336 1250 timet
3363 1195 3560 1253 visibi-

1980 1282 2114 1340 lium
2140 1282 2488 1355 appareutias
2513 1281 2711 1359 affectu
2738 1292 3080 1340 terrenarum
3097 1284 3487 1344 distraltentes.

2051 1460 2125 1515 Et
2176 1460 2356 1516 hircus
2385 1460 2580 1517 ducens
2629 1477 2919 1532 caprarum
2954 1478 3209 1533 gregem;
3249 1470 3300 1516 et
3340 1478 3437 1518 rea:
3465 1464 3560 1535 qui

1979 1554 2324 1609 concionatur
2354 1553 2409 1608 in
2439 1563 2615 1624 gente.
2668 1553 2760 1608 Sic
2788 1562 2971 1609 autem
3013 1554 3111 1623 qui
3157 1555 3441 1624 sapienter
3491 1570 3561 1613 ac

1978 1647 2277 1717 prudenter
2332 1648 2592 1705 virtutem
2648 1646 2864 1701 actibus
2924 1654 3207 1715 operatur,
3264 1647 3556 1703 scientiam

1979 1739 2335 1795 meditatione
2372 1738 2624 1809 acquirit,
2673 1738 2883 1791 lirmam
2927 1737 3138 1793 habens
3168 1744 3224 1791 et
3260 1738 3391 1793 boni
3433 1753 3556 1794 cer-

293 1808 412 1901 θοῦ,
446 1812 542 1866 καὶ
571 1814 803 1901 ἇληστον
832 1817 1038 1885 γνῶσιν
1068 1818 1168 1888 τῆς
1201 1818 1491 1891 ἀληθείας·
1548 1824 1867 1894 προηγεῖται

1985 1829 2359 1894 tiorationem,
2387 1842 2442 1886 et
2473 1844 2583 1885 non
2615 1826 3039 1884 oblitterandam
3072 1827 3323 1884 veritatis
3367 1830 3559 1900 cogni-

288 1900 399 1956 τῶν
425 1904 525 1975 τῆς
552 1907 853 1979 ἀριστερᾶς
873 1908 965 1964 διὰ
992 1909 1092 1981 τὴν
1114 1910 1397 1982 ἁμαρτίαν
1421 1910 1595 1966 ὄντων
1627 1913 1848 1984 μερίδος
1864 1915 1879 1930 ⁹

290 1994 580 2063 ἐπανάγων
602 1997 826 2062 τούτους
848 1996 956 2054 ἀπὸ
975 2000 1087 2054 τῶν
1108 2003 1262 2056 κάτω
1287 2002 1384 2056 καὶ
1411 2003 1717 2073 σαρκικῶν,
1742 2004 1882 2074 πρὸς

288 2081 360 2136 τὰ
388 2086 736 2154 πνευματικά
767 2088 863 2141 καὶ
889 2089 1119 2159 οὐράνια
1138 2105 1153 2121 ο
1187 2089 1283 2142 καὶ
1311 2088 1412 2153 τάς
1434 2089 1530 2143 τοῦ
1573 2089 1880 2160 μαθητευοα

290 2175 454 2244 μένου
485 2177 637 2250 αὐτῷ
676 2179 912 2250 πλήθους
963 2182 1310 2253 θεωρητικὰς
1340 2199 1402 2236 τε
1432 2185 1528 2237 καὶ
1575 2184 1876 2255 όρεκτικάς

285 2266 566 2336 δυνάμεις,
597 2269 742 2323 κατὰ
786 2271 947 2340 λόγον
976 2272 1267 2342 ῥυθμίζει·
1317 2273 1414 2327 καὶ
1456 2275 1638 2329 πείθει
1687 2278 1763 2350 μὴ
1794 2279 1873 2343 ὡς

286 2357 449 2428 ἔτυχε
474 2359 762 2428 φέρεσθαι.

355 2446 456 2519 λβ’.
505 2448 649 2503 Ἐὰν
685 2451 840 2520 πρόῃ
877 2453 1141 2509 σεαυτὸν
1181 2457 1271 2522 εις
1312 2450 1728 2531 εὐφροσύνηνλ,
1769 2464 1868 2518 καὶ

284 2539 559 2626 ἐκτείνῃς
585 2541 705 2609 τὴν
721 2543 890 2612 χεῖρά
915 2560 1032 2600 σου
1047 2549 1201 2615 μετὰ
1212 2548 1436 2620 μάχης,
1459 2553 1865 2626 ἀτιμασθήσῃ.

366 2624 490 2685 Ἐὰν
516 2631 659 2686 κατά
678 2632 739 2687 τὸ
764 2634 1163 2706 ἐπιθυμητικὸν
1185 2639 1285 2711 τῆς
1312 2640 1493 2712 ψυχῆς
1539 2660 1656 2710 σου,
1694 2624 1869 2717 ἑκδῷς

286 2722 511 2779 σεαυτὸν
538 2726 662 2789 ταῖς
691 2728 985 2797 σαρκικαῖς
1032 2728 1253 2798 ἡδοναῖς
1275 2775 1290 2797 ,
1328 2732 1426 2787 καὶ⁸
1460 2734 1524 2787 τὸ
1567 2735 1661 2788 τοῦ
1690 2734 1866 2808 θυμοῦ

281 2815 572 2886 δραστικὸν
598 2817 743 2871 κατά
769 2816 882 2871 τῶν
909 2819 1170 2889 ὁμοφυῶν
1189 2823 1442 2897 ὁπλίσῃς,
1466 2828 1581 2888 τοϊς
1613 2828 1865 2897 ἀνοήτοις

282 2906 539 2977 κτήνεσιν
577 2908 886 2978 ὁμοιωθεὶς,
922 2908 1251 2984 ὑϐρισθήσῃ,
1272 2912 1350 2978 ὡς
1376 2914 1561 2970 δοῦλον
1593 2916 1782 2973 παθῶν
1802 2919 1864 2974 τὸ

280 2996 590 3069 λογιστικὸν
618 3002 1011 3075 καταστήσας-

347 3181 452 3250 λγ.
470 3183 727 3255 Ἀμελγε
745 3185 922 3253 γάλα,
934 3186 1033 3241 καί
1047 3188 1219 3243 ἔσται
1230 3188 1558 3260 βούτυρον.
1574 3191 1720 3264 [cod.
1734 3209 1852 3251 σου

278 3274 505 3347 τυρόν].
525 3275 816 3347 ’Υποδέχου
832 3277 907 3341 ὡς
917 3279 1078 3346 γάλα,
1093 3280 1274 3333 πίστει
1286 3282 1560 3355 ἀπλῇ,τὴν
1573 3277 1862 3342 τῶνθείων

277 3362 472 3432 λογίων
487 3365 863 3421 διδασκαλίαν·
883 3369 978 3423 καὶ
1002 3369 1418 3441 συλλέγοντιέτὸν
1439 3373 1561 3429 νοῦν
1577 3376 1781 3447 ταύτης
1800 3380 1860 3435 ὲν

277 3454 564 3524 πνεύματι,
597 3457 831 3528 ὑπάρξει
861 3476 942 3512 σοι
968 3459 1112 3514 οὕτω
1132 3463 1330 3534 στερεὰ
1362 3465 1459 3517 καὶ
1492 3466 1631 3519 πίων
1659 3469 1856 3539 τροφή.

360 3546 503 3600 Ἐὰν
529 3547 600 3601 δὲ
625 3547 905 3618 ἐκπιέζῃς
920 3549 1256 3619 μυκτῆρας,
1277 3554 1664 3617 ἐξελεύσεται
1694 3554 1855 3627 αἷμαο

278 3637 385 3691 ἐὰν
433 3638 503 3691 δὲ
552 3639 812 3707 ἐξέλκῃς
853 3640 1080 3708 λόγους
1099 3681 1114 3705 ,
1163 3642 1593 3705 ἐξελεύσονται
1628 3649 1861 3717 κρίσεις

276 3729 375 3783 καί
409 3729 619 3797 μάχαι.
654 3730 865 3802 Ὠσπερ
907 3732 965 3785 δὲ
994 3735 1043 3786 εἰ
1098 3735 1327 3806 ὲκϐιάζῃ
1378 3737 1686 3809 μυκτῆρας,
1718 3735 1861 3810 αἷμα

275 3818 717 3889 ἐξενεχθήσεται,
754 3820 900 3875 οὕτω
932 3823 1029 3876 καὶ
1071 3824 1420 3889 διστάζοντός
1452 3845 1549 3881 σου
1590 3831 1718 3901 περὶ
1757 3832 1859 3903 τὴν

276 3910 484 3975 πίστιν,
512 3911 607 3964 καὶ
636 3910 828 3979 λόγους
855 3914 1217 3980 ἀπαιτοῦντος
1237 3918 1615 3986 διαλεκτικῶς,
1641 3920 1855 3993 ἐξενεχε

277 4003 537 4076 θήσονται
564 4005 821 4074 διενέξεις
850 4008 947 4062 καὶ
971 4007 1171 4079 ἔριδες.

859 4142 1107 4198 ΚΕΦΑΛ.
1151 4146 1279 4201 AA'.

336 4255 415 4341 ἀν,
436 4276 503 4347 β’.
535 4278 602 4331 Ol
625 4275 757 4347 ἐμοὶ
790 4278 963 4348 λόγοι
994 4278 1264 4349 εἴρηνται
1292 4282 1413 4337 ὑπὸ
1451 4285 1624 4352 Θεοῦ,
1668 4286 1858 4352 ,ϐασι-

274 4366 427 4432 λέως
450 4368 864 4438 χρηματισμὸς
881 4368 955 4423 ὃν
972 4370 1339 4428 ἐπαίδευσεν
1356 4374 1395 4443 ή
1428 4376 1630 4446 μήτηρ
1647 4379 1857 4434 αὐτοῦ’

1985 1918 2210 1980 tionem.
2238 1917 2391 1972 ducit
2437 1932 2535 1973 eos
2579 1917 2669 1984 qui
2699 1916 2771 1975 ob
2812 1923 3094 1983 peccatum
3146 1914 3217 1970 ad
3263 1915 3552 1971 sinistram

1983 2016 2192 2078 partem
2246 2008 2545 2076 pertinent,
2600 2007 2724 2061 illos
2759 2006 3000 2060 educens
3048 2006 3119 2060 ab
3163 2006 3463 2063 humilibus
3500 2016 3558 2064 et

1978 2096 2296 2151 carnalibus
2328 2096 2397 2151 ad
2440 2094 2752 2164 spiritualia
2780 2101 2835 2148 et
2867 2093 3139 2148 cozlcstia.
3190 2093 3555 2152 Multitudinis

1977 2203 2140 2259 quam
2170 2188 2333 2244 docet
2382 2187 2655 2256 potentias
2702 2186 3074 2256 speculativas
3122 2192 3180 2240 et
3210 2188 3556 2256 concupisci-

1973 2278 2114 2333 bilcs
2147 2277 2449 2333 secundum
2494 2277 2764 2330 rationem
2826 2273 3037 2344 dirigit,
3072 2274 3311 2345 illosque
3344 2277 3545 2335 suadet

1971 2384 2081 2425 non
2119 2378 2322 2424 temere
2360 2382 2428 2422 ac
2462 2366 2690 2422 fortuito
2730 2366 2954 2419 mutari.

2046 2452 2211 2509 Vsus.
2242 2453 2336 2508 52.
2375 2450 2434 2506 Si
2468 2448 2768 2521 profuderis
2810 2456 2858 2503 te
2890 2450 2944 2502 in
2974 2447 3163 2503 la'titia
3184 2486 3202 2514 ,
3234 2456 3285 2503 et
3304 2449 3551 2504 extende.

1970 2546 2046 2599 ris
2086 2560 2303 2599 manum
2339 2553 2487 2598 tuam
2522 2558 2641 2597 cum
2675 2542 2820 2609 rixa,
2878 2542 3301 2599 inhonoraberis.
3343 2544 3401 2600 Si
3456 2560 3548 2600 se-

1967 2636 2209 2694 cundum
2269 2634 2466 2690 anima:
2525 2643 2635 2689 tua:
2694 2632 3185 2703 concupiscibilem
3247 2635 3545 2703 appetitum

1967 2727 2317 2796 temetipsum
2372 2726 2688 2781 carnalibus
2766 2723 3141 2794 voluptatibus
3215 2725 3546 2789 tradideris,

1964 2823 2020 2871 et
2049 2814 2347 2870 irascibilis
2371 2813 2646 2885 appetitus
2676 2812 2973 2868 ellicaciam
3007 2820 3200 2867 contra
3231 2812 3546 2882 proximum

1964 2907 2290 2970 armaveris,
2354 2905 2778 2960 irrationalibus
2829 2903 3025 2959 bestiis
3069 2904 3269 2960 similis
3339 2903 3563 2966 factus._

1963 2997 2388 3053 inliouoraberis
2419 3006 2609 3066 utpote
2644 2997 2740 3066 qui
2789 2995 3059 3050 rationem
3119 2994 3224 3052 sub
3279 2995 3546 3052 servitute

1960 3089 2285 3161 passionum
2325 3088 2622 3158 redegeris.

2032 3177 2201 3236 Vens.
2247 3179 2339 3234 55.
2371 3178 2549 3249 Mulge
2590 3178 2675 3232 lac
2701 3190 2751 3233 et
2793 3180 2893 3233 erit
2946 3178 3215 3249 butyrum.
3253 3177 3453 3248 Accipe
3483 3188 3544 3234 ut

1962 3273 2068 3335 lac.
2103 3272 2160 3327 in
2202 3270 2553 3340 simplicitate
2579 3271 2727 3336 fidei,
2754 3270 3072 3325 divinorum
3103 3283 3422 3325 sermonum
3444 3268 3545 3323 do-

1961 3365 2218 3420 ctrinam.
2252 3361 2539 3434 Colligenti
2580 3363 2700 3431 ejus
2739 3362 3037 3418 sensumiu
3072 3368 3288 3427 urente,
3334 3360 3544 3417 solidus

1962 3456 2057 3510 tibi
2083 3462 2138 3508 et
2181 3456 2398 3524 pinguis
2426 3455 2618 3509 evadet
2648 3455 2829 3509 cibus.

2034 3542 2093 3598 Si
2125 3553 2302 3597 autem
2342 3543 2662 3609 expresseris
2719 3559 2874 3596 nares
2899 3581 2913 3605 ,
2955 3542 3119 3596 exibit
3176 3542 3442 3612 sanguis:
3494 3542 3545 3597 si
3616 3586 3623 3591 .

1962 3646 2138 3689 autem
2179 3635 2476 3689 extraa‘eris
2521 3649 2824 3697 sermones,
2876 3632 3094 3686 exibunt
3147 3633 3265 3688 lites
3308 3641 3358 3688 et
3385 3634 3536 3688 rixis.

1962 3724 2434 3793 Quemadmodum
2480 3731 2662 3777 autem
2691 3723 2739 3779 si
2770 3739 2934 3778 nares
2962 3725 3327 3794 expresseris,
3366 3725 3540 3779 exibit

1964 3817 2209 3886 sanguis,
2241 3817 2313 3869 ita
2352 3816 2396 3871 si
2432 3817 2500 3870 de
2541 3815 2646 3870 [ide
2672 3815 3015 3871 dubitaveris
3045 3822 3100 3868 et
3133 3814 3422 3871 dialectice
3452 3832 3539 3872 re-

1964 3909 2190 3980 petieris
2231 3907 2495 3972 rationes,
2530 3907 2763 3963 exibunt
2795 3907 2917 3962 lites
2950 3915 3004 3962 et
3036 3908 3186 3961 rixae.

2543 4139 2699 4197 CAP.
2755 4138 2951 4196 XXXl.

2033 4272 2203 4331 Vens.
2234 4274 2359 4341 1,2.
2377 4272 2547 4328 Verba
2581 4288 2696 4326 mea
2725 4271 2873 4325 dicta
2894 4281 3018 4326 sunt
3045 4287 3077 4324 a
3108 4267 3234 4337 Dea,
3270 4271 3404 4341 regis
3437 4271 3543 4326 ad-
3572 4302 3581 4305 -

1963 4367 2184 4421 monitio
2203 4382 2354 4438 quem
2370 4365 2597 4420 erudivit
2642 4358 2814 4419 mater
2847 4380 2969 4418 sua.
3018 4360 3181 4427 Quid,
3229 4362 3332 4432 ﬁli,
3367 4379 3545 4417 serva-

273 4456 353 4523 τί,
374 4456 608 4522 τέκνον,
630 4459 944 4527 τηρήσεις;
965 4460 1024 4515 τί
1034 4461 1240 4534 {Amp
1256 4482 1340 4519 σοι
1359 4466 1521 4531 αὐτὸς
1532 4468 1861 4538 ἀπαγγέλλω

1983 4458 2089 4514 iis?
2115 4456 2294 4524 Quid?
2322 4455 2455 4522 Quae
2486 4456 2581 4511 tibi
2611 4455 2730 4525 ipse
2763 4453 3039 4510 annuntio
3086 4453 3329 4523 eloquia,
3375 4454 3541 4508 didici
3584 4482 3587 4495 ι

275 4548 451 4617 λόγια,
494 4548 793 4619 μεμάθηκα
816 4550 987 4604 ταῦτα
1018 4552 1173 4623 παρὰ
1211 4553 1345 4609 Θεοῦ
1365 4573 1380 4588 ·
1413 4556 1450 4610 ἆ
1482 4559 1589 4612 είσι
1625 4561 1857 4624 πλοῦτος

275 4639 410 4708 ἐμοῦ
444 4637 537 4692 τοῦ
579 4639 838 4708 λαχόντος
894 4642 1136 4712 ἐννόμως
1191 4645 1500 4717 ἀνθρώποις
1544 4651 1857 4705 ἐπιστατεῖν

274 4730 427 4798 παρὰ
447 4729 547 4800 τῆς
578 4730 736 4800 δίκην
769 4732 973 4801 μητρὸς
1006 4733 1354 4808 θρεψαμένης
1389 4742 1582 4808 σοφίας
1602 4757 1617 4771 ⁶
1662 4742 1715 4795 τί
1744 4742 1857 4797 λοι-

273 4820 376 4873 πὸν
404 4819 682 4888 φυλάξεις,
710 4821 831 4888 υἱός
865 4821 1139 4891 φύλασσον
1160 4826 1230 4880 τὰ
1254 4828 1365 4895 ἐμά
1391 4829 1570 4899 λόγια.

357 4910 593 4980 Ῥήσεις
610 4912 781 4981 Θεοῦ,
807 4920 1199 4984 πρωτογενὲς,
1220 4918 1321 4971 σοὶ
1333 4919 1512 4990 λέγω,
1528 4923 1623 4977 υίέ
1636 4942 1650 4956 ·
1666 4926 1745 4992 τί,
1762 4926 1856 4980 τέ-

274 5020 423 5058 κνον
452 5004 605 5074 ἐμῆς
635 5008 871 5074 κοιλίας
888 5022 910 5072 ;
947 5009 1019 5061 Ἦ
1044 5007 1205 5077 λόγια
1257 5011 1473 5076 πάντως
1518 5014 1689 5083 Θεοῦ;
1721 5016 1857 5090 πρὸς

276 5094 337 5148 σὲ
358 5096 617 5169 ποιοῦμαι
640 5099 733 5153 τὸν
763 5099 943 5168 λόγον,
969 5101 1074 5164 uls,
1098 5100 1161 5163 ὃς
1190 5100 1258 5155 ἀν
1285 5101 1378 5156 καὶ
1416 5104 1557 5176 είης,
1597 5107 1690 5161 τὸν
1716 5108 1857 5162 ἀπο-

273 5188 535 5259 τεχθέντα
561 5207 652 5261 μοι
684 5193 825 5245 κατὰ
852 5192 951 5264 τὴν
968 5191 1195 5265 πρώτην
1222 5197 1317 5248 καὶ
1333 5200 1714 5273 πνευματικὴν
1733 5202 1859 5273 γέν-

276 5295 461 5348 νησιν·
496 5282 571 5350 τί,
610 5283 820 5350 τέκνον,
870 5284 900 5337 ὃ
927 5287 1047 5350 ταῖς
1075 5285 1179 5356 τῆς
1201 5286 1344 5358 ἐμῆς
1379 5287 1623 5359 διανοίας
1670 5295 1859 5351 ὠδῖσιν

276 5374 543 5445 ἐγέννησα
569 5375 1001 5446 διδασκαλικῶςς

345 5461 415 5533 γ’.
446 5468 527 5533 Τί,
543 5466 761 5522 τέκνον
776 5468 937 5539 ἐμῶν
956 5471 1154 5541 εὐχῶν
1172 5487 1191 5534 ;
1212 5473 1300 5539 Τί,
1314 5473 1526 5542 τέκνον,
1547 5476 1659 5532 οἴου
1674 5482 1858 5551 τυχεῖν

283 5557 621 5627 παρεκάλουν
646 5560 802 5629 Θεὸν,
836 5564 1132 5637 τηρήσειςς

345 5732 442 5803 Μὴ
477 5735 583 5805 δὸς
618 5739 849 5801 γυναιέ)
886 5740 1004 5796 σὸν
1043 5744 1331 5801 πλοῦτον.
1367 5747 1459 5817 Μὴ
1508 5746 1599 5801 τὸν
1632 5746 1859 5805 πλοῦτον

1959 4564 1989 4603 a
2022 4548 2133 4606 Deo
2162 4568 2175 4604 :
2210 4549 2323 4603 haec
2351 4556 2479 4603 sunt
2501 4563 2639 4603 mea:
2664 4547 2874 4604 divitiae
2892 4548 2987 4618 qui
3014 4544 3247 4603 sortitus
3270 4561 3391 4601 sum
3416 4545 3542 4614 jure

1959 4621 2276 4694 hominibus
2333 4653 2567 4709 praeesse
2620 4638 2690 4693 ob
2729 4636 3051 4708 sapientiam
3108 4633 3267 4705 quasi
3310 4642 3583 4687 matrem.

1959 4733 2308 4787 nutrientem.
2333 4730 2478 4797 Quid
2506 4731 2685 4785 adhuc
2715 4728 2981 4794 servabis,
3002 4724 3115 4785 illi?
3139 4740 3297 4782 serva
3322 4723 3544 4811 eloquia
3567 4754 3590 4772 -ι

1958 4839 2100 4878 mea.

2021 4916 2294 4970 Dictiones
2326 4913 2442 4978 Dei,
2464 4914 2932 4985 primogenite,tibi
2961 4911 3198 4980 dico,ﬁli
3227 4927 3245 4968 :
3271 4909 3432 4976 Quid,
3461 4909 3586 4977 lilii

1958 5008 2060 5063 mei
2088 5005 2538 5063 centrislNonnc
2583 5007 2770 5062 omnia
2798 5006 3016 5077 eloquia
3049 5003 3195 5058 Dei?
3229 5004 3311 5058 Ad
3335 5012 3388 5058 te
3420 5017 3583 5057 ver-ri

1956 5102 2087 5158 bum
2118 5100 2286 5167 facio,
2319 5102 2392 5156 lili
2413 5141 2429 5167 ,
2457 5100 2719 5172 quisquis
2748 5100 2851 5165 sis,
2884 5099 2982 5165 qui
3009 5114 3041 5154 a
3090 5113 3177 5153 me
3215 5097 3435 5167 genitus
3473 5111 3538 5151 es

1958 5194 2262 5251 secundent
2321 5195 2554 5265 primam
2601 5202 2658 5249 et
2706 5193 3054 5263 spiritualem
3106 5190 3543 5263 generationem.

1957 5288 2099 5357 Quid
2122 5329 2137 5354 ,
2177 5288 2249 5343 illi
2279 5329 2293 5354 ,
2327 5302 2490 5359 quem
2545 5286 2898 5358 cogitationis
2943 5299 3080 5342 mea:
3114 5284 3397 5341 doloribus
3445 5282 3543 5336 do-

1958 5380 2133 5437 cendo
2162 5381 2369 5450 genui?

2029 5472 2200 5529 Vens.
2234 5474 2287 5528 5.
2330 5471 2494 5538 Quid,
2516 5471 2599 5542 ﬁli
2623 5487 2859 5526 mearum
2894 5470 3242 5527 orationum?
3269 5465 3409 5535 Quid
3439 5467 3547 5521 ob-

1961 5565 2235 5634 servabis,
2286 5563 2384 5629 illi,
2423 5564 2643 5633 qualem
2683 5563 2935 5620 obtinere
2992 5562 3162 5619 Deum
3214 5561 3549 5630 deprecatus

1961 5656 2127 5712 sum?

2036 5747 2118 5803 Ne
2149 5748 2352 5805 dederis
2389 5750 2694 5804 mulieribus
2728 5749 3083 5804 substantiam
3131 5759 3293 5805 tuam.
3344 5745 3548 5802 Intelli»
