3950 6206
442 310 580 374 1535

436 513 532 568 tiis
575 528 841 568 sensuum
871 512 1173 583 voluptatis
1221 528 1291 569 ne
1324 512 1649 586 impendas;
1688 518 1878 572 varios
1907 524 2022 570 tau-

437 612 555 660 tum
593 603 758 672 bujus
804 603 998 659 modos
1045 605 1386 676 recogitans.

509 694 579 749 Et
610 704 833 750 mentem
873 704 1021 749 tuam
1050 705 1101 751 et
1139 696 1303 751 vitam
1341 697 1398 752 in
1426 713 1606 752 seram
1657 699 1871 754 consilii
1901 714 2021 753 mu-

440 788 715 842 tationem.
775 785 965 858 Neque
1023 790 1223 846 mentis
1282 798 1388 844 tute
1443 792 1900 861 speculationem,
1966 798 2020 845 et

437 880 583 934 circa
623 881 789 933 vitam
839 880 893 933 in
927 894 1097 934 carne
1125 891 1181 935 et
1225 883 1433 937 mundo
1483 883 1794 946 actionem;
1832 882 2018 938 tradas

438 970 495 1025 in
533 970 931 1040 experientiam
986 970 1145 1036 mali,
1190 971 1352 1042 cujus
1407 972 1703 1044 aliquando
1734 980 1788 1029 te
1840 975 2018 1042 paeni-

440 1062 596 1118 tebit.
1746 1122 1753 1131 .

510 1153 682 1209 Vens.
723 1156 778 1210 4.
832 1154 963 1210 Cum
995 1156 1218 1212 consilio
1265 1158 1443 1212 omnia
1481 1157 1600 1227 fac;
1631 1172 1750 1211 cum
1793 1156 2016 1211 consilio

438 1246 620 1301 uinum
650 1257 795 1317 pota.
843 1245 1122 1303 Rationali
1173 1248 1515 1305 discretione
1548 1250 1738 1319 accipe
1788 1234 2043 1303 natura?

439 1336 546 1391 lem
578 1337 963 1395 exsistentium
981 1339 1502 1410 contemplationem
1517 1355 1642 1410 quae
1664 1341 1810 1396 sicut
1828 1342 2014 1396 vinum

438 1428 805 1498 spiritualiter
873 1446 971 1486 cor
1039 1430 1302 1486 laetificat.
1361 1430 1464 1498 Qui
1520 1428 1821 1487 eﬂrenatus
1890 1441 2013 1497 est,

437 1528 678 1575 mentem
724 1536 754 1575 a
796 1524 1027 1580 veritate
1065 1524 1320 1581 excidere
1359 1522 1515 1590 facit,
1563 1534 1619 1580 et
1664 1528 1718 1580 in
1763 1526 2017 1597 praecipi-

438 1612 577 1665 tium
615 1612 811 1669 fertur.

508 1702 679 1759 Vens.
736 1706 790 1760 5.
846 1706 1092 1764 Potentes
1126 1711 1371 1765 iracundi
1413 1718 1535 1766 sunt
1562 1726 1582 1776 ;
1612 1712 1795 1766 viuum
1835 1718 2012 1766 autem

436 1814 541 1852 non
585 1797 790 1867 bibant,
819 1816 882 1855 ne
916 1802 1149 1858 bibentes
1199 1804 1581 1860 obliviscantur
1612 1805 1911 1873 sapientia,
1959 1815 2008 1858 et

435 1897 575 1941 recte
635 1904 739 1943 non
774 1894 984 1957 possint
1016 1894 1270 1962 judicare
1307 1896 1622 1951 imbecilles.
1659 1895 1764 1962 Qui
1797 1895 2011 1965 passio-

432 1992 533 2033 nes
571 1981 912 2051 subegerunt
943 1990 998 2038 et
1038 1987 1301 2040 moralem
1355 1995 1506 2042 recte
1543 1987 1842 2041 observant
1882 1985 2010 2055 phi-

432 2067 762 2141 losOpbiam,
789 2074 982 2128 armati
1018 2085 1148 2129 sunt
1181 2084 1373 2130 contra
1397 2083 1710 2146 serpentem
1750 2076 2011 2147 spiritua-

430 2162 561 2218 lem.
608 2163 865 2221 Attamen
924 2167 1116 2222 laudes
1168 2167 1452 2223 hominum
1499 2184 1597 2224 eos
1630 2169 1773 2225 sicut
1818 2168 2006 2224 vinum

338 2290 343 2291 κ
432 2253 776 2311 ιωιίίίοοιιιεε
807 2272 876 2315 ne
914 2259 1186 2328 accipiant
1213 2298 1229 2323 ,
1262 2274 1329 2314 ne
1355 2260 1708 2330 accipientes,
1752 2268 2009 2316 avertan-

431 2346 523 2395 tur
547 2356 577 2396 a
610 2345 877 2412 sapientia
904 2386 919 2408 ,
974 2348 1136 2417 cujus
1185 2351 1467 2417 proprium
1500 2359 1584 2405 est
1616 2351 2006 2406 exultationem

430 2428 487 2484 in
524 2430 833 2489 humilitate
860 2436 1189 2506 ostendere;
1227 2454 1294 2492 ne
1318 2439 1623 2495 elevatione
1652 2456 1718 2495 ex
1752 2439 2008 2496 laudibus

429 2522 686 2576 excaecati
722 2539 1000 2594 nequeant
1029 2530 1379 2585 considerare
1406 2532 1727 2587 infirmitate
1759 2532 2004 2598 indutos,

429 2622 635 2681 eosque
694 2622 845 2670 recte
906 2616 1155 2687 judicare
1185 2630 1240 2674 et
1303 2636 1549 2693 congruo
1615 2622 1831 2692 dignari
1890 2636 2008 2677 ser-

428 2700 588 2759 vitio.

498 2988 668 3046 Vsus.
724 2992 777 3047 6.
816 2992 949 3049 Date
994 2998 1297 3054 ebrietatem
1349 3002 1415 3054 iis
1450 3001 1550 3073 qui
1581 3002 1636 3056 in
1670 3004 2002 3058 tumoribus.

1732 306 2091 374 PBOCOPII
2129 306 2369 370 GAZEI

436 430 636 492 gentia;
665 429 772 475 tute
799 398 1019 478 divitias
1048 421 1102 475 iu
1136 421 1554 480 irrationalibus
1609 423 2007 494 concupiscen-

2121 417 2231 470 σῶν
2253 411 2473 489 φρενῶν
2499 418 2623 478 ταῖς
2651 415 2871 484 ἀλόγοις
2898 422 3087 486 smne;

3578 309 3691 373 Ῑῐίἶδ

3198 461 3216 481 ,
3248 457 3265 469 .
3294 454 3338 486 ,ς
3368 417 3495 473 κατ’
3519 420 3693 490 αἴσθῃ.

2126 526 2210 563 σιν
2255 509 2471 579 ἡδονῆς,
2527 508 2956 580 καταναλώσῃς·
3017 509 3216 579 μόνους
3252 510 3379 573 τοὺς
3428 511 3692 578 ποικίλονς

2121 600 2328 672 ταύτης
2356 600 2597 672 τρόπους
2625 600 2876 655 ἐπινοῶν.

2198 693 2312 749 Τόν
2364 693 2483 748 σὸν
2534 692 2688 749 νοῦν
2725 692 2827 748 καί
2859 692 3005 758 ,βίον
3055 696 3146 761 εἰς
3207 696 3696 764 ὑσίτεροὸουλίαν.

2120 784 2278 855 Μηδέ
2301 784 2365 838 τδ
2395 783 2492 840 τοῦ
2514 786 2635 849 νοός
2673 801 2769 843 σου
2799 784 3157 855 θεωρητικὸν,
3197 790 3294 840 καὶ
3343 787 3407 841 τὸ
3453 787 3596 857 περὶ
3618 788 3698 858 τὴν

2119 879 2180 931 ἐν
2202 879 2370 948 σαρκὶ
2399 879 2494 931 καὶ
2526 879 2720 949 κόσμῳ
2743 877 2929 949 βιοτήν
2964 894 3060 931 σου
3090 879 3426 945 πρακτικὸν,
3472 882 3562 942 είς
3596 885 3698 933 nei-

2123 986 2222 1042 ραν
2244 970 2415 1040 ἐκδῷς
2447 971 2544 1025 τοῦ
2592 970 2801 1026 κακοῦ·
2851 970 2912 1037 ἐξ
2942 962 3005 1023 οῦ
3060 971 3146 1024 σοί
3182 987 3312 1024 ποτε
3363 973 3701 1042 συμσήσεται

2122 1062 2549 1132 μεταμέλεσθαι.

2187 1155 2256 1208 δ’.
2294 1153 2457 1209 Μετὰ
2495 1152 2741 1221 ,βουλῆς
2786 1152 2986 1207 πάντα
3039 1154 3224 1208 ποίειι
3273 1157 3425 1222 μετὰ
3460 1156 3701 1223 βουλῆς

2117 1247 2436 1300 οίνοπότει.
2477 1244 2636 1299 Μετὰ
2666 1244 2896 1314 λογικῆς
2939 1245 3265 1315 διακρίσεως
3314 1246 3700 1316 μεταλὰμδανε

2116 1335 2218 1404 τῆς
2251 1335 2404 1405 δίκην
2435 1336 2579 1388 οῐνου
2601 1335 3004 1409 εὐφραινούσης
3046 1337 3272 1403 καρδίαν
3309 1339 3701 1408 πνευματικῶς

2117 1428 2354 1497 φυσικῆς
2384 1426 2617 1497 θεωρίας
2661 1427 2771 1481 τῶν
2820 1427 3026 1481 ὄντων’
3078 1428 3202 1498 ἥτις
3245 1429 3341 1482 ἐὰν
3373 1429 3698 1499 ἀχαλίνωτος

2115 1515 2174 1591 ᾖ,
2200 1517 2293 1571 τὸν
2318 1516 2444 1572 νοῦν
2464 1518 2564 1589 τῆς
2589 1518 2849 1588 ἀληθείας
2881 1519 3167 1590 μεθίστησι
3185 1561 3201 1585 ,
3247 1520 3343 1574 καὶ
3373 1521 3543 1591 φέρει
3573 1522 3696 1577 κατὰ

2117 1610 2394 1683 κρημνοῦ.

2186 1710 2247 1756 ε’.
2266 1705 2332 1755 Οἱ
2354 1701 2648 1757 δυνάσται
2677 1701 2969 1769 θυμώδεις
2997 1703 3179 1768 είσὶν,
3211 1701 3385 1759 οἶνον
3416 1706 3509 1775 μὴ
3539 1708 3689 1761 arri-

2115 1810 2342 1856 τωσαν,
2375 1794 2478 1847 ἵνα
2496 1792 2582 1862 μὴ
2600 1794 2872 1859 πιόντες.
2895 1793 3297 1849 ἐπιλάθωνται
3315 1795 3431 1865 τῆς
3458 1800 3686 1867 σοφίας,

2110 1886 2208 1939 καί
2237 1883 2381 1953 ὀρθὰ
2415 1884 2611 1953 κρῖναι
2649 1888 2722 1940 οὐ
2752 1885 2838 1954 μὴ
2869 1885 3167 1965 δύνωνται
3208 1887 3355 1953 τοὺς
3398 1889 3684 1956 ἀσθενεῖς.

2111 1979 2173 2032 Οί
2202 1978 2621 2039 δυναστεύοντες
2653 1978 2797 2032 κατὰ
2843 1978 2953 2032 τῶν
3002 1979 3213 2045 παθῶν,
3255 1983 3353 2034 καὶ
3380 1982 3482 2052 τὴν
3506 1981 3685 2053 ἠθικὴν

2107 2068 2504 2141 κατορθοῦντες
2535 2068 2882 2138 φιλοσοφίαν,
2917 2070 3255 2141 ὡπλισμένοι
3291 2074 3402 2126 εἰσὶ
3441 2073 3516 2144 τῷ
3538 2074 3686 2147 θυμῷ

2107 2162 2249 2215 κατὰ
2279 2160 2375 2214 τοῦ
2409 2160 2602 2231 νοητοῦ
2631 2162 2808 2230 ὄφεως
2834 2177 2847 2190 ”
2877 2161 3063 2215 λοιπὸν
3101 2163 3198 2217 τοῦ
3241 2166 3368 2235 παρ’
3388 2166 3679 2236 ἀνθρώπων

2108 2252 2353 2315 ἐπαίνου,
2387 2251 2484 2304 τοῦ
2522 2252 2681 2322 δίκην
2711 2252 2860 2306 οίνου
2900 2251 3123 2316 τούτους
3168 2253 3561 2324 εὐφραίνοντος,
3604 2254 3674 2325 μὴ

2112 2341 2681 2413 μεταλαμϐανέτιοσαν
2702 2357 2716 2373 ⁸
2758 2341 2907 2405 ὅπως
2942 2341 3019 2412 μὴ
3074 2343 3474 2411 μεταλαϐόντες
3504 2345 3682 2408 αὑτοῦ,

2108 2432 2470 2487 ἐπιλάθωνται
2497 2436 2599 2506 τῆς
2639 2434 2833 2501 σοφίας
2860 2450 2875 2465 ·
2922 2428 2992 2502 ἧς
3036 2435 3167 2488 ἴδιον
3203 2435 3265 2488 τὸ
3292 2436 3680 2490 ἐπιδείκνυσθαι

2107 2525 2169 2579 τό
2201 2526 2407 2597 ὑψηλὸν
2452 2528 2511 2580 ἐν
2563 2525 2641 2596 τῷ
2693 2525 2971 2595 ταπεινῷ·
3015 2525 3109 2579 καὶ
3141 2526 3522 2591 σκοτωθέντες
3625 2532 3685 2581 ἐκ

2107 2615 2229 2670 τῶν
2257 2616 2493 2670 ἐπαίνων
2525 2616 2783 2688 ἐπάρσει,
2818 2616 3232 2687 ἀδυνατήσωσιν
3261 2620 3686 2675 ἐπισκέπτεσθαι

2107 2724 2169 2760 τε
2200 2707 2329 2770 τοὺς
2379 2708 2801 2780 περικειμένους
2849 2707 3157 2772 ἀσθένειαν,
3211 2709 3308 2761 καὶ
3344 2709 3420 2763 τὰ
3451 2713 3571 2767 κατ’
3600 2714 3685 2765 αὖ·

2106 2802 2232 2865 τοὺς
2263 2801 2557 2873 διακρίνειν
2588 2802 2790 2869 καλῶς,
2816 2803 2911 2856 καὶ
2940 2802 3040 2874 τῆς
3086 2801 3482 2875 προσηκούσης
3513 2803 3687 2870 ἀξιοῦν

2108 2893 2429 2965 θεραπείας.

2180 2985 2256 3051 ς’.
2288 2985 2490 3041 Δίδοτε
2504 2985 2698 3056 μέθην
2717 2986 2841 3053 τοῖς
2872 2986 2943 3041 ἐν
2978 2988 3217 3054 ⁸ῑύιιπαις.
3268 2988 3557 3059 Παρέχετε
3600 2989 3688 3057 τὴν

430 3077 565 3137 Date
597 3085 836 3140 lmtitiam
870 3103 937 3141 ex
978 3089 1236 3147 laudibus
1279 3093 1346 3146 iis
1400 3096 1492 3163 qui
1538 3110 1718 3165 neque
1768 3097 2003 3166 gloriam

2121 3078 2173 3131 ix
2197 3076 2307 3131 τῶν
2335 3078 2572 3132 ἐπαίνων
2603 3078 2949 3150 εὐφροσύνην
2975 3084 3085 3145 τοίς
3126 3082 3577 3152 ἀποτυγχάνουσι
3600 3080 3688 3150 τῆς

427 3173 715 3240 caducam,
764 3193 943 3246 neque
986 3180 1264 3249 perituras
1299 3182 1522 3241 divitias
1574 3187 2001 3258 concupiscunt.

499 3349 569 3405 Et
603 3352 779 3407 vinum
815 3355 986 3410 bibere
1024 3357 1091 3411 iis
1128 3359 1221 3429 qui
1266 3361 1322 3414 in
1369 3360 1667 3419 doloribus.
1721 3362 2003 3423 Laudibus

427 3443 726 3514 dignamini
766 3461 863 3502 eos
891 3448 982 3517 qui
1008 3459 1137 3504 sunt
1178 3451 1233 3505 in
1262 3450 1547 3510 doloribus
1584 3457 1858 3526 corporis.

502 3534 664 3591 Vsus.
703 3536 753 3593 7.
796 3535 864 3591 Ut
898 3538 1275 3596 obliviscantur
1309 3548 1643 3614 paupertatis
1676 3556 1725 3601 et
1757 3548 2003 3603 laborum

426 3642 531 3681 non
572 3629 917 3685 recordentur
953 3633 1119 3690 ultra.
1161 3633 1234 3691 Ut
1264 3636 1345 3693 illi
1378 3638 1777 3696 obliviscantur
1809 3655 2003 3696 neces.

426 3718 701 3772 rariorum
749 3719 948 3791 inopia:
990 3738 1113 3793 quae
1145 3728 1385 3783 conterit
1420 3744 1551 3796 eos;
1584 3739 1776 3786 etnon
1817 3745 2005 3791 recor-

421 3810 629 3868 dentur
661 3815 847 3871 carnis
881 3815 1124 3875 dolores.

496 3984 663 4045 Vens.
688 3989 743 4045 8.
771 3990 927 4061 Aperi
956 4009 1014 4048 ns
1046 4002 1195 4049 tuum
1225 3998 1376 4052 verbo
1406 3998 1519 4065 Dei,
1549 4008 1599 4054 et
1613 4000 1801 4071 judica
1824 4020 2003 4061 omnes

422 4089 582 4136 recte.
627 4082 724 4138 Dei
764 4085 1044 4143 mandatis
1074 4089 1226 4158 aperi
1266 4090 1423 4159 quasi
1455 4106 1519 4148 os
1551 4094 1750 4151 mentis
1785 4103 1891 4150 tuae
1920 4096 2006 4151 in-

421 4172 725 4239 tellectum,
758 4182 819 4228 ut
850 4190 1049 4244 panem
1079 4192 1111 4232 a
1137 4179 1713 4238 cmlodescendentem
1739 4185 2000 4256 excipiat,

418 4273 480 4322 et
508 4274 708 4322 cuncta
739 4274 896 4323 recte
924 4268 1137 4338 judiea.

2075 3224 2079 3228 ,
2116 3167 2244 3240 περὶ
2266 3167 2365 3239 τὴν
2393 3169 2662 3242 ἐπίκηρον
2680 3170 2863 3234 δόξαν,
2897 3173 2992 3226 καὶ
3016 3172 3106 3226 τὸν
3136 3172 3510 3244 φθειρόμενον
3538 3171 3688 3226 πλοῦ·

2113 3276 2204 3312 τον
2234 3260 2557 3331 ἐπιθυμίας.

2187 3349 2294 3403 Καί
2323 3347 2492 3404 οἶνον
2511 3350 2712 3405 πίνειν
2730 3351 2853 3418 τοῖς
2868 3352 2938 3405 ἐν
2959 3354 3228 3420 ὀδύναις.
3249 3355 3369 3407 ’Καὶ
3397 3356 3697 3425 ἐγκωμίων

2111 3436 2328 3503 ἀξιοῦτε
2347 3440 2474 3501 τοὺς
2506 3440 2563 3492 ἐν
2589 3438 2804 3504 ὀδύναις
2834 3446 3191 3511 σωματικαῖς.

2182 3525 2248 3591 ζ’.
2279 3528 2404 3582 Ἵνα
2437 3527 2836 3583 ἐπιλάθωνται
2886 3527 2994 3595 τῆς
3012 3532 3259 3597 πενίας,
3300 3530 3402 3583 καί
3434 3528 3563 3583 τῶν
3591 3530 3695 3582 ιδ-

2111 3635 2236 3672 νων
2251 3618 2338 3688 μὴ
2367 3617 2725 3688 praedium»
2763 3619 2872 3674 ἔτι.
2909 3622 3095 3684 Ὅπως
3121 3623 3320 3674 ἐκεῖνοι
3343 3622 3446 3691 μὲν
3472 3622 3538 3676 ἐν
3564 3620 3697 3690 λήθῃ

2111 3711 2376 3778 γένωνται
2413 3711 2513 3781 τῆς
2542 3710 2839 3783 πιεζούσης
2872 3711 3095 3775 τούτους
3133 3712 3342 3775 ἐνδείας
3376 3712 3489 3764 τῶν
3536 3716 3695 3778 avar-

2112 3801 2283 3856 καίων
2304 3818 2317 3831 ·
2353 3796 2497 3857 οὗτοι
2521 3802 2580 3856 δέ
2606 3804 2752 3874 ἀμνη
2764 3805 3040 3874 μονήσωσι
3067 3804 3175 3856 τῶν
3202 3803 3408 3856 ὀδυνῶν
3435 3805 3545 3872 τῆς
3575 3820 3697 3870 σαρ-

2112 3895 2228 3958 κός.

2179 3987 2250 4057 η’.
2292 3970 2519 4059 Ἀνοιγε
2571 3988 2689 4042 σὸν
2736 3991 2932 4058 στόμα
2957 3989 3122 4059 λόγῳ
3175 3987 3346 4047 Θεοῦ.
3398 3988 3505 4040 καὶ
3538 3990 3697 4056 κρίνα

2110 4078 2308 4133 πάντα
2331 4080 2528 4148 ὑγιῶς.
2559 4080 2801 4134 Πλάτυνε
2837 4081 2900 4133 τὸ
2935 4082 3091 4150 δίκην
3134 4080 3406 4150 στόματος
3446 4080 3700 4135 δεκτικὸν

2109 4170 2202 4224 τοῦ
2233 4173 2297 4224 ἐκ
2336 4172 2430 4225 τοῦ
2479 4172 2710 4243 ούρανοῦ
2765 4173 3099 4236 καταϐάντος
3130 4173 3319 4243 ἄρτου,
3377 4175 3579 4245 νοερὸν
3609 4175 3704 4243 τῆς

2109 4263 2287 4334 ψυχῆς
2318 4280 2431 4330 σου,
2467 4263 2639 4327 θείαις
2663 4264 2925 4327 ἐννοίαις·
2958 4265 3049 4317 καὶ
3074 4264 3321 4335 διάκρινε
3369 4266 3567 4319 πάντα
3608 4283 3704 4319 και

2111 4353 2240 4415 λῶς.

493 4446 664 4504 Vens.
703 4449 758 4505 9.
795 4448 957 4519 Aperi
982 4468 1039 4509 os
1074 4461 1240 4521 tuum,
1264 4462 1315 4508 et
1333 4454 1482 4523 juste
1497 4457 1705 4526 judico.
1745 4458 1907 4529 Aperi
1933 4475 1998 4517 os

2172 4444 2237 4498 θ’.
2279 4446 2517 4515 Ἀνοίγε
2548 4444 2667 4499 σὸν
2698 4446 2916 4515 στόμα,
2942 4444 3038 4499 καί
3068 4445 3235 4514 κρίνε
3256 4445 3538 4511 δικαίως.
3565 4448 3709 4500 [1λὰ-

422 4549 577 4596 tuum
612 4543 757 4613 quod
799 4554 1029 4613 apparet
1056 4547 1120 4601 ad
1152 4549 1491 4604 enuntianda
1535 4550 1628 4606 Dei
1659 4552 1913 4624 eloquia;
1947 4563 2001 4611 et

2121 4553 2227 4591 :uve
2271 4538 2364 4590 καὶ
2419 4537 2552 4592 αὐτό
2590 4554 2683 4591 σου
2711 4539 2773 4591 τὸ
2807 4537 3135 4607 φαινόμενον
3200 4538 3400 4607 στίμα,
3446 4540 3712 4610 προφορᾷ

421 4633 723 4704 unicuique
757 4635 928 4692 redde
957 4638 1104 4708 quod
1134 4639 1240 4709 ipsi
1269 4643 1550 4713 competit.

496 4806 742 4876 Dijudica
794 4820 971 4862 autem
1016 4821 1299 4877 pauperem
1345 4820 1393 4866 el
1445 4814 1737 4882 inﬁrmum.
1788 4817 1864 4872 'l'e
1903 4820 2000 4874 ad-

419 4900 614 4954 hortor
661 4911 721 4955 ut
774 4912 925 4956 recte
966 4900 1183 4971 iudices
1241 4906 1625 4961 necessitatem
1677 4908 1893 4979 inopis,
1943 4919 1999 4964 et

420 4992 806 5047 necessitatem
833 4992 955 5060 ejus
978 4992 1072 5062 qui
1096 4992 1385 5049 doloribus
1408 4999 1660 5067 corporis
1684 5006 1996 5070 torquetur,

416 5092 472 5138 e‘t
503 5083 699 5137 exinde
734 5085 1035 5138 remedium
1070 5088 1213 5155 quod
1250 5088 1466 5158 utrique
1503 5091 1786 5145 convenit.

490 5172 660 5227 Vens.
706 5174 789 5229 10.
841 5175 1118 5230 Mulierem
1174 5178 1360 5247 fortem
1410 5179 1527 5249 quis
1582 5181 1796 5236 inveniet
1827 5181 1993 5238 ?Sibi

417 5265 665 5328 snciam,
723 5266 960 5319 invisum
1019 5267 1227 5323 doloris
1283 5270 1719 5336 experimentum
1782 5271 2000 5328 fortiter

414 5358 766 5421 tolerantem,
805 5365 858 5410 et
898 5357 1143 5425 jucunda
1183 5360 1461 5431 voluptate
1501 5377 1610 5415 non
1649 5365 1996 5431 vincendum,

415 5452 746 5519 sapientiam
802 5449 1102 5521 perfectam
1156 5453 1320 5508 homo
1376 5470 1502 5509 raro
1553 5449 1838 5512 assumit:
1878 5475 1998 5513 rara

410 5540 561 5595 enim
597 5550 680 5593 est
716 5550 772 5595 et
815 5541 985 5596 ardua
1025 5543 1153 5596 boni
1192 5545 1513 5614 acquisilio,
1546 5549 1765 5605 etiamsi
1800 5566 1997 5619 magna

419 5631 501 5683 vis
537 5630 730 5683 invitet
760 5639 812 5685 et
847 5633 1075 5689 alliciat.
1192 5628 1199 5635 ’

2101 4628 2261 4683 θείων
2295 4630 2589 4701 ῥημάτων
2642 4631 2738 4683 καὶ
2781 4629 3035 4683 ἀποδίδου
3084 4630 3300 4700 ἑκάστῳ
3343 4629 3411 4683 τὺ
3449 4635 3708 4704 πρόσφο-

2138 4737 2217 4775 ον.

2138 4737 2217 4775 ον.

2104 4737 2135 4791 ρ
2169 4812 2444 4881 Διάκρινε
2467 4810 2537 4865 δὲ
2570 4811 2801 4879 πένητα
2834 4813 2933 4866 καί
2977 4814 3232 4882 ἀσθενῆ.
3271 4816 3611 4885 Διακρὶνειν
3654 4819 3711 4872 δὲ

2100 4901 2281 4965 καλῶς
2314 4919 2398 4955 σοι
2426 4900 2894 4973 παρακελεύομαι,
2922 4902 3022 4973 τήν
3050 4920 3109 4955 τε
3137 4903 3231 4956 τοῦ
3263 4903 3483 4969 ἐνδεοῦς
3526 4909 3709 4975 ﬁnir-

2100 5011 2226 5065 κην,
2253 4994 2350 5047 καὶ
2380 4995 2480 5064 τὴν
2509 4992 2602 5046 τοῦ
2635 4992 2850 5057 ὀδύναις
2906 4995 3267 5064 συνεχομένου
3308 5004 3677 5067 σωματικαῖς
3696 5018 3711 5032 ·

2097 5084 2392 5139 κάντεῦθεν
2435 5084 2679 5152 πάντως,
2713 5085 2921 5140 τούτων
2974 5085 3222 5158 ἐκατέρῳ
3258 5086 3318 5139 τὸ
3341 5090 3711 5163 κατάλληλον

2100 5178 2415 5247 φάρμακον.

2172 5274 2223 5322 ι’.
2252 5265 2523 5321 Γυναῖκα
2543 5265 2826 5335 ἀνδρείαν
2858 5269 2952 5335 τίς
2985 5268 3259 5337 εὑρήσει;
3282 5269 3582 5332 Σύνοικον,
3618 5275 3716 5342 τὴν

2096 5361 2226 5422 τοὺς
2256 5359 2355 5429 μὲν
2378 5358 2500 5412 κατ’
2520 5357 2712 5431 ὀδύνην
2737 5360 3032 5424 ἀκουσίους
3054 5361 3403 5432 πειρασμοῦς
3427 5368 3719 5430 γενναίως

2101 5451 2502 5522 ὑπομένουσαν,
2536 5454 2652 5515 τοῖς
2680 5451 2738 5505 δὲ
2771 5451 2892 5506 καθ’
2923 5452 3118 5522 ἡδονὴν
3145 5454 3426 5518 ἑκουσίοις
3457 5455 3539 5527 μὴ
3578 5458 3716 5509 ὐπο-

2100 5544 2431 5608 πίπτουσαν,
2450 5542 2785 5598 τελειοποιὸν
2803 5543 3017 5612 σοφίαν,
3038 5544 3282 5606 σπανίως
3317 5544 3451 5609 νοῦς
3470 5547 3719 5611 ἀνθρώ»

2102 5655 2256 5700 πινος
2286 5638 2544 5708 κτήσεται
2571 5653 2586 5668 ο
2628 5636 2711 5688 ὅτι
2766 5636 2994 5689 σπάνιον
3032 5637 3066 5706 ὴ
3093 5635 3184 5689 τοῦ
3224 5635 3444 5704 ἀγαθοῦ
3476 5640 3710 5709 κτῆσις.

2104 5733 2198 5783 καὶ
2230 5731 2564 5799 πρὲσαντεςο
2595 5727 2697 5782 κᾶν
2732 5729 2867 5782 πολὺ
2912 5729 2972 5782 τὸ
3003 5729 3263 5799 μεθέλκον
3303 5731 3392 5802 εἴη
3430 5732 3527 5786 καί
3570 5749 3716 5805 προ-

2104 5825 2457 5896 καλούμενον.
