3950 6206
268 260 400 326 1337

1328 261 1869 322 COMMENTABII
1909 262 1987 323 IN
2026 263 2486 324 PROVERBIA.

3409 265 3546 328 1533

337 380 644 449 Τιμιωτέρα
669 378 739 432 δέ
758 377 889 432 ἐστι
918 379 1109 434 ⁶ιίθων·
1129 375 1488 431 πολυτελῶν
1515 376 1553 443 ἡ
1576 368 1841 444 τοιαύτη.

2023 378 2320 433 Pretiosror
2356 389 2529 433 autem
2573 386 2652 433 est
2697 377 2962 447 lapidibus
2987 380 3232 449 pretiosis
3266 395 3385 450 qua:
3416 377 3545 433 talis

261 469 537 541 Κρείττων
565 469 620 522 δὲ
649 470 997 538 ἀσυγκρίτως
1033 468 1254 522 πάντων
1286 468 1394 520 τῶν
1436 467 1580 519 κατὰ
1607 468 1700 520 τὸν
1729 467 1852 537 βίον

263 562 579 632 πολυτίμων
615 578 676 614 τε
700 562 796 615 καὶ
820 561 1089 632 λαμπρῶν
1120 559 1260 631 αὕτη
1290 559 1458 613 ἐστίν.

331 659 422 708 ια’.
452 651 670 720 Θαρῤεἷ
696 651 793 705 ἐπ’
820 650 976 719 αὐτῇ
1008 652 1046 719 ἠ
1093 649 1309 718 καρδία
1351 649 1458 704 τοῦ
1489 647 1711 716 ἀνδρὸς
1743 648 1852 702 αὐ-

259 744 392 812 τῆς.
424 742 662 813 Ἀφοσός
691 744 840 796 ἐστιν
879 743 937 795 ὲν
958 743 1094 814 αὐτῇ
1126 741 1222 796 τοῦ
1249 741 1426 814 ταύτῃ
1470 737 1854 810 συμϐιοτεύον⁶

258 851 351 898 τος
380 835 636 905 ἡδιάνοια
684 833 876 906 βοηθὸν
907 835 1076 903 αὐτὴν
1106 834 1467 903 κεκτημένου,
1490 831 1581 884 καὶ
1604 830 1690 882 ἐπ’
1714 829 1852 900 αὐτῇ

263 923 614 996 θαρροῦντος,
647 925 725 988 ὡς
745 924 860 978 οὔθ’
887 926 995 979 ὑπὸ
1046 925 1156 979 τῶν
1187 926 1361 995 ἡδέων
1412 922 1848 994 ἁπατηθήσεται,

261 1015 375 1070 οὔθ’
415 1016 522 1069 ὑπὸ
544 1017 654 1069 τῶν
693 1020 960 1086 ἀλγεινων
993 1018 1381 1089 ήττηθήσεται.

337 1107 429 1178 ιβ’,
475 1113 565 1175 ιγ’.
615 1109 684 1163 Ἦ
704 1110 951 1175 τοιαύτη
982 1109 1187 1164 καλῶν
1222 1112 1471 1165 σκύλων
1483 1113 1597 1166 οὐκ
1628 1110 1854 1180 ἀπορή-

260 1215 356 1252 σει
373 1215 386 1228 ο
412 1197 646 1267 ἐνεργεῖ
670 1200 781 1268 γὰρ
802 1198 883 1265 τῷ
910 1200 1086 1268 ἀνδρὶ
1110 1201 1304 1269 ἀταθά
1333 1203 1531 1255 πάντα
1562 1204 1849 1268 τόνβίον,

255 1290 608 1359 μηρυομένη
661 1293 789 1359 ἔρια
842 1292 944 1349 καί
986 1293 1184 1354 λίνον,
1219 1293 1511 1361 ἐποίησεν
1545 1295 1853 1364 εὔχρηστα

261 1381 392 1445 ταῖς
418 1382 632 1450 χερσὶν
653 1381 865 1451 αὐτῆς.
912 1383 976 1436 Ἦ
1008 1383 1231 1454 τοιαύτη
1264 1386 1323 1437 ἐν
1347 1387 1458 1447 τοῖς
1484 1385 1576 1439 τοῦ
1602 1386 1850 1439 συνοίκου

260 1471 433 1542 αὐτῆς
468 1472 611 1524 κατά
662 1473 771 1527 τῶν
820 1474 1025 1543 νοητῶν
1080 1474 1292 1545 ἐχθρῶν
1330 1476 1729 1545 ἀγωνίσμασιν,
1762 1472 1851 1531 οἷά

258 1579 421 1616 τινων
471 1563 695 1630 ἀγαθῶν
743 1564 1030 1636 λαφύρων,
1091 1567 1393 1637 εὐπορήσει
1449 1567 1562 1620 τῶν
1600 1567 1848 1637 ἀρετῶν·

260 1657 630 1722 περιποιεῖται
664 1655 774 1725 γὰρ
804 1656 1008 1720 ταύτας
1062 1655 1235 1727 αὐτῷ,
1276 1659 1334 1709 ὲν
1374 1660 1486 1720 τοῖς
1521 1658 1643 1710 κατ’
1673 1658 1852 1712 αὐτῶν

1954 456 2052 524 est.
2087 469 2283 524 Procul
2313 466 2713 525 dubio’mclior
2750 479 2836 525 est
2868 471 2986 540 ipsa
3027 472 3178 526 ontni
3211 488 3268 526 re
3298 470 3543 542 pretiosa

1954 570 2010 615 et
2045 560 2275 632 fulgenti
2320 561 2373 615 in
2414 561 2523 615 hoc
2564 561 2791 616 mundo.

2027 651 2195 709 Vens.
2234 654 2322 707 11.
2360 650 2594 721 Conﬁdit
2624 669 2781 723 super
2807 670 2925 708 eam
2961 670 3052 707 cor
3082 655 3182 709 viri
3210 654 3343 723 ejus.
3375 653 3453 711 De
3476 670 3542 711 ea
3571 706 3575 712 .

1955 762 2064 802 non
2098 747 2251 801 timet
2279 746 2500 802 animus
2534 746 2656 815 ejus
2700 747 2792 816 qui
2834 747 2970 800 vivit
3005 762 3130 801 cum
3165 762 3251 812 ea,
3283 747 3542 816 illamque

1955 840 2281 909 adiutricem
2318 839 2424 894 sibi
2468 840 2783 907 acquisivit.
2815 848 2871 893 et
2914 840 3142 894 conlidit
3189 854 3310 894 eam
3363 855 3542 909 neque

1954 932 2334 1000 voluptatibus
2362 931 2715 998 vincendam,
2745 946 2925 1001 neque
2955 932 3239 987 laboribus
3269 947 3542 1003 superan-

1953 1023 2081 1076 dam
2117 1037 2265 1077 esse.

2025 1112 2191 1168 Vens.
2227 1113 2316 1181 12,
2356 1113 2439 1167 l3.
2476 1112 2606 1178 Quae
2638 1113 2762 1166 talis
2811 1122 2890 1167 est
2935 1112 3169 1182 pulchris
3213 1112 3398 1181 spoliis
3434 1130 3539 1168 non

1953 1204 2211 1275 indigebit
2250 1223 2271 1258 :
2303 1213 2554 1273 operatur
2603 1204 2743 1257 enim
2795 1205 2907 1258 viro
2951 1204 3188 1257 ad'bana
3226 1205 3371 1257 omni
3407 1204 3551 1267 vita,"

1954 1296 2116 1365 ﬁlans
2150 1294 2306 1348 lanas
2344 1303 2395 1349 et
2436 1295 2627 1358 linum,
2671 1296 2795 1364 fecit
2828 1294 2968 1364 quod
3016 1295 3147 1349 utile
3179 1305 3258 1350 est
3295 1294 3539 1355 manibus

1954 1386 2089 1441 suis.
2126 1385 2256 1452 Quae
2286 1386 2416 1440 talis
2445 1392 2528 1440 est
2563 1385 2705 1439 inter
2735 1400 2950 1456 pugnas
2978 1386 3177 1439 animae
3209 1400 3334 1438 cum
3360 1383 3540 1453 spiri-

1957 1479 2198 1532 tualibus
2245 1477 2514 1539 inimicis,
2545 1476 2845 1531 virtutibus
2894 1476 3053 1544 quasi
3097 1477 3290 1543 spoliis
3334 1476 3540 1545 opimis

1954 1569 2280 1627 abundabit.
2333 1568 2464 1620 Illas
2509 1568 2659 1621 enim
2698 1568 2747 1621 ei
2791 1575 3063 1636 praeparat
3091 1568 3144 1620 in
3186 1567 3446 1635 trophaeis
3476 1570 3542 1621 de

1956 1658 2201 1713 inimicis
2250 1656 2492 1722 erectis;
2537 1671 2635 1725 per
2680 1664 2855 1711 totam
2894 1664 3221 1726 praesentem
3254 1658 3423 1711 vitam
3464 1656 3543 1709 la-

258 1743 543 1811 τροπαίοις
564 1760 579 1776 ο
612 1745 745 1815 παρ’
773 1745 903 1814 ὃλην
927 1762 987 1798 τε
1033 1748 1134 1816 τὴν
1174 1745 1458 1817 παροῦσαν
1507 1746 1653 1817 ζωὴν
1683 1748 1853 1818 ἐργα-

1966 1749 2213 1803 boriosos
2246 1755 2301 1802 et
2332 1746 2569 1800 eximios
2611 1761 2793 1802 mores
2847 1746 3153 1801 secundum
3198 1744 3365 1800 Deum
3408 1760 3543 1814 ope-

261 1832 464 1905 ζομένη
485 1836 546 1888 τό
571 1852 632 1890 τε
666 1836 824 1908 δίκην
862 1837 1068 1908 μαλλοῦ
1098 1839 1272 1910 τραχὺ
1299 1839 1410 1893 τῶν
1432 1839 1710 1910 διαφόρων
1733 1841 1853 1893 ἐπιο

262 1924 617 1996 τηδευμάτων
644 1926 742 1982 τοῦ
793 1929 936 1983 κατά
976 1929 1110 1984 Θεὸν
1142 1930 1283 2001 βίου,
1322 1930 1414 1985 καὶ
1454 1931 1556 2003 τὴν
1586 1927 1675 1984 οἷα
1709 1930 1854 1985 λίνον

260 2013 666 2090 λεπτυνομένην
699 2020 758 2072 ὲν
790 2020 1064 2090 πνεύματι
1109 2024 1189 2084 εἰς
1234 2021 1304 2074 τά
1354 2022 1606 2091 νοήματα
1659 2021 1770 2074 τῶν
1794 2024 1854 2074 ὲν

259 2107 374 2168 τοῖς
397 2106 520 2160 οὖσι
547 2108 722 2176 λόγων
753 2111 993 2182 φυσικὴν
1039 2111 1277 2183 Θεωρίαν
1317 2113 1521 2176 αὐτῶν,
1574 2113 1866 2181 ξχρήσατο·

260 2194 470 2262 τούτοις
501 2198 752 2265 δεόντως,
786 2203 907 2264 ταῖς
944 2200 1156 2256 ἑαυτῶν
1185 2201 1311 2255 κατ’
1338 2202 1542 2273 ἀρετὴν
1584 2204 1681 2256 καὶ
1708 2202 1853 2271 γνῶ-

262 2299 347 2337 σιν
368 2286 693 2355 ἐνεργείαις,
727 2288 810 2351 είς
841 2287 1073 2356 ἕκφασιν
1104 2290 1337 2361 πάντως,
1363 2289 1462 2343 τοῦ
1491 2291 1728 2360 ἀγαθοῦ,
1761 2293 1855 2346 καὶ

262 2375 571 2446 κατάληψιν
605 2378 705 2447 τῆς
718 2378 1022 2450 ἀληθείας.

332 2467 417 2521 ιδ’.
462 2467 728 2538 Ἐγένετο
754 2469 901 2523 ὡσεὶ
942 2468 1095 2535 ναῦς
1141 2470 1594 2540 ἐμπορευομένη
1629 2472 1857 2540 μακρό-

264 2562 389 2615 θεν.
426 2557 710 2632 ,Ὠμοιώθη
741 2560 831 2632 νηῒ
856 2561 952 2615 τοῦ
978 2561 1097 2631 βίου
1137 2561 1240 2633 τὴν
1266 2561 1545 2617 θάλασσαν
1566 2562 1856 2618 διαπλέου-

266 2666 357 2716 σα,
397 2651 492 2703 καὶ
536 2651 1042 2722 πραγματευομένη
1082 2652 1140 2705 ἐν
1185 2651 1264 2722 τῷ
1310 2653 1540 2724 παρόντι
1582 2656 1681 2724 τῆς
1722 2669 1859 2707 παν-

265 2740 515 2811 ηγύρεως
539 2740 739 2812 καιρῷ,
757 2741 826 2796 τὰ
848 2744 963 2807 τοῖς
986 2743 1218 2807 δικαίοις
1248 2742 1391 2798 κατά
1412 2744 1476 2797 τὸ
1500 2744 1695 2816 μέλλον
1720 2745 1860 2799 ἀπο-

268 2831 495 2902 κείμενα
528 2832 731 2900 ἀγαθά.

341 2929 422 2978 ιε’.
452 2922 708 3019 Σσνὰτει
744 2923 830 3019 .65“
843 2925 1006 3019 αὕτη
1182 2927 1349 2993 βίον,
1393 2926 1501 3019 καί
1538 2927 1856 3019 ἀνίσταται
1882 2960 1925 3019 C

265 3013 334 3068 ἐκ
357 3013 597 3068 νυκτῶν
614 3031 629 3046 ο
661 3013 761 3068 καί
798 3014 986 3070 ἔδωκε
1008 3017 1297 3087 βρώματα
1318 3016 1445 3082 τοῖς
1474 3016 1545 3071 ἐν
1576 3014 1658 3081 τῷ
1689 3017 1852 3083 οῑκῳ,

267 3104 367 3158 καί
393 3105 538 3174 ἔργα
562 3104 693 3170 ταῖς
721 3108 1132 3175 θεραπαίναις.
1182 3109 1439 3177 Συλλέγει
1467 3109 1525 3162 δὲ
1553 3110 1587 3179 ἡ
1633 3108 1855 3179 τοιαύτη

267 3195 411 3249 κατά
453 3195 580 3249 νοῦν
614 3197 707 3252 τὸν
754 3200 1128 3268 πνευματικὸν
1180 3199 1414 3254 πλοῦτον
1463 3200 1563 3271 τῆς
1600 3199 1857 3266 γνώσεως

268 3285 362 3338 τοῦ
415 3287 648 3356 Ποιητοῦ
676 3290 740 3342 ὲκ
772 3288 881 3342 τῶν
908 3291 1231 3361 ποιημάτων
1252 3288 1421 3344 αὐτοῦ
1440 3307 1453 3321 ·
1483 3290 1735 3359 καὶπρὸς
1766 3287 1860 3342 τὸν

267 3372 435 3429 πόθον
454 3378 644 3432 τούτου
678 3380 742 3433 ἐκ
765 3379 876 3434 τῶν
906 3382 1036 3450 περὶ
1067 3381 1245 3437 ταῦτα
1276 3382 1557 3453 ἐγείρεται
1593 3382 1856 3452 σχέσεων,

267 3461 358 3525 αἷς
385 3468 461 3532 ὡς
486 3470 544 3522 έν
577 3467 726 3534 νυξίν
753 3470 1016 3523 ἐκάθευδε
1036 3488 1049 3501 ·
1082 3472 1180 3525 τοῦ
1206 3472 1327 3536 νοὸς
1366 3474 1507 3544 μήτε
1533 3474 1858 3543 κινουμένου

268 3558 409 3629 πρὸς
461 3558 688 3628 γνῶσιν,
745 3561 885 3630 μήτε
920 3561 1272 3631 ἐνεργοῦντος
1322 3564 1423 3627 τάς
1481 3564 1724 3634 ἀρετόις⁸
1765 3562 1863 3616 καὶ

269 3647 413 3702 οὕτω
444 3650 580 3717 πρὸς
606 3649 700 3701 τὸν
730 3651 876 3703 θεῖον
896 3650 1244 3719 διεγερθεῖσα
1275 3650 1461 3715 πόθον,
1508 3652 1755 3723 παρέσχε
1784 3651 1862 3722 τῷ

273 3739 372 3809 μὲν
401 3740 703 3811 οἱκητηρίῳ
732 3741 935 3812 ἑαυτῆς
981 3740 1084 3806 νοτ,
1128 3742 1339 3814 τροφὰς
1374 3742 1645 3814 διαφόρων
1698 3760 1864 3799 πνευ-

274 3829 521 3900 ματικῶν
548 3829 926 3901 θεωρημάτων
964 3831 1059 3886 τοῦ
1112 3831 1291 3902 ψυχάς
1330 3832 1684 3907 στηρίζοντος
1710 3833 1861 3887 θείου

271 3920 445 3987 Λόγου
471 3936 488 3952 ο
516 3924 637 3985 ταῖς
668 3921 727 3974 δὲ
755 3921 1136 3987 διακονούσαις
1164 3923 1245 3993 τῷ
1271 3923 1418 3994 λόγῳ
1442 3923 1758 3994 δυνάμεσιν,
1774 3917 1865 3979 οἷα

273 4012 615 4066 ὲπιπειθέσιν
671 4013 845 4085 αὐτῷ,
885 4016 951 4085 τῇ
990 4030 1050 4066 τε
1103 4012 1377 4084 ἐπιθυμίᾳ
1429 4014 1526 4067 καὶ
1555 4013 1636 4084 τῷ
1678 4013 1859 4085 θυμῷ,

272 4103 373 4164 τὰς
406 4104 671 4175 ἐργασίας
704 4103 816 4157 τῶν
853 4103 947 4159 τοῦ
1004 4104 1142 4158 Θεοῦ
1192 4104 1461 4159 ἐντολῶνσ
1493 4104 1570 4169 ὡς
1621 4105 1862 4158 πείσασα

1955 1849 2146 1901 ratur,
2191 1846 2250 1892 ut
2312 1838 2517 1901 vellus,
2548 1847 2715 1907 atque
2774 1838 2890 1891 lino
2932 1838 3276 1892 subtiliorem
3312 1836 3543 1890 medita-

1953 1932 2160 2005 tionem
2204 1936 2259 1984 et
2302 1929 2829 1998 contemplationem
2878 1929 2933 1982 in
2972 1928 3169 1996 spiritu
3206 1935 3415 1980 natura:
3454 1940 3544 1981 re-

1952 2036 2130 2075 rum:
2175 2034 2272 2086 per
2330 2019 2447 2073 haec
2503 2019 2725 2083 omnia,
2784 2018 2842 2071 in
2900 2017 3165 2082 exercitio
3217 2017 3436 2071 virtutis
3486 2024 3543 2070 et

1954 2111 2225 2175 scientiae,
2258 2110 2325 2163 ad
2363 2110 2563 2164 bonum
2614 2107 2931 2164 faciendum
2980 2106 3115 2163 facit
3155 2118 3211 2163 et
3257 2110 3541 2163 veritatem

1953 2201 2366 2273 intelligendam
2403 2199 2781 2270 progreditur.

2031 2465 2197 2522 Vens.
2231 2466 2320 2523 Η.
2358 2465 2531 2523 Facta
2574 2478 2651 2523 est
2700 2477 2951 2538 tanquam
2989 2468 3139 2522 navis
3187 2475 3541 2521 mercaturam

1957 2572 2206 2612 exercens
2267 2557 2332 2612 de
2388 2559 2566 2629 longe.
2622 2558 2789 2613 Facta
2838 2568 2922 2613 est
2966 2559 3169 2615 similis
3223 2559 3373 2621 navi,
3414 2572 3541 2613 eum

1958 2665 2116 2707 mare
2160 2650 2329 2721 hujus
2373 2653 2499 2707 vita:
2543 2652 2846 2722 percurrit,
2883 2661 3049 2722 atque
3085 2662 3331 2721 tempore
3375 2649 3543 2707 festo-

1958 2758 2082 2799 rum
2113 2743 2258 2800 bona
2302 2744 2486 2814 iustos
2514 2746 2568 2799 in
2601 2745 2845 2799 futurum
2875 2745 3147 2799 manentia
3173 2751 3469 2799 mercatur.

1972 2917 1979 2924 ’
2033 2920 2200 2978 Vens.
2238 2922 2326 2977 15.
2362 2921 2661 2992 Congregat
2687 2929 2862 2976 autem
2890 2919 3001 2975 ha’c
3029 2922 3207 2985 vitam,
3231 2928 3281 2975 et
3309 2918 3542 2972 surrexit

1957 3014 2022 3068 de
2044 3015 2307 3081 noctibus,
2321 3028 2371 3068 et
2386 3014 2530 3069 dedit
2557 3030 2705 3069 escas
2724 3012 3023 3068 domesticis
3037 3022 3086 3067 et
3109 3028 3268 3081 opera
3302 3010 3537 3065 ancillis.

1959 3102 2084 3157 llrec
2134 3103 2457 3171 spirituales
2515 3103 2741 3159 divitias
2803 3103 2860 3157 in
2914 3110 3157 3157 mentem
3218 3105 3540 3171 congregat.

1956 3206 2156 3261 nempe
2179 3192 2500 3246 Creatorem
2543 3206 2611 3247 ex
2650 3192 2916 3261 operibus
2944 3190 3066 3261 ejus
3105 3190 3411 3260 cognoscit,
3444 3204 3541 3244 ex-

1957 3282 2163 3335 citatur
2194 3282 2261 3334 ad
2294 3281 2452 3336 illum
2484 3281 2935 3346 desiderandum,
2969 3281 3163 3336 relicto
3193 3295 3384 3335 eorum
3411 3294 3543 3349 ope-

1959 3390 2081 3428 rum
2112 3389 2305 3429 amore
2335 3374 2389 3428 in
2418 3389 2548 3443 quo,
2577 3374 2726 3429 velut
2758 3375 2813 3428 in
2847 3383 3029 3438 nocte,
3059 3372 3385 3437 dormiebat,
3415 3386 3542 3426 cum

1959 3465 2279 3520 intellectus
2327 3481 2508 3534 neque
2554 3466 2846 3522 scientiam
2879 3465 3182 3529 aﬂ'ectaret,
3217 3478 3395 3533 neque
3434 3463 3540 3518 vir-

1961 3561 2130 3606 tutem
2171 3553 2456 3623 excitaret.
2481 3554 2645 3609 Nunc
2684 3563 2866 3609 autem
2895 3554 2964 3608 ad
2997 3569 3241 3610 amorem
3279 3554 3370 3610 Dei
3396 3555 3544 3609 exci-

1961 3649 2074 3693 tata
2132 3641 2473 3696 intellectum
2521 3641 2578 3696 in
2630 3657 2742 3712 quo
2791 3642 3006 3696 habitat
3038 3643 3368 3712 quibusdam
3416 3643 3545 3697 altis

1961 3738 2017 3787 et
2047 3732 2434 3802 spiritualibus
2459 3732 2892 3804 cogitationibus
2921 3748 2951 3788 a
2984 3731 3079 3789 Dei
3106 3734 3274 3788 verbo
3303 3733 3543 3788 animam

1962 3822 2216 3880 ﬁrmante
2263 3825 2590 3896 inspiratis,
2661 3826 2873 3893 nutrit,
2915 3832 2971 3881 et
3018 3824 3378 3880 lacultatibus
3418 3839 3544 3893 quae

1963 3929 2120 3970 more
2162 3916 2494 3973 ancillarum
2546 3917 2748 3973 rationi
2799 3916 3091 3981 obediunt,
3138 3916 3539 3986 concupiscen-

1963 4007 2053 4064 tiae
2109 4008 2332 4065 scilicet
2389 4016 2446 4064 et
2500 4009 2632 4074 ire,
2692 4008 2891 4077 suadet
2934 4016 2996 4064 ut
3039 4008 3226 4064 divina
3271 4019 3542 4079 praecepta

1964 4100 2306 4169 observent;
2348 4101 2815 4172 concupiscentiae
2876 4101 3097 4172 quidem
3136 4140 3155 4167 ,
3186 4110 3247 4155 ut
3304 4114 3370 4155 ea
3421 4115 3544 4170 quae

274 4191 370 4259 τὴν
402 4192 502 4262 μὲν
542 4190 860 4263 ἐπιθυμίαν,
891 4189 1185 4262 ὀρέγεσθαι
1229 4189 1339 4245 τῶν
1385 4190 1472 4259 ἐφ’
1513 4188 1660 4261 ᾶπερ
1698 4183 1857 4244 αὗται

1966 4193 2361 4277 ρτωοίρίυιιιιιιι
2391 4194 2667 4266 requirat;
2702 4194 2798 4251 ira:
2829 4206 3036 4262 autem,
3073 4202 3135 4249 ut
3165 4207 3230 4250 ea
3254 4193 3388 4249 vitet
3420 4208 3544 4264 qua

276 4283 649 4355 προτρέπουσι
675 4299 690 4315 ⁸
734 4285 827 4337 τὸν
859 4284 917 4337 δὲ
948 4283 1141 4354 θυμὸν,
1185 4281 1632 4353 ἀποστρέφεσθαι
1659 4280 1728 4335 τά
1766 4278 1859 4349 ἀφ’

274 4366 349 4427 ὧν
374 4374 766 4445 ἀποτρέπουσι.
1478 4362 1479 4365 η

352 4471 447 4529 ις’.
481 4464 848 4532 Θεωρήσασα
898 4461 1183 4533 γεώργιον
1209 4502 1224 4527 ,
1287 4461 1535 4531 ἐπρίατο
1557 4476 1570 4491 ·
1613 4460 1736 4523 ἀπὸ
1792 4459 1861 4514 δὲ

275 4555 522 4625 καρπῶν
549 4552 763 4625 χειρῶν
788 4554 997 4623 αὐτῆς,
1040 4555 1455 4625 κατεφύτευσε
1487 4552 1705 4623 κτῆμα.
1741 4553 1860 4607 Κα-

273 4649 588 4718 τανοήσασα
622 4644 942 4714 γνωστικῶς
989 4645 1083 4700 τὸν
1133 4647 1193 4700 ὲν
1220 4645 1319 4717 ὅλῃ
1371 4647 1440 4716 τῇ
1480 4643 1645 4714 φύσει
1671 4643 1766 4697 καὶ
1792 4644 1860 4713 τῇ

278 4740 472 4811 Γραφῇ
498 4735 919 4809 γεωργούμενον
945 4735 1089 4790 θεῖον
1122 4737 1319 4807 Λόγον,
1364 4737 1635 4808 ἐκτήσατο
1670 4736 1860 4791 τοῦτον

274 4830 397 4885 καθ’
430 4829 547 4895 ἕξιν
569 4846 585 4861 ο
619 4830 721 4899 τὴν
741 4827 883 4882 κατά
910 4827 1093 4898 ψυχὴν
1122 4828 1387 4894 διάθεσιν,
1428 4826 1506 4892 ῶς
1537 4845 1663 4883 τινα
1691 4843 1860 4881 κατα·-

274 4919 578 4992 6αλλομένη
604 4919 854 4990 δραχμήν
872 4934 885 4948 ⁸
915 4918 1008 4988 ἀφ’
1040 4912 1116 4973 ὧν
1146 4918 1203 4971 δὲ
1228 4918 1446 4990 τρόπων
1471 4917 1858 4989 καρποφοροῦ-

276 5030 360 5066 σιν
390 5013 449 5066 al
476 5010 626 5082 παρά
651 5009 854 5079 ταύτης
875 5008 1198 5078 κινούμεναι
1231 5009 1537 5080 πρακτικαὶ
1558 5010 1656 5079 τῆς
1679 5010 1859 5082 ψυχῆς

273 5104 553 5174 δυνάμεις,
583 5103 660 5167 ὡς
688 5104 857 5174 ἀγρόν
890 5117 1013 5156 τινα
1033 5100 1407 5172 κατεφύτευσε
1429 5101 1491 5155 τὸ
1517 5103 1765 5172 σαρκίον,
1789 5104 1856 5174 τῇ

274 5195 514 5266 δναρέτῳ
538 5194 805 5265 πολιτείᾳ.

343 5287 432 5353 ιζ’,
464 5286 555 5358 ιη’.
605 5283 1055 5355 Ἀναζωσαμένη
1079 5281 1345 5354 ίσχυρῶς
1368 5283 1484 5352 τὴν
1515 5283 1719 5354 ὀσφὺν
1744 5286 1854 5338 αὺ-

273 5376 407 5447 τῆς,
430 5377 635 5452 ἤρεισε
658 5378 802 5445 τοὺς
829 5378 1166 5446 βραχίονας
1196 5376 1390 5445 αὐτῆς
1409 5379 1500 5443 εις
1526 5378 1733 5446 ἔργον
1758 5377 1857 5432 καὶ

273 5471 586 5542 ἐγεύσατο,
616 5472 707 5525 ὅτι
743 5471 938 5526 καλόν
958 5472 1091 5526 ἐστι
1122 5470 1190 5531 τὸ
1220 5469 1587 5541 ἐργάζεσθαι,
1619 5470 1718 5524 καί
1745 5472 1855 5523 οὐκ

272 5564 721 5618 ἀποσϐέννυται
758 5567 790 5618 ὀ
828 5566 1060 5632 λύχνος
1083 5560 1276 5630 αὐτῆς
1314 5561 1468 5628 ὅλην
1497 5562 1610 5629 τὴν
1639 5563 1847 5616 νύκτα.

286 5655 676 5712 ’Λναστείλασα
707 5638 1001 5727 σωφρόνως
1024 5655 1122 5727 τὴν
1148 5654 1444 5725 ἐπιθυμίαν
1466 5654 1573 5713 ἀπὸ
1611 5654 1707 5724 τῆς
1741 5653 1851 5707 τῶν

1964 4272 2241 4340 vetantur.

2040 4462 2204 4521 Vens.
2240 4464 2330 4520 l6.
2361 4463 2716 4521 Consideraus
2761 4482 2951 4537 agrum
2993 4466 3142 4530 emit,
3175 4474 3227 4520 et
3259 4464 3323 4520 de
3352 4464 3545 4535 fructi-

1966 4554 2062 4610 bus
2100 4571 2358 4610 manuatus
2389 4571 2610 4610 suarum
2649 4557 2913 4625 plantavit
2948 4555 3347 4624 possessionem.
3383 4553 3545 4608 Post-

1963 4662 2127 4719 quam
2147 4654 2330 4703 mente
2343 4647 2719 4703 consideravit
2739 4650 2965 4704 verbum
2987 4647 3080 4701 Dci
3100 4647 3156 4700 in
3179 4648 3327 4700 omni
3346 4654 3545 4700 natura

1962 4747 2019 4795 et
2051 4738 2341 4809 Scriptura
2380 4754 2727 4809 expressum,
2759 4738 2894 4794 illud
2941 4740 2995 4792 in
3038 4738 3204 4792 vitam
3229 4779 3246 4803 ,
3280 4739 3407 4792 data
3445 4753 3547 4808 pro

1964 4828 2144 4899 pretio
2189 4828 2403 4884 mentis
2442 4827 2830 4899 disposttione.
2866 4826 3173 4881 transtulit.
3222 4827 3287 4879 Et
3340 4841 3546 4894 mores,

1963 4936 2058 4977 seu
2111 4920 2236 4976 vita:
2289 4920 2640 4976 sanctitatem
2693 4918 2909 4973 fructus
2946 4917 3211 4973 ferentem
3253 4917 3303 4971 vi
3351 4926 3542 4984 poten-

1963 5013 2167 5067 tiarum
2186 5013 2489 5067 activarum
2520 5012 2741 5077 animae,
2764 5009 3031 5082 plantavit
3051 5010 3106 5064 in
3118 5023 3370 5079 corpore,
3386 5008 3543 5080 quasi

1963 5119 2018 5157 in
2052 5118 2202 5175 agro.

2038 5284 2200 5341 Vens.
2239 5286 2443 5350 17,18.
2490 5285 2789 5342 Prtecincta
2836 5286 3049 5356 fortiter
3078 5286 3315 5340 lumbum
3358 5298 3535 5346 suum,

1960 5380 2195 5448 [irritavit
2236 5379 2457 5433 brachia
2490 5397 2592 5435 sua
2627 5381 2695 5433 ad
2727 5395 2878 5448 opus.
2917 5377 2985 5433 Et
3019 5378 3247 5450 gustavit
3286 5376 3409 5440 quia
3442 5373 3539 5428 bo-

1961 5485 2085 5539 num
2126 5477 2203 5523 est
2252 5472 2485 5538 operari,
2514 5479 2566 5524 et
2615 5486 2719 5525 non
2759 5471 3119 5540 exstinguitur
3163 5468 3378 5520 lucerna
3422 5463 3538 5532 ejus

1960 5569 2126 5613 totam
2172 5568 2398 5614 noctem.
2444 5557 2744 5629 Postquam
2785 5558 3025 5615 elevavit
3063 5556 3342 5625 sapienter
3380 5555 3539 5624 cupi-

1958 5650 2187 5705 ditatem
2222 5666 2288 5706 ex
2333 5646 2522 5709 amore
2561 5652 2968 5722 temporalium,
3002 5658 3058 5704 ct
3094 5648 3245 5703 tllam
3290 5644 3359 5701 ad
3399 5645 3538 5703 irata
