  <div class='ocr_page' id='page_1' title='image "/cluster/home/n/w/nwhite01/storage/ocr_20150623/87:1/hvd.32044073502353/776.png"; bbox 0 0 3904 6200; ppageno 0'>
   <div class='ocr_carea' id='block_1_1' title="bbox 330 259 466 328">
    <p class='ocr_par' dir='ltr' id='par_1_1' title="bbox 330 259 466 328">
     <span class='ocr_line' id='line_1_1' title="bbox 330 259 466 328; baseline -0.044 -1"><span class='ocrx_word' id='word_1_1' title='bbox 330 259 466 328; x_wconf 70' lang='grc'><strong>1541</strong></span> 
     </span>
    </p>
   </div>
   <div class='ocr_carea' id='block_1_2' title="bbox 1369 259 2532 328">
    <p class='ocr_par' dir='ltr' id='par_1_2' title="bbox 1369 259 2532 328">
     <span class='ocr_line' id='line_1_2' title="bbox 1369 259 2532 328; baseline 0.006 -7"><span class='ocrx_word' id='word_1_2' title='bbox 1369 259 1904 321; x_wconf 76' lang='lat' dir='ltr'><strong>COMMENTARII</strong></span> <span class='ocrx_word' id='word_1_3' title='bbox 1949 259 2030 320; x_wconf 81' lang='grc' dir='ltr'>ΙΝ</span> <span class='ocrx_word' id='word_1_4' title='bbox 2074 261 2532 328; x_wconf 72' lang='lat' dir='ltr'><strong>PROVERBIA.</strong></span> 
     </span>
    </p>
   </div>
   <div class='ocr_carea' id='block_1_3' title="bbox 3450 293 3588 354">
    <p class='ocr_par' dir='ltr' id='par_1_3' title="bbox 3450 293 3588 354">
     <span class='ocr_line' id='line_1_3' title="bbox 3450 293 3588 354; baseline 0.036 -5"><span class='ocrx_word' id='word_1_5' title='bbox 3450 293 3588 354; x_wconf 70' lang='grc'>1542</span> 
     </span>
    </p>
   </div>
   <div class='ocr_carea' id='block_1_4' title="bbox 313 367 1879 454">
    <p class='ocr_par' dir='ltr' id='par_1_4' title="bbox 313 367 1879 440">
     <span class='ocr_line' id='line_1_4' title="bbox 313 367 1879 440; baseline -0.003 -16"><span class='ocrx_word' id='word_1_6' title='bbox 313 371 500 438; x_wconf 69' lang='grc' dir='ltr'><strong>αὐτῆ(</strong></span> <span class='ocrx_word' id='word_1_7' title='bbox 541 371 725 440; x_wconf 66' lang='grc' dir='ltr'><strong>ἡνίκα</strong></span> <span class='ocrx_word' id='word_1_8' title='bbox 773 371 850 424; x_wconf 76' lang='grc' dir='ltr'><strong>ἂν</strong></span> <span class='ocrx_word' id='word_1_9' title='bbox 901 373 1126 440; x_wconf 72' lang='grc' dir='ltr'><strong>καθίσῃ</strong></span> <span class='ocrx_word' id='word_1_10' title='bbox 1168 371 1238 426; x_wconf 74' lang='grc' dir='ltr'><strong>ἐν</strong></span> <span class='ocrx_word' id='word_1_11' title='bbox 1272 371 1568 439; x_wconf 77' lang='grc' dir='ltr'><strong>συνεδρίῳ</strong></span> <span class='ocrx_word' id='word_1_12' title='bbox 1603 372 1754 440; x_wconf 82' lang='grc' dir='ltr'><strong>μετὰ</strong></span> <span class='ocrx_word' id='word_1_13' title='bbox 1791 367 1879 422; x_wconf 60' lang='grc' dir='ltr'><strong>τῶι</strong></span> 
     </span>
    </p>
   </div>
   <div class='ocr_carea' id='block_1_5' title="bbox 1989 367 3600 454">
    <p class='ocr_par' dir='ltr' id='par_1_5' title="bbox 2016 373 3600 454">
     <span class='ocr_line' id='line_1_5' title="bbox 2016 373 3600 454; baseline 0.02 -35"><span class='ocrx_word' id='word_1_14' title='bbox 2016 373 2430 445; x_wconf 74' lang='lat' dir='ltr'><strong>quandoeunque</strong></span> <span class='ocrx_word' id='word_1_15' title='bbox 2471 379 2663 432; x_wconf 70' lang='lat' dir='ltr'><strong>sederit</strong></span> <span class='ocrx_word' id='word_1_16' title='bbox 2707 381 2759 432; x_wconf 86' lang='lat' dir='ltr'><strong>in</strong></span> <span class='ocrx_word' id='word_1_17' title='bbox 2793 399 3064 454; x_wconf 78' lang='lat' dir='ltr'><strong>consessu,</strong></span> <span class='ocrx_word' id='word_1_18' title='bbox 3108 403 3230 444; x_wconf 79' lang='lat' dir='ltr'><strong>cum</strong></span> <span class='ocrx_word' id='word_1_19' title='bbox 3261 392 3468 448; x_wconf 83' lang='lat' dir='ltr'><strong>senibus</strong></span> <span class='ocrx_word' id='word_1_20' title='bbox 3497 395 3600 450; x_wconf 76' lang='lat' dir='ltr'><strong>Ita-</strong></span> 
     </span>
    </p>
   </div>
   <div class='ocr_carea' id='block_1_6' title="bbox 313 461 1903 534">
    <p class='ocr_par' dir='ltr' id='par_1_6' title="bbox 313 461 1903 534">
     <span class='ocr_line' id='line_1_6' title="bbox 313 461 1903 534; baseline -0.002 -20"><span class='ocrx_word' id='word_1_21' title='bbox 313 465 611 532; x_wconf 73' lang='grc' dir='ltr'><strong>τερόντων</strong></span> <span class='ocrx_word' id='word_1_22' title='bbox 635 464 934 522; x_wconf 77' lang='grc' dir='ltr'><strong>κατοίκων</strong></span> <span class='ocrx_word' id='word_1_23' title='bbox 959 463 1069 532; x_wconf 80' lang='grc' dir='ltr'><strong>τῆς</strong></span> <span class='ocrx_word' id='word_1_24' title='bbox 1091 462 1222 534; x_wconf 68' lang='grc' dir='ltr'><strong>γῆς.</strong></span> <span class='ocrx_word' id='word_1_25' title='bbox 1267 463 1584 531; x_wconf 80' lang='grc' dir='ltr'><strong>Περιφανὴς</strong></span> <span class='ocrx_word' id='word_1_26' title='bbox 1611 463 1667 514; x_wconf 79' lang='grc' dir='ltr'><strong>δὲ</strong></span> <span class='ocrx_word' id='word_1_27' title='bbox 1695 461 1903 530; x_wconf 86' lang='grc' dir='ltr'><strong>γίνεται</strong></span> 
     </span>
    </p>
   </div>
   <div class='ocr_carea' id='block_1_7' title="bbox 309 552 1905 624">
    <p class='ocr_par' dir='ltr' id='par_1_7' title="bbox 309 552 1905 624">
     <span class='ocr_line' id='line_1_7' title="bbox 309 552 1905 624; baseline -0.001 -20"><span class='ocrx_word' id='word_1_28' title='bbox 309 553 342 604; x_wconf 84' lang='grc' dir='ltr'>ὁ</span> <span class='ocrx_word' id='word_1_29' title='bbox 374 553 548 624; x_wconf 72' lang='grc' dir='ltr'><strong>ταύτῃ</strong></span> <span class='ocrx_word' id='word_1_30' title='bbox 577 553 846 606; x_wconf 83' lang='grc' dir='ltr'><strong>συνοικῶν</strong></span> <span class='ocrx_word' id='word_1_31' title='bbox 873 553 996 618; x_wconf 91' lang='grc' dir='ltr'><strong>νοῦς</strong></span> <span class='ocrx_word' id='word_1_32' title='bbox 1017 595 1032 618; x_wconf 91' lang='grc'><strong>,</strong></span> <span class='ocrx_word' id='word_1_33' title='bbox 1065 556 1124 608; x_wconf 84' lang='grc' dir='ltr'><strong>ἐν</strong></span> <span class='ocrx_word' id='word_1_34' title='bbox 1163 558 1285 617; x_wconf 85' lang='grc' dir='ltr'><strong>ταῖς</strong></span> <span class='ocrx_word' id='word_1_35' title='bbox 1315 552 1392 616; x_wconf 82' lang='grc' dir='ltr'><strong>ὣς</strong></span> <span class='ocrx_word' id='word_1_36' title='bbox 1426 570 1536 606; x_wconf 88' lang='grc' dir='ltr'><strong>τισι</strong></span> <span class='ocrx_word' id='word_1_37' title='bbox 1567 553 1762 614; x_wconf 81' lang='grc' dir='ltr'>πύλαις</span> <span class='ocrx_word' id='word_1_38' title='bbox 1793 552 1905 604; x_wconf 77' lang='grc' dir='ltr'><strong>εἰσ-</strong></span> 
     </span>
    </p>
   </div>
   <div class='ocr_carea' id='block_1_8' title="bbox 307 641 1906 717">
    <p class='ocr_par' dir='ltr' id='par_1_8' title="bbox 307 641 1906 717">
     <span class='ocr_line' id='line_1_8' title="bbox 307 641 1906 717; baseline -0.001 -21"><span class='ocrx_word' id='word_1_39' title='bbox 307 647 550 712; x_wconf 85' lang='grc' dir='ltr'><strong>αγωγοίς</strong></span> <span class='ocrx_word' id='word_1_40' title='bbox 579 648 676 714; x_wconf 81' lang='grc' dir='ltr'><strong>τῆς</strong></span> <span class='ocrx_word' id='word_1_41' title='bbox 707 646 816 698; x_wconf 83' lang='grc' dir='ltr'><strong>τῶν</strong></span> <span class='ocrx_word' id='word_1_42' title='bbox 847 645 1060 717; x_wconf 81' lang='grc' dir='ltr'><strong>ὁρατῶν</strong></span> <span class='ocrx_word' id='word_1_43' title='bbox 1083 644 1386 714; x_wconf 74' lang='grc' dir='ltr'><strong>φαντασίας</strong></span> <span class='ocrx_word' id='word_1_44' title='bbox 1412 643 1754 716; x_wconf 72' lang='grc' dir='ltr'><strong>αἰσθήσεσιν,</strong></span> <span class='ocrx_word' id='word_1_45' title='bbox 1779 641 1906 696; x_wconf 67' lang='grc' dir='ltr'><strong>ὀπός</strong></span> 
     </span>
    </p>
   </div>
   <div class='ocr_carea' id='block_1_9' title="bbox 307 731 1904 810">
    <p class='ocr_par' dir='ltr' id='par_1_9' title="bbox 307 731 1904 810">
     <span class='ocr_line' id='line_1_9' title="bbox 307 731 1904 810; baseline 0.011 -24"><span class='ocrx_word' id='word_1_46' title='bbox 307 751 410 788; x_wconf 88' lang='grc' dir='ltr'><strong>ταν</strong></span> <span class='ocrx_word' id='word_1_47' title='bbox 459 735 590 804; x_wconf 77' lang='grc' dir='ltr'><strong>περὶ</strong></span> <span class='ocrx_word' id='word_1_48' title='bbox 636 735 842 800; x_wconf 78' lang='grc' dir='ltr'><strong>ταύτας</strong></span> <span class='ocrx_word' id='word_1_49' title='bbox 880 736 1208 809; x_wconf 76' lang='grc' dir='ltr'><strong>συνεδριάσῃ</strong></span> <span class='ocrx_word' id='word_1_50' title='bbox 1253 739 1321 810; x_wconf 85' lang='grc' dir='ltr'><strong>τῇ</strong></span> <span class='ocrx_word' id='word_1_51' title='bbox 1361 736 1630 808; x_wconf 75' lang='grc' dir='ltr'><strong>ἐπιθυμίᾳ</strong></span> <span class='ocrx_word' id='word_1_52' title='bbox 1677 735 1772 788; x_wconf 73' lang='grc' dir='ltr'><strong>καὶ</strong></span> <span class='ocrx_word' id='word_1_53' title='bbox 1825 731 1904 803; x_wconf 70' lang='grc' dir='ltr'><strong>τῷ</strong></span> 
     </span>
    </p>
   </div>
   <div class='ocr_carea' id='block_1_10' title="bbox 310 819 1901 898">
    <p class='ocr_par' dir='ltr' id='par_1_10' title="bbox 310 819 1901 898">
     <span class='ocr_line' id='line_1_10' title="bbox 310 819 1901 898; baseline 0.001 -22"><span class='ocrx_word' id='word_1_54' title='bbox 310 823 490 893; x_wconf 80' lang='grc' dir='ltr'><strong>θυμῷ,</strong></span> <span class='ocrx_word' id='word_1_55' title='bbox 522 827 640 890; x_wconf 86' lang='grc' dir='ltr'><strong>ταῖς</strong></span> <span class='ocrx_word' id='word_1_56' title='bbox 677 819 766 880; x_wconf 72' lang='grc' dir='ltr'><strong>οἶα</strong></span> <span class='ocrx_word' id='word_1_57' title='bbox 796 830 1242 898; x_wconf 79' lang='grc' dir='ltr'><strong>προηγουμέναις</strong></span> <span class='ocrx_word' id='word_1_58' title='bbox 1273 829 1342 882; x_wconf 85' lang='grc' dir='ltr'><strong>ἐκ</strong></span> <span class='ocrx_word' id='word_1_59' title='bbox 1375 828 1644 896; x_wconf 78' lang='grc' dir='ltr'><strong>γενέσεως</strong></span> <span class='ocrx_word' id='word_1_60' title='bbox 1684 825 1784 896; x_wconf 82' lang='grc' dir='ltr'><strong>τῆς</strong></span> <span class='ocrx_word' id='word_1_61' title='bbox 1809 823 1901 878; x_wconf 87' lang='grc' dir='ltr'><strong>λο-</strong></span> 
     </span>
    </p>
   </div>
   <div class='ocr_carea' id='block_1_11' title="bbox 305 914 1901 990">
    <p class='ocr_par' dir='ltr' id='par_1_11' title="bbox 305 914 1901 990">
     <span class='ocr_line' id='line_1_11' title="bbox 305 914 1901 990; baseline 0.002 -24"><span class='ocrx_word' id='word_1_62' title='bbox 305 914 474 984; x_wconf 81' lang='grc' dir='ltr'><strong>γικῆς</strong></span> <span class='ocrx_word' id='word_1_63' title='bbox 521 916 804 986; x_wconf 79' lang='grc' dir='ltr'><strong>ἐνεργείας</strong></span> <span class='ocrx_word' id='word_1_64' title='bbox 853 918 1260 990; x_wconf 80' lang='grc' dir='ltr'><strong>πρεσϐυτέραις</strong></span> <span class='ocrx_word' id='word_1_65' title='bbox 1300 921 1596 990; x_wconf 85' lang='grc' dir='ltr'><strong>δυνάμεσιν</strong></span> <span class='ocrx_word' id='word_1_66' title='bbox 1622 935 1644 966; x_wconf 72' lang='grc' dir='ltr'><strong>ἰ</strong></span> <span class='ocrx_word' id='word_1_67' title='bbox 1671 917 1901 987; x_wconf 82' lang='grc' dir='ltr'>ἔμφρονι</span> 
     </span>
    </p>
   </div>
   <div class='ocr_carea' id='block_1_12' title="bbox 305 1005 1902 1090">
    <p class='ocr_par' dir='ltr' id='par_1_12' title="bbox 305 1005 1902 1090">
     <span class='ocr_line' id='line_1_12' title="bbox 305 1005 1902 1090; baseline 0.003 -32"><span class='ocrx_word' id='word_1_68' title='bbox 305 1005 558 1077; x_wconf 81' lang='grc' dir='ltr'><strong>λογισμῷ</strong></span> <span class='ocrx_word' id='word_1_69' title='bbox 605 1008 673 1061; x_wconf 89' lang='grc' dir='ltr'><strong>δι’</strong></span> <span class='ocrx_word' id='word_1_70' title='bbox 709 1010 1040 1080; x_wconf 80' lang='grc' dir='ltr'><strong>ἐγκρατείας</strong></span> <span class='ocrx_word' id='word_1_71' title='bbox 1091 1013 1187 1066; x_wconf 82' lang='grc' dir='ltr'><strong>καὶ</strong></span> <span class='ocrx_word' id='word_1_72' title='bbox 1239 1011 1526 1081; x_wconf 81' lang='grc' dir='ltr'><strong>ὑπομονῆς</strong></span> <span class='ocrx_word' id='word_1_73' title='bbox 1579 1009 1902 1090; x_wconf 84' lang='grc' dir='ltr'><strong>ὑποτάσσων</strong></span> 
     </span>
    </p>
   </div>
   <div class='ocr_carea' id='block_1_13' title="bbox 306 1097 1899 1174">
    <p class='ocr_par' dir='ltr' id='par_1_13' title="bbox 306 1097 1899 1174">
     <span class='ocr_line' id='line_1_13' title="bbox 306 1097 1899 1174; baseline 0.003 -24"><span class='ocrx_word' id='word_1_74' title='bbox 306 1097 512 1160; x_wconf 85' lang='grc' dir='ltr'><strong>αὐτάς·</strong></span> <span class='ocrx_word' id='word_1_75' title='bbox 568 1099 734 1171; x_wconf 71' lang='grc' dir='ltr'><strong>αἴπερ</strong></span> <span class='ocrx_word' id='word_1_76' title='bbox 781 1101 1016 1172; x_wconf 77' lang='grc' dir='ltr'><strong>ψυχικαὶ</strong></span> <span class='ocrx_word' id='word_1_77' title='bbox 1065 1103 1352 1174; x_wconf 86' lang='grc' dir='ltr'><strong>δυνάμεις,</strong></span> <span class='ocrx_word' id='word_1_78' title='bbox 1401 1102 1479 1174; x_wconf 80' lang='grc' dir='ltr'><strong>τῷ</strong></span> <span class='ocrx_word' id='word_1_79' title='bbox 1519 1102 1752 1174; x_wconf 81' lang='grc' dir='ltr'><strong>παθητῷ</strong></span> <span class='ocrx_word' id='word_1_80' title='bbox 1805 1098 1899 1156; x_wconf 87' lang='grc' dir='ltr'><strong>τοῦ</strong></span> 
     </span>
    </p>
   </div>
   <div class='ocr_carea' id='block_1_14' title="bbox 303 1187 1901 1264">
    <p class='ocr_par' dir='ltr' id='par_1_14' title="bbox 303 1187 1901 1264">
     <span class='ocr_line' id='line_1_14' title="bbox 303 1187 1901 1264; baseline 0.011 -25"><span class='ocrx_word' id='word_1_81' title='bbox 303 1187 493 1258; x_wconf 78' lang='grc' dir='ltr'><strong>χοϊκοῦ</strong></span> <span class='ocrx_word' id='word_1_82' title='bbox 526 1189 686 1259; x_wconf 84' lang='grc' dir='ltr'><strong>ήμῶν</strong></span> <span class='ocrx_word' id='word_1_83' title='bbox 717 1194 945 1262; x_wconf 88' lang='grc' dir='ltr'><strong>σαρκίου</strong></span> <span class='ocrx_word' id='word_1_84' title='bbox 993 1194 1438 1264; x_wconf 83' lang='grc' dir='ltr'><strong>παραμένουσιν,</strong></span> <span class='ocrx_word' id='word_1_85' title='bbox 1470 1193 1546 1258; x_wconf 83' lang='grc' dir='ltr'><strong>ὡς</strong></span> <span class='ocrx_word' id='word_1_86' title='bbox 1589 1195 1690 1264; x_wconf 85' lang='grc' dir='ltr'><strong>τῆς</strong></span> <span class='ocrx_word' id='word_1_87' title='bbox 1717 1191 1901 1261; x_wconf 79' lang='grc' dir='ltr'><strong>ψυχῆς</strong></span> 
     </span>
    </p>
   </div>
   <div class='ocr_carea' id='block_1_15' title="bbox 300 1280 1902 1356">
    <p class='ocr_par' dir='ltr' id='par_1_15' title="bbox 300 1280 1902 1356">
     <span class='ocr_line' id='line_1_15' title="bbox 300 1280 1902 1356; baseline 0.002 -24"><span class='ocrx_word' id='word_1_88' title='bbox 300 1280 496 1349; x_wconf 79' lang='grc' dir='ltr'><strong>φύσει,</strong></span> <span class='ocrx_word' id='word_1_89' title='bbox 528 1283 628 1352; x_wconf 85' lang='grc' dir='ltr'><strong>τῆς</strong></span> <span class='ocrx_word' id='word_1_90' title='bbox 663 1284 764 1353; x_wconf 80' lang='grc' dir='ltr'><strong>μὲν</strong></span> <span class='ocrx_word' id='word_1_91' title='bbox 799 1287 1116 1350; x_wconf 82' lang='grc' dir='ltr'>συστάσεως</span> <span class='ocrx_word' id='word_1_92' title='bbox 1146 1287 1244 1340; x_wconf 88' lang='grc' dir='ltr'><strong>τοῦ</strong></span> <span class='ocrx_word' id='word_1_93' title='bbox 1275 1286 1532 1356; x_wconf 85' lang='grc' dir='ltr'><strong>σώματος</strong></span> <span class='ocrx_word' id='word_1_94' title='bbox 1563 1286 1688 1339; x_wconf 85' lang='grc' dir='ltr'><strong>κατ’</strong></span> <span class='ocrx_word' id='word_1_95' title='bbox 1710 1283 1902 1337; x_wconf 87' lang='grc' dir='ltr'><strong>ἐπιθυ-</strong></span> 
     </span>
    </p>
   </div>
   <div class='ocr_carea' id='block_1_16' title="bbox 299 1371 1900 1448">
    <p class='ocr_par' dir='ltr' id='par_1_16' title="bbox 299 1371 1900 1448">
     <span class='ocr_line' id='line_1_16' title="bbox 299 1371 1900 1448; baseline -0.006 -10"><span class='ocrx_word' id='word_1_96' title='bbox 299 1372 433 1438; x_wconf 71' lang='grc' dir='ltr'><strong>μίας</strong></span> <span class='ocrx_word' id='word_1_97' title='bbox 457 1373 795 1447; x_wconf 80' lang='grc' dir='ltr'><strong>ὀρεγομένης</strong></span> <span class='ocrx_word' id='word_1_98' title='bbox 819 1417 834 1442; x_wconf 89' lang='grc'><strong>,</strong></span> <span class='ocrx_word' id='word_1_99' title='bbox 867 1377 966 1448; x_wconf 79' lang='grc' dir='ltr'><strong>τὴν</strong></span> <span class='ocrx_word' id='word_1_100' title='bbox 998 1378 1054 1432; x_wconf 86' lang='grc' dir='ltr'><strong>δὲ</strong></span> <span class='ocrx_word' id='word_1_101' title='bbox 1092 1376 1302 1448; x_wconf 79' lang='grc' dir='ltr'><strong>φθορὰν</strong></span> <span class='ocrx_word' id='word_1_102' title='bbox 1326 1375 1519 1432; x_wconf 84' lang='grc' dir='ltr'><strong>τούτου</strong></span> <span class='ocrx_word' id='word_1_103' title='bbox 1554 1374 1697 1430; x_wconf 83' lang='grc' dir='ltr'><strong>κατὰ</strong></span> <span class='ocrx_word' id='word_1_104' title='bbox 1724 1371 1900 1444; x_wconf 83' lang='grc' dir='ltr'><strong>θυμὸν</strong></span> 
     </span>
    </p>
   </div>
   <div class='ocr_carea' id='block_1_17' title="bbox 295 1465 819 1538">
    <p class='ocr_par' dir='ltr' id='par_1_17' title="bbox 295 1465 819 1538">
     <span class='ocr_line' id='line_1_17' title="bbox 295 1465 819 1538; baseline 0.004 -18"><span class='ocrx_word' id='word_1_105' title='bbox 295 1465 478 1520; x_wconf 79' lang='grc' dir='ltr'><strong>ἀποστ</strong></span> <span class='ocrx_word' id='word_1_106' title='bbox 487 1467 819 1538; x_wconf 79' lang='grc' dir='ltr'><strong>ρεφομένην.</strong></span> 
     </span>
    </p>
   </div>
   <div class='ocr_carea' id='block_1_18' title="bbox 369 1555 1892 1628">
    <p class='ocr_par' dir='ltr' id='par_1_18' title="bbox 369 1555 1892 1628">
     <span class='ocr_line' id='line_1_18' title="bbox 369 1555 1892 1628; baseline 0.001 -16"><span class='ocrx_word' id='word_1_107' title='bbox 369 1555 470 1612; x_wconf 81' lang='grc' dir='ltr'><strong>κδ’.</strong></span> <span class='ocrx_word' id='word_1_108' title='bbox 515 1557 806 1625; x_wconf 77' lang='grc' dir='ltr'><strong>Σινδόνας</strong></span> <span class='ocrx_word' id='word_1_109' title='bbox 838 1560 1092 1628; x_wconf 75' lang='grc' dir='ltr'><strong>ἐποίησε·</strong></span> <span class='ocrx_word' id='word_1_110' title='bbox 1111 1561 1214 1614; x_wconf 78' lang='grc' dir='ltr'><strong>καὶ</strong></span> <span class='ocrx_word' id='word_1_111' title='bbox 1247 1559 1508 1616; x_wconf 73' lang='grc' dir='ltr'><strong>ἀπέδοτο</strong></span> <span class='ocrx_word' id='word_1_112' title='bbox 1538 1560 1664 1626; x_wconf 84' lang='grc' dir='ltr'><strong>τοῖς</strong></span> <span class='ocrx_word' id='word_1_113' title='bbox 1690 1557 1892 1614; x_wconf 81' lang='grc' dir='ltr'><strong>Φοίνι·</strong></span> 
     </span>
    </p>
   </div>
   <div class='ocr_carea' id='block_1_19' title="bbox 2009 465 3598 544">
    <p class='ocr_par' dir='ltr' id='par_1_19' title="bbox 2009 465 3598 544">
     <span class='ocr_line' id='line_1_19' title="bbox 2009 465 3598 544; baseline 0.019 -29"><span class='ocrx_word' id='word_1_114' title='bbox 2009 465 2324 522; x_wconf 77' lang='lat' dir='ltr'><strong>bilatoribus</strong></span> <span class='ocrx_word' id='word_1_115' title='bbox 2371 479 2544 524; x_wconf 68' lang='grc' dir='ltr'><strong>ιρι-τω.</strong></span> <span class='ocrx_word' id='word_1_116' title='bbox 2588 471 2940 544; x_wconf 76' lang='lat' dir='ltr'><strong>Conspicuus</strong></span> <span class='ocrx_word' id='word_1_117' title='bbox 2991 480 3046 534; x_wconf 80' lang='lat' dir='ltr'><strong>fit</strong></span> <span class='ocrx_word' id='word_1_118' title='bbox 3083 483 3398 542; x_wconf 81' lang='lat' dir='ltr'><strong>intellectus</strong></span> <span class='ocrx_word' id='word_1_119' title='bbox 3439 487 3598 544; x_wconf 86' lang='lat' dir='ltr'><strong>habi-</strong></span> 
     </span>
    </p>
   </div>
   <div class='ocr_carea' id='block_1_20' title="bbox 2009 563 3602 648">
    <p class='ocr_par' dir='ltr' id='par_1_20' title="bbox 2009 563 3602 648">
     <span class='ocr_line' id='line_1_20' title="bbox 2009 563 3602 648; baseline 0.016 -41"><span class='ocrx_word' id='word_1_120' title='bbox 2009 563 2134 611; x_wconf 89' lang='lat' dir='ltr'><strong>tans</strong></span> <span class='ocrx_word' id='word_1_121' title='bbox 2180 572 2304 626; x_wconf 85' lang='lat' dir='ltr'><strong>cum</strong></span> <span class='ocrx_word' id='word_1_122' title='bbox 2351 575 2434 622; x_wconf 87' lang='lat' dir='ltr'><strong>ea,</strong></span> <span class='ocrx_word' id='word_1_123' title='bbox 2469 563 2612 616; x_wconf 88' lang='lat' dir='ltr'><strong>inter</strong></span> <span class='ocrx_word' id='word_1_124' title='bbox 2649 566 2862 634; x_wconf 90' lang='lat' dir='ltr'><strong>primas</strong></span> <span class='ocrx_word' id='word_1_125' title='bbox 2902 583 3088 625; x_wconf 87' lang='lat' dir='ltr'><strong>rerum</strong></span> <span class='ocrx_word' id='word_1_126' title='bbox 3131 574 3430 630; x_wconf 81' lang='lat' dir='ltr'><strong>visibilium</strong></span> <span class='ocrx_word' id='word_1_127' title='bbox 3471 594 3602 648; x_wconf 76' lang='lat' dir='ltr'><strong>pcr-</strong></span> 
     </span>
    </p>
   </div>
   <div class='ocr_carea' id='block_1_21' title="bbox 2007 648 3588 738">
    <p class='ocr_par' dir='ltr' id='par_1_21' title="bbox 2007 648 3588 738">
     <span class='ocr_line' id='line_1_21' title="bbox 2007 648 3588 738; baseline 0.017 -38"><span class='ocrx_word' id='word_1_128' title='bbox 2007 648 2312 716; x_wconf 87' lang='lat' dir='ltr'><strong>ceptiones,</strong></span> <span class='ocrx_word' id='word_1_129' title='bbox 2343 654 2502 722; x_wconf 88' lang='lat' dir='ltr'><strong>quasi</strong></span> <span class='ocrx_word' id='word_1_130' title='bbox 2545 655 2600 708; x_wconf 92' lang='lat' dir='ltr'><strong>in</strong></span> <span class='ocrx_word' id='word_1_131' title='bbox 2645 660 2822 726; x_wconf 86' lang='lat' dir='ltr'><strong>portis</strong></span> <span class='ocrx_word' id='word_1_132' title='bbox 2863 671 3139 730; x_wconf 80' lang='lat' dir='ltr'><strong>versatus,</strong></span> <span class='ocrx_word' id='word_1_133' title='bbox 3169 681 3294 720; x_wconf 89' lang='lat' dir='ltr'><strong>cum</strong></span> <span class='ocrx_word' id='word_1_134' title='bbox 3341 670 3408 724; x_wconf 87' lang='lat' dir='ltr'><strong>ad</strong></span> <span class='ocrx_word' id='word_1_135' title='bbox 3443 669 3588 738; x_wconf 84' lang='lat' dir='ltr'><strong>judi-</strong></span> 
     </span>
    </p>
   </div>
   <div class='ocr_carea' id='block_1_22' title="bbox 2007 741 3596 831">
    <p class='ocr_par' dir='ltr' id='par_1_22' title="bbox 2007 741 3596 831">
     <span class='ocr_line' id='line_1_22' title="bbox 2007 741 3596 831; baseline 0.016 -39"><span class='ocrx_word' id='word_1_136' title='bbox 2007 741 2242 795; x_wconf 89' lang='lat' dir='ltr'><strong>candum</strong></span> <span class='ocrx_word' id='word_1_137' title='bbox 2271 742 2339 797; x_wconf 90' lang='lat' dir='ltr'><strong>de</strong></span> <span class='ocrx_word' id='word_1_138' title='bbox 2370 745 2448 800; x_wconf 92' lang='lat' dir='ltr'><strong>eis</strong></span> <span class='ocrx_word' id='word_1_139' title='bbox 2480 751 2736 803; x_wconf 88' lang='lat' dir='ltr'><strong>convenit</strong></span> <span class='ocrx_word' id='word_1_140' title='bbox 2763 765 2886 806; x_wconf 89' lang='lat' dir='ltr'><strong>cum</strong></span> <span class='ocrx_word' id='word_1_141' title='bbox 2922 756 3229 824; x_wconf 88' lang='lat' dir='ltr'><strong>cupiditate</strong></span> <span class='ocrx_word' id='word_1_142' title='bbox 3261 771 3314 814; x_wconf 90' lang='lat' dir='ltr'><strong>et</strong></span> <span class='ocrx_word' id='word_1_143' title='bbox 3348 761 3448 825; x_wconf 87' lang='lat' dir='ltr'><strong>ira,</strong></span> <span class='ocrx_word' id='word_1_144' title='bbox 3482 779 3596 831; x_wconf 64' lang='lat' dir='ltr'><strong>qua</strong></span> 
     </span>
    </p>
   </div>
   <div class='ocr_carea' id='block_1_23' title="bbox 2007 833 3682 920">
    <p class='ocr_par' dir='ltr' id='par_1_23' title="bbox 2007 833 3682 920">
     <span class='ocr_line' id='line_1_23' title="bbox 2007 833 3682 920; baseline 0.016 -36"><span class='ocrx_word' id='word_1_145' title='bbox 2007 833 2202 888; x_wconf 71' lang='lat' dir='ltr'><strong>anima:</strong></span> <span class='ocrx_word' id='word_1_146' title='bbox 2227 834 2520 894; x_wconf 71' lang='lat' dir='ltr'><strong>facultates</strong></span> <span class='ocrx_word' id='word_1_147' title='bbox 2547 841 2734 909; x_wconf 77' lang='lat' dir='ltr'><strong>prima:</strong></span> <span class='ocrx_word' id='word_1_148' title='bbox 2768 855 3095 902; x_wconf 75' lang='lat' dir='ltr'><strong>exercentur</strong></span> <span class='ocrx_word' id='word_1_149' title='bbox 3125 857 3180 905; x_wconf 79' lang='lat' dir='ltr'><strong>et</strong></span> <span class='ocrx_word' id='word_1_150' title='bbox 3210 867 3324 920; x_wconf 88' lang='lat' dir='ltr'><strong>quo</strong></span> <span class='ocrx_word' id='word_1_151' title='bbox 3353 855 3594 908; x_wconf 66' lang='lat' dir='ltr'><strong>ratiOua-</strong></span> <span class='ocrx_word' id='word_1_152' title='bbox 3675 853 3682 860; x_wconf 87' lang='grc'><strong><em>“</em></strong></span> 
     </span>
    </p>
   </div>
   <div class='ocr_carea' id='block_1_24' title="bbox 2005 925 3585 1008">
    <p class='ocr_par' dir='ltr' id='par_1_24' title="bbox 2005 925 3585 1008">
     <span class='ocr_line' id='line_1_24' title="bbox 2005 925 3585 1008; baseline 0.012 -28"><span class='ocrx_word' id='word_1_153' title='bbox 2005 925 2190 980; x_wconf 87' lang='lat' dir='ltr'><strong>biliter</strong></span> <span class='ocrx_word' id='word_1_154' title='bbox 2233 942 2394 995; x_wconf 82' lang='lat' dir='ltr'><strong>agere</strong></span> <span class='ocrx_word' id='word_1_155' title='bbox 2461 931 2792 1001; x_wconf 87' lang='lat' dir='ltr'><strong>incepimus,</strong></span> <span class='ocrx_word' id='word_1_156' title='bbox 2837 946 2888 992; x_wconf 93' lang='lat' dir='ltr'><strong>et</strong></span> <span class='ocrx_word' id='word_1_157' title='bbox 2933 940 3090 1008; x_wconf 85' lang='lat' dir='ltr'><strong>quasi</strong></span> <span class='ocrx_word' id='word_1_158' title='bbox 3133 944 3384 1000; x_wconf 82' lang='lat' dir='ltr'><strong>seniores</strong></span> <span class='ocrx_word' id='word_1_159' title='bbox 3435 955 3585 1000; x_wconf 88' lang='lat' dir='ltr'><strong>sunt.</strong></span> 
     </span>
    </p>
   </div>
   <div class='ocr_carea' id='block_1_25' title="bbox 2003 1013 3588 1102">
    <p class='ocr_par' dir='ltr' id='par_1_25' title="bbox 2003 1013 3588 1102">
     <span class='ocr_line' id='line_1_25' title="bbox 2003 1013 3588 1102; baseline 0.011 -34"><span class='ocrx_word' id='word_1_160' title='bbox 2003 1013 2101 1070; x_wconf 87' lang='lat' dir='ltr'><strong>llla</strong></span> <span class='ocrx_word' id='word_1_161' title='bbox 2147 1015 2555 1073; x_wconf 76' lang='lat' dir='ltr'><strong>rationabiliter</strong></span> <span class='ocrx_word' id='word_1_162' title='bbox 2593 1035 2860 1092; x_wconf 79' lang='lat' dir='ltr'><strong>reguntur</strong></span> <span class='ocrx_word' id='word_1_163' title='bbox 2899 1033 3252 1098; x_wconf 86' lang='lat' dir='ltr'><strong>temperantia</strong></span> <span class='ocrx_word' id='word_1_164' title='bbox 3283 1046 3338 1087; x_wconf 90' lang='lat' dir='ltr'><strong>et</strong></span> <span class='ocrx_word' id='word_1_165' title='bbox 3377 1037 3588 1102; x_wconf 83' lang='lat' dir='ltr'><strong>patien-</strong></span> 
     </span>
    </p>
   </div>
   <div class='ocr_carea' id='block_1_26' title="bbox 2005 1105 3586 1190">
    <p class='ocr_par' dir='ltr' id='par_1_26' title="bbox 2005 1105 3586 1190">
     <span class='ocr_line' id='line_1_26' title="bbox 2005 1105 3586 1190; baseline 0.015 -32"><span class='ocrx_word' id='word_1_166' title='bbox 2005 1105 2104 1170; x_wconf 87' lang='lat' dir='ltr'><strong>tia,</strong></span> <span class='ocrx_word' id='word_1_167' title='bbox 2163 1114 2220 1162; x_wconf 87' lang='lat' dir='ltr'><strong>et</strong></span> <span class='ocrx_word' id='word_1_168' title='bbox 2262 1109 2462 1164; x_wconf 81' lang='lat' dir='ltr'><strong>deinde</strong></span> <span class='ocrx_word' id='word_1_169' title='bbox 2505 1115 2724 1182; x_wconf 83' lang='lat' dir='ltr'><strong>corpori</strong></span> <span class='ocrx_word' id='word_1_170' title='bbox 2771 1124 2990 1172; x_wconf 85' lang='lat' dir='ltr'><strong>terreno</strong></span> <span class='ocrx_word' id='word_1_171' title='bbox 3025 1132 3078 1174; x_wconf 89' lang='lat' dir='ltr'><strong>ct</strong></span> <span class='ocrx_word' id='word_1_172' title='bbox 3109 1124 3355 1190; x_wconf 76' lang='lat' dir='ltr'><strong>passibili</strong></span> <span class='ocrx_word' id='word_1_173' title='bbox 3399 1125 3586 1182; x_wconf 81' lang='lat' dir='ltr'><strong>ﬁdeles</strong></span> 
     </span>
    </p>
   </div>
   <div class='ocr_carea' id='block_1_27' title="bbox 2003 1199 3586 1284">
    <p class='ocr_par' dir='ltr' id='par_1_27' title="bbox 2003 1199 3586 1284">
     <span class='ocr_line' id='line_1_27' title="bbox 2003 1199 3586 1284; baseline 0.014 -34"><span class='ocrx_word' id='word_1_174' title='bbox 2003 1207 2186 1264; x_wconf 86' lang='lat' dir='ltr'><strong>erunt,</strong></span> <span class='ocrx_word' id='word_1_175' title='bbox 2221 1199 2271 1252; x_wconf 81' lang='lat' dir='ltr'><strong>id</strong></span> <span class='ocrx_word' id='word_1_176' title='bbox 2291 1210 2401 1268; x_wconf 88' lang='lat' dir='ltr'><strong>est,</strong></span> <span class='ocrx_word' id='word_1_177' title='bbox 2433 1208 2687 1274; x_wconf 88' lang='lat' dir='ltr'><strong>corporis</strong></span> <span class='ocrx_word' id='word_1_178' title='bbox 2715 1209 2946 1264; x_wconf 88' lang='lat' dir='ltr'><strong>salutem</strong></span> <span class='ocrx_word' id='word_1_179' title='bbox 2971 1213 3272 1282; x_wconf 70' lang='lat' dir='ltr'><strong>cupiditate</strong></span> <span class='ocrx_word' id='word_1_180' title='bbox 3303 1227 3586 1284; x_wconf 82' lang='lat' dir='ltr'><strong>promovet</strong></span> 
     </span>
    </p>
   </div>
   <div class='ocr_carea' id='block_1_28' title="bbox 2003 1291 3334 1371">
    <p class='ocr_par' dir='ltr' id='par_1_28' title="bbox 2003 1291 3334 1371">
     <span class='ocr_line' id='line_1_28' title="bbox 2003 1291 3334 1371; baseline 0.009 -23"><span class='ocrx_word' id='word_1_181' title='bbox 2003 1291 2204 1359; x_wconf 81' lang='lat' dir='ltr'><strong>anima,</strong></span> <span class='ocrx_word' id='word_1_182' title='bbox 2239 1292 2470 1371; x_wconf 81' lang='lat' dir='ltr'><strong>ejusque</strong></span> <span class='ocrx_word' id='word_1_183' title='bbox 2507 1299 2920 1369; x_wconf 82' lang='lat' dir='ltr'><strong>corruptionem</strong></span> <span class='ocrx_word' id='word_1_184' title='bbox 2953 1304 3032 1357; x_wconf 85' lang='lat' dir='ltr'><strong>ira</strong></span> <span class='ocrx_word' id='word_1_185' title='bbox 3069 1317 3334 1362; x_wconf 88' lang='lat' dir='ltr'><strong>removet.</strong></span> 
     </span>
    </p>
   </div>
   <div class='ocr_carea' id='block_1_29' title="bbox 2073 1558 3580 1640">
    <p class='ocr_par' dir='ltr' id='par_1_29' title="bbox 2073 1558 3580 1640">
     <span class='ocr_line' id='line_1_29' title="bbox 2073 1558 3580 1640; baseline 0.013 -29"><span class='ocrx_word' id='word_1_186' title='bbox 2073 1558 2241 1614; x_wconf 69' lang='lat' dir='ltr'><strong>Vens.</strong></span> <span class='ocrx_word' id='word_1_187' title='bbox 2283 1559 2374 1615; x_wconf 63' lang='grc' dir='ltr'><strong>τοι.</strong></span> <span class='ocrx_word' id='word_1_188' title='bbox 2406 1561 2672 1619; x_wconf 85' lang='lat' dir='ltr'><strong>Sindonas</strong></span> <span class='ocrx_word' id='word_1_189' title='bbox 2705 1565 2848 1634; x_wconf 81' lang='lat' dir='ltr'><strong>fecit,</strong></span> <span class='ocrx_word' id='word_1_190' title='bbox 2879 1577 2928 1622; x_wconf 75' lang='lat' dir='ltr'><strong>et</strong></span> <span class='ocrx_word' id='word_1_191' title='bbox 2961 1571 3189 1624; x_wconf 79' lang='lat' dir='ltr'><strong>vendidit</strong></span> <span class='ocrx_word' id='word_1_192' title='bbox 3223 1571 3580 1640; x_wconf 72' lang='lat' dir='ltr'><strong>Phoenicibus.</strong></span> 
     </span>
    </p>
   </div>
   <div class='ocr_carea' id='block_1_30' title="bbox 297 1644 1879 1730">
    <p class='ocr_par' dir='ltr' id='par_1_30' title="bbox 297 1644 1879 1722">
     <span class='ocr_line' id='line_1_30' title="bbox 297 1644 1879 1722; baseline 0.004 -24"><span class='ocrx_word' id='word_1_193' title='bbox 297 1644 358 1710; x_wconf 77' lang='grc' dir='ltr'><strong>ξι</strong></span> <span class='ocrx_word' id='word_1_194' title='bbox 379 1663 392 1676; x_wconf 91' lang='grc'><strong>·</strong></span> <span class='ocrx_word' id='word_1_195' title='bbox 431 1647 818 1718; x_wconf 75' lang='grc' dir='ltr'><strong>περιζώματα,</strong></span> <span class='ocrx_word' id='word_1_196' title='bbox 847 1651 975 1717; x_wconf 82' lang='grc' dir='ltr'><strong>τοῖς</strong></span> <span class='ocrx_word' id='word_1_197' title='bbox 1017 1649 1766 1722; x_wconf 76' lang='grc' dir='ltr'><strong>Χανιιναίοις.Νεκρώσεως</strong></span> <span class='ocrx_word' id='word_1_198' title='bbox 1787 1649 1879 1702; x_wconf 48' lang='grc' dir='ltr'><strong>τῶι</strong></span> 
     </span>
    </p>
   </div>
   <div class='ocr_carea' id='block_1_31' title="bbox 1989 1644 3574 1730">
    <p class='ocr_par' dir='ltr' id='par_1_31' title="bbox 2001 1649 3574 1730">
     <span class='ocr_line' id='line_1_31' title="bbox 2001 1649 3574 1730; baseline 0.013 -27"><span class='ocrx_word' id='word_1_199' title='bbox 2001 1651 2216 1720; x_wconf 83' lang='lat' dir='ltr'><strong>cingula</strong></span> <span class='ocrx_word' id='word_1_200' title='bbox 2240 1649 2582 1708; x_wconf 72' lang='lat' dir='ltr'><strong>Chananwis.</strong></span> <span class='ocrx_word' id='word_1_201' title='bbox 2607 1655 2877 1712; x_wconf 83' lang='lat' dir='ltr'><strong>Funebria</strong></span> <span class='ocrx_word' id='word_1_202' title='bbox 2907 1663 3224 1730; x_wconf 84' lang='lat' dir='ltr'><strong>passionum</strong></span> <span class='ocrx_word' id='word_1_203' title='bbox 3256 1664 3574 1724; x_wconf 80' lang='lat' dir='ltr'><strong>indumenta</strong></span> 
     </span>
    </p>
   </div>
   <div class='ocr_carea' id='block_1_32' title="bbox 295 1827 1884 1908">
    <p class='ocr_par' dir='ltr' id='par_1_32' title="bbox 295 1827 1884 1908">
     <span class='ocr_line' id='line_1_32' title="bbox 295 1827 1884 1908; baseline 0.007 -29"><span class='ocrx_word' id='word_1_204' title='bbox 295 1827 624 1900; x_wconf 79' lang='grc' dir='ltr'><strong>καθαρθεῖσι</strong></span> <span class='ocrx_word' id='word_1_205' title='bbox 658 1831 758 1901; x_wconf 74' lang='grc' dir='ltr'><strong>μὲν</strong></span> <span class='ocrx_word' id='word_1_206' title='bbox 789 1833 899 1886; x_wconf 83' lang='grc' dir='ltr'><strong>ἀπὸ</strong></span> <span class='ocrx_word' id='word_1_207' title='bbox 927 1833 1037 1888; x_wconf 86' lang='grc' dir='ltr'><strong>τῶν</strong></span> <span class='ocrx_word' id='word_1_208' title='bbox 1070 1835 1193 1890; x_wconf 83' lang='grc' dir='ltr'><strong>κατ’</strong></span> <span class='ocrx_word' id='word_1_209' title='bbox 1222 1835 1502 1908; x_wconf 77' lang='grc' dir='ltr'><strong>ἐνέργειαν</strong></span> <span class='ocrx_word' id='word_1_210' title='bbox 1521 1835 1750 1901; x_wconf 78' lang='grc' dir='ltr'><strong>παθῶν,</strong></span> <span class='ocrx_word' id='word_1_211' title='bbox 1785 1853 1884 1890; x_wconf 85' lang='grc' dir='ltr'><strong>πε-</strong></span> 
     </span>
    </p>
   </div>
   <div class='ocr_carea' id='block_1_33' title="bbox 293 1924 1878 2003">
    <p class='ocr_par' dir='ltr' id='par_1_33' title="bbox 293 1924 1878 2003">
     <span class='ocr_line' id='line_1_33' title="bbox 293 1924 1878 2003; baseline 0.007 -29"><span class='ocrx_word' id='word_1_212' title='bbox 293 1924 664 1991; x_wconf 77' lang='grc' dir='ltr'><strong>φοινιγμένοις</strong></span> <span class='ocrx_word' id='word_1_213' title='bbox 693 1925 738 1978; x_wconf 81' lang='grc' dir='ltr'><strong>δ’</strong></span> <span class='ocrx_word' id='word_1_214' title='bbox 763 1925 843 1979; x_wconf 77' lang='grc' dir='ltr'><strong>ἔτι</strong></span> <span class='ocrx_word' id='word_1_215' title='bbox 867 1929 981 1992; x_wconf 78' lang='grc' dir='ltr'><strong>τοῖς</strong></span> <span class='ocrx_word' id='word_1_216' title='bbox 1014 1930 1156 1984; x_wconf 76' lang='grc' dir='ltr'><strong>κατὰ</strong></span> <span class='ocrx_word' id='word_1_217' title='bbox 1183 1931 1450 1996; x_wconf 82' lang='grc' dir='ltr'><strong>διάνοιαν,</strong></span> <span class='ocrx_word' id='word_1_218' title='bbox 1479 1932 1878 2003; x_wconf 78' lang='grc' dir='ltr'><strong>ἀπημπόλησε·</strong></span> 
     </span>
    </p>
   </div>
   <div class='ocr_carea' id='block_1_34' title="bbox 290 2013 1882 2094">
    <p class='ocr_par' dir='ltr' id='par_1_34' title="bbox 290 2013 1882 2094">
     <span class='ocr_line' id='line_1_34' title="bbox 290 2013 1882 2094; baseline 0.009 -30"><span class='ocrx_word' id='word_1_219' title='bbox 290 2013 666 2070; x_wconf 76' lang='grc' dir='ltr'><strong>καταϐαλοῦσι</strong></span> <span class='ocrx_word' id='word_1_220' title='bbox 702 2019 839 2089; x_wconf 82' lang='grc' dir='ltr'><strong>πρὸς</strong></span> <span class='ocrx_word' id='word_1_221' title='bbox 866 2021 1035 2092; x_wconf 81' lang='grc' dir='ltr'><strong>αὐτὴν</strong></span> <span class='ocrx_word' id='word_1_222' title='bbox 1061 2017 1172 2076; x_wconf 77' lang='grc' dir='ltr'><strong>οἷόν</strong></span> <span class='ocrx_word' id='word_1_223' title='bbox 1194 2041 1246 2078; x_wconf 87' lang='grc' dir='ltr'><strong>τι</strong></span> <span class='ocrx_word' id='word_1_224' title='bbox 1269 2025 1487 2094; x_wconf 83' lang='grc' dir='ltr'><strong>τίμημα</strong></span> <span class='ocrx_word' id='word_1_225' title='bbox 1515 2025 1613 2092; x_wconf 88' lang='grc' dir='ltr'><strong>τὴν</strong></span> <span class='ocrx_word' id='word_1_226' title='bbox 1640 2025 1748 2078; x_wconf 82' lang='grc' dir='ltr'><strong>ἀπὸ</strong></span> <span class='ocrx_word' id='word_1_227' title='bbox 1772 2023 1882 2078; x_wconf 82' lang='grc' dir='ltr'><strong>τῶν</strong></span> 
     </span>
    </p>
   </div>
   <div class='ocr_carea' id='block_1_35' title="bbox 289 2104 1876 2186">
    <p class='ocr_par' dir='ltr' id='par_1_35' title="bbox 289 2104 1876 2186">
     <span class='ocr_line' id='line_1_35' title="bbox 289 2104 1876 2186; baseline 0.008 -30"><span class='ocrx_word' id='word_1_228' title='bbox 289 2104 416 2160; x_wconf 81' lang='grc' dir='ltr'><strong>κατ’</strong></span> <span class='ocrx_word' id='word_1_229' title='bbox 436 2106 720 2175; x_wconf 71' lang='grc' dir='ltr'><strong>ἐνέργειαν</strong></span> <span class='ocrx_word' id='word_1_230' title='bbox 752 2111 942 2164; x_wconf 83' lang='grc' dir='ltr'><strong>παθῶν</strong></span> <span class='ocrx_word' id='word_1_231' title='bbox 967 2115 1492 2184; x_wconf 85' lang='grc' dir='ltr'><strong>ἐγκρατευσαμένην</strong></span> <span class='ocrx_word' id='word_1_232' title='bbox 1517 2115 1842 2186; x_wconf 82' lang='grc' dir='ltr'><strong>προαίρεσιν</strong></span> <span class='ocrx_word' id='word_1_233' title='bbox 1861 2132 1876 2146; x_wconf 91' lang='grc'><strong>·</strong></span> 
     </span>
    </p>
   </div>
   <div class='ocr_carea' id='block_1_36' title="bbox 287 2195 1880 2279">
    <p class='ocr_par' dir='ltr' id='par_1_36' title="bbox 287 2195 1880 2279">
     <span class='ocr_line' id='line_1_36' title="bbox 287 2195 1880 2279; baseline 0.011 -34"><span class='ocrx_word' id='word_1_234' title='bbox 287 2195 618 2265; x_wconf 73' lang='grc' dir='ltr'><strong>ἐγκράτειαν</strong></span> <span class='ocrx_word' id='word_1_235' title='bbox 647 2200 708 2253; x_wconf 85' lang='grc' dir='ltr'><strong>δὲ</strong></span> <span class='ocrx_word' id='word_1_236' title='bbox 740 2201 833 2255; x_wconf 79' lang='grc' dir='ltr'><strong>καὶ</strong></span> <span class='ocrx_word' id='word_1_237' title='bbox 866 2203 1150 2275; x_wconf 82' lang='grc' dir='ltr'><strong>ὑπομονὴν</strong></span> <span class='ocrx_word' id='word_1_238' title='bbox 1175 2208 1274 2274; x_wconf 82' lang='grc' dir='ltr'><strong>τῆς</strong></span> <span class='ocrx_word' id='word_1_239' title='bbox 1301 2206 1442 2260; x_wconf 85' lang='grc' dir='ltr'><strong>κατά</strong></span> <span class='ocrx_word' id='word_1_240' title='bbox 1469 2205 1604 2260; x_wconf 81' lang='grc' dir='ltr'><strong>Θεὸν</strong></span> <span class='ocrx_word' id='word_1_241' title='bbox 1639 2207 1880 2279; x_wconf 83' lang='grc' dir='ltr'><strong>σκληρᾶς</strong></span> 
     </span>
    </p>
   </div>
   <div class='ocr_carea' id='block_1_37' title="bbox 287 2286 1881 2369">
    <p class='ocr_par' dir='ltr' id='par_1_37' title="bbox 287 2286 1881 2369">
     <span class='ocr_line' id='line_1_37' title="bbox 287 2286 1881 2369; baseline 0.009 -31"><span class='ocrx_word' id='word_1_242' title='bbox 287 2286 538 2356; x_wconf 83' lang='grc' dir='ltr'><strong>ἀγωγῆς,</strong></span> <span class='ocrx_word' id='word_1_243' title='bbox 571 2293 1048 2361; x_wconf 81' lang='grc' dir='ltr'><strong>περισφιγγούσας</strong></span> <span class='ocrx_word' id='word_1_244' title='bbox 1093 2295 1156 2348; x_wconf 82' lang='grc' dir='ltr'><strong>τὸ</strong></span> <span class='ocrx_word' id='word_1_245' title='bbox 1205 2295 1510 2366; x_wconf 81' lang='grc' dir='ltr'><strong>παθητικὸν</strong></span> <span class='ocrx_word' id='word_1_246' title='bbox 1547 2297 1652 2368; x_wconf 85' lang='grc' dir='ltr'><strong>τῆς</strong></span> <span class='ocrx_word' id='word_1_247' title='bbox 1700 2299 1881 2369; x_wconf 82' lang='grc' dir='ltr'><strong>ψυχῆς</strong></span> 
     </span>
    </p>
   </div>
   <div class='ocr_carea' id='block_1_38' title="bbox 291 2380 1880 2460">
    <p class='ocr_par' dir='ltr' id='par_1_38' title="bbox 291 2380 1880 2460">
     <span class='ocr_line' id='line_1_38' title="bbox 291 2380 1880 2460; baseline 0.008 -29"><span class='ocrx_word' id='word_1_248' title='bbox 291 2380 460 2450; x_wconf 84' lang='grc' dir='ltr'><strong>μέρος</strong></span> <span class='ocrx_word' id='word_1_249' title='bbox 513 2381 974 2455; x_wconf 75' lang='grc' dir='ltr'><strong>ἀπεργασαμένη,</strong></span> <span class='ocrx_word' id='word_1_250' title='bbox 1018 2388 1140 2440; x_wconf 80' lang='grc' dir='ltr'><strong>κατ’</strong></span> <span class='ocrx_word' id='word_1_251' title='bbox 1163 2387 1410 2459; x_wconf 74' lang='grc' dir='ltr'><strong>ἔμφρονα</strong></span> <span class='ocrx_word' id='word_1_252' title='bbox 1464 2390 1724 2460; x_wconf 81' lang='grc' dir='ltr'><strong>λογισμὸν</strong></span> <span class='ocrx_word' id='word_1_253' title='bbox 1769 2391 1880 2444; x_wconf 86' lang='grc' dir='ltr'><strong>τῶν</strong></span> 
     </span>
    </p>
   </div>
   <div class='ocr_carea' id='block_1_39' title="bbox 287 2472 1880 2552">
    <p class='ocr_par' dir='ltr' id='par_1_39' title="bbox 287 2472 1880 2552">
     <span class='ocr_line' id='line_1_39' title="bbox 287 2472 1880 2552; baseline 0.008 -28"><span class='ocrx_word' id='word_1_254' title='bbox 287 2472 401 2533; x_wconf 84' lang='grc' dir='ltr'><strong>τοῖς</strong></span> <span class='ocrx_word' id='word_1_255' title='bbox 454 2473 576 2525; x_wconf 85' lang='grc' dir='ltr'><strong>κατ’</strong></span> <span class='ocrx_word' id='word_1_256' title='bbox 640 2475 926 2544; x_wconf 74' lang='grc' dir='ltr'><strong>ἐνέργειαν</strong></span> <span class='ocrx_word' id='word_1_257' title='bbox 975 2479 1340 2549; x_wconf 80' lang='grc' dir='ltr'><strong>ἁμαρτήμασι</strong></span> <span class='ocrx_word' id='word_1_258' title='bbox 1391 2481 1880 2552; x_wconf 77' lang='grc' dir='ltr'><strong>τεταπεινωμένων</strong></span> 
     </span>
    </p>
   </div>
   <div class='ocr_carea' id='block_1_40' title="bbox 289 2562 1881 2643">
    <p class='ocr_par' dir='ltr' id='par_1_40' title="bbox 289 2562 1881 2643">
     <span class='ocr_line' id='line_1_40' title="bbox 289 2562 1881 2643; baseline 0.01 -29"><span class='ocrx_word' id='word_1_259' title='bbox 289 2562 558 2630; x_wconf 79' lang='grc' dir='ltr'><strong>(ταπεινοὶ</strong></span> <span class='ocrx_word' id='word_1_260' title='bbox 577 2563 688 2636; x_wconf 85' lang='grc' dir='ltr'><strong>γὰρ</strong></span> <span class='ocrx_word' id='word_1_261' title='bbox 735 2567 786 2619; x_wconf 74' lang='grc' dir='ltr'><strong>οἱ</strong></span> <span class='ocrx_word' id='word_1_262' title='bbox 829 2567 1123 2622; x_wconf 77' lang='grc' dir='ltr'><strong>Χαναναῖοι</strong></span> <span class='ocrx_word' id='word_1_263' title='bbox 1173 2571 1618 2643; x_wconf 83' lang='grc' dir='ltr'><strong>ἐρμηνεύονται),</strong></span> <span class='ocrx_word' id='word_1_264' title='bbox 1647 2573 1881 2630; x_wconf 82' lang='grc' dir='ltr'><strong>ἀπέδοτο</strong></span> 
     </span>
    </p>
   </div>
   <div class='ocr_carea' id='block_1_41' title="bbox 285 2651 1877 2734">
    <p class='ocr_par' dir='ltr' id='par_1_41' title="bbox 285 2651 1877 2734">
     <span class='ocr_line' id='line_1_41' title="bbox 285 2651 1877 2734; baseline 0.01 -31"><span class='ocrx_word' id='word_1_265' title='bbox 285 2651 498 2717; x_wconf 72' lang='grc' dir='ltr'><strong>τούτοις</strong></span> <span class='ocrx_word' id='word_1_266' title='bbox 525 2655 716 2722; x_wconf 80' lang='grc' dir='ltr'><strong>αὑτὰς,</strong></span> <span class='ocrx_word' id='word_1_267' title='bbox 751 2657 991 2734; x_wconf 75' lang='grc' dir='ltr'><strong>λαϐοῦσα</strong></span> <span class='ocrx_word' id='word_1_268' title='bbox 1024 2661 1086 2712; x_wconf 82' lang='grc' dir='ltr'><strong>τὸ</strong></span> <span class='ocrx_word' id='word_1_269' title='bbox 1117 2661 1518 2733; x_wconf 79' lang='grc' dir='ltr'><strong>ἐπιθυμητικὸν</strong></span> <span class='ocrx_word' id='word_1_270' title='bbox 1549 2664 1751 2731; x_wconf 83' lang='grc' dir='ltr'><strong>αὐτῶν,</strong></span> <span class='ocrx_word' id='word_1_271' title='bbox 1780 2666 1877 2719; x_wconf 76' lang='grc' dir='ltr'><strong>καὶ</strong></span> 
     </span>
    </p>
   </div>
   <div class='ocr_carea' id='block_1_42' title="bbox 283 2743 1236 2821">
    <p class='ocr_par' dir='ltr' id='par_1_42' title="bbox 283 2743 1236 2821">
     <span class='ocr_line' id='line_1_42' title="bbox 283 2743 1236 2821; baseline 0.008 -23"><span class='ocrx_word' id='word_1_272' title='bbox 283 2743 348 2798; x_wconf 71' lang='grc' dir='ltr'><strong>τὸ</strong></span> <span class='ocrx_word' id='word_1_273' title='bbox 385 2743 616 2814; x_wconf 77' lang='grc' dir='ltr'><strong>θυμικὸν</strong></span> <span class='ocrx_word' id='word_1_274' title='bbox 653 2748 734 2820; x_wconf 84' lang='grc' dir='ltr'><strong>τῷ</strong></span> <span class='ocrx_word' id='word_1_275' title='bbox 773 2747 916 2819; x_wconf 82' lang='grc' dir='ltr'><strong>λόγῳ</strong></span> <span class='ocrx_word' id='word_1_276' title='bbox 952 2750 1236 2821; x_wconf 84' lang='grc' dir='ltr'><strong>ἐπιπειθῆ.</strong></span> 
     </span>
    </p>
   </div>
   <div class='ocr_carea' id='block_1_43' title="bbox 355 2838 1938 2912">
    <p class='ocr_par' dir='ltr' id='par_1_43' title="bbox 355 2838 1938 2912">
     <span class='ocr_line' id='line_1_43' title="bbox 355 2838 1938 2912; baseline 0.004 -22"><span class='ocrx_word' id='word_1_277' title='bbox 355 2838 554 2904; x_wconf 80' lang='grc' dir='ltr'><strong>Στόμα</strong></span> <span class='ocrx_word' id='word_1_278' title='bbox 587 2838 658 2890; x_wconf 74' lang='grc' dir='ltr'><strong>δὲ</strong></span> <span class='ocrx_word' id='word_1_279' title='bbox 680 2838 873 2909; x_wconf 78' lang='grc' dir='ltr'><strong>αὐτῆς</strong></span> <span class='ocrx_word' id='word_1_280' title='bbox 909 2840 1177 2906; x_wconf 77' lang='grc' dir='ltr'><strong>διήνοιξε</strong></span> <span class='ocrx_word' id='word_1_281' title='bbox 1204 2845 1626 2912; x_wconf 77' lang='grc' dir='ltr'><strong>προσεχόντως</strong></span> <span class='ocrx_word' id='word_1_282' title='bbox 1654 2846 1753 2899; x_wconf 81' lang='grc' dir='ltr'><strong>καὶ</strong></span> <span class='ocrx_word' id='word_1_283' title='bbox 1778 2846 1877 2900; x_wconf 76' lang='grc' dir='ltr'><strong>ἐν·</strong></span> <span class='ocrx_word' id='word_1_284' title='bbox 1929 2889 1938 2897; x_wconf 96' lang='grc'><em>.</em></span> 
     </span>
    </p>
   </div>
   <div class='ocr_carea' id='block_1_44' title="bbox 283 2931 1870 3006">
    <p class='ocr_par' dir='ltr' id='par_1_44' title="bbox 283 2931 1870 3006">
     <span class='ocr_line' id='line_1_44' title="bbox 283 2931 1870 3006; baseline 0.007 -24"><span class='ocrx_word' id='word_1_285' title='bbox 283 2931 480 2996; x_wconf 76' lang='grc' dir='ltr'><strong>νόμως</strong></span> <span class='ocrx_word' id='word_1_286' title='bbox 499 2945 514 2962; x_wconf 88' lang='grc'><strong>·</strong></span> <span class='ocrx_word' id='word_1_287' title='bbox 563 2932 658 2986; x_wconf 78' lang='grc' dir='ltr'><strong>καὶ</strong></span> <span class='ocrx_word' id='word_1_288' title='bbox 705 2933 882 2998; x_wconf 76' lang='grc' dir='ltr'><strong>τάξιν</strong></span> <span class='ocrx_word' id='word_1_289' title='bbox 911 2931 1227 2990; x_wconf 74' lang='grc' dir='ltr'><strong>ἐστείλατο</strong></span> <span class='ocrx_word' id='word_1_290' title='bbox 1257 2936 1333 3004; x_wconf 81' lang='grc' dir='ltr'><strong>τῇ</strong></span> <span class='ocrx_word' id='word_1_291' title='bbox 1360 2937 1618 3006; x_wconf 70' lang='grc' dir='ltr'><strong>γλώσσῃ</strong></span> <span class='ocrx_word' id='word_1_292' title='bbox 1661 2937 1870 3006; x_wconf 80' lang='grc' dir='ltr'><strong>αὐτῆς.</strong></span> 
     </span>
    </p>
   </div>
   <div class='ocr_carea' id='block_1_45' title="bbox 284 3019 1872 3099">
    <p class='ocr_par' dir='ltr' id='par_1_45' title="bbox 284 3019 1872 3099">
     <span class='ocr_line' id='line_1_45' title="bbox 284 3019 1872 3099; baseline 0.008 -28"><span class='ocrx_word' id='word_1_293' title='bbox 284 3019 468 3090; x_wconf 85' lang='grc' dir='ltr'><strong>Στόμα</strong></span> <span class='ocrx_word' id='word_1_294' title='bbox 521 3022 584 3076; x_wconf 82' lang='grc' dir='ltr'><strong>τὸ</strong></span> <span class='ocrx_word' id='word_1_295' title='bbox 636 3025 868 3096; x_wconf 81' lang='grc' dir='ltr'><strong>ἐκφέρον</strong></span> <span class='ocrx_word' id='word_1_296' title='bbox 915 3026 984 3078; x_wconf 78' lang='grc' dir='ltr'><strong>τὰ</strong></span> <span class='ocrx_word' id='word_1_297' title='bbox 1017 3027 1220 3098; x_wconf 83' lang='grc' dir='ltr'><strong>ταύτης</strong></span> <span class='ocrx_word' id='word_1_298' title='bbox 1265 3029 1596 3099; x_wconf 81' lang='grc' dir='ltr'><strong>διδάγματα,</strong></span> <span class='ocrx_word' id='word_1_299' title='bbox 1631 3029 1872 3084; x_wconf 85' lang='grc' dir='ltr'><strong>ἐκώλυσε</strong></span> 
     </span>
    </p>
   </div>
   <div class='ocr_carea' id='block_1_46' title="bbox 286 3113 1869 3192">
    <p class='ocr_par' dir='ltr' id='par_1_46' title="bbox 286 3113 1869 3192">
     <span class='ocr_line' id='line_1_46' title="bbox 286 3113 1869 3192; baseline 0.008 -27"><span class='ocrx_word' id='word_1_300' title='bbox 286 3113 388 3183; x_wconf 84' lang='grc' dir='ltr'><strong>μὲν</strong></span> <span class='ocrx_word' id='word_1_301' title='bbox 421 3117 720 3187; x_wconf 84' lang='grc' dir='ltr'><strong>προφέρειν</strong></span> <span class='ocrx_word' id='word_1_302' title='bbox 746 3120 816 3172; x_wconf 83' lang='grc' dir='ltr'><strong>τὰ</strong></span> <span class='ocrx_word' id='word_1_303' title='bbox 847 3119 924 3183; x_wconf 80' lang='grc' dir='ltr'><strong>ὡς</strong></span> <span class='ocrx_word' id='word_1_304' title='bbox 957 3119 1116 3190; x_wconf 83' lang='grc' dir='ltr'><strong>ἔτυχε</strong></span> <span class='ocrx_word' id='word_1_305' title='bbox 1156 3123 1636 3192; x_wconf 85' lang='grc' dir='ltr'><strong>παρεμπίπτοντα,</strong></span> <span class='ocrx_word' id='word_1_306' title='bbox 1661 3125 1869 3178; x_wconf 86' lang='grc' dir='ltr'><strong>διέθετο</strong></span> 
     </span>
    </p>
   </div>
   <div class='ocr_carea' id='block_1_47' title="bbox 281 3203 1868 3281">
    <p class='ocr_par' dir='ltr' id='par_1_47' title="bbox 281 3203 1868 3281">
     <span class='ocr_line' id='line_1_47' title="bbox 281 3203 1868 3281; baseline 0.008 -25"><span class='ocrx_word' id='word_1_307' title='bbox 281 3203 339 3256; x_wconf 86' lang='grc' dir='ltr'><strong>δὲ</strong></span> <span class='ocrx_word' id='word_1_308' title='bbox 383 3205 452 3258; x_wconf 83' lang='grc' dir='ltr'><strong>τὰ</strong></span> <span class='ocrx_word' id='word_1_309' title='bbox 499 3206 594 3259; x_wconf 84' lang='grc' dir='ltr'><strong>τοῦ</strong></span> <span class='ocrx_word' id='word_1_310' title='bbox 643 3208 778 3262; x_wconf 83' lang='grc' dir='ltr'><strong>Θεοῦ</strong></span> <span class='ocrx_word' id='word_1_311' title='bbox 821 3211 1136 3281; x_wconf 78' lang='grc' dir='ltr'><strong>ἐντάλματα</strong></span> <span class='ocrx_word' id='word_1_312' title='bbox 1169 3211 1540 3281; x_wconf 82' lang='grc' dir='ltr'><strong>φθέγγεσθαι·</strong></span> <span class='ocrx_word' id='word_1_313' title='bbox 1571 3214 1868 3270; x_wconf 82' lang='grc' dir='ltr'><strong>κάντεῦθεν</strong></span> 
     </span>
    </p>
   </div>
   <div class='ocr_carea' id='block_1_48' title="bbox 281 3295 1865 3392">
    <p class='ocr_par' dir='ltr' id='par_1_48' title="bbox 281 3295 1865 3392">
     <span class='ocr_line' id='line_1_48' title="bbox 281 3295 1865 3392; baseline 0.008 -45"><span class='ocrx_word' id='word_1_314' title='bbox 281 3295 440 3360; x_wconf 75' lang='grc' dir='ltr'><strong>ἔταξε</strong></span> <span class='ocrx_word' id='word_1_315' title='bbox 491 3297 591 3392; x_wconf 50' lang='grc' dir='ltr'><strong>την</strong></span> <span class='ocrx_word' id='word_1_316' title='bbox 643 3300 890 3367; x_wconf 86' lang='grc' dir='ltr'><strong>γλῶτταν</strong></span> <span class='ocrx_word' id='word_1_317' title='bbox 945 3303 1132 3356; x_wconf 82' lang='grc' dir='ltr'><strong>λαλεῖν</strong></span> <span class='ocrx_word' id='word_1_318' title='bbox 1179 3304 1322 3357; x_wconf 83' lang='grc' dir='ltr'><strong>κατὰ</strong></span> <span class='ocrx_word' id='word_1_319' title='bbox 1360 3305 1550 3376; x_wconf 79' lang='grc' dir='ltr'><strong>καιρὸν</strong></span> <span class='ocrx_word' id='word_1_320' title='bbox 1587 3307 1657 3360; x_wconf 74' lang='grc' dir='ltr'><strong>τὰ</strong></span> <span class='ocrx_word' id='word_1_321' title='bbox 1695 3324 1865 3377; x_wconf 89' lang='grc' dir='ltr'><strong>προσ-</strong></span> 
     </span>
    </p>
   </div>
   <div class='ocr_carea' id='block_1_49' title="bbox 279 3387 504 3458">
    <p class='ocr_par' dir='ltr' id='par_1_49' title="bbox 279 3387 504 3458">
     <span class='ocr_line' id='line_1_49' title="bbox 279 3387 504 3458; baseline 0.009 -17"><span class='ocrx_word' id='word_1_322' title='bbox 279 3387 504 3458; x_wconf 86' lang='grc' dir='ltr'><strong>ήκοντα.</strong></span> 
     </span>
    </p>
   </div>
   <div class='ocr_carea' id='block_1_50' title="bbox 348 3482 1862 3549">
    <p class='ocr_par' dir='ltr' id='par_1_50' title="bbox 348 3482 1862 3549">
     <span class='ocr_line' id='line_1_50' title="bbox 348 3482 1862 3549; baseline 0.005 -15"><span class='ocrx_word' id='word_1_323' title='bbox 348 3487 448 3535; x_wconf 83' lang='grc' dir='ltr'><strong>κε’.</strong></span> <span class='ocrx_word' id='word_1_324' title='bbox 486 3482 698 3548; x_wconf 74' lang='grc' dir='ltr'><strong>’Ῑσχὺν</strong></span> <span class='ocrx_word' id='word_1_325' title='bbox 725 3482 824 3534; x_wconf 75' lang='grc' dir='ltr'><strong>καὶ</strong></span> <span class='ocrx_word' id='word_1_326' title='bbox 855 3484 1218 3548; x_wconf 77' lang='grc' dir='ltr'><strong>εὐπρέπειαν</strong></span> <span class='ocrx_word' id='word_1_327' title='bbox 1246 3484 1599 3549; x_wconf 77' lang='grc' dir='ltr'><strong>ἐνεδύσατο,</strong></span> <span class='ocrx_word' id='word_1_328' title='bbox 1632 3487 1734 3541; x_wconf 74' lang='grc' dir='ltr'><strong>καὶ</strong></span> <span class='ocrx_word' id='word_1_329' title='bbox 1763 3489 1862 3541; x_wconf 82' lang='grc' dir='ltr'><strong>εὐ-</strong></span> 
     </span>
    </p>
   </div>
   <div class='ocr_carea' id='block_1_51' title="bbox 277 3572 1862 3644">
    <p class='ocr_par' dir='ltr' id='par_1_51' title="bbox 277 3572 1862 3644">
     <span class='ocr_line' id='line_1_51' title="bbox 277 3572 1862 3644; baseline 0.003 -18"><span class='ocrx_word' id='word_1_330' title='bbox 277 3573 510 3642; x_wconf 71' lang='grc' dir='ltr'><strong>φράνθη</strong></span> <span class='ocrx_word' id='word_1_331' title='bbox 543 3574 612 3626; x_wconf 86' lang='grc' dir='ltr'><strong>ὲν</strong></span> <span class='ocrx_word' id='word_1_332' title='bbox 639 3572 888 3642; x_wconf 75' lang='grc' dir='ltr'><strong>’ἡμέραις</strong></span> <span class='ocrx_word' id='word_1_333' title='bbox 921 3573 1230 3640; x_wconf 77' lang='grc' dir='ltr'><strong>ἐσχάταις.</strong></span> <span class='ocrx_word' id='word_1_334' title='bbox 1272 3575 1512 3644; x_wconf 81' lang='grc' dir='ltr'><strong>Δύναμιν</strong></span> <span class='ocrx_word' id='word_1_335' title='bbox 1543 3577 1640 3629; x_wconf 75' lang='grc' dir='ltr'><strong>καὶ</strong></span> <span class='ocrx_word' id='word_1_336' title='bbox 1664 3577 1862 3642; x_wconf 86' lang='grc' dir='ltr'><strong>κάλλος</strong></span> 
     </span>
    </p>
   </div>
   <div class='ocr_carea' id='block_1_52' title="bbox 277 3663 1856 3739">
    <p class='ocr_par' dir='ltr' id='par_1_52' title="bbox 277 3663 1856 3739">
     <span class='ocr_line' id='line_1_52' title="bbox 277 3663 1856 3739; baseline 0.006 -24"><span class='ocrx_word' id='word_1_337' title='bbox 277 3663 656 3733; x_wconf 74' lang='grc' dir='ltr'><strong>περιεϐάλετο,</strong></span> <span class='ocrx_word' id='word_1_338' title='bbox 687 3664 810 3716; x_wconf 86' lang='grc' dir='ltr'><strong>καθ’</strong></span> <span class='ocrx_word' id='word_1_339' title='bbox 833 3665 948 3730; x_wconf 74' lang='grc' dir='ltr'><strong>ἕξιν</strong></span> <span class='ocrx_word' id='word_1_340' title='bbox 975 3663 1068 3718; x_wconf 85' lang='grc' dir='ltr'><strong>τοῦ</strong></span> <span class='ocrx_word' id='word_1_341' title='bbox 1091 3665 1300 3732; x_wconf 79' lang='grc' dir='ltr'><strong>ἀγαθοῦ</strong></span> <span class='ocrx_word' id='word_1_342' title='bbox 1323 3683 1408 3719; x_wconf 88' lang='grc' dir='ltr'><strong>νοε</strong></span> <span class='ocrx_word' id='word_1_343' title='bbox 1419 3667 1516 3737; x_wconf 78' lang='grc' dir='ltr'><strong>ράν</strong></span> <span class='ocrx_word' id='word_1_344' title='bbox 1535 3667 1633 3737; x_wconf 84' lang='grc' dir='ltr'><strong>τῆς</strong></span> <span class='ocrx_word' id='word_1_345' title='bbox 1655 3668 1856 3739; x_wconf 76' lang='grc' dir='ltr'><strong>ψυχῆς,</strong></span> 
     </span>
    </p>
   </div>
   <div class='ocr_carea' id='block_1_53' title="bbox 275 3754 1858 3830">
    <p class='ocr_par' dir='ltr' id='par_1_53' title="bbox 275 3754 1858 3830">
     <span class='ocr_line' id='line_1_53' title="bbox 275 3754 1858 3830; baseline 0.003 -21"><span class='ocrx_word' id='word_1_346' title='bbox 275 3756 372 3809; x_wconf 81' lang='grc' dir='ltr'><strong>καὶ</strong></span> <span class='ocrx_word' id='word_1_347' title='bbox 393 3757 452 3807; x_wconf 87' lang='grc' dir='ltr'><strong>ἐν</strong></span> <span class='ocrx_word' id='word_1_348' title='bbox 477 3771 542 3807; x_wconf 91' lang='grc' dir='ltr'><strong>σα</strong></span> <span class='ocrx_word' id='word_1_349' title='bbox 552 3754 645 3826; x_wconf 73' lang='grc' dir='ltr'><strong>ρκὶ</strong></span> <span class='ocrx_word' id='word_1_350' title='bbox 671 3755 950 3825; x_wconf 74' lang='grc' dir='ltr'><strong>ἐνέργειαν</strong></span> <span class='ocrx_word' id='word_1_351' title='bbox 965 3771 979 3786; x_wconf 77' lang='lat'>&#39;</span> <span class='ocrx_word' id='word_1_352' title='bbox 1004 3754 1206 3826; x_wconf 79' lang='grc' dir='ltr'><strong>σχοῦσα</strong></span> <span class='ocrx_word' id='word_1_353' title='bbox 1227 3755 1334 3828; x_wconf 89' lang='grc' dir='ltr'><strong>γὰρ</strong></span> <span class='ocrx_word' id='word_1_354' title='bbox 1357 3757 1496 3812; x_wconf 86' lang='grc' dir='ltr'><strong>κατὰ</strong></span> <span class='ocrx_word' id='word_1_355' title='bbox 1519 3758 1582 3811; x_wconf 82' lang='grc' dir='ltr'><strong>τὸ</strong></span> <span class='ocrx_word' id='word_1_356' title='bbox 1601 3761 1858 3830; x_wconf 85' lang='grc' dir='ltr'><strong>τριμερές</strong></span> 
     </span>
    </p>
   </div>
   <div class='ocr_carea' id='block_1_54' title="bbox 273 3845 1853 3921">
    <p class='ocr_par' dir='ltr' id='par_1_54' title="bbox 273 3845 1853 3921">
     <span class='ocr_line' id='line_1_54' title="bbox 273 3845 1853 3921; baseline 0.003 -21"><span class='ocrx_word' id='word_1_357' title='bbox 273 3847 374 3916; x_wconf 82' lang='grc' dir='ltr'><strong>τῆς</strong></span> <span class='ocrx_word' id='word_1_358' title='bbox 404 3845 588 3916; x_wconf 81' lang='grc' dir='ltr'><strong>ψυχῆς</strong></span> <span class='ocrx_word' id='word_1_359' title='bbox 617 3845 924 3899; x_wconf 79' lang='grc' dir='ltr'><strong>ἐνδιάθετον</strong></span> <span class='ocrx_word' id='word_1_360' title='bbox 951 3847 1012 3900; x_wconf 81' lang='grc' dir='ltr'><strong>τὸ</strong></span> <span class='ocrx_word' id='word_1_361' title='bbox 1041 3847 1268 3916; x_wconf 81' lang='grc' dir='ltr'><strong>ἀγαθὸν,</strong></span> <span class='ocrx_word' id='word_1_362' title='bbox 1304 3848 1608 3904; x_wconf 85' lang='grc' dir='ltr'><strong>ἐνδιάθετον</strong></span> <span class='ocrx_word' id='word_1_363' title='bbox 1633 3851 1690 3904; x_wconf 84' lang='grc' dir='ltr'><strong>δὲ</strong></span> <span class='ocrx_word' id='word_1_364' title='bbox 1716 3853 1853 3921; x_wconf 72' lang='grc' dir='ltr'><strong>ἀγαι-</strong></span> 
     </span>
    </p>
   </div>
   <div class='ocr_carea' id='block_1_55' title="bbox 273 3935 1854 4017">
    <p class='ocr_par' dir='ltr' id='par_1_55' title="bbox 273 3935 1854 4017">
     <span class='ocr_line' id='line_1_55' title="bbox 273 3935 1854 4017; baseline 0.004 -27"><span class='ocrx_word' id='word_1_365' title='bbox 273 3937 364 3990; x_wconf 75' lang='grc' dir='ltr'><strong>θὸν</strong></span> <span class='ocrx_word' id='word_1_366' title='bbox 394 3939 428 4006; x_wconf 86' lang='grc' dir='ltr'>ἠ</span> <span class='ocrx_word' id='word_1_367' title='bbox 463 3935 650 4000; x_wconf 79' lang='grc' dir='ltr'><strong>πίστις</strong></span> <span class='ocrx_word' id='word_1_368' title='bbox 676 3938 814 4002; x_wconf 72' lang='grc' dir='ltr'><strong>ἐστὶ,</strong></span> <span class='ocrx_word' id='word_1_369' title='bbox 848 3937 1056 4010; x_wconf 83' lang='grc' dir='ltr'><strong>ταύτην</strong></span> <span class='ocrx_word' id='word_1_370' title='bbox 1082 3939 1348 4009; x_wconf 83' lang='grc' dir='ltr'><strong>κέκτηται</strong></span> <span class='ocrx_word' id='word_1_371' title='bbox 1373 3940 1603 4012; x_wconf 77' lang='grc' dir='ltr'><strong>δύναμιν</strong></span> <span class='ocrx_word' id='word_1_372' title='bbox 1629 3944 1854 4017; x_wconf 80' lang='grc' dir='ltr'><strong>ἐνεργη-</strong></span> 
     </span>
    </p>
   </div>
   <div class='ocr_carea' id='block_1_56' title="bbox 271 4027 1852 4106">
    <p class='ocr_par' dir='ltr' id='par_1_56' title="bbox 271 4027 1852 4106">
     <span class='ocr_line' id='line_1_56' title="bbox 271 4027 1852 4106; baseline 0.004 -22"><span class='ocrx_word' id='word_1_373' title='bbox 271 4027 432 4094; x_wconf 76' lang='grc' dir='ltr'><strong>τικὴν</strong></span> <span class='ocrx_word' id='word_1_374' title='bbox 465 4029 522 4080; x_wconf 90' lang='grc' dir='ltr'><strong>ἐν</strong></span> <span class='ocrx_word' id='word_1_375' title='bbox 555 4027 793 4098; x_wconf 80' lang='grc' dir='ltr'><strong>σώματι,</strong></span> <span class='ocrx_word' id='word_1_376' title='bbox 829 4030 922 4082; x_wconf 88' lang='grc' dir='ltr'><strong>τοῦ</strong></span> <span class='ocrx_word' id='word_1_377' title='bbox 956 4031 1164 4102; x_wconf 80' lang='grc' dir='ltr'><strong>κόσμου</strong></span> <span class='ocrx_word' id='word_1_378' title='bbox 1191 4031 1302 4084; x_wconf 83' lang='grc' dir='ltr'><strong>τῶν</strong></span> <span class='ocrx_word' id='word_1_379' title='bbox 1333 4033 1566 4105; x_wconf 83' lang='grc' dir='ltr'><strong>ἀρετῶν,</strong></span> <span class='ocrx_word' id='word_1_380' title='bbox 1597 4036 1852 4106; x_wconf 87' lang='grc' dir='ltr'><strong>ἐνεργου-</strong></span> 
     </span>
    </p>
   </div>
   <div class='ocr_carea' id='block_1_57' title="bbox 274 4120 1846 4195">
    <p class='ocr_par' dir='ltr' id='par_1_57' title="bbox 274 4120 1846 4195">
     <span class='ocr_line' id='line_1_57' title="bbox 274 4120 1846 4195; baseline 0.006 -22"><span class='ocrx_word' id='word_1_381' title='bbox 274 4120 444 4191; x_wconf 84' lang='grc' dir='ltr'><strong>μένην</strong></span> <span class='ocrx_word' id='word_1_382' title='bbox 483 4121 690 4191; x_wconf 85' lang='grc' dir='ltr'><strong>ταύτην</strong></span> <span class='ocrx_word' id='word_1_383' title='bbox 715 4124 830 4184; x_wconf 84' lang='grc' dir='ltr'><strong>τοῖς</strong></span> <span class='ocrx_word' id='word_1_384' title='bbox 861 4122 1066 4176; x_wconf 82' lang='grc' dir='ltr'><strong>τούτων</strong></span> <span class='ocrx_word' id='word_1_385' title='bbox 1109 4123 1334 4195; x_wconf 85' lang='grc' dir='ltr'><strong>τρόποις</strong></span> <span class='ocrx_word' id='word_1_386' title='bbox 1379 4126 1808 4182; x_wconf 80' lang='grc' dir='ltr'><strong>ἀποδεικνύουσα</strong></span> <span class='ocrx_word' id='word_1_387' title='bbox 1832 4145 1846 4159; x_wconf 92' lang='grc'><strong>·</strong></span> 
     </span>
    </p>
   </div>
   <div class='ocr_carea' id='block_1_58' title="bbox 271 4206 1845 4287">
    <p class='ocr_par' dir='ltr' id='par_1_58' title="bbox 271 4206 1845 4287">
     <span class='ocr_line' id='line_1_58' title="bbox 271 4206 1845 4287; baseline 0.006 -23"><span class='ocrx_word' id='word_1_388' title='bbox 271 4209 570 4265; x_wconf 82' lang='grc' dir='ltr'><strong>κάντεῦθεν</strong></span> <span class='ocrx_word' id='word_1_389' title='bbox 615 4213 676 4265; x_wconf 86' lang='grc' dir='ltr'><strong>ἐν</strong></span> <span class='ocrx_word' id='word_1_390' title='bbox 717 4206 952 4266; x_wconf 80' lang='grc' dir='ltr'><strong>οἷστισιν</strong></span> <span class='ocrx_word' id='word_1_391' title='bbox 997 4212 1175 4278; x_wconf 75' lang='grc' dir='ltr'><strong>οὕτως</strong></span> <span class='ocrx_word' id='word_1_392' title='bbox 1227 4215 1398 4287; x_wconf 81' lang='grc' dir='ltr'><strong>αὐτὴν</strong></span> <span class='ocrx_word' id='word_1_393' title='bbox 1443 4217 1795 4274; x_wconf 77' lang='grc' dir='ltr'><strong>ἀποδεικνύει</strong></span> <span class='ocrx_word' id='word_1_394' title='bbox 1829 4261 1845 4287; x_wconf 86' lang='grc'><strong>,</strong></span> 
     </span>
    </p>
   </div>
   <div class='ocr_carea' id='block_1_59' title="bbox 223 1719 1879 1828">
    <p class='ocr_par' dir='ltr' id='par_1_59' title="bbox 223 1719 1879 1816">
     <span class='ocr_line' id='line_1_59' title="bbox 223 1719 1879 1816; baseline 0.007 -29"><span class='ocrx_word' id='word_1_395' title='bbox 223 1775 254 1802; x_wconf 60' lang='grc' dir='ltr'><strong><em>ρ</em></strong></span> <span class='ocrx_word' id='word_1_396' title='bbox 296 1737 562 1806; x_wconf 79' lang='grc' dir='ltr'><strong>ἐμπαθῶν</strong></span> <span class='ocrx_word' id='word_1_397' title='bbox 591 1740 868 1812; x_wconf 86' lang='grc' dir='ltr'><strong>λογισμῶν</strong></span> <span class='ocrx_word' id='word_1_398' title='bbox 897 1744 1196 1814; x_wconf 73' lang='grc' dir='ltr'><strong>εἰργάσατο</strong></span> <span class='ocrx_word' id='word_1_399' title='bbox 1239 1719 1562 1816; x_wconf 76' lang='grc' dir='ltr'><strong>περιϐόλαια</strong></span> <span class='ocrx_word' id='word_1_400' title='bbox 1584 1762 1596 1774; x_wconf 90' lang='grc'>·</span> <span class='ocrx_word' id='word_1_401' title='bbox 1636 1746 1732 1798; x_wconf 82' lang='grc' dir='ltr'><strong>καὶ</strong></span> <span class='ocrx_word' id='word_1_402' title='bbox 1770 1747 1879 1810; x_wconf 86' lang='grc' dir='ltr'><strong>τοῖς</strong></span> 
     </span>
    </p>
   </div>
   <div class='ocr_carea' id='block_1_60' title="bbox 1989 1719 3574 1828">
    <p class='ocr_par' dir='ltr' id='par_1_60' title="bbox 1989 1743 3574 1828">
     <span class='ocr_line' id='line_1_60' title="bbox 1989 1743 3574 1828; baseline 0.011 -30"><span class='ocrx_word' id='word_1_403' title='bbox 1989 1743 2224 1798; x_wconf 81' lang='lat' dir='ltr'><strong>coniecit</strong></span> <span class='ocrx_word' id='word_1_404' title='bbox 2263 1760 2439 1814; x_wconf 88' lang='lat' dir='ltr'><strong>eaque</strong></span> <span class='ocrx_word' id='word_1_405' title='bbox 2483 1747 2800 1806; x_wconf 88' lang='lat' dir='ltr'><strong>hominibus</strong></span> <span class='ocrx_word' id='word_1_406' title='bbox 2835 1760 2958 1808; x_wconf 90' lang='lat' dir='ltr'><strong>actu</strong></span> <span class='ocrx_word' id='word_1_407' title='bbox 3005 1758 3326 1825; x_wconf 82' lang='lat' dir='ltr'><strong>passionum</strong></span> <span class='ocrx_word' id='word_1_408' title='bbox 3361 1760 3574 1828; x_wconf 80' lang='lat' dir='ltr'><strong>liberis,</strong></span> 
     </span>
    </p>
   </div>
   <div class='ocr_carea' id='block_1_61' title="bbox 1984 1834 3574 1923">
    <p class='ocr_par' dir='ltr' id='par_1_61' title="bbox 1984 1834 3574 1923">
     <span class='ocr_line' id='line_1_61' title="bbox 1984 1834 3574 1923; baseline 0.013 -37"><span class='ocrx_word' id='word_1_409' title='bbox 1984 1834 2184 1890; x_wconf 75' lang='lat' dir='ltr'><strong>alfectu</strong></span> <span class='ocrx_word' id='word_1_410' title='bbox 2214 1851 2346 1892; x_wconf 88' lang='lat' dir='ltr'><strong>vero</strong></span> <span class='ocrx_word' id='word_1_411' title='bbox 2373 1839 2553 1894; x_wconf 88' lang='lat' dir='ltr'><strong>adhuc</strong></span> <span class='ocrx_word' id='word_1_412' title='bbox 2585 1843 2920 1906; x_wconf 76' lang='lat' dir='ltr'><strong>rubentibus</strong></span> <span class='ocrx_word' id='word_1_413' title='bbox 2965 1851 3228 1913; x_wconf 87' lang='lat' dir='ltr'><strong>vendidit,</strong></span> <span class='ocrx_word' id='word_1_414' title='bbox 3261 1855 3354 1923; x_wconf 90' lang='lat' dir='ltr'><strong>qui</strong></span> <span class='ocrx_word' id='word_1_415' title='bbox 3389 1855 3437 1906; x_wconf 90' lang='lat' dir='ltr'><strong>ei</strong></span> <span class='ocrx_word' id='word_1_416' title='bbox 3472 1858 3574 1909; x_wconf 70' lang='grc' dir='ltr'><strong>οξτ-</strong></span> 
     </span>
    </p>
   </div>
   <div class='ocr_carea' id='block_1_62' title="bbox 1979 1923 3572 2013">
    <p class='ocr_par' dir='ltr' id='par_1_62' title="bbox 1979 1923 3572 2013">
     <span class='ocr_line' id='line_1_62' title="bbox 1979 1923 3572 2013; baseline 0.013 -36"><span class='ocrx_word' id='word_1_417' title='bbox 1979 1923 2182 1994; x_wconf 87' lang='lat' dir='ltr'><strong>jiciunt</strong></span> <span class='ocrx_word' id='word_1_418' title='bbox 2247 1927 2391 1983; x_wconf 87' lang='lat' dir='ltr'><strong>hanc</strong></span> <span class='ocrx_word' id='word_1_419' title='bbox 2461 1931 2789 1988; x_wconf 84' lang='lat' dir='ltr'><strong>electionem</strong></span> <span class='ocrx_word' id='word_1_420' title='bbox 2834 1952 2940 2006; x_wconf 89' lang='lat' dir='ltr'><strong>qua</strong></span> <span class='ocrx_word' id='word_1_421' title='bbox 3017 1943 3320 1996; x_wconf 67' lang='lat' dir='ltr'><strong>exercitum</strong></span> <span class='ocrx_word' id='word_1_422' title='bbox 3362 1948 3572 2013; x_wconf 83' lang='lat' dir='ltr'><strong>passin-</strong></span> 
     </span>
    </p>
   </div>
   <div class='ocr_carea' id='block_1_63' title="bbox 1983 2023 3568 2100">
    <p class='ocr_par' dir='ltr' id='par_1_63' title="bbox 1983 2023 3568 2100">
     <span class='ocr_line' id='line_1_63' title="bbox 1983 2023 3568 2100; baseline 0.014 -30"><span class='ocrx_word' id='word_1_423' title='bbox 1983 2032 2116 2070; x_wconf 92' lang='lat' dir='ltr'><strong>num</strong></span> <span class='ocrx_word' id='word_1_424' title='bbox 2149 2028 2574 2088; x_wconf 87' lang='lat' dir='ltr'><strong>superaverunt.</strong></span> <span class='ocrx_word' id='word_1_425' title='bbox 2608 2023 3014 2081; x_wconf 88' lang='lat' dir='ltr'><strong>Continentiam</strong></span> <span class='ocrx_word' id='word_1_426' title='bbox 3052 2042 3105 2084; x_wconf 88' lang='lat' dir='ltr'><strong>et</strong></span> <span class='ocrx_word' id='word_1_427' title='bbox 3147 2033 3466 2100; x_wconf 82' lang='lat' dir='ltr'><strong>patientiam</strong></span> <span class='ocrx_word' id='word_1_428' title='bbox 3503 2039 3568 2092; x_wconf 72' lang='lat' dir='ltr'><strong>:zd</strong></span> 
     </span>
    </p>
   </div>
   <div class='ocr_carea' id='block_1_64' title="bbox 1983 2107 3570 2191">
    <p class='ocr_par' dir='ltr' id='par_1_64' title="bbox 1983 2107 3570 2191">
     <span class='ocr_line' id='line_1_64' title="bbox 1983 2107 3570 2191; baseline 0.015 -32"><span class='ocrx_word' id='word_1_429' title='bbox 1983 2107 2149 2161; x_wconf 87' lang='lat' dir='ltr'><strong>vitam</strong></span> <span class='ocrx_word' id='word_1_430' title='bbox 2179 2109 2234 2162; x_wconf 90' lang='lat' dir='ltr'><strong>in</strong></span> <span class='ocrx_word' id='word_1_431' title='bbox 2268 2109 2380 2164; x_wconf 90' lang='lat' dir='ltr'><strong>Deo</strong></span> <span class='ocrx_word' id='word_1_432' title='bbox 2411 2127 2661 2182; x_wconf 84' lang='lat' dir='ltr'><strong>asperam</strong></span> <span class='ocrx_word' id='word_1_433' title='bbox 2697 2120 3061 2184; x_wconf 85' lang='lat' dir='ltr'><strong>necessarias,</strong></span> <span class='ocrx_word' id='word_1_434' title='bbox 3089 2125 3291 2191; x_wconf 86' lang='lat' dir='ltr'><strong>quibus</strong></span> <span class='ocrx_word' id='word_1_435' title='bbox 3311 2111 3570 2182; x_wconf 84' lang='lat' dir='ltr'><strong>munitur</strong></span> 
     </span>
    </p>
   </div>
   <div class='ocr_carea' id='block_1_65' title="bbox 1981 2203 3566 2284">
    <p class='ocr_par' dir='ltr' id='par_1_65' title="bbox 1981 2203 3566 2284">
     <span class='ocr_line' id='line_1_65' title="bbox 1981 2203 3566 2284; baseline 0.015 -32"><span class='ocrx_word' id='word_1_436' title='bbox 1981 2215 2112 2269; x_wconf 87' lang='lat' dir='ltr'><strong>pars</strong></span> <span class='ocrx_word' id='word_1_437' title='bbox 2157 2203 2355 2258; x_wconf 71' lang='lat' dir='ltr'><strong>anima:</strong></span> <span class='ocrx_word' id='word_1_438' title='bbox 2387 2206 2748 2274; x_wconf 85' lang='lat' dir='ltr'><strong>‘passiouibus</strong></span> <span class='ocrx_word' id='word_1_439' title='bbox 2791 2212 2997 2280; x_wconf 79' lang='lat' dir='ltr'><strong>dedita,</strong></span> <span class='ocrx_word' id='word_1_440' title='bbox 3029 2216 3282 2284; x_wconf 83' lang='lat' dir='ltr'><strong>producit</strong></span> <span class='ocrx_word' id='word_1_441' title='bbox 3309 2221 3468 2274; x_wconf 87' lang='lat' dir='ltr'><strong>etiam</strong></span> <span class='ocrx_word' id='word_1_442' title='bbox 3497 2223 3566 2276; x_wconf 81' lang='lat' dir='ltr'><strong>ad</strong></span> 
     </span>
    </p>
   </div>
   <div class='ocr_carea' id='block_1_66' title="bbox 1982 2291 3568 2376">
    <p class='ocr_par' dir='ltr' id='par_1_66' title="bbox 1982 2291 3568 2376">
     <span class='ocr_line' id='line_1_66' title="bbox 1982 2291 3568 2376; baseline 0.012 -33"><span class='ocrx_word' id='word_1_443' title='bbox 1982 2291 2320 2348; x_wconf 82' lang='lat' dir='ltr'><strong>voluntatem</strong></span> <span class='ocrx_word' id='word_1_444' title='bbox 2358 2297 2660 2364; x_wconf 86' lang='lat' dir='ltr'><strong>sapientem</strong></span> <span class='ocrx_word' id='word_1_445' title='bbox 2703 2301 2985 2358; x_wconf 85' lang='lat' dir='ltr'><strong>hominum</strong></span> <span class='ocrx_word' id='word_1_446' title='bbox 3029 2307 3147 2362; x_wconf 89' lang='lat' dir='ltr'><strong>suis</strong></span> <span class='ocrx_word' id='word_1_447' title='bbox 3185 2311 3426 2376; x_wconf 84' lang='lat' dir='ltr'><strong>peccatis</strong></span> <span class='ocrx_word' id='word_1_448' title='bbox 3466 2312 3568 2366; x_wconf 76' lang='lat' dir='ltr'><strong>bu-</strong></span> 
     </span>
    </p>
   </div>
   <div class='ocr_carea' id='block_1_67' title="bbox 1981 2384 3565 2471">
    <p class='ocr_par' dir='ltr' id='par_1_67' title="bbox 1981 2384 3565 2471">
     <span class='ocr_line' id='line_1_67' title="bbox 1981 2384 3565 2471; baseline 0.013 -35"><span class='ocrx_word' id='word_1_449' title='bbox 1981 2384 2319 2442; x_wconf 86' lang='lat' dir='ltr'><strong>miliatorum</strong></span> <span class='ocrx_word' id='word_1_450' title='bbox 2350 2387 2607 2459; x_wconf 88' lang='lat' dir='ltr'><strong>(humiles</strong></span> <span class='ocrx_word' id='word_1_451' title='bbox 2633 2393 2780 2448; x_wconf 90' lang='lat' dir='ltr'><strong>enim</strong></span> <span class='ocrx_word' id='word_1_452' title='bbox 2814 2395 3063 2451; x_wconf 80' lang='lat' dir='ltr'><strong>feruntur</strong></span> <span class='ocrx_word' id='word_1_453' title='bbox 3089 2398 3413 2471; x_wconf 67' lang='lat' dir='ltr'><strong>Chananaei)</strong></span> <span class='ocrx_word' id='word_1_454' title='bbox 3454 2407 3565 2456; x_wconf 81' lang='lat' dir='ltr'><strong>eis-</strong></span> 
     </span>
    </p>
   </div>
   <div class='ocr_carea' id='block_1_68' title="bbox 1981 2476 3564 2561">
    <p class='ocr_par' dir='ltr' id='par_1_68' title="bbox 1981 2476 3564 2561">
     <span class='ocr_line' id='line_1_68' title="bbox 1981 2476 3564 2561; baseline 0.014 -34"><span class='ocrx_word' id='word_1_455' title='bbox 1981 2490 2088 2544; x_wconf 87' lang='lat' dir='ltr'><strong>que</strong></span> <span class='ocrx_word' id='word_1_456' title='bbox 2141 2476 2266 2533; x_wconf 86' lang='lat' dir='ltr'><strong>iltas</strong></span> <span class='ocrx_word' id='word_1_457' title='bbox 2309 2478 2534 2536; x_wconf 88' lang='lat' dir='ltr'><strong>donavit</strong></span> <span class='ocrx_word' id='word_1_458' title='bbox 2583 2483 2867 2542; x_wconf 81' lang='lat' dir='ltr'><strong>confectas</strong></span> <span class='ocrx_word' id='word_1_459' title='bbox 2909 2503 2976 2544; x_wconf 80' lang='lat' dir='ltr'><strong>ex</strong></span> <span class='ocrx_word' id='word_1_460' title='bbox 3031 2489 3337 2561; x_wconf 88' lang='lat' dir='ltr'><strong>cupiditate</strong></span> <span class='ocrx_word' id='word_1_461' title='bbox 3373 2501 3430 2548; x_wconf 89' lang='lat' dir='ltr'><strong>et</strong></span> <span class='ocrx_word' id='word_1_462' title='bbox 3479 2494 3564 2550; x_wconf 86' lang='lat' dir='ltr'><strong>ira</strong></span> 
     </span>
    </p>
   </div>
   <div class='ocr_carea' id='block_1_69' title="bbox 1983 2567 2504 2641">
    <p class='ocr_par' dir='ltr' id='par_1_69' title="bbox 1983 2567 2504 2641">
     <span class='ocr_line' id='line_1_69' title="bbox 1983 2567 2504 2641; baseline 0.008 -18"><span class='ocrx_word' id='word_1_463' title='bbox 1983 2567 2180 2624; x_wconf 84' lang='lat' dir='ltr'><strong>rationi</strong></span> <span class='ocrx_word' id='word_1_464' title='bbox 2213 2571 2504 2641; x_wconf 87' lang='lat' dir='ltr'><strong>subjectis.</strong></span> 
     </span>
    </p>
   </div>
   <div class='ocr_carea' id='block_1_70' title="bbox 2052 2829 3558 2912">
    <p class='ocr_par' dir='ltr' id='par_1_70' title="bbox 2052 2829 3558 2912">
     <span class='ocr_line' id='line_1_70' title="bbox 2052 2829 3558 2912; baseline 0.011 -27"><span class='ocrx_word' id='word_1_465' title='bbox 2052 2829 2123 2885; x_wconf 88' lang='lat' dir='ltr'><strong>Os</strong></span> <span class='ocrx_word' id='word_1_466' title='bbox 2169 2843 2320 2885; x_wconf 83' lang='lat' dir='ltr'><strong>suum</strong></span> <span class='ocrx_word' id='word_1_467' title='bbox 2370 2835 2820 2902; x_wconf 76' lang='lat' dir='ltr'><strong>aperuit&#39;altente</strong></span> <span class='ocrx_word' id='word_1_468' title='bbox 2863 2849 2912 2894; x_wconf 86' lang='lat' dir='ltr'><strong>et</strong></span> <span class='ocrx_word' id='word_1_469' title='bbox 2958 2841 3275 2912; x_wconf 83' lang='lat' dir='ltr'><strong>Iegitime,et</strong></span> <span class='ocrx_word' id='word_1_470' title='bbox 3322 2847 3558 2902; x_wconf 77' lang='lat' dir='ltr'><strong>ordinem</strong></span> 
     </span>
    </p>
   </div>
   <div class='ocr_carea' id='block_1_71' title="bbox 1976 2922 3560 3005">
    <p class='ocr_par' dir='ltr' id='par_1_71' title="bbox 1976 2922 3560 3005">
     <span class='ocr_line' id='line_1_71' title="bbox 1976 2922 3560 3005; baseline 0.011 -32"><span class='ocrx_word' id='word_1_471' title='bbox 1976 2922 2150 2992; x_wconf 78' lang='lat' dir='ltr'><strong>posuit</strong></span> <span class='ocrx_word' id='word_1_472' title='bbox 2185 2923 2380 2994; x_wconf 65' lang='lat' dir='ltr'><strong>linguis</strong></span> <span class='ocrx_word' id='word_1_473' title='bbox 2418 2941 2548 2980; x_wconf 72' lang='lat' dir='ltr'><strong>sum.</strong></span> <span class='ocrx_word' id='word_1_474' title='bbox 2590 2925 2684 2982; x_wconf 93' lang='lat' dir='ltr'><strong>Ori</strong></span> <span class='ocrx_word' id='word_1_475' title='bbox 2730 2947 2841 2999; x_wconf 90' lang='lat' dir='ltr'><strong>quo</strong></span> <span class='ocrx_word' id='word_1_476' title='bbox 2893 2935 3132 3001; x_wconf 82' lang='lat' dir='ltr'><strong>cogitata</strong></span> <span class='ocrx_word' id='word_1_477' title='bbox 3179 2935 3560 3005; x_wconf 74' lang='lat' dir='ltr'><strong>proferuntur,</strong></span> 
     </span>
    </p>
   </div>
   <div class='ocr_carea' id='block_1_72' title="bbox 1978 3014 3556 3099">
    <p class='ocr_par' dir='ltr' id='par_1_72' title="bbox 1978 3014 3556 3099">
     <span class='ocr_line' id='line_1_72' title="bbox 1978 3014 3556 3099; baseline 0.01 -33"><span class='ocrx_word' id='word_1_478' title='bbox 1978 3029 2044 3068; x_wconf 90' lang='lat' dir='ltr'><strong>ne</strong></span> <span class='ocrx_word' id='word_1_479' title='bbox 2080 3014 2350 3084; x_wconf 78' lang='lat' dir='ltr'><strong>quidquid</strong></span> <span class='ocrx_word' id='word_1_480' title='bbox 2390 3032 2449 3074; x_wconf 87' lang='lat' dir='ltr'><strong>se</strong></span> <span class='ocrx_word' id='word_1_481' title='bbox 2487 3019 2783 3078; x_wconf 88' lang='lat' dir='ltr'><strong>obtulisset</strong></span> <span class='ocrx_word' id='word_1_482' title='bbox 2828 3025 3417 3096; x_wconf 77' lang='lat' dir='ltr'><strong>prodiret,proliilmit;</strong></span> <span class='ocrx_word' id='word_1_483' title='bbox 3445 3030 3556 3099; x_wconf 68' lang='lat' dir='ltr'><strong>jus-</strong></span> 
     </span>
    </p>
   </div>
   <div class='ocr_carea' id='block_1_73' title="bbox 1977 3101 3554 3184">
    <p class='ocr_par' dir='ltr' id='par_1_73' title="bbox 1977 3101 3554 3184">
     <span class='ocr_line' id='line_1_73' title="bbox 1977 3101 3554 3184; baseline 0.009 -28"><span class='ocrx_word' id='word_1_484' title='bbox 1977 3101 2082 3172; x_wconf 92' lang='lat' dir='ltr'><strong>sitq</strong></span> <span class='ocrx_word' id='word_1_485' title='bbox 2095 3118 2159 3156; x_wconf 88' lang='lat' dir='ltr'><strong>uc</strong></span> <span class='ocrx_word' id='word_1_486' title='bbox 2177 3103 2283 3168; x_wconf 88' lang='lat' dir='ltr'><strong>Dei</strong></span> <span class='ocrx_word' id='word_1_487' title='bbox 2320 3107 2574 3170; x_wconf 82' lang='lat' dir='ltr'><strong>mandata</strong></span> <span class='ocrx_word' id='word_1_488' title='bbox 2602 3109 2780 3179; x_wconf 85' lang='lat' dir='ltr'><strong>loqui,</strong></span> <span class='ocrx_word' id='word_1_489' title='bbox 2817 3111 3010 3180; x_wconf 86' lang='lat' dir='ltr'><strong>sicque</strong></span> <span class='ocrx_word' id='word_1_490' title='bbox 3037 3113 3277 3184; x_wconf 81' lang='lat' dir='ltr'><strong>linguam</strong></span> <span class='ocrx_word' id='word_1_491' title='bbox 3304 3115 3554 3170; x_wconf 81' lang='lat' dir='ltr'><strong>decentia</strong></span> 
     </span>
    </p>
   </div>
   <div class='ocr_carea' id='block_1_74' title="bbox 1975 3200 2962 3267">
    <p class='ocr_par' dir='ltr' id='par_1_74' title="bbox 1975 3200 2962 3267">
     <span class='ocr_line' id='line_1_74' title="bbox 1975 3200 2962 3267; baseline 0.01 -19"><span class='ocrx_word' id='word_1_492' title='bbox 1975 3203 2284 3264; x_wconf 82' lang='lat' dir='ltr'><strong>Opportune</strong></span> <span class='ocrx_word' id='word_1_493' title='bbox 2315 3200 2675 3267; x_wconf 85' lang='lat' dir='ltr'><strong>pronuntiare</strong></span> <span class='ocrx_word' id='word_1_494' title='bbox 2704 3200 2962 3258; x_wconf 81' lang='lat' dir='ltr'><strong>erudivit.</strong></span> 
     </span>
    </p>
   </div>
   <div class='ocr_carea' id='block_1_75' title="bbox 2043 3478 3548 3564">
    <p class='ocr_par' dir='ltr' id='par_1_75' title="bbox 2043 3478 3548 3564">
     <span class='ocr_line' id='line_1_75' title="bbox 2043 3478 3548 3564; baseline 0.016 -31"><span class='ocrx_word' id='word_1_495' title='bbox 2043 3478 2212 3536; x_wconf 72' lang='lat' dir='ltr'><strong>Vens.</strong></span> <span class='ocrx_word' id='word_1_496' title='bbox 2239 3482 2332 3537; x_wconf 71' lang='lat'><strong>9.5.</strong></span> <span class='ocrx_word' id='word_1_497' title='bbox 2365 3481 2768 3544; x_wconf 81' lang='lat' dir='ltr'><strong>Fortitudinem</strong></span> <span class='ocrx_word' id='word_1_498' title='bbox 2803 3499 2852 3546; x_wconf 85' lang='lat' dir='ltr'><strong>et</strong></span> <span class='ocrx_word' id='word_1_499' title='bbox 2881 3493 3120 3550; x_wconf 71' lang='lat' dir='ltr'><strong>deserent</strong></span> <span class='ocrx_word' id='word_1_500' title='bbox 3151 3498 3341 3564; x_wconf 76' lang='lat' dir='ltr'><strong>induit,</strong></span> <span class='ocrx_word' id='word_1_501' title='bbox 3371 3509 3422 3554; x_wconf 79' lang='lat' dir='ltr'><strong>et</strong></span> <span class='ocrx_word' id='word_1_502' title='bbox 3450 3501 3548 3556; x_wconf 73' lang='lat' dir='ltr'><strong>lte-</strong></span> 
     </span>
    </p>
   </div>
   <div class='ocr_carea' id='block_1_76' title="bbox 1973 3575 3548 3662">
    <p class='ocr_par' dir='ltr' id='par_1_76' title="bbox 1973 3575 3548 3662">
     <span class='ocr_line' id='line_1_76' title="bbox 1973 3575 3548 3662; baseline 0.015 -39"><span class='ocrx_word' id='word_1_503' title='bbox 1973 3579 2088 3626; x_wconf 84' lang='lat' dir='ltr'><strong>tata</strong></span> <span class='ocrx_word' id='word_1_504' title='bbox 2115 3582 2194 3628; x_wconf 85' lang='lat' dir='ltr'><strong>est</strong></span> <span class='ocrx_word' id='word_1_505' title='bbox 2223 3575 2278 3628; x_wconf 88' lang='lat' dir='ltr'><strong>in</strong></span> <span class='ocrx_word' id='word_1_506' title='bbox 2305 3575 2488 3630; x_wconf 87' lang='lat' dir='ltr'><strong>diebus</strong></span> <span class='ocrx_word' id='word_1_507' title='bbox 2513 3581 2836 3652; x_wconf 67' lang='lat' dir='ltr'><strong>novissimis.</strong></span> <span class='ocrx_word' id='word_1_508' title='bbox 2863 3584 3194 3643; x_wconf 88' lang='lat' dir='ltr'><strong>Potestatem</strong></span> <span class='ocrx_word' id='word_1_509' title='bbox 3221 3600 3278 3644; x_wconf 92' lang='lat' dir='ltr'><strong>ct</strong></span> <span class='ocrx_word' id='word_1_510' title='bbox 3305 3593 3548 3662; x_wconf 87' lang='lat' dir='ltr'><strong>pulchri-</strong></span> 
     </span>
    </p>
   </div>
   <div class='ocr_carea' id='block_1_77' title="bbox 1969 3665 3548 3755">
    <p class='ocr_par' dir='ltr' id='par_1_77' title="bbox 1969 3665 3548 3755">
     <span class='ocr_line' id='line_1_77' title="bbox 1969 3665 3548 3755; baseline 0.012 -37"><span class='ocrx_word' id='word_1_511' title='bbox 1969 3665 2214 3722; x_wconf 81' lang='lat' dir='ltr'><strong>tudinem</strong></span> <span class='ocrx_word' id='word_1_512' title='bbox 2254 3667 2434 3724; x_wconf 88' lang='lat' dir='ltr'><strong>induit</strong></span> <span class='ocrx_word' id='word_1_513' title='bbox 2467 3685 2563 3739; x_wconf 90' lang='lat' dir='ltr'><strong>per</strong></span> <span class='ocrx_word' id='word_1_514' title='bbox 2591 3687 2832 3729; x_wconf 85' lang='lat' dir='ltr'><strong>amorem</strong></span> <span class='ocrx_word' id='word_1_515' title='bbox 2873 3671 2996 3730; x_wconf 82' lang='lat' dir='ltr'><strong>boni</strong></span> <span class='ocrx_word' id='word_1_516' title='bbox 3038 3679 3092 3734; x_wconf 88' lang='lat' dir='ltr'><strong>iu</strong></span> <span class='ocrx_word' id='word_1_517' title='bbox 3127 3691 3330 3745; x_wconf 85' lang='lat' dir='ltr'><strong>mente,</strong></span> <span class='ocrx_word' id='word_1_518' title='bbox 3361 3696 3414 3737; x_wconf 89' lang='lat' dir='ltr'><strong>et</strong></span> <span class='ocrx_word' id='word_1_519' title='bbox 3449 3701 3548 3755; x_wconf 76' lang='lat' dir='ltr'><strong>per</strong></span> 
     </span>
    </p>
   </div>
   <div class='ocr_carea' id='block_1_78' title="bbox 1966 3759 3542 3834">
    <p class='ocr_par' dir='ltr' id='par_1_78' title="bbox 1966 3759 3542 3834">
     <span class='ocr_line' id='line_1_78' title="bbox 1966 3759 3542 3834; baseline 0.013 -22"><span class='ocrx_word' id='word_1_520' title='bbox 1966 3759 2419 3814; x_wconf 81' lang='lat' dir='ltr'><strong>exercitationem</strong></span> <span class='ocrx_word' id='word_1_521' title='bbox 2478 3763 2531 3816; x_wconf 89' lang='lat' dir='ltr'><strong>in</strong></span> <span class='ocrx_word' id='word_1_522' title='bbox 2581 3778 2833 3834; x_wconf 87' lang='lat' dir='ltr'><strong>corpore.</strong></span> <span class='ocrx_word' id='word_1_523' title='bbox 2879 3767 3092 3826; x_wconf 87' lang='lat' dir='ltr'><strong>Etenim</strong></span> <span class='ocrx_word' id='word_1_524' title='bbox 3129 3787 3252 3826; x_wconf 92' lang='lat' dir='ltr'><strong>cum</strong></span> <span class='ocrx_word' id='word_1_525' title='bbox 3300 3774 3354 3828; x_wconf 93' lang='lat' dir='ltr'><strong>in</strong></span> <span class='ocrx_word' id='word_1_526' title='bbox 3398 3777 3542 3832; x_wconf 88' lang='lat' dir='ltr'><strong>trina</strong></span> 
     </span>
    </p>
   </div>
   <div class='ocr_carea' id='block_1_79' title="bbox 1964 3845 3540 3927">
    <p class='ocr_par' dir='ltr' id='par_1_79' title="bbox 1964 3845 3540 3927">
     <span class='ocr_line' id='line_1_79' title="bbox 1964 3845 3540 3927; baseline 0.011 -23"><span class='ocrx_word' id='word_1_527' title='bbox 1964 3845 2156 3904; x_wconf 83' lang='lat' dir='ltr'><strong>anima</strong></span> <span class='ocrx_word' id='word_1_528' title='bbox 2179 3851 2252 3906; x_wconf 87' lang='lat' dir='ltr'><strong>sit</strong></span> <span class='ocrx_word' id='word_1_529' title='bbox 2277 3851 2484 3908; x_wconf 85' lang='lat' dir='ltr'><strong>bonum</strong></span> <span class='ocrx_word' id='word_1_530' title='bbox 2509 3854 2754 3910; x_wconf 84' lang='lat' dir='ltr'><strong>innatum</strong></span> <span class='ocrx_word' id='word_1_531' title='bbox 2797 3859 2871 3927; x_wconf 89' lang='lat' dir='ltr'><strong>(et</strong></span> <span class='ocrx_word' id='word_1_532' title='bbox 2897 3859 3028 3913; x_wconf 87' lang='lat' dir='ltr'><strong>illud</strong></span> <span class='ocrx_word' id='word_1_533' title='bbox 3051 3862 3254 3916; x_wconf 90' lang='lat' dir='ltr'><strong>bonum</strong></span> <span class='ocrx_word' id='word_1_534' title='bbox 3290 3864 3540 3922; x_wconf 86' lang='lat' dir='ltr'><strong>innatum</strong></span> 
     </span>
    </p>
   </div>
   <div class='ocr_carea' id='block_1_80' title="bbox 1963 3942 3540 4024">
    <p class='ocr_par' dir='ltr' id='par_1_80' title="bbox 1963 3942 3540 4024">
     <span class='ocr_line' id='line_1_80' title="bbox 1963 3942 3540 4024; baseline 0.01 -27"><span class='ocrx_word' id='word_1_535' title='bbox 1963 3942 2099 3999; x_wconf 80' lang='lat' dir='ltr'><strong>ﬁdes</strong></span> <span class='ocrx_word' id='word_1_536' title='bbox 2130 3944 2260 4013; x_wconf 87' lang='lat' dir='ltr'><strong>est),</strong></span> <span class='ocrx_word' id='word_1_537' title='bbox 2293 3945 2436 4004; x_wconf 83' lang='lat' dir='ltr'><strong>hanc</strong></span> <span class='ocrx_word' id='word_1_538' title='bbox 2483 3949 2784 4016; x_wconf 86' lang='lat' dir='ltr'><strong>potentiam</strong></span> <span class='ocrx_word' id='word_1_539' title='bbox 2819 3951 3056 4006; x_wconf 84' lang='lat' dir='ltr'><strong>assumit</strong></span> <span class='ocrx_word' id='word_1_540' title='bbox 3093 3952 3164 4008; x_wconf 85' lang='lat' dir='ltr'><strong>ad</strong></span> <span class='ocrx_word' id='word_1_541' title='bbox 3203 3958 3540 4024; x_wconf 75' lang='lat' dir='ltr'><strong>operandam</strong></span> 
     </span>
    </p>
   </div>
   <div class='ocr_carea' id='block_1_81' title="bbox 1960 4035 3540 4118">
    <p class='ocr_par' dir='ltr' id='par_1_81' title="bbox 1960 4035 3540 4118">
     <span class='ocr_line' id='line_1_81' title="bbox 1960 4035 3540 4118; baseline 0.009 -29"><span class='ocrx_word' id='word_1_542' title='bbox 1960 4035 2016 4090; x_wconf 88' lang='lat' dir='ltr'><strong>in</strong></span> <span class='ocrx_word' id='word_1_543' title='bbox 2064 4051 2300 4106; x_wconf 89' lang='lat' dir='ltr'><strong>corpore</strong></span> <span class='ocrx_word' id='word_1_544' title='bbox 2349 4039 2760 4108; x_wconf 78' lang='lat' dir='ltr'><strong>pulcherrimas</strong></span> <span class='ocrx_word' id='word_1_545' title='bbox 2801 4042 3056 4112; x_wconf 81' lang='lat' dir='ltr'><strong>virtutes,</strong></span> <span class='ocrx_word' id='word_1_546' title='bbox 3108 4057 3540 4118; x_wconf 81' lang='lat' dir='ltr'><strong>nperantemque</strong></span> 
     </span>
    </p>
   </div>
   <div class='ocr_carea' id='block_1_82' title="bbox 1959 4127 3536 4205">
    <p class='ocr_par' dir='ltr' id='par_1_82' title="bbox 1959 4127 3536 4205">
     <span class='ocr_line' id='line_1_82' title="bbox 1959 4127 3536 4205; baseline 0.009 -25"><span class='ocrx_word' id='word_1_547' title='bbox 1959 4127 2124 4184; x_wconf 80' lang='lat' dir='ltr'><strong>factis</strong></span> <span class='ocrx_word' id='word_1_548' title='bbox 2149 4129 2412 4186; x_wconf 81' lang='lat' dir='ltr'><strong>ostendit.</strong></span> <span class='ocrx_word' id='word_1_549' title='bbox 2445 4128 2618 4196; x_wconf 83' lang='lat' dir='ltr'><strong>Quam</strong></span> <span class='ocrx_word' id='word_1_550' title='bbox 2648 4133 2696 4188; x_wconf 89' lang='lat' dir='ltr'><strong>si</strong></span> <span class='ocrx_word' id='word_1_551' title='bbox 2717 4133 2862 4203; x_wconf 85' lang='lat' dir='ltr'><strong>apud</strong></span> <span class='ocrx_word' id='word_1_552' title='bbox 2892 4137 3187 4192; x_wconf 86' lang='lat' dir='ltr'><strong>nonnullos</strong></span> <span class='ocrx_word' id='word_1_553' title='bbox 3209 4140 3536 4205; x_wconf 80' lang='lat' dir='ltr'><strong>ostenderit,</strong></span> 
     </span>
    </p>
   </div>
   <div class='ocr_carea' id='block_1_83' title="bbox 1955 4221 3536 4298">
    <p class='ocr_par' dir='ltr' id='par_1_83' title="bbox 1955 4221 3536 4298">
     <span class='ocr_line' id='line_1_83' title="bbox 1955 4221 3536 4298; baseline 0.008 -22"><span class='ocrx_word' id='word_1_554' title='bbox 1955 4223 2199 4276; x_wconf 64' lang='lat' dir='ltr'><strong>exsultat</strong></span> <span class='ocrx_word' id='word_1_555' title='bbox 2231 4221 2286 4276; x_wconf 90' lang='lat' dir='ltr'><strong>in</strong></span> <span class='ocrx_word' id='word_1_556' title='bbox 2328 4222 2436 4278; x_wconf 84' lang='lat' dir='ltr'><strong>line</strong></span> <span class='ocrx_word' id='word_1_557' title='bbox 2479 4224 2605 4278; x_wconf 66' lang='lat' dir='ltr'><strong>vitae</strong></span> <span class='ocrx_word' id='word_1_558' title='bbox 2638 4239 2855 4290; x_wconf 89' lang='lat' dir='ltr'><strong>eorum,</strong></span> <span class='ocrx_word' id='word_1_559' title='bbox 2892 4227 3162 4298; x_wconf 85' lang='lat' dir='ltr'><strong>siquidem</strong></span> <span class='ocrx_word' id='word_1_560' title='bbox 3187 4245 3412 4287; x_wconf 80' lang='lat' dir='ltr'><strong>cursum</strong></span> <span class='ocrx_word' id='word_1_561' title='bbox 3443 4249 3536 4290; x_wconf 91' lang='lat' dir='ltr'><strong>se-</strong></span> 
     </span>
    </p>
   </div>
   <div class='ocr_carea' id='block_1_84' title="bbox 268 4302 1879 4380">
    <p class='ocr_par' dir='ltr' id='par_1_84' title="bbox 268 4302 1848 4380">
     <span class='ocr_line' id='line_1_84' title="bbox 268 4302 1848 4380; baseline 0.008 -27"><span class='ocrx_word' id='word_1_562' title='bbox 268 4302 638 4370; x_wconf 80' lang='grc' dir='ltr'><strong>ἠγαλλιάσατο</strong></span> <span class='ocrx_word' id='word_1_563' title='bbox 689 4303 816 4374; x_wconf 66' lang='grc' dir='ltr'><strong>περὶ⁵</strong></span> <span class='ocrx_word' id='word_1_564' title='bbox 864 4305 926 4356; x_wconf 83' lang='grc' dir='ltr'><strong>τὸ</strong></span> <span class='ocrx_word' id='word_1_565' title='bbox 977 4304 1128 4368; x_wconf 88' lang='grc' dir='ltr'><strong>τέλος</strong></span> <span class='ocrx_word' id='word_1_566' title='bbox 1179 4307 1280 4376; x_wconf 85' lang='grc' dir='ltr'><strong>τῆς</strong></span> <span class='ocrx_word' id='word_1_567' title='bbox 1329 4307 1615 4380; x_wconf 82' lang='grc' dir='ltr'><strong>παρούσης</strong></span> <span class='ocrx_word' id='word_1_568' title='bbox 1667 4311 1848 4366; x_wconf 79' lang='grc' dir='ltr'><strong>αὐτῶν</strong></span> 
     </span>
    </p>
   </div>
   <div class='ocr_carea' id='block_1_85' title="bbox 1989 4302 2986 4380">
    <p class='ocr_par' dir='ltr' id='par_1_85' title="bbox 1989 4313 2986 4375">
     <span class='ocr_line' id='line_1_85' title="bbox 1989 4313 2986 4375; baseline 0.007 -7"><span class='ocrx_word' id='word_1_569' title='bbox 1989 4314 2194 4368; x_wconf 89' lang='lat' dir='ltr'><strong>undum</strong></span> <span class='ocrx_word' id='word_1_570' title='bbox 2232 4313 2402 4370; x_wconf 88' lang='lat' dir='ltr'><strong>Deum</strong></span> <span class='ocrx_word' id='word_1_571' title='bbox 2439 4327 2986 4375; x_wconf 83' lang='lat' dir='ltr'><strong>consummaverunt.</strong></span> 
     </span>
    </p>
   </div>
   <div class='ocr_carea' id='block_1_86' title="bbox 271 4393 1702 4467">
    <p class='ocr_par' dir='ltr' id='par_1_86' title="bbox 271 4393 1702 4467">
     <span class='ocr_line' id='line_1_86' title="bbox 271 4393 1702 4467; baseline 0.008 -24"><span class='ocrx_word' id='word_1_572' title='bbox 271 4393 436 4462; x_wconf 76' lang='grc' dir='ltr'><strong>ζωῆς,</strong></span> <span class='ocrx_word' id='word_1_573' title='bbox 475 4393 550 4456; x_wconf 78' lang='grc' dir='ltr'><strong>ὡς</strong></span> <span class='ocrx_word' id='word_1_574' title='bbox 587 4393 680 4445; x_wconf 80' lang='grc' dir='ltr'><strong>τὸν</strong></span> <span class='ocrx_word' id='word_1_575' title='bbox 720 4395 865 4448; x_wconf 82' lang='grc' dir='ltr'><strong>κατὰ</strong></span> <span class='ocrx_word' id='word_1_576' title='bbox 904 4395 1038 4450; x_wconf 84' lang='grc' dir='ltr'><strong>Θεὸν</strong></span> <span class='ocrx_word' id='word_1_577' title='bbox 1072 4395 1274 4467; x_wconf 86' lang='grc' dir='ltr'><strong>δρόμον</strong></span> <span class='ocrx_word' id='word_1_578' title='bbox 1313 4399 1702 4454; x_wconf 86' lang='grc' dir='ltr'><strong>τετελεκότων.</strong></span> 
     </span>
    </p>
   </div>
   <div class='ocr_carea' id='block_1_87' title="bbox 336 4486 1844 4568">
    <p class='ocr_par' dir='ltr' id='par_1_87' title="bbox 336 4486 1844 4568">
     <span class='ocr_line' id='line_1_87' title="bbox 336 4486 1844 4568; baseline 0.008 -30"><span class='ocrx_word' id='word_1_579' title='bbox 336 4486 583 4554; x_wconf 72' lang='grc' dir='ltr'><strong>Στεγναὶ</strong></span> <span class='ocrx_word' id='word_1_580' title='bbox 623 4486 912 4557; x_wconf 77' lang='grc' dir='ltr'><strong>διατριϐαὶ</strong></span> <span class='ocrx_word' id='word_1_581' title='bbox 953 4489 1134 4544; x_wconf 76' lang='grc' dir='ltr'><strong>οἴκων</strong></span> <span class='ocrx_word' id='word_1_582' title='bbox 1160 4489 1371 4560; x_wconf 81' lang='grc' dir='ltr'><strong>αὐτῆς.</strong></span> <span class='ocrx_word' id='word_1_583' title='bbox 1409 4493 1844 4568; x_wconf 85' lang='grc' dir='ltr'><strong>Ἐπιμελουμένη</strong></span> 
     </span>
    </p>
   </div>
   <div class='ocr_carea' id='block_1_88' title="bbox 1877 4426 1925 4482">
    <p class='ocr_par' dir='ltr' id='par_1_88' title="bbox 1877 4426 1925 4482">
     <span class='ocr_line' id='line_1_88' title="bbox 1877 4426 1925 4482; baseline 0 0"><span class='ocrx_word' id='word_1_584' title='bbox 1877 4426 1925 4482; x_wconf 85' lang='lat' dir='ltr'><strong>D</strong></span> 
     </span>
    </p>
   </div>
   <div class='ocr_carea' id='block_1_89' title="bbox 2023 4485 3526 4568">
    <p class='ocr_par' dir='ltr' id='par_1_89' title="bbox 2023 4485 3526 4568">
     <span class='ocr_line' id='line_1_89' title="bbox 2023 4485 3526 4568; baseline 0.013 -28"><span class='ocrx_word' id='word_1_585' title='bbox 2023 4485 2338 4544; x_wconf 69' lang='lat' dir='ltr'><strong>Constrictae</strong></span> <span class='ocrx_word' id='word_1_586' title='bbox 2391 4493 2692 4547; x_wconf 75' lang='lat' dir='ltr'><strong>mansiones</strong></span> <span class='ocrx_word' id='word_1_587' title='bbox 2760 4493 3039 4550; x_wconf 80' lang='lat' dir='ltr'><strong>domorum</strong></span> <span class='ocrx_word' id='word_1_588' title='bbox 3087 4498 3222 4568; x_wconf 81' lang='lat' dir='ltr'><strong>ejus.</strong></span> <span class='ocrx_word' id='word_1_589' title='bbox 3283 4499 3526 4560; x_wconf 80' lang='lat' dir='ltr'><strong>Sollicita</strong></span> 
     </span>
    </p>
   </div>
   <div class='ocr_carea' id='block_1_90' title="bbox 266 4576 1879 4656">
    <p class='ocr_par' dir='ltr' id='par_1_90' title="bbox 266 4576 1847 4656">
     <span class='ocr_line' id='line_1_90' title="bbox 266 4576 1847 4656; baseline 0.007 -26"><span class='ocrx_word' id='word_1_590' title='bbox 266 4576 358 4630; x_wconf 84' lang='grc' dir='ltr'><strong>τοῦ</strong></span> <span class='ocrx_word' id='word_1_591' title='bbox 405 4577 548 4631; x_wconf 84' lang='grc' dir='ltr'><strong>κατὰ</strong></span> <span class='ocrx_word' id='word_1_592' title='bbox 594 4578 774 4650; x_wconf 76' lang='grc' dir='ltr'><strong>ψυχὴν</strong></span> <span class='ocrx_word' id='word_1_593' title='bbox 814 4581 1004 4653; x_wconf 88' lang='grc' dir='ltr'><strong>νοεροῦ</strong></span> <span class='ocrx_word' id='word_1_594' title='bbox 1035 4583 1354 4653; x_wconf 77' lang='grc' dir='ltr'><strong>οἰκητηρίου</strong></span> <span class='ocrx_word' id='word_1_595' title='bbox 1393 4581 1583 4656; x_wconf 80' lang='grc' dir='ltr'><strong>αὐτῆς,</strong></span> <span class='ocrx_word' id='word_1_596' title='bbox 1614 4587 1708 4640; x_wconf 75' lang='grc' dir='ltr'><strong>καὶ</strong></span> <span class='ocrx_word' id='word_1_597' title='bbox 1750 4587 1847 4641; x_wconf 87' lang='grc' dir='ltr'><strong>τοῦ</strong></span> 
     </span>
    </p>
   </div>
   <div class='ocr_carea' id='block_1_91' title="bbox 1989 4576 3526 4656">
    <p class='ocr_par' dir='ltr' id='par_1_91' title="bbox 1989 4581 3526 4652">
     <span class='ocr_line' id='line_1_91' title="bbox 1989 4581 3526 4652; baseline 0.012 -18"><span class='ocrx_word' id='word_1_598' title='bbox 1989 4595 2016 4634; x_wconf 86' lang='lat' dir='ltr'><strong>e</strong></span> <span class='ocrx_word' id='word_1_599' title='bbox 2047 4581 2214 4635; x_wconf 80' lang='lat' dir='ltr'><strong>deum</strong></span> <span class='ocrx_word' id='word_1_600' title='bbox 2249 4596 2350 4636; x_wconf 87' lang='lat' dir='ltr'><strong>sua</strong></span> <span class='ocrx_word' id='word_1_601' title='bbox 2391 4583 2751 4640; x_wconf 88' lang='lat' dir='ltr'><strong>intellectuali</strong></span> <span class='ocrx_word' id='word_1_602' title='bbox 2784 4589 2838 4642; x_wconf 91' lang='lat' dir='ltr'><strong>in</strong></span> <span class='ocrx_word' id='word_1_603' title='bbox 2871 4588 3056 4644; x_wconf 80' lang='lat' dir='ltr'><strong>anima</strong></span> <span class='ocrx_word' id='word_1_604' title='bbox 3087 4599 3142 4646; x_wconf 91' lang='lat' dir='ltr'><strong>ct</strong></span> <span class='ocrx_word' id='word_1_605' title='bbox 3174 4591 3246 4648; x_wconf 78' lang='lat' dir='ltr'><strong>tle</strong></span> <span class='ocrx_word' id='word_1_606' title='bbox 3275 4597 3526 4652; x_wconf 85' lang='lat' dir='ltr'><strong>sensibili</strong></span> 
     </span>
    </p>
   </div>
   <div class='ocr_carea' id='block_1_92' title="bbox 267 4669 1879 4759">
    <p class='ocr_par' dir='ltr' id='par_1_92' title="bbox 267 4669 1846 4746">
     <span class='ocr_line' id='line_1_92' title="bbox 267 4669 1846 4746; baseline 0.008 -25"><span class='ocrx_word' id='word_1_607' title='bbox 267 4671 406 4722; x_wconf 80' lang='grc' dir='ltr'><strong>κατᾶ</strong></span> <span class='ocrx_word' id='word_1_608' title='bbox 455 4669 616 4738; x_wconf 80' lang='grc' dir='ltr'><strong>σῶμα</strong></span> <span class='ocrx_word' id='word_1_609' title='bbox 661 4671 1000 4742; x_wconf 76' lang='grc' dir='ltr'><strong>αἰσθητικοῦ,</strong></span> <span class='ocrx_word' id='word_1_610' title='bbox 1046 4674 1411 4746; x_wconf 82' lang='grc' dir='ltr'><strong>ἀποκαθαίρει</strong></span> <span class='ocrx_word' id='word_1_611' title='bbox 1469 4677 1695 4744; x_wconf 82' lang='grc' dir='ltr'><strong>τούτων,</strong></span> <span class='ocrx_word' id='word_1_612' title='bbox 1726 4683 1846 4744; x_wconf 85' lang='grc' dir='ltr'><strong>ταῖς</strong></span> 
     </span>
    </p>
   </div>
   <div class='ocr_carea' id='block_1_93' title="bbox 1989 4669 3526 4759">
    <p class='ocr_par' dir='ltr' id='par_1_93' title="bbox 1989 4675 3526 4759">
     <span class='ocr_line' id='line_1_93' title="bbox 1989 4675 3526 4759; baseline 0.013 -34"><span class='ocrx_word' id='word_1_613' title='bbox 1989 4687 2004 4725; x_wconf 79' lang='grc' dir='ltr'><strong>ι</strong></span> <span class='ocrx_word' id='word_1_614' title='bbox 2037 4687 2294 4741; x_wconf 83' lang='lat' dir='ltr'><strong>corpore,</strong></span> <span class='ocrx_word' id='word_1_615' title='bbox 2327 4675 2449 4730; x_wconf 84' lang='lat' dir='ltr'><strong>illas</strong></span> <span class='ocrx_word' id='word_1_616' title='bbox 2478 4689 2660 4732; x_wconf 86' lang='lat' dir='ltr'><strong>movet</strong></span> <span class='ocrx_word' id='word_1_617' title='bbox 2689 4678 2756 4733; x_wconf 87' lang='lat' dir='ltr'><strong>ad</strong></span> <span class='ocrx_word' id='word_1_618' title='bbox 2785 4683 3228 4750; x_wconf 77' lang='lat' dir='ltr'><strong>cognoscendum</strong></span> <span class='ocrx_word' id='word_1_619' title='bbox 3265 4694 3320 4741; x_wconf 89' lang='lat' dir='ltr'><strong>et</strong></span> <span class='ocrx_word' id='word_1_620' title='bbox 3356 4703 3526 4759; x_wconf 74' lang='lat' dir='ltr'><strong>agen-</strong></span> 
     </span>
    </p>
   </div>
   <div class='ocr_carea' id='block_1_94' title="bbox 267 4759 1879 4849">
    <p class='ocr_par' dir='ltr' id='par_1_94' title="bbox 267 4759 1844 4840">
     <span class='ocr_line' id='line_1_94' title="bbox 267 4759 1844 4840; baseline 0.009 -29"><span class='ocrx_word' id='word_1_621' title='bbox 267 4761 406 4812; x_wconf 75' lang='grc' dir='ltr'><strong>κατὰ</strong></span> <span class='ocrx_word' id='word_1_622' title='bbox 439 4759 678 4829; x_wconf 84' lang='grc' dir='ltr'><strong>θεωρίαν</strong></span> <span class='ocrx_word' id='word_1_623' title='bbox 725 4763 820 4814; x_wconf 61' lang='grc' dir='ltr'><strong>καλ⁸</strong></span> <span class='ocrx_word' id='word_1_624' title='bbox 869 4765 1070 4834; x_wconf 77' lang='grc' dir='ltr'><strong>πρᾶξιν</strong></span> <span class='ocrx_word' id='word_1_625' title='bbox 1101 4768 1159 4818; x_wconf 87' lang='grc' dir='ltr'><strong>ἐν</strong></span> <span class='ocrx_word' id='word_1_626' title='bbox 1191 4767 1406 4832; x_wconf 82' lang='grc' dir='ltr'><strong>τούτοις</strong></span> <span class='ocrx_word' id='word_1_627' title='bbox 1437 4772 1712 4840; x_wconf 73' lang='grc' dir='ltr'><strong>κινήσεσιν</strong></span> <span class='ocrx_word' id='word_1_628' title='bbox 1744 4774 1844 4824; x_wconf 85' lang='grc' dir='ltr'><strong>αὑ-</strong></span> 
     </span>
    </p>
   </div>
   <div class='ocr_carea' id='block_1_95' title="bbox 1989 4759 3530 4849">
    <p class='ocr_par' dir='ltr' id='par_1_95' title="bbox 1989 4768 3530 4849">
     <span class='ocr_line' id='line_1_95' title="bbox 1989 4768 3530 4849; baseline 0.012 -31"><span class='ocrx_word' id='word_1_629' title='bbox 1989 4781 2100 4830; x_wconf 84' lang='grc' dir='ltr'><strong>υιιι,</strong></span> <span class='ocrx_word' id='word_1_630' title='bbox 2135 4781 2342 4837; x_wconf 85' lang='lat' dir='ltr'><strong>easque</strong></span> <span class='ocrx_word' id='word_1_631' title='bbox 2382 4768 2454 4823; x_wconf 89' lang='lat' dir='ltr'><strong>ab</strong></span> <span class='ocrx_word' id='word_1_632' title='bbox 2485 4770 2635 4824; x_wconf 86' lang='lat' dir='ltr'><strong>omni</strong></span> <span class='ocrx_word' id='word_1_633' title='bbox 2663 4785 2805 4825; x_wconf 87' lang='lat' dir='ltr'><strong>vana</strong></span> <span class='ocrx_word' id='word_1_634' title='bbox 2824 4781 2878 4827; x_wconf 90' lang='lat' dir='ltr'><strong>et</strong></span> <span class='ocrx_word' id='word_1_635' title='bbox 2909 4775 3138 4831; x_wconf 85' lang='lat' dir='ltr'><strong>remissa</strong></span> <span class='ocrx_word' id='word_1_636' title='bbox 3173 4779 3530 4849; x_wconf 79' lang='lat' dir='ltr'><strong>cogitatione,</strong></span> 
     </span>
    </p>
   </div>
   <div class='ocr_carea' id='block_1_96' title="bbox 266 4852 1879 4947">
    <p class='ocr_par' dir='ltr' id='par_1_96' title="bbox 266 4852 1844 4931">
     <span class='ocr_line' id='line_1_96' title="bbox 266 4852 1844 4931; baseline 0.009 -29"><span class='ocrx_word' id='word_1_637' title='bbox 266 4852 360 4920; x_wconf 75' lang='grc' dir='ltr'><strong>τῆς</strong></span> <span class='ocrx_word' id='word_1_638' title='bbox 384 4893 400 4916; x_wconf 88' lang='grc'><strong>,</strong></span> <span class='ocrx_word' id='word_1_639' title='bbox 432 4852 614 4905; x_wconf 86' lang='grc' dir='ltr'><strong>πάντα</strong></span> <span class='ocrx_word' id='word_1_640' title='bbox 641 4853 838 4922; x_wconf 88' lang='grc' dir='ltr'><strong>χαῦνον</strong></span> <span class='ocrx_word' id='word_1_641' title='bbox 867 4858 960 4908; x_wconf 81' lang='grc' dir='ltr'><strong>καὶ</strong></span> <span class='ocrx_word' id='word_1_642' title='bbox 989 4855 1247 4930; x_wconf 83' lang='grc' dir='ltr'><strong>ἄνανδρον</strong></span> <span class='ocrx_word' id='word_1_643' title='bbox 1276 4859 1537 4930; x_wconf 82' lang='grc' dir='ltr'><strong>λογισμὸν</strong></span> <span class='ocrx_word' id='word_1_644' title='bbox 1558 4902 1572 4926; x_wconf 88' lang='grc'><strong>,</strong></span> <span class='ocrx_word' id='word_1_645' title='bbox 1605 4861 1698 4914; x_wconf 76' lang='grc' dir='ltr'><strong>καὶ</strong></span> <span class='ocrx_word' id='word_1_646' title='bbox 1731 4861 1844 4931; x_wconf 83' lang='grc' dir='ltr'><strong>βίον</strong></span> 
     </span>
    </p>
   </div>
   <div class='ocr_carea' id='block_1_97' title="bbox 1989 4852 3526 4947">
    <p class='ocr_par' dir='ltr' id='par_1_97' title="bbox 1989 4859 3526 4947">
     <span class='ocr_line' id='line_1_97' title="bbox 1989 4859 3526 4947; baseline 0.012 -36"><span class='ocrx_word' id='word_1_647' title='bbox 1989 4873 2158 4913; x_wconf 81' lang='lat' dir='ltr'><strong>ecnon</strong></span> <span class='ocrx_word' id='word_1_648' title='bbox 2209 4867 2264 4913; x_wconf 85' lang='lat' dir='ltr'><strong>et</strong></span> <span class='ocrx_word' id='word_1_649' title='bbox 2313 4859 2602 4918; x_wconf 90' lang='lat' dir='ltr'><strong>dissolutis</strong></span> <span class='ocrx_word' id='word_1_650' title='bbox 2647 4871 2702 4919; x_wconf 87' lang='lat' dir='ltr'><strong>et</strong></span> <span class='ocrx_word' id='word_1_651' title='bbox 2747 4863 3046 4924; x_wconf 82' lang='lat' dir='ltr'><strong>fetentibus</strong></span> <span class='ocrx_word' id='word_1_652' title='bbox 3087 4870 3334 4927; x_wconf 88' lang='lat' dir='ltr'><strong>moribus</strong></span> <span class='ocrx_word' id='word_1_653' title='bbox 3368 4876 3526 4947; x_wconf 80' lang='lat' dir='ltr'><strong>pmi-</strong></span> 
     </span>
    </p>
   </div>
   <div class='ocr_carea' id='block_1_98' title="bbox 265 4943 2085 5019">
    <p class='ocr_par' dir='ltr' id='par_1_98' title="bbox 265 4943 2085 5019">
     <span class='ocr_line' id='line_1_98' title="bbox 265 4943 2085 5019; baseline 0.004 -22"><span class='ocrx_word' id='word_1_654' title='bbox 265 4943 648 5014; x_wconf 85' lang='grc' dir='ltr'><strong>διακεχυμένον</strong></span> <span class='ocrx_word' id='word_1_655' title='bbox 689 4946 786 4999; x_wconf 78' lang='grc' dir='ltr'><strong>καὶ</strong></span> <span class='ocrx_word' id='word_1_656' title='bbox 825 4945 1157 5019; x_wconf 74' lang='grc' dir='ltr'><strong>βορϐορώδη.</strong></span> <span class='ocrx_word' id='word_1_657' title='bbox 1943 4951 2085 5006; x_wconf 83' lang='lat' dir='ltr'><strong>ﬁcat.</strong></span> 
     </span>
    </p>
   </div>
   <div class='ocr_carea' id='block_1_99' title="bbox 329 5036 1879 5117">
    <p class='ocr_par' dir='ltr' id='par_1_99' title="bbox 329 5036 1842 5117">
     <span class='ocr_line' id='line_1_99' title="bbox 329 5036 1842 5117; baseline 0.007 -28"><span class='ocrx_word' id='word_1_658' title='bbox 329 5036 474 5090; x_wconf 82' lang='grc' dir='ltr'><strong>Σῖτα</strong></span> <span class='ocrx_word' id='word_1_659' title='bbox 501 5036 572 5089; x_wconf 80' lang='grc' dir='ltr'><strong>δὲ</strong></span> <span class='ocrx_word' id='word_1_660' title='bbox 627 5037 853 5105; x_wconf 81' lang='grc' dir='ltr'><strong>ὀκνηρὰ</strong></span> <span class='ocrx_word' id='word_1_661' title='bbox 899 5041 1011 5093; x_wconf 82' lang='grc' dir='ltr'><strong>οὐκ</strong></span> <span class='ocrx_word' id='word_1_662' title='bbox 1053 5041 1256 5111; x_wconf 68' lang='grc' dir='ltr'><strong>ἔφαγε.</strong></span> <span class='ocrx_word' id='word_1_663' title='bbox 1297 5044 1606 5115; x_wconf 78' lang='grc' dir='ltr'><strong>Λογισμοὺς</strong></span> <span class='ocrx_word' id='word_1_664' title='bbox 1635 5045 1690 5098; x_wconf 81' lang='grc' dir='ltr'><strong>δὲ</strong></span> <span class='ocrx_word' id='word_1_665' title='bbox 1716 5046 1842 5117; x_wconf 87' lang='grc' dir='ltr'><strong>τρέ-</strong></span> 
     </span>
    </p>
   </div>
   <div class='ocr_carea' id='block_1_100' title="bbox 1989 5036 3526 5117">
    <p class='ocr_par' dir='ltr' id='par_1_100' title="bbox 2013 5039 3526 5115">
     <span class='ocr_line' id='line_1_100' title="bbox 2013 5039 3526 5115; baseline 0.013 -21"><span class='ocrx_word' id='word_1_666' title='bbox 2013 5039 2173 5096; x_wconf 80' lang='lat' dir='ltr'><strong>Cibus</strong></span> <span class='ocrx_word' id='word_1_667' title='bbox 2233 5051 2408 5097; x_wconf 78' lang='lat' dir='ltr'><strong>autem</strong></span> <span class='ocrx_word' id='word_1_668' title='bbox 2461 5046 2640 5114; x_wconf 82' lang='lat' dir='ltr'><strong>pigros</strong></span> <span class='ocrx_word' id='word_1_669' title='bbox 2693 5065 2797 5102; x_wconf 87' lang='lat' dir='ltr'><strong>non</strong></span> <span class='ocrx_word' id='word_1_670' title='bbox 2851 5049 3214 5109; x_wconf 77' lang='lat' dir='ltr'><strong>manducavit.</strong></span> <span class='ocrx_word' id='word_1_671' title='bbox 3263 5056 3526 5115; x_wconf 73' lang='lat' dir='ltr'><strong>Rationes</strong></span> 
     </span>
    </p>
   </div>
   <div class='ocr_carea' id='block_1_101' title="bbox 258 5128 1879 5232">
    <p class='ocr_par' dir='ltr' id='par_1_101' title="bbox 258 5128 1840 5206">
     <span class='ocr_line' id='line_1_101' title="bbox 258 5128 1840 5206; baseline 0.009 -30"><span class='ocrx_word' id='word_1_672' title='bbox 258 5140 447 5191; x_wconf 73' lang='grc' dir='ltr'><strong>φοντας</strong></span> <span class='ocrx_word' id='word_1_673' title='bbox 463 5129 582 5182; x_wconf 88' lang='grc' dir='ltr'><strong>κατ’</strong></span> <span class='ocrx_word' id='word_1_674' title='bbox 607 5131 809 5202; x_wconf 81' lang='grc' dir='ltr'><strong>ἀρετὴν</strong></span> <span class='ocrx_word' id='word_1_675' title='bbox 835 5128 934 5202; x_wconf 81' lang='grc' dir='ltr'><strong>τὴν</strong></span> <span class='ocrx_word' id='word_1_676' title='bbox 962 5130 1140 5204; x_wconf 76' lang='grc' dir='ltr'><strong>ψυχὴν</strong></span> <span class='ocrx_word' id='word_1_677' title='bbox 1169 5134 1559 5201; x_wconf 81' lang='grc' dir='ltr'><strong>ἀνεξετάστως,</strong></span> <span class='ocrx_word' id='word_1_678' title='bbox 1591 5138 1840 5206; x_wconf 84' lang='grc' dir='ltr'><strong>οὐδαμῶς</strong></span> 
     </span>
    </p>
   </div>
   <div class='ocr_carea' id='block_1_102' title="bbox 1989 5128 3594 5232">
    <p class='ocr_par' dir='ltr' id='par_1_102' title="bbox 1989 5131 3594 5232">
     <span class='ocr_line' id='line_1_102' title="bbox 1989 5131 3594 5232; baseline 0.013 -46"><span class='ocrx_word' id='word_1_679' title='bbox 1989 5131 2144 5188; x_wconf 86' lang='lat' dir='ltr'><strong>uibus</strong></span> <span class='ocrx_word' id='word_1_680' title='bbox 2197 5135 2264 5189; x_wconf 85' lang='lat' dir='ltr'><strong>ad</strong></span> <span class='ocrx_word' id='word_1_681' title='bbox 2313 5137 2575 5193; x_wconf 80' lang='lat' dir='ltr'><strong>virtutem</strong></span> <span class='ocrx_word' id='word_1_682' title='bbox 2621 5141 2802 5196; x_wconf 88' lang='lat' dir='ltr'><strong>anima</strong></span> <span class='ocrx_word' id='word_1_683' title='bbox 2853 5157 3134 5232; x_wconf 67' lang='lat' dir='ltr'><strong>moveatur</strong></span> <span class='ocrx_word' id='word_1_684' title='bbox 3177 5165 3284 5204; x_wconf 91' lang='lat' dir='ltr'><strong>non</strong></span> <span class='ocrx_word' id='word_1_685' title='bbox 3321 5159 3523 5206; x_wconf 83' lang='lat' dir='ltr'><strong>temere</strong></span> <span class='ocrx_word' id='word_1_686' title='bbox 3591 5207 3594 5212; x_wconf 79' lang='grc'><strong>,</strong></span> 
     </span>
    </p>
   </div>
   <div class='ocr_carea' id='block_1_103' title="bbox 266 5220 1879 5303">
    <p class='ocr_par' dir='ltr' id='par_1_103' title="bbox 266 5220 1840 5294">
     <span class='ocr_line' id='line_1_103' title="bbox 266 5220 1840 5294; baseline 0.009 -25"><span class='ocrx_word' id='word_1_687' title='bbox 266 5220 626 5288; x_wconf 79' lang='grc' dir='ltr'><strong>παρεδέξατο·</strong></span> <span class='ocrx_word' id='word_1_688' title='bbox 685 5223 1063 5294; x_wconf 80' lang='grc' dir='ltr'><strong>φυλαττομένη</strong></span> <span class='ocrx_word' id='word_1_689' title='bbox 1109 5226 1174 5278; x_wconf 87' lang='grc' dir='ltr'><strong>ἐκ</strong></span> <span class='ocrx_word' id='word_1_690' title='bbox 1222 5226 1328 5278; x_wconf 85' lang='grc' dir='ltr'><strong>τῶν</strong></span> <span class='ocrx_word' id='word_1_691' title='bbox 1376 5228 1482 5281; x_wconf 85' lang='grc' dir='ltr'><strong>άπὸ</strong></span> <span class='ocrx_word' id='word_1_692' title='bbox 1538 5229 1718 5293; x_wconf 77' lang='grc' dir='ltr'><strong>δεξιᾶς</strong></span> <span class='ocrx_word' id='word_1_693' title='bbox 1762 5231 1840 5282; x_wconf 86' lang='grc' dir='ltr'><strong>δι’</strong></span> 
     </span>
    </p>
   </div>
   <div class='ocr_carea' id='block_1_104' title="bbox 1989 5220 3520 5303">
    <p class='ocr_par' dir='ltr' id='par_1_104' title="bbox 1989 5220 3520 5303">
     <span class='ocr_line' id='line_1_104' title="bbox 1989 5220 3520 5303; baseline 0.013 -27"><span class='ocrx_word' id='word_1_694' title='bbox 1989 5223 2157 5293; x_wconf 77' lang='lat' dir='ltr'><strong>:cipit,</strong></span> <span class='ocrx_word' id='word_1_695' title='bbox 2246 5227 2352 5282; x_wconf 90' lang='lat' dir='ltr'><strong>sibi</strong></span> <span class='ocrx_word' id='word_1_696' title='bbox 2383 5239 2539 5284; x_wconf 86' lang='lat' dir='ltr'><strong>cavet</strong></span> <span class='ocrx_word' id='word_1_697' title='bbox 2563 5232 2633 5285; x_wconf 91' lang='lat' dir='ltr'><strong>ab</strong></span> <span class='ocrx_word' id='word_1_698' title='bbox 2672 5232 2740 5288; x_wconf 91' lang='lat' dir='ltr'><strong>iis</strong></span> <span class='ocrx_word' id='word_1_699' title='bbox 2764 5249 2885 5303; x_wconf 59' lang='lat' dir='ltr'><strong>qua;</strong></span> <span class='ocrx_word' id='word_1_700' title='bbox 2918 5220 3131 5295; x_wconf 67' lang='lat' dir='ltr'><strong>animas</strong></span> <span class='ocrx_word' id='word_1_701' title='bbox 3155 5240 3220 5295; x_wconf 89' lang='lat' dir='ltr'><strong>de</strong></span> <span class='ocrx_word' id='word_1_702' title='bbox 3263 5239 3366 5296; x_wconf 78' lang='lat' dir='ltr'><strong>tid’c</strong></span> <span class='ocrx_word' id='word_1_703' title='bbox 3393 5242 3520 5296; x_wconf 86' lang='lat' dir='ltr'><strong>data</strong></span> 
     </span>
    </p>
   </div>
   <div class='ocr_carea' id='block_1_105' title="bbox 263 5311 1879 5392">
    <p class='ocr_par' dir='ltr' id='par_1_105' title="bbox 263 5311 1750 5386">
     <span class='ocr_line' id='line_1_105' title="bbox 263 5311 1750 5386; baseline 0.009 -25"><span class='ocrx_word' id='word_1_704' title='bbox 263 5311 586 5380; x_wconf 75' lang='grc' dir='ltr'><strong>ἀπροσεξίαν</strong></span> <span class='ocrx_word' id='word_1_705' title='bbox 625 5313 688 5366; x_wconf 88' lang='grc' dir='ltr'><strong>ἐκ</strong></span> <span class='ocrx_word' id='word_1_706' title='bbox 728 5313 1000 5384; x_wconf 63' lang='grc' dir='ltr'><strong>ῥᾳθυμίας</strong></span> <span class='ocrx_word' id='word_1_707' title='bbox 1041 5317 1139 5384; x_wconf 82' lang='grc' dir='ltr'><strong>τὴν</strong></span> <span class='ocrx_word' id='word_1_708' title='bbox 1175 5316 1356 5386; x_wconf 79' lang='grc' dir='ltr'><strong>ψυχὴν</strong></span> <span class='ocrx_word' id='word_1_709' title='bbox 1394 5319 1750 5374; x_wconf 79' lang='grc' dir='ltr'><strong>ἀπατῶν-των.</strong></span> 
     </span>
    </p>
   </div>
   <div class='ocr_carea' id='block_1_106' title="bbox 1989 5311 3021 5392">
    <p class='ocr_par' dir='ltr' id='par_1_106' title="bbox 1989 5316 3021 5392">
     <span class='ocr_line' id='line_1_106' title="bbox 1989 5316 3021 5392; baseline 0.015 -22"><span class='ocrx_word' id='word_1_710' title='bbox 1989 5333 2009 5370; x_wconf 79' lang='grc'><strong><em>›</em></strong></span> <span class='ocrx_word' id='word_1_711' title='bbox 2041 5316 2316 5372; x_wconf 86' lang='lat' dir='ltr'><strong>levitatem</strong></span> <span class='ocrx_word' id='word_1_712' title='bbox 2357 5329 2410 5374; x_wconf 92' lang='lat' dir='ltr'><strong>et</strong></span> <span class='ocrx_word' id='word_1_713' title='bbox 2444 5322 2718 5392; x_wconf 81' lang='lat' dir='ltr'><strong>ignaviam</strong></span> <span class='ocrx_word' id='word_1_714' title='bbox 2751 5336 3021 5386; x_wconf 87' lang='lat' dir='ltr'><strong>avertunt.</strong></span> 
     </span>
    </p>
   </div>
   <div class='ocr_carea' id='block_1_107' title="bbox 327 5403 1879 5492">
    <p class='ocr_par' dir='ltr' id='par_1_107' title="bbox 327 5403 1832 5478">
     <span class='ocr_line' id='line_1_107' title="bbox 327 5403 1832 5478; baseline 0.007 -26"><span class='ocrx_word' id='word_1_715' title='bbox 327 5408 440 5464; x_wconf 81' lang='grc' dir='ltr'><strong>κς’.</strong></span> <span class='ocrx_word' id='word_1_716' title='bbox 481 5405 675 5472; x_wconf 80' lang='grc' dir='ltr'><strong>Στόμιι</strong></span> <span class='ocrx_word' id='word_1_717' title='bbox 703 5403 769 5456; x_wconf 79' lang='grc' dir='ltr'><strong>δὲ</strong></span> <span class='ocrx_word' id='word_1_718' title='bbox 799 5406 1024 5472; x_wconf 79' lang='grc' dir='ltr'><strong>ἀνοίγει</strong></span> <span class='ocrx_word' id='word_1_719' title='bbox 1057 5407 1260 5475; x_wconf 68' lang='grc' dir='ltr'><strong>σοφῶς</strong></span> <span class='ocrx_word' id='word_1_720' title='bbox 1290 5409 1384 5460; x_wconf 76' lang='grc' dir='ltr'><strong>καὶ</strong></span> <span class='ocrx_word' id='word_1_721' title='bbox 1427 5409 1832 5478; x_wconf 80' lang='grc' dir='ltr'><strong>νομοθέσμως.</strong></span> 
     </span>
    </p>
   </div>
   <div class='ocr_carea' id='block_1_108' title="bbox 1989 5403 3520 5492">
    <p class='ocr_par' dir='ltr' id='par_1_108' title="bbox 2017 5408 3520 5492">
     <span class='ocr_line' id='line_1_108' title="bbox 2017 5408 3520 5492; baseline 0.013 -31"><span class='ocrx_word' id='word_1_722' title='bbox 2017 5408 2176 5464; x_wconf 75' lang='lat' dir='ltr'><strong>Vsus.</strong></span> <span class='ocrx_word' id='word_1_723' title='bbox 2218 5411 2310 5468; x_wconf 75' lang='lat'><strong>26.</strong></span> <span class='ocrx_word' id='word_1_724' title='bbox 2349 5411 2422 5468; x_wconf 87' lang='lat' dir='ltr'><strong>Os</strong></span> <span class='ocrx_word' id='word_1_725' title='bbox 2489 5426 2666 5470; x_wconf 81' lang='lat' dir='ltr'><strong>autent</strong></span> <span class='ocrx_word' id='word_1_726' title='bbox 2713 5423 2918 5487; x_wconf 82' lang='lat' dir='ltr'><strong>aperuit</strong></span> <span class='ocrx_word' id='word_1_727' title='bbox 2978 5424 3242 5492; x_wconf 83' lang='lat' dir='ltr'><strong>sapienter</strong></span> <span class='ocrx_word' id='word_1_728' title='bbox 3296 5435 3342 5478; x_wconf 83' lang='lat' dir='ltr'><strong>et</strong></span> <span class='ocrx_word' id='word_1_729' title='bbox 3395 5441 3520 5480; x_wconf 81' lang='lat' dir='ltr'><strong>con-</strong></span> 
     </span>
    </p>
   </div>
   <div class='ocr_carea' id='block_1_109' title="bbox 265 5493 1879 5583">
    <p class='ocr_par' dir='ltr' id='par_1_109' title="bbox 265 5493 1834 5570">
     <span class='ocr_line' id='line_1_109' title="bbox 265 5493 1834 5570; baseline 0.008 -27"><span class='ocrx_word' id='word_1_730' title='bbox 265 5493 506 5546; x_wconf 78' lang='grc' dir='ltr'><strong>Διδάσκει</strong></span> <span class='ocrx_word' id='word_1_731' title='bbox 552 5495 608 5548; x_wconf 78' lang='grc' dir='ltr'><strong>δὲ</strong></span> <span class='ocrx_word' id='word_1_732' title='bbox 650 5499 718 5552; x_wconf 77' lang='grc' dir='ltr'><strong>τὰ</strong></span> <span class='ocrx_word' id='word_1_733' title='bbox 748 5497 921 5570; x_wconf 80' lang='grc' dir='ltr'><strong>ἀληθῆ</strong></span> <span class='ocrx_word' id='word_1_734' title='bbox 955 5499 1196 5570; x_wconf 84' lang='grc' dir='ltr'><strong>δόγματα</strong></span> <span class='ocrx_word' id='word_1_735' title='bbox 1218 5539 1232 5564; x_wconf 90' lang='grc'><strong>,</strong></span> <span class='ocrx_word' id='word_1_736' title='bbox 1267 5502 1362 5556; x_wconf 78' lang='grc' dir='ltr'><strong>καὶ</strong></span> <span class='ocrx_word' id='word_1_737' title='bbox 1390 5502 1456 5556; x_wconf 79' lang='grc' dir='ltr'><strong>τὰ</strong></span> <span class='ocrx_word' id='word_1_738' title='bbox 1493 5501 1608 5556; x_wconf 85' lang='grc' dir='ltr'><strong>θεῖα</strong></span> <span class='ocrx_word' id='word_1_739' title='bbox 1645 5505 1834 5558; x_wconf 81' lang='grc' dir='ltr'><strong>ἐντάλ-</strong></span> 
     </span>
    </p>
   </div>
   <div class='ocr_carea' id='block_1_110' title="bbox 1989 5493 3519 5583">
    <p class='ocr_par' dir='ltr' id='par_1_110' title="bbox 1989 5503 3519 5583">
     <span class='ocr_line' id='line_1_110' title="bbox 1989 5503 3519 5583; baseline 0.012 -32"><span class='ocrx_word' id='word_1_740' title='bbox 1989 5511 2182 5554; x_wconf 73' lang='grc' dir='ltr'><strong>·ιιεηιει·</strong></span> <span class='ocrx_word' id='word_1_741' title='bbox 2233 5503 2454 5572; x_wconf 82' lang='lat' dir='ltr'><strong>legibus.</strong></span> <span class='ocrx_word' id='word_1_742' title='bbox 2515 5506 2680 5563; x_wconf 82' lang='lat' dir='ltr'><strong>Docet</strong></span> <span class='ocrx_word' id='word_1_743' title='bbox 2739 5527 2860 5566; x_wconf 80' lang='lat' dir='ltr'><strong>vera</strong></span> <span class='ocrx_word' id='word_1_744' title='bbox 2917 5513 3192 5583; x_wconf 73' lang='lat' dir='ltr'><strong>dogmata.</strong></span> <span class='ocrx_word' id='word_1_745' title='bbox 3237 5525 3286 5570; x_wconf 86' lang='lat' dir='ltr'><strong>et</strong></span> <span class='ocrx_word' id='word_1_746' title='bbox 3338 5515 3519 5570; x_wconf 79' lang='lat' dir='ltr'><strong>divina</strong></span> 
     </span>
    </p>
   </div>
   <div class='ocr_carea' id='block_1_111' title="bbox 1941 5594 3516 5674">
    <p class='ocr_par' dir='ltr' id='par_1_111' title="bbox 1941 5594 3516 5674">
     <span class='ocr_line' id='line_1_111' title="bbox 1941 5594 3516 5674; baseline 0.014 -29"><span class='ocrx_word' id='word_1_747' title='bbox 1941 5594 2220 5648; x_wconf 72' lang='lat' dir='ltr'><strong>mundam.</strong></span> <span class='ocrx_word' id='word_1_748' title='bbox 2276 5595 2631 5672; x_wconf 82' lang='lat' dir='ltr'><strong>Eleemosyna</strong></span> <span class='ocrx_word' id='word_1_749' title='bbox 2668 5612 2848 5658; x_wconf 84' lang='lat' dir='ltr'><strong>autem</strong></span> <span class='ocrx_word' id='word_1_750' title='bbox 2891 5606 3012 5674; x_wconf 87' lang='lat' dir='ltr'><strong>ejus</strong></span> <span class='ocrx_word' id='word_1_751' title='bbox 3057 5608 3347 5662; x_wconf 86' lang='lat' dir='ltr'><strong>suscitavit</strong></span> <span class='ocrx_word' id='word_1_752' title='bbox 3377 5609 3516 5667; x_wconf 82' lang='lat' dir='ltr'><strong>ﬁlios</strong></span> 
     </span>
    </p>
   </div>
   <div class='ocr_carea' id='block_1_112' title="bbox 1937 5685 3334 5761">
    <p class='ocr_par' dir='ltr' id='par_1_112' title="bbox 1937 5685 3334 5761">
     <span class='ocr_line' id='line_1_112' title="bbox 1937 5685 3334 5761; baseline 0.014 -24"><span class='ocrx_word' id='word_1_753' title='bbox 1937 5685 2079 5754; x_wconf 69' lang='lat' dir='ltr'><strong>eius,</strong></span> <span class='ocrx_word' id='word_1_754' title='bbox 2111 5697 2164 5740; x_wconf 86' lang='lat' dir='ltr'><strong>et</strong></span> <span class='ocrx_word' id='word_1_755' title='bbox 2195 5687 2352 5744; x_wconf 83' lang='lat' dir='ltr'><strong>dilati</strong></span> <span class='ocrx_word' id='word_1_756' title='bbox 2387 5701 2538 5756; x_wconf 87' lang='lat' dir='ltr'><strong>sunt,</strong></span> <span class='ocrx_word' id='word_1_757' title='bbox 2571 5701 2624 5748; x_wconf 89' lang='lat' dir='ltr'><strong>et</strong></span> <span class='ocrx_word' id='word_1_758' title='bbox 2655 5695 2735 5749; x_wconf 83' lang='lat' dir='ltr'><strong>vir</strong></span> <span class='ocrx_word' id='word_1_759' title='bbox 2767 5696 2886 5761; x_wconf 84' lang='lat' dir='ltr'><strong>eius</strong></span> <span class='ocrx_word' id='word_1_760' title='bbox 2921 5697 3160 5753; x_wconf 80' lang='lat' dir='ltr'><strong>laudavit</strong></span> <span class='ocrx_word' id='word_1_761' title='bbox 3193 5713 3334 5757; x_wconf 82' lang='lat' dir='ltr'><strong>eam.</strong></span> 
     </span>
    </p>
   </div>
   <div class='ocr_carea' id='block_1_113' title="bbox 239 5569 426 5650">
    <p class='ocr_par' dir='ltr' id='par_1_113' title="bbox 239 5569 426 5650">
     <span class='ocr_line' id='line_1_113' title="bbox 239 5569 426 5650; baseline 0 -15"><span class='ocrx_word' id='word_1_762' title='bbox 239 5569 426 5650; x_wconf 78' lang='grc' dir='ltr'><strong>’ματα.</strong></span> 
     </span>
    </p>
   </div>
  </div>
